  <div class='ocr_page' id='page_1' title='image "/cluster/home/n/w/nwhite01/storage/ocr_20150623/17/nnc1.0046978615/264.png"; bbox 0 0 3880 6212; ppageno 0'>
   <div class='ocr_carea' id='block_1_1' title="bbox 242 235 358 294">
    <p class='ocr_par' dir='ltr' id='par_1_1' title="bbox 242 235 358 294">
     <span class='ocr_line' id='line_1_1' title="bbox 242 235 358 294; baseline -0.009 0"><span class='ocrx_word' id='word_1_1' title='bbox 242 235 358 294; x_wconf 73' lang='lat'><strong>509</strong></span> 
     </span>
    </p>
   </div>
   <div class='ocr_carea' id='block_1_2' title="bbox 1346 231 2417 291">
    <p class='ocr_par' dir='ltr' id='par_1_2' title="bbox 1346 231 2417 291">
     <span class='ocr_line' id='line_1_2' title="bbox 1346 231 2417 291; baseline 0.001 -2"><span class='ocrx_word' id='word_1_2' title='bbox 1346 232 1731 291; x_wconf 81' lang='lat' dir='ltr'><strong>ANONYMUS</strong></span> <span class='ocrx_word' id='word_1_3' title='bbox 1766 232 1831 289; x_wconf 84' lang='lat' dir='ltr'><strong>IN</strong></span> <span class='ocrx_word' id='word_1_4' title='bbox 1872 231 2011 291; x_wconf 82' lang='lat' dir='ltr'><strong>JOB.</strong></span> <span class='ocrx_word' id='word_1_5' title='bbox 2051 265 2119 276; x_wconf 93' lang='lat'><strong>——</strong></span> <span class='ocrx_word' id='word_1_6' title='bbox 2156 232 2286 289; x_wconf 86' lang='lat' dir='ltr'><strong>LIB.</strong></span> <span class='ocrx_word' id='word_1_7' title='bbox 2328 231 2417 290; x_wconf 88' lang='grc'><strong>111.</strong></span> 
     </span>
    </p>
   </div>
   <div class='ocr_carea' id='block_1_3' title="bbox 3408 240 3511 297">
    <p class='ocr_par' dir='ltr' id='par_1_3' title="bbox 3408 240 3511 297">
     <span class='ocr_line' id='line_1_3' title="bbox 3408 240 3511 297; baseline 0.019 -3"><span class='ocrx_word' id='word_1_8' title='bbox 3408 240 3511 297; x_wconf 66' lang='lat'><strong>51$</strong></span> 
     </span>
    </p>
   </div>
   <div class='ocr_carea' id='block_1_4' title="bbox 239 352 3512 426">
    <p class='ocr_par' dir='ltr' id='par_1_4' title="bbox 239 352 3512 426">
     <span class='ocr_line' id='line_1_4' title="bbox 239 352 3512 426; baseline -0.002 -11"><span class='ocrx_word' id='word_1_9' title='bbox 239 367 333 415; x_wconf 87' lang='lat' dir='ltr'><strong>est</strong></span> <span class='ocrx_word' id='word_1_10' title='bbox 361 355 701 418; x_wconf 82' lang='lat' dir='ltr'><strong>submersus,</strong></span> <span class='ocrx_word' id='word_1_11' title='bbox 730 363 1015 426; x_wconf 75' lang='lat' dir='ltr'><strong>postquam</strong></span> <span class='ocrx_word' id='word_1_12' title='bbox 1057 370 1157 425; x_wconf 93' lang='lat' dir='ltr'><strong>pro</strong></span> <span class='ocrx_word' id='word_1_13' title='bbox 1183 356 1437 412; x_wconf 85' lang='lat' dir='ltr'><strong>omnibus</strong></span> <span class='ocrx_word' id='word_1_14' title='bbox 1468 371 1587 426; x_wconf 70' lang='lat' dir='ltr'><strong>quae</strong></span> <span class='ocrx_word' id='word_1_15' title='bbox 1617 356 1665 412; x_wconf 91' lang='lat' dir='ltr'><strong>ei</strong></span> <span class='ocrx_word' id='word_1_16' title='bbox 1691 356 1828 412; x_wconf 88' lang='lat' dir='ltr'><strong>acci-</strong></span> <span class='ocrx_word' id='word_1_17' title='bbox 1856 358 1905 418; x_wconf 78' lang='grc' dir='ltr'><strong>Δ</strong></span> <span class='ocrx_word' id='word_1_18' title='bbox 1930 354 2248 411; x_wconf 91' lang='lat' dir='ltr'><strong>vulneribus</strong></span> <span class='ocrx_word' id='word_1_19' title='bbox 2292 352 2607 419; x_wconf 71' lang='lat' dir='ltr'><strong>defecerim,</strong></span> <span class='ocrx_word' id='word_1_20' title='bbox 2644 360 2806 424; x_wconf 82' lang='lat' dir='ltr'><strong>alque</strong></span> <span class='ocrx_word' id='word_1_21' title='bbox 2832 353 2885 409; x_wconf 92' lang='lat' dir='ltr'><strong>in</strong></span> <span class='ocrx_word' id='word_1_22' title='bbox 2918 352 3192 411; x_wconf 80' lang='lat' dir='ltr'><strong>doloribus</strong></span> <span class='ocrx_word' id='word_1_23' title='bbox 3219 357 3512 415; x_wconf 72' lang='lat' dir='ltr'><strong>succubue-</strong></span> 
     </span>
    </p>
   </div>
   <div class='ocr_carea' id='block_1_5' title="bbox 240 447 1830 522">
    <p class='ocr_par' dir='ltr' id='par_1_5' title="bbox 240 447 1830 522">
     <span class='ocr_line' id='line_1_5' title="bbox 240 447 1830 522; baseline 0 -19"><span class='ocrx_word' id='word_1_24' title='bbox 240 450 443 504; x_wconf 82' lang='lat' dir='ltr'><strong>derant</strong></span> <span class='ocrx_word' id='word_1_25' title='bbox 475 447 678 514; x_wconf 89' lang='lat' dir='ltr'><strong>gratias</strong></span> <span class='ocrx_word' id='word_1_26' title='bbox 724 447 953 502; x_wconf 90' lang='lat' dir='ltr'><strong>Domino</strong></span> <span class='ocrx_word' id='word_1_27' title='bbox 988 448 1131 518; x_wconf 85' lang='lat' dir='ltr'><strong>egit,</strong></span> <span class='ocrx_word' id='word_1_28' title='bbox 1171 457 1333 517; x_wconf 89' lang='lat' dir='ltr'><strong>atque</strong></span> <span class='ocrx_word' id='word_1_29' title='bbox 1368 463 1564 505; x_wconf 85' lang='lat' dir='ltr'><strong>nomen</strong></span> <span class='ocrx_word' id='word_1_30' title='bbox 1617 448 1830 522; x_wconf 83' lang='lat' dir='ltr'><strong>Domini</strong></span> 
     </span>
    </p>
   </div>
   <div class='ocr_carea' id='block_1_6' title="bbox 239 538 1828 608">
    <p class='ocr_par' dir='ltr' id='par_1_6' title="bbox 239 538 1828 608">
     <span class='ocr_line' id='line_1_6' title="bbox 239 538 1828 608; baseline -0.001 -14"><span class='ocrx_word' id='word_1_31' title='bbox 239 538 542 595; x_wconf 74' lang='lat' dir='ltr'><strong>benedixit.</strong></span> <span class='ocrx_word' id='word_1_32' title='bbox 594 539 885 605; x_wconf 80' lang='lat' dir='ltr'><strong>Postquam</strong></span> <span class='ocrx_word' id='word_1_33' title='bbox 937 538 1102 607; x_wconf 78' lang='lat' dir='ltr'><strong>igitur</strong></span> <span class='ocrx_word' id='word_1_34' title='bbox 1154 554 1248 608; x_wconf 88' lang='lat' dir='ltr'><strong>per</strong></span> <span class='ocrx_word' id='word_1_35' title='bbox 1300 547 1496 593; x_wconf 88' lang='lat' dir='ltr'><strong>cuncta</strong></span> <span class='ocrx_word' id='word_1_36' title='bbox 1543 538 1828 594; x_wconf 85' lang='lat' dir='ltr'><strong>victoriam</strong></span> 
     </span>
    </p>
   </div>
   <div class='ocr_carea' id='block_1_7' title="bbox 238 628 1827 699">
    <p class='ocr_par' dir='ltr' id='par_1_7' title="bbox 238 628 1827 699">
     <span class='ocr_line' id='line_1_7' title="bbox 238 628 1827 699; baseline -0.001 -13"><span class='ocrx_word' id='word_1_37' title='bbox 238 631 495 699; x_wconf 89' lang='lat' dir='ltr'><strong>sumpsit,</strong></span> <span class='ocrx_word' id='word_1_38' title='bbox 526 638 643 699; x_wconf 90' lang='lat' dir='ltr'><strong>post</strong></span> <span class='ocrx_word' id='word_1_39' title='bbox 673 630 788 684; x_wconf 65' lang='lat' dir='ltr'><strong>haec</strong></span> <span class='ocrx_word' id='word_1_40' title='bbox 813 628 1166 685; x_wconf 89' lang='lat' dir='ltr'><strong>nihilominus</strong></span> <span class='ocrx_word' id='word_1_41' title='bbox 1190 630 1402 699; x_wconf 91' lang='lat' dir='ltr'><strong>aperuit</strong></span> <span class='ocrx_word' id='word_1_42' title='bbox 1436 645 1498 685; x_wconf 90' lang='lat' dir='ltr'><strong>os</strong></span> <span class='ocrx_word' id='word_1_43' title='bbox 1520 646 1675 685; x_wconf 86' lang='lat' dir='ltr'><strong>suum</strong></span> <span class='ocrx_word' id='word_1_44' title='bbox 1705 645 1827 685; x_wconf 92' lang='lat' dir='ltr'><strong>cum</strong></span> 
     </span>
    </p>
   </div>
   <div class='ocr_carea' id='block_1_8' title="bbox 238 722 1829 792">
    <p class='ocr_par' dir='ltr' id='par_1_8' title="bbox 238 722 1829 792">
     <span class='ocr_line' id='line_1_8' title="bbox 238 722 1829 792; baseline -0.002 -16"><span class='ocrx_word' id='word_1_45' title='bbox 238 722 461 787; x_wconf 84' lang='lat' dir='ltr'><strong>ﬁducia,</strong></span> <span class='ocrx_word' id='word_1_46' title='bbox 479 737 600 775; x_wconf 90' lang='lat' dir='ltr'><strong>cum</strong></span> <span class='ocrx_word' id='word_1_47' title='bbox 617 722 898 791; x_wconf 84' lang='lat' dir='ltr'><strong>patientia.</strong></span> <span class='ocrx_word' id='word_1_48' title='bbox 922 723 1155 778; x_wconf 85' lang='lat' dir='ltr'><strong>Posthac</strong></span> <span class='ocrx_word' id='word_1_49' title='bbox 1173 724 1384 792; x_wconf 91' lang='lat' dir='ltr'><strong>aperuit</strong></span> <span class='ocrx_word' id='word_1_50' title='bbox 1403 738 1464 777; x_wconf 91' lang='lat' dir='ltr'><strong>os</strong></span> <span class='ocrx_word' id='word_1_51' title='bbox 1488 738 1666 787; x_wconf 87' lang='lat' dir='ltr'><strong>suum,</strong></span> <span class='ocrx_word' id='word_1_52' title='bbox 1682 731 1829 792; x_wconf 75' lang='lat' dir='ltr'><strong>post—</strong></span> 
     </span>
    </p>
   </div>
   <div class='ocr_carea' id='block_1_9' title="bbox 234 814 1821 885">
    <p class='ocr_par' dir='ltr' id='par_1_9' title="bbox 234 814 1821 885">
     <span class='ocr_line' id='line_1_9' title="bbox 234 814 1821 885; baseline 0.002 -18"><span class='ocrx_word' id='word_1_53' title='bbox 234 829 403 884; x_wconf 91' lang='lat' dir='ltr'><strong>quam</strong></span> <span class='ocrx_word' id='word_1_54' title='bbox 432 814 692 869; x_wconf 86' lang='lat' dir='ltr'><strong>adversus</strong></span> <span class='ocrx_word' id='word_1_55' title='bbox 714 822 888 869; x_wconf 91' lang='lat' dir='ltr'><strong>tantos</strong></span> <span class='ocrx_word' id='word_1_56' title='bbox 905 815 1175 870; x_wconf 64' lang='lat' dir='ltr'><strong>daemones</strong></span> <span class='ocrx_word' id='word_1_57' title='bbox 1196 830 1517 885; x_wconf 80' lang='lat' dir='ltr'><strong>congressus</strong></span> <span class='ocrx_word' id='word_1_58' title='bbox 1544 825 1624 870; x_wconf 90' lang='lat' dir='ltr'><strong>est</strong></span> <span class='ocrx_word' id='word_1_59' title='bbox 1646 814 1792 870; x_wconf 86' lang='lat' dir='ltr'><strong>solus</strong></span> <span class='ocrx_word' id='word_1_60' title='bbox 1808 857 1821 878; x_wconf 91' lang='lat'><strong>,</strong></span> 
     </span>
    </p>
   </div>
   <div class='ocr_carea' id='block_1_10' title="bbox 234 905 1823 977">
    <p class='ocr_par' dir='ltr' id='par_1_10' title="bbox 234 905 1823 977">
     <span class='ocr_line' id='line_1_10' title="bbox 234 905 1823 977; baseline 0.001 -18"><span class='ocrx_word' id='word_1_61' title='bbox 234 916 473 973; x_wconf 87' lang='lat' dir='ltr'><strong>quantos</strong></span> <span class='ocrx_word' id='word_1_62' title='bbox 504 908 851 960; x_wconf 83' lang='lat' dir='ltr'><strong>sustinebant</strong></span> <span class='ocrx_word' id='word_1_63' title='bbox 881 908 974 977; x_wconf 89' lang='lat' dir='ltr'><strong>qui</strong></span> <span class='ocrx_word' id='word_1_64' title='bbox 1029 907 1266 962; x_wconf 84' lang='lat' dir='ltr'><strong>edebant</strong></span> <span class='ocrx_word' id='word_1_65' title='bbox 1298 922 1492 963; x_wconf 88' lang='lat' dir='ltr'><strong>carnes</strong></span> <span class='ocrx_word' id='word_1_66' title='bbox 1517 906 1654 977; x_wconf 79' lang='lat' dir='ltr'><strong>ejus.</strong></span> <span class='ocrx_word' id='word_1_67' title='bbox 1688 905 1823 960; x_wconf 89' lang='lat' dir='ltr'><strong>Nam</strong></span> 
     </span>
    </p>
   </div>
   <div class='ocr_carea' id='block_1_11' title="bbox 231 998 1824 1069">
    <p class='ocr_par' dir='ltr' id='par_1_11' title="bbox 231 998 1824 1069">
     <span class='ocr_line' id='line_1_11' title="bbox 231 998 1824 1069; baseline 0 -17"><span class='ocrx_word' id='word_1_68' title='bbox 231 999 382 1053; x_wconf 81' lang='lat' dir='ltr'><strong>sicut</strong></span> <span class='ocrx_word' id='word_1_69' title='bbox 424 1000 674 1067; x_wconf 81' lang='lat' dir='ltr'><strong>superius</strong></span> <span class='ocrx_word' id='word_1_70' title='bbox 724 1000 1099 1069; x_wconf 74' lang='lat' dir='ltr'><strong>in&#39;praedones</strong></span> <span class='ocrx_word' id='word_1_71' title='bbox 1148 998 1465 1066; x_wconf 86' lang='lat' dir='ltr'><strong>aliquando,</strong></span> <span class='ocrx_word' id='word_1_72' title='bbox 1499 998 1824 1068; x_wconf 80' lang='lat' dir='ltr'><strong>quandoque</strong></span> 
     </span>
    </p>
   </div>
   <div class='ocr_carea' id='block_1_12' title="bbox 232 1090 1823 1161">
    <p class='ocr_par' dir='ltr' id='par_1_12' title="bbox 232 1090 1823 1161">
     <span class='ocr_line' id='line_1_12' title="bbox 232 1090 1823 1161; baseline 0 -19"><span class='ocrx_word' id='word_1_73' title='bbox 232 1100 419 1144; x_wconf 88' lang='lat' dir='ltr'><strong>autem</strong></span> <span class='ocrx_word' id='word_1_74' title='bbox 451 1090 506 1145; x_wconf 91' lang='lat' dir='ltr'><strong>in</strong></span> <span class='ocrx_word' id='word_1_75' title='bbox 542 1090 742 1160; x_wconf 80' lang='lat' dir='ltr'><strong>ignem,</strong></span> <span class='ocrx_word' id='word_1_76' title='bbox 773 1106 1162 1161; x_wconf 77' lang='lat' dir='ltr'><strong>nonnunquam</strong></span> <span class='ocrx_word' id='word_1_77' title='bbox 1195 1090 1244 1144; x_wconf 93' lang='lat' dir='ltr'><strong>in</strong></span> <span class='ocrx_word' id='word_1_78' title='bbox 1274 1098 1496 1144; x_wconf 90' lang='lat' dir='ltr'><strong>ventum</strong></span> <span class='ocrx_word' id='word_1_79' title='bbox 1538 1090 1823 1143; x_wconf 73' lang='lat' dir='ltr'><strong>vertebant</strong></span> 
     </span>
    </p>
   </div>
   <div class='ocr_carea' id='block_1_13' title="bbox 228 1181 1822 1251">
    <p class='ocr_par' dir='ltr' id='par_1_13' title="bbox 228 1181 1822 1251">
     <span class='ocr_line' id='line_1_13' title="bbox 228 1181 1822 1251; baseline 0 -16"><span class='ocrx_word' id='word_1_80' title='bbox 228 1181 640 1250; x_wconf 85' lang='lat' dir='ltr'><strong>senequissimi</strong></span> <span class='ocrx_word' id='word_1_81' title='bbox 669 1184 895 1251; x_wconf 87' lang='lat' dir='ltr'><strong>spiritus</strong></span> <span class='ocrx_word' id='word_1_82' title='bbox 939 1200 952 1235; x_wconf 90' lang='lat'><strong>:</strong></span> <span class='ocrx_word' id='word_1_83' title='bbox 991 1184 1070 1238; x_wconf 90' lang='lat' dir='ltr'><strong>sic</strong></span> <span class='ocrx_word' id='word_1_84' title='bbox 1099 1190 1154 1236; x_wconf 90' lang='lat' dir='ltr'><strong>et</strong></span> <span class='ocrx_word' id='word_1_85' title='bbox 1198 1197 1339 1237; x_wconf 91' lang='lat' dir='ltr'><strong>nunc</strong></span> <span class='ocrx_word' id='word_1_86' title='bbox 1371 1182 1493 1237; x_wconf 90' lang='lat' dir='ltr'><strong>istic</strong></span> <span class='ocrx_word' id='word_1_87' title='bbox 1538 1181 1591 1236; x_wconf 95' lang='lat' dir='ltr'><strong>in</strong></span> <span class='ocrx_word' id='word_1_88' title='bbox 1641 1182 1822 1235; x_wconf 88' lang='lat' dir='ltr'><strong>multi-</strong></span> 
     </span>
    </p>
   </div>
   <div class='ocr_carea' id='block_1_14' title="bbox 231 1273 1819 1330">
    <p class='ocr_par' dir='ltr' id='par_1_14' title="bbox 231 1273 1819 1330">
     <span class='ocr_line' id='line_1_14' title="bbox 231 1273 1819 1330; baseline 0.001 -3"><span class='ocrx_word' id='word_1_89' title='bbox 231 1273 479 1327; x_wconf 86' lang='lat' dir='ltr'><strong>tudinem</strong></span> <span class='ocrx_word' id='word_1_90' title='bbox 503 1275 768 1329; x_wconf 86' lang='lat' dir='ltr'><strong>vermium</strong></span> <span class='ocrx_word' id='word_1_91' title='bbox 811 1274 1291 1329; x_wconf 84' lang='lat' dir='ltr'><strong>innumerabilium</strong></span> <span class='ocrx_word' id='word_1_92' title='bbox 1321 1290 1379 1330; x_wconf 91' lang='lat' dir='ltr'><strong>se</strong></span> <span class='ocrx_word' id='word_1_93' title='bbox 1412 1282 1686 1329; x_wconf 88' lang='lat' dir='ltr'><strong>vertentes</strong></span> <span class='ocrx_word' id='word_1_94' title='bbox 1718 1276 1819 1328; x_wconf 93' lang='lat' dir='ltr'><strong>im-</strong></span> 
     </span>
    </p>
   </div>
   <div class='ocr_carea' id='block_1_15' title="bbox 228 1367 1816 1432">
    <p class='ocr_par' dir='ltr' id='par_1_15' title="bbox 228 1367 1816 1432">
     <span class='ocr_line' id='line_1_15' title="bbox 228 1367 1816 1432; baseline 0.003 -14"><span class='ocrx_word' id='word_1_95' title='bbox 228 1375 526 1432; x_wconf 88' lang='lat' dir='ltr'><strong>parcenter</strong></span> <span class='ocrx_word' id='word_1_96' title='bbox 545 1368 876 1423; x_wconf 91' lang='lat' dir='ltr'><strong>devorabant</strong></span> <span class='ocrx_word' id='word_1_97' title='bbox 909 1384 1105 1424; x_wconf 90' lang='lat' dir='ltr'><strong>carnes</strong></span> <span class='ocrx_word' id='word_1_98' title='bbox 1132 1368 1253 1423; x_wconf 85' lang='grc'><strong>101).</strong></span> <span class='ocrx_word' id='word_1_99' title='bbox 1272 1367 1405 1421; x_wconf 87' lang='lat' dir='ltr'><strong>Nam</strong></span> <span class='ocrx_word' id='word_1_100' title='bbox 1431 1383 1555 1423; x_wconf 91' lang='lat' dir='ltr'><strong>cum</strong></span> <span class='ocrx_word' id='word_1_101' title='bbox 1580 1368 1816 1423; x_wconf 90' lang='lat' dir='ltr'><strong>animam</strong></span> 
     </span>
    </p>
   </div>
   <div class='ocr_carea' id='block_1_16' title="bbox 227 1458 1813 1531">
    <p class='ocr_par' dir='ltr' id='par_1_16' title="bbox 227 1458 1813 1531">
     <span class='ocr_line' id='line_1_16' title="bbox 227 1458 1813 1531; baseline 0.003 -21"><span class='ocrx_word' id='word_1_102' title='bbox 227 1472 341 1511; x_wconf 90' lang='lat' dir='ltr'><strong>non</strong></span> <span class='ocrx_word' id='word_1_103' title='bbox 369 1458 615 1513; x_wconf 90' lang='lat' dir='ltr'><strong>valerent</strong></span> <span class='ocrx_word' id='word_1_104' title='bbox 644 1468 883 1530; x_wconf 84' lang='lat' dir='ltr'><strong>tangere,</strong></span> <span class='ocrx_word' id='word_1_105' title='bbox 909 1476 1119 1515; x_wconf 84' lang='lat' dir='ltr'><strong>omnem</strong></span> <span class='ocrx_word' id='word_1_106' title='bbox 1146 1462 1488 1531; x_wconf 85' lang='lat' dir='ltr'><strong>iniquitatem</strong></span> <span class='ocrx_word' id='word_1_107' title='bbox 1517 1470 1573 1516; x_wconf 88' lang='lat' dir='ltr'><strong>et</strong></span> <span class='ocrx_word' id='word_1_108' title='bbox 1600 1477 1813 1517; x_wconf 92' lang='lat' dir='ltr'><strong>omnem</strong></span> 
     </span>
    </p>
   </div>
   <div class='ocr_carea' id='block_1_17' title="bbox 230 1549 1820 1622">
    <p class='ocr_par' dir='ltr' id='par_1_17' title="bbox 230 1549 1820 1622">
     <span class='ocr_line' id='line_1_17' title="bbox 230 1549 1820 1622; baseline 0.003 -19"><span class='ocrx_word' id='word_1_109' title='bbox 230 1549 373 1603; x_wconf 92' lang='lat' dir='ltr'><strong>iram</strong></span> <span class='ocrx_word' id='word_1_110' title='bbox 410 1565 562 1606; x_wconf 90' lang='lat' dir='ltr'><strong>suam</strong></span> <span class='ocrx_word' id='word_1_111' title='bbox 596 1552 647 1605; x_wconf 94' lang='lat' dir='ltr'><strong>in</strong></span> <span class='ocrx_word' id='word_1_112' title='bbox 672 1566 903 1621; x_wconf 88' lang='lat' dir='ltr'><strong>corpore</strong></span> <span class='ocrx_word' id='word_1_113' title='bbox 938 1553 1067 1622; x_wconf 85' lang='lat' dir='ltr'><strong>justi</strong></span> <span class='ocrx_word' id='word_1_114' title='bbox 1116 1553 1262 1608; x_wconf 89' lang='lat' dir='ltr'><strong>illius</strong></span> <span class='ocrx_word' id='word_1_115' title='bbox 1307 1554 1671 1618; x_wconf 81' lang='lat' dir='ltr'><strong>exercebant,</strong></span> <span class='ocrx_word' id='word_1_116' title='bbox 1702 1562 1820 1607; x_wconf 88' lang='lat' dir='ltr'><strong>tan-</strong></span> 
     </span>
    </p>
   </div>
   <div class='ocr_carea' id='block_1_18' title="bbox 228 1643 1808 1716">
    <p class='ocr_par' dir='ltr' id='par_1_18' title="bbox 228 1643 1808 1716">
     <span class='ocr_line' id='line_1_18' title="bbox 228 1643 1808 1716; baseline 0.004 -21"><span class='ocrx_word' id='word_1_117' title='bbox 228 1651 343 1696; x_wconf 91' lang='lat' dir='ltr'><strong>tum</strong></span> <span class='ocrx_word' id='word_1_118' title='bbox 375 1659 499 1697; x_wconf 88' lang='lat' dir='ltr'><strong>eum</strong></span> <span class='ocrx_word' id='word_1_119' title='bbox 544 1643 841 1714; x_wconf 82' lang='lat' dir='ltr'><strong>aﬂligentes</strong></span> <span class='ocrx_word' id='word_1_120' title='bbox 878 1655 1141 1716; x_wconf 89' lang='lat' dir='ltr'><strong>quantum</strong></span> <span class='ocrx_word' id='word_1_121' title='bbox 1185 1647 1490 1716; x_wconf 89' lang='lat' dir='ltr'><strong>iniquitatis</strong></span> <span class='ocrx_word' id='word_1_122' title='bbox 1519 1648 1808 1714; x_wconf 89' lang='lat' dir='ltr'><strong>habebant,</strong></span> 
     </span>
    </p>
   </div>
   <div class='ocr_carea' id='block_1_19' title="bbox 1933 446 3507 516">
    <p class='ocr_par' dir='ltr' id='par_1_19' title="bbox 1933 446 3507 516">
     <span class='ocr_line' id='line_1_19' title="bbox 1933 446 3507 516; baseline -0.001 -14"><span class='ocrx_word' id='word_1_123' title='bbox 1933 449 2057 513; x_wconf 87' lang='lat' dir='ltr'><strong>rim,</strong></span> <span class='ocrx_word' id='word_1_124' title='bbox 2099 461 2167 501; x_wconf 89' lang='lat' dir='ltr'><strong>ne</strong></span> <span class='ocrx_word' id='word_1_125' title='bbox 2209 462 2297 502; x_wconf 92' lang='lat' dir='ltr'><strong>me</strong></span> <span class='ocrx_word' id='word_1_126' title='bbox 2329 453 2640 516; x_wconf 90' lang='lat' dir='ltr'><strong>superatum</strong></span> <span class='ocrx_word' id='word_1_127' title='bbox 2678 446 2842 500; x_wconf 80' lang='lat' dir='ltr'><strong>fuisse</strong></span> <span class='ocrx_word' id='word_1_128' title='bbox 2877 454 3066 514; x_wconf 92' lang='lat' dir='ltr'><strong>putent</strong></span> <span class='ocrx_word' id='word_1_129' title='bbox 3101 456 3193 500; x_wconf 92' lang='lat' dir='ltr'><strong>aut</strong></span> <span class='ocrx_word' id='word_1_130' title='bbox 3222 446 3507 514; x_wconf 81' lang='lat' dir='ltr'><strong>defecisse,</strong></span> 
     </span>
    </p>
   </div>
   <div class='ocr_carea' id='block_1_20' title="bbox 1931 538 3509 607">
    <p class='ocr_par' dir='ltr' id='par_1_20' title="bbox 1931 538 3509 607">
     <span class='ocr_line' id='line_1_20' title="bbox 1931 538 3509 607; baseline -0.001 -13"><span class='ocrx_word' id='word_1_131' title='bbox 1931 548 2025 594; x_wconf 93' lang='lat' dir='ltr'><strong>aut</strong></span> <span class='ocrx_word' id='word_1_132' title='bbox 2052 539 2415 604; x_wconf 89' lang='lat' dir='ltr'><strong>debilitatum,</strong></span> <span class='ocrx_word' id='word_1_133' title='bbox 2436 538 2530 593; x_wconf 90' lang='lat' dir='ltr'><strong>sed</strong></span> <span class='ocrx_word' id='word_1_134' title='bbox 2560 538 2744 592; x_wconf 87' lang='lat' dir='ltr'><strong>norint</strong></span> <span class='ocrx_word' id='word_1_135' title='bbox 2769 538 2896 607; x_wconf 89' lang='lat' dir='ltr'><strong>quia</strong></span> <span class='ocrx_word' id='word_1_136' title='bbox 2926 538 3162 593; x_wconf 90' lang='lat' dir='ltr'><strong>viriliter</strong></span> <span class='ocrx_word' id='word_1_137' title='bbox 3190 548 3276 593; x_wconf 92' lang='lat' dir='ltr'><strong>sto</strong></span> <span class='ocrx_word' id='word_1_138' title='bbox 3317 540 3509 595; x_wconf 89' lang='lat' dir='ltr'><strong>adver-</strong></span> 
     </span>
    </p>
   </div>
   <div class='ocr_carea' id='block_1_21' title="bbox 1929 629 3509 700">
    <p class='ocr_par' dir='ltr' id='par_1_21' title="bbox 1929 629 3509 700">
     <span class='ocr_line' id='line_1_21' title="bbox 1929 629 3509 700; baseline -0.001 -13"><span class='ocrx_word' id='word_1_139' title='bbox 1929 646 2022 687; x_wconf 88' lang='lat' dir='ltr'><strong>sus</strong></span> <span class='ocrx_word' id='word_1_140' title='bbox 2067 629 2358 700; x_wconf 86' lang='lat' dir='ltr'><strong>nequitiam</strong></span> <span class='ocrx_word' id='word_1_141' title='bbox 2384 642 2596 695; x_wconf 90' lang='lat' dir='ltr'><strong>eorum,</strong></span> <span class='ocrx_word' id='word_1_142' title='bbox 2632 637 2684 684; x_wconf 91' lang='lat' dir='ltr'><strong>et</strong></span> <span class='ocrx_word' id='word_1_143' title='bbox 2721 643 2841 684; x_wconf 90' lang='lat' dir='ltr'><strong>cum</strong></span> <span class='ocrx_word' id='word_1_144' title='bbox 2873 629 3068 684; x_wconf 89' lang='lat' dir='ltr'><strong>ﬁducia</strong></span> <span class='ocrx_word' id='word_1_145' title='bbox 3108 630 3335 699; x_wconf 88' lang='lat' dir='ltr'><strong>loquens</strong></span> <span class='ocrx_word' id='word_1_146' title='bbox 3379 647 3509 685; x_wconf 87' lang='lat' dir='ltr'><strong>con-</strong></span> 
     </span>
    </p>
   </div>
   <div class='ocr_carea' id='block_1_22' title="bbox 1930 721 3507 788">
    <p class='ocr_par' dir='ltr' id='par_1_22' title="bbox 1930 721 3507 788">
     <span class='ocr_line' id='line_1_22' title="bbox 1930 721 3507 788; baseline -0.001 -10"><span class='ocrx_word' id='word_1_147' title='bbox 1930 733 2109 778; x_wconf 89' lang='lat' dir='ltr'><strong>tenmo</strong></span> <span class='ocrx_word' id='word_1_148' title='bbox 2141 721 2374 777; x_wconf 88' lang='lat' dir='ltr'><strong>malitias</strong></span> <span class='ocrx_word' id='word_1_149' title='bbox 2403 731 2566 788; x_wconf 89' lang='lat' dir='ltr'><strong>atque</strong></span> <span class='ocrx_word' id='word_1_150' title='bbox 2605 722 2876 776; x_wconf 86' lang='lat' dir='ltr'><strong>versutias</strong></span> <span class='ocrx_word' id='word_1_151' title='bbox 2914 722 3146 775; x_wconf 89' lang='lat' dir='ltr'><strong>illorum.</strong></span> <span class='ocrx_word' id='word_1_152' title='bbox 3201 722 3304 776; x_wconf 89' lang='lat' dir='ltr'><strong>Sed</strong></span> <span class='ocrx_word' id='word_1_153' title='bbox 3331 723 3507 777; x_wconf 87' lang='lat' dir='ltr'><strong>adhuc</strong></span> 
     </span>
    </p>
   </div>
   <div class='ocr_carea' id='block_1_23' title="bbox 1926 814 3503 885">
    <p class='ocr_par' dir='ltr' id='par_1_23' title="bbox 1926 814 3503 885">
     <span class='ocr_line' id='line_1_23' title="bbox 1926 814 3503 885; baseline -0.001 -14"><span class='ocrx_word' id='word_1_154' title='bbox 1926 817 1996 871; x_wconf 95' lang='lat' dir='ltr'><strong>ob</strong></span> <span class='ocrx_word' id='word_1_155' title='bbox 2025 819 2148 878; x_wconf 85' lang='lat' dir='ltr'><strong>hoc,</strong></span> <span class='ocrx_word' id='word_1_156' title='bbox 2174 815 2370 885; x_wconf 89' lang='lat' dir='ltr'><strong>inquit,</strong></span> <span class='ocrx_word' id='word_1_157' title='bbox 2400 823 2458 868; x_wconf 95' lang='lat' dir='ltr'><strong>ut</strong></span> <span class='ocrx_word' id='word_1_158' title='bbox 2482 815 2891 869; x_wconf 85' lang='lat' dir='ltr'><strong>advenientibus</strong></span> <span class='ocrx_word' id='word_1_159' title='bbox 2919 814 3109 869; x_wconf 89' lang='lat' dir='ltr'><strong>amicis</strong></span> <span class='ocrx_word' id='word_1_160' title='bbox 3132 814 3267 868; x_wconf 88' lang='lat' dir='ltr'><strong>meis</strong></span> <span class='ocrx_word' id='word_1_161' title='bbox 3297 830 3358 869; x_wconf 91' lang='lat' dir='ltr'><strong>os</strong></span> <span class='ocrx_word' id='word_1_162' title='bbox 3379 829 3503 882; x_wconf 86' lang='lat' dir='ltr'><strong>ape-</strong></span> 
     </span>
    </p>
   </div>
   <div class='ocr_carea' id='block_1_24' title="bbox 1926 907 3500 979">
    <p class='ocr_par' dir='ltr' id='par_1_24' title="bbox 1926 907 3500 979">
     <span class='ocr_line' id='line_1_24' title="bbox 1926 907 3500 979; baseline 0 -17"><span class='ocrx_word' id='word_1_163' title='bbox 1926 908 2082 972; x_wconf 91' lang='lat' dir='ltr'><strong>riam,</strong></span> <span class='ocrx_word' id='word_1_164' title='bbox 2136 918 2299 979; x_wconf 89' lang='lat' dir='ltr'><strong>atque</strong></span> <span class='ocrx_word' id='word_1_165' title='bbox 2346 908 2596 978; x_wconf 85' lang='lat' dir='ltr'><strong>loquendi</strong></span> <span class='ocrx_word' id='word_1_166' title='bbox 2651 907 2755 961; x_wconf 91' lang='lat' dir='ltr'><strong>illis</strong></span> <span class='ocrx_word' id='word_1_167' title='bbox 2793 916 3001 976; x_wconf 86' lang='lat' dir='ltr'><strong>tempus</strong></span> <span class='ocrx_word' id='word_1_168' title='bbox 3050 907 3353 962; x_wconf 85' lang='lat' dir='ltr'><strong>ostendam.</strong></span> <span class='ocrx_word' id='word_1_169' title='bbox 3385 908 3500 963; x_wconf 85' lang='lat' dir='ltr'><strong>Nisi</strong></span> 
     </span>
    </p>
   </div>
   <div class='ocr_carea' id='block_1_25' title="bbox 1923 998 3501 1070">
    <p class='ocr_par' dir='ltr' id='par_1_25' title="bbox 1923 998 3501 1070">
     <span class='ocr_line' id='line_1_25' title="bbox 1923 998 3501 1070; baseline 0 -15"><span class='ocrx_word' id='word_1_170' title='bbox 1923 1000 2065 1055; x_wconf 91' lang='lat' dir='ltr'><strong>enim</strong></span> <span class='ocrx_word' id='word_1_171' title='bbox 2092 1015 2189 1069; x_wconf 87' lang='lat' dir='ltr'><strong>ego</strong></span> <span class='ocrx_word' id='word_1_172' title='bbox 2227 1015 2445 1070; x_wconf 77' lang='lat' dir='ltr'><strong>coepero</strong></span> <span class='ocrx_word' id='word_1_173' title='bbox 2481 998 2649 1067; x_wconf 93' lang='lat' dir='ltr'><strong>loqui,</strong></span> <span class='ocrx_word' id='word_1_174' title='bbox 2700 1014 2976 1066; x_wconf 90' lang='lat' dir='ltr'><strong>nunquam</strong></span> <span class='ocrx_word' id='word_1_175' title='bbox 3013 999 3100 1053; x_wconf 91' lang='lat' dir='ltr'><strong>isti</strong></span> <span class='ocrx_word' id='word_1_176' title='bbox 3138 1015 3198 1055; x_wconf 87' lang='lat' dir='ltr'><strong>os</strong></span> <span class='ocrx_word' id='word_1_177' title='bbox 3238 1002 3501 1055; x_wconf 82' lang='lat' dir='ltr'><strong>auderent</strong></span> 
     </span>
    </p>
   </div>
   <div class='ocr_carea' id='block_1_26' title="bbox 1925 1086 3501 1158">
    <p class='ocr_par' dir='ltr' id='par_1_26' title="bbox 1925 1086 3501 1158">
     <span class='ocr_line' id='line_1_26' title="bbox 1925 1086 3501 1158; baseline 0.004 -18"><span class='ocrx_word' id='word_1_178' title='bbox 1925 1089 2137 1154; x_wconf 88' lang='lat' dir='ltr'><strong>aperire</strong></span> <span class='ocrx_word' id='word_1_179' title='bbox 2180 1087 2679 1142; x_wconf 87' lang='lat' dir='ltr'><strong>vehementioribus</strong></span> <span class='ocrx_word' id='word_1_180' title='bbox 2729 1086 3007 1141; x_wconf 91' lang='lat' dir='ltr'><strong>doloribus</strong></span> <span class='ocrx_word' id='word_1_181' title='bbox 3045 1090 3340 1158; x_wconf 81' lang='lat' dir='ltr'><strong>perterriti.</strong></span> <span class='ocrx_word' id='word_1_182' title='bbox 3393 1088 3501 1147; x_wconf 86' lang='lat' dir='ltr'><strong>Pro</strong></span> 
     </span>
    </p>
   </div>
   <div class='ocr_carea' id='block_1_27' title="bbox 1924 1179 3498 1249">
    <p class='ocr_par' dir='ltr' id='par_1_27' title="bbox 1924 1179 3498 1249">
     <span class='ocr_line' id='line_1_27' title="bbox 1924 1179 3498 1249; baseline 0.001 -15"><span class='ocrx_word' id='word_1_183' title='bbox 1924 1180 2006 1235; x_wconf 91' lang='lat' dir='ltr'><strong>his</strong></span> <span class='ocrx_word' id='word_1_184' title='bbox 2047 1196 2174 1249; x_wconf 87' lang='lat' dir='ltr'><strong>ergo</strong></span> <span class='ocrx_word' id='word_1_185' title='bbox 2223 1179 2475 1235; x_wconf 90' lang='lat' dir='ltr'><strong>omnibus</strong></span> <span class='ocrx_word' id='word_1_186' title='bbox 2516 1188 2681 1248; x_wconf 89' lang='lat' dir='ltr'><strong>atque</strong></span> <span class='ocrx_word' id='word_1_187' title='bbox 2714 1194 2812 1249; x_wconf 91' lang='lat' dir='ltr'><strong>pro</strong></span> <span class='ocrx_word' id='word_1_188' title='bbox 2863 1181 3055 1234; x_wconf 90' lang='lat' dir='ltr'><strong>horum</strong></span> <span class='ocrx_word' id='word_1_189' title='bbox 3096 1181 3335 1234; x_wconf 86' lang='lat' dir='ltr'><strong>omnium</strong></span> <span class='ocrx_word' id='word_1_190' title='bbox 3370 1197 3498 1236; x_wconf 86' lang='lat' dir='ltr'><strong>con-</strong></span> 
     </span>
    </p>
   </div>
   <div class='ocr_carea' id='block_1_28' title="bbox 1919 1270 3496 1339">
    <p class='ocr_par' dir='ltr' id='par_1_28' title="bbox 1919 1270 3496 1339">
     <span class='ocr_line' id='line_1_28' title="bbox 1919 1270 3496 1339; baseline -0.001 -14"><span class='ocrx_word' id='word_1_191' title='bbox 1919 1271 2300 1334; x_wconf 88' lang='lat' dir='ltr'><strong>summatione,</strong></span> <span class='ocrx_word' id='word_1_192' title='bbox 2329 1271 2540 1339; x_wconf 89' lang='lat' dir='ltr'><strong>aperuit</strong></span> <span class='ocrx_word' id='word_1_193' title='bbox 2570 1285 2633 1325; x_wconf 89' lang='lat' dir='ltr'><strong>os</strong></span> <span class='ocrx_word' id='word_1_194' title='bbox 2665 1286 2821 1325; x_wconf 91' lang='lat' dir='ltr'><strong>suum</strong></span> <span class='ocrx_word' id='word_1_195' title='bbox 2842 1313 2856 1335; x_wconf 96' lang='lat'><strong>,</strong></span> <span class='ocrx_word' id='word_1_196' title='bbox 2887 1283 2940 1324; x_wconf 85' lang='lat' dir='ltr'><strong>et</strong></span> <span class='ocrx_word' id='word_1_197' title='bbox 2970 1270 3325 1324; x_wconf 83' lang='lat' dir='ltr'><strong>maledicebat</strong></span> <span class='ocrx_word' id='word_1_198' title='bbox 3356 1272 3496 1325; x_wconf 84' lang='lat' dir='ltr'><strong>diem</strong></span> 
     </span>
    </p>
   </div>
   <div class='ocr_carea' id='block_1_29' title="bbox 1918 1360 3499 1431">
    <p class='ocr_par' dir='ltr' id='par_1_29' title="bbox 1918 1360 3499 1431">
     <span class='ocr_line' id='line_1_29' title="bbox 1918 1360 3499 1431; baseline -0.002 -12"><span class='ocrx_word' id='word_1_199' title='bbox 1918 1378 2093 1419; x_wconf 91' lang='lat' dir='ltr'><strong>suum.</strong></span> <span class='ocrx_word' id='word_1_200' title='bbox 2125 1360 2250 1416; x_wconf 58' lang='lat' dir='ltr'><strong>Haec</strong></span> <span class='ocrx_word' id='word_1_201' title='bbox 2278 1362 2561 1417; x_wconf 76' lang='lat' dir='ltr'><strong>audientes</strong></span> <span class='ocrx_word' id='word_1_202' title='bbox 2601 1362 2819 1431; x_wconf 90' lang='lat' dir='ltr'><strong>quidam</strong></span> <span class='ocrx_word' id='word_1_203' title='bbox 2859 1377 2924 1417; x_wconf 81' lang='lat' dir='ltr'><strong>ex</strong></span> <span class='ocrx_word' id='word_1_204' title='bbox 2955 1362 3314 1426; x_wconf 87' lang='lat' dir='ltr'><strong>vertihilibns,</strong></span> <span class='ocrx_word' id='word_1_205' title='bbox 3346 1372 3399 1416; x_wconf 77' lang='lat' dir='ltr'><strong>et</strong></span> <span class='ocrx_word' id='word_1_206' title='bbox 3424 1362 3499 1416; x_wconf 82' lang='lat' dir='ltr'><strong>in-</strong></span> 
     </span>
    </p>
   </div>
   <div class='ocr_carea' id='block_1_30' title="bbox 1916 1455 3498 1525">
    <p class='ocr_par' dir='ltr' id='par_1_30' title="bbox 1916 1455 3498 1525">
     <span class='ocr_line' id='line_1_30' title="bbox 1916 1455 3498 1525; baseline -0.002 -14"><span class='ocrx_word' id='word_1_207' title='bbox 1916 1455 2239 1525; x_wconf 80' lang='lat' dir='ltr'><strong>sipientibus</strong></span> <span class='ocrx_word' id='word_1_208' title='bbox 2283 1470 2349 1509; x_wconf 86' lang='lat' dir='ltr'><strong>ac</strong></span> <span class='ocrx_word' id='word_1_209' title='bbox 2392 1455 2680 1525; x_wconf 77' lang='lat' dir='ltr'><strong>imperitis,</strong></span> <span class='ocrx_word' id='word_1_210' title='bbox 2715 1470 2973 1509; x_wconf 82' lang='lat' dir='ltr'><strong>accusare</strong></span> <span class='ocrx_word' id='word_1_211' title='bbox 3016 1465 3175 1523; x_wconf 89' lang='lat' dir='ltr'><strong>atque</strong></span> <span class='ocrx_word' id='word_1_212' title='bbox 3208 1456 3498 1523; x_wconf 82' lang='lat' dir='ltr'><strong>reprehen-</strong></span> 
     </span>
    </p>
   </div>
   <div class='ocr_carea' id='block_1_31' title="bbox 1915 1547 3493 1617">
    <p class='ocr_par' dir='ltr' id='par_1_31' title="bbox 1915 1547 3493 1617">
     <span class='ocr_line' id='line_1_31' title="bbox 1915 1547 3493 1617; baseline -0.001 -15"><span class='ocrx_word' id='word_1_213' title='bbox 1915 1547 2272 1617; x_wconf 91' lang='lat' dir='ltr'><strong>derejustum</strong></span> <span class='ocrx_word' id='word_1_214' title='bbox 2320 1547 2466 1600; x_wconf 90' lang='lat' dir='ltr'><strong>illum</strong></span> <span class='ocrx_word' id='word_1_215' title='bbox 2515 1547 2615 1602; x_wconf 83' lang='lat' dir='ltr'><strong>Job</strong></span> <span class='ocrx_word' id='word_1_216' title='bbox 2678 1549 2790 1601; x_wconf 84' lang='lat' dir='ltr'><strong>ausi</strong></span> <span class='ocrx_word' id='word_1_217' title='bbox 2838 1558 2985 1605; x_wconf 88' lang='lat' dir='ltr'><strong>sunt.</strong></span> <span class='ocrx_word' id='word_1_218' title='bbox 3018 1548 3171 1613; x_wconf 53' lang='lat' dir='ltr'><strong>quasi</strong></span> <span class='ocrx_word' id='word_1_219' title='bbox 3211 1548 3297 1615; x_wconf 90' lang='lat' dir='ltr'><strong>qui</strong></span> <span class='ocrx_word' id='word_1_220' title='bbox 3330 1548 3493 1601; x_wconf 88' lang='lat' dir='ltr'><strong>Deum</strong></span> 
     </span>
    </p>
   </div>
   <div class='ocr_carea' id='block_1_32' title="bbox 1914 1640 3496 1712">
    <p class='ocr_par' dir='ltr' id='par_1_32' title="bbox 1914 1640 3496 1712">
     <span class='ocr_line' id='line_1_32' title="bbox 1914 1640 3496 1712; baseline 0.001 -17"><span class='ocrx_word' id='word_1_221' title='bbox 1914 1640 2395 1712; x_wconf 84' lang='lat' dir='ltr'><strong>blasphemaverit,</strong></span> <span class='ocrx_word' id='word_1_222' title='bbox 2425 1651 2478 1695; x_wconf 92' lang='lat' dir='ltr'><strong>et</strong></span> <span class='ocrx_word' id='word_1_223' title='bbox 2510 1642 2650 1695; x_wconf 89' lang='lat' dir='ltr'><strong>diem</strong></span> <span class='ocrx_word' id='word_1_224' title='bbox 2692 1657 2847 1695; x_wconf 91' lang='lat' dir='ltr'><strong>suum</strong></span> <span class='ocrx_word' id='word_1_225' title='bbox 2895 1641 3259 1696; x_wconf 66' lang='lat' dir='ltr'><strong>maledixerit.</strong></span> <span class='ocrx_word' id='word_1_226' title='bbox 3291 1641 3496 1708; x_wconf 87' lang='lat' dir='ltr'><strong>Quibus</strong></span> 
     </span>
    </p>
   </div>
   <div class='ocr_carea' id='block_1_33' title="bbox 226 1701 3492 1810">
    <p class='ocr_par' dir='ltr' id='par_1_33' title="bbox 226 1701 3492 1810">
     <span class='ocr_line' id='line_1_33' title="bbox 226 1701 3492 1810; baseline 0.001 -27"><span class='ocrx_word' id='word_1_227' title='bbox 226 1742 396 1802; x_wconf 74' lang='lat' dir='ltr'><strong>atque</strong></span> <span class='ocrx_word' id='word_1_228' title='bbox 448 1701 708 1789; x_wconf 51' lang='lat' dir='ltr'><strong>exercere</strong></span> <span class='ocrx_word' id='word_1_229' title='bbox 761 1701 1009 1805; x_wconf 76' lang='lat' dir='ltr'><strong>permissi</strong></span> <span class='ocrx_word' id='word_1_230' title='bbox 1062 1701 1296 1793; x_wconf 61' lang='lat' dir='ltr'><strong>fuerant:</strong></span> <span class='ocrx_word' id='word_1_231' title='bbox 1356 1740 1630 1793; x_wconf 84' lang='lat' dir='ltr'><strong>Adversus</strong></span> <span class='ocrx_word' id='word_1_232' title='bbox 1680 1701 1811 1810; x_wconf 77' lang='lat' dir='ltr'><strong>ergo</strong></span> <span class='ocrx_word' id='word_1_233' title='bbox 1844 1701 1885 1756; x_wconf 75' lang='grc' dir='ltr'>Β</span> <span class='ocrx_word' id='word_1_234' title='bbox 1916 1731 2128 1785; x_wconf 88' lang='lat' dir='ltr'><strong>duriter</strong></span> <span class='ocrx_word' id='word_1_235' title='bbox 2160 1732 2358 1785; x_wconf 85' lang='lat' dir='ltr'><strong>restitit</strong></span> <span class='ocrx_word' id='word_1_236' title='bbox 2388 1730 2503 1798; x_wconf 88' lang='lat' dir='ltr'><strong>ipse</strong></span> <span class='ocrx_word' id='word_1_237' title='bbox 2538 1732 2681 1786; x_wconf 84' lang='lat' dir='ltr'><strong>Deus</strong></span> <span class='ocrx_word' id='word_1_238' title='bbox 2707 1733 2758 1786; x_wconf 88' lang='lat' dir='ltr'><strong>in</strong></span> <span class='ocrx_word' id='word_1_239' title='bbox 2793 1733 2951 1786; x_wconf 89' lang='lat' dir='ltr'><strong>ﬁnem</strong></span> <span class='ocrx_word' id='word_1_240' title='bbox 2985 1732 3144 1800; x_wconf 68' lang='lat' dir='ltr'><strong>lmjjts</strong></span> <span class='ocrx_word' id='word_1_241' title='bbox 3176 1730 3492 1798; x_wconf 70' lang='lat' dir='ltr'><strong>Scripturze,</strong></span> 
     </span>
    </p>
   </div>
   <div class='ocr_carea' id='block_1_34' title="bbox 226 1824 1813 1895">
    <p class='ocr_par' dir='ltr' id='par_1_34' title="bbox 226 1824 1813 1895">
     <span class='ocr_line' id='line_1_34' title="bbox 226 1824 1813 1895; baseline 0.007 -20"><span class='ocrx_word' id='word_1_242' title='bbox 226 1829 415 1877; x_wconf 88' lang='lat' dir='ltr'><strong>tantos</strong></span> <span class='ocrx_word' id='word_1_243' title='bbox 445 1824 721 1879; x_wconf 69' lang='lat' dir='ltr'><strong>daemones</strong></span> <span class='ocrx_word' id='word_1_244' title='bbox 752 1827 995 1881; x_wconf 88' lang='lat' dir='ltr'><strong>certabat</strong></span> <span class='ocrx_word' id='word_1_245' title='bbox 1017 1827 1120 1883; x_wconf 89' lang='grc'><strong>101)</strong></span> <span class='ocrx_word' id='word_1_246' title='bbox 1147 1868 1161 1893; x_wconf 85' lang='grc'><em>,</em></span> <span class='ocrx_word' id='word_1_247' title='bbox 1192 1839 1423 1895; x_wconf 84' lang='lat' dir='ltr'><strong>quantos</strong></span> <span class='ocrx_word' id='word_1_248' title='bbox 1465 1846 1678 1886; x_wconf 85' lang='lat' dir='ltr'><strong>vermes</strong></span> <span class='ocrx_word' id='word_1_249' title='bbox 1716 1832 1813 1886; x_wconf 90' lang='lat' dir='ltr'><strong>ha-</strong></span> 
     </span>
    </p>
   </div>
   <div class='ocr_carea' id='block_1_35' title="bbox 222 1911 1812 1989">
    <p class='ocr_par' dir='ltr' id='par_1_35' title="bbox 222 1911 1812 1989">
     <span class='ocr_line' id='line_1_35' title="bbox 222 1911 1812 1989; baseline 0.009 -23"><span class='ocrx_word' id='word_1_250' title='bbox 222 1911 399 1968; x_wconf 87' lang='lat' dir='ltr'><strong>bebat</strong></span> <span class='ocrx_word' id='word_1_251' title='bbox 433 1916 487 1968; x_wconf 88' lang='lat' dir='ltr'><strong>in</strong></span> <span class='ocrx_word' id='word_1_252' title='bbox 531 1929 765 1985; x_wconf 81' lang='lat' dir='ltr'><strong>corpore</strong></span> <span class='ocrx_word' id='word_1_253' title='bbox 820 1933 940 1975; x_wconf 90' lang='lat' dir='ltr'><strong>suo.</strong></span> <span class='ocrx_word' id='word_1_254' title='bbox 978 1918 1111 1974; x_wconf 85' lang='lat' dir='ltr'><strong>Nam</strong></span> <span class='ocrx_word' id='word_1_255' title='bbox 1158 1921 1429 1977; x_wconf 71' lang='lat' dir='ltr'><strong>daemones</strong></span> <span class='ocrx_word' id='word_1_256' title='bbox 1474 1937 1569 1989; x_wconf 89' lang='lat' dir='ltr'><strong>per</strong></span> <span class='ocrx_word' id='word_1_257' title='bbox 1599 1938 1812 1980; x_wconf 86' lang='lat' dir='ltr'><strong>vermes</strong></span> 
     </span>
    </p>
   </div>
   <div class='ocr_carea' id='block_1_36' title="bbox 224 2007 1811 2084">
    <p class='ocr_par' dir='ltr' id='par_1_36' title="bbox 224 2007 1811 2084">
     <span class='ocr_line' id='line_1_36' title="bbox 224 2007 1811 2084; baseline 0.006 -24"><span class='ocrx_word' id='word_1_258' title='bbox 224 2007 592 2061; x_wconf 83' lang='lat' dir='ltr'><strong>comedebant</strong></span> <span class='ocrx_word' id='word_1_259' title='bbox 626 2018 791 2077; x_wconf 87' lang='lat' dir='ltr'><strong>atque</strong></span> <span class='ocrx_word' id='word_1_260' title='bbox 821 2011 1178 2078; x_wconf 76' lang='lat' dir='ltr'><strong>perforabant</strong></span> <span class='ocrx_word' id='word_1_261' title='bbox 1208 2028 1399 2067; x_wconf 89' lang='lat' dir='ltr'><strong>carnes</strong></span> <span class='ocrx_word' id='word_1_262' title='bbox 1419 2013 1556 2083; x_wconf 88' lang='lat' dir='ltr'><strong>ejus.</strong></span> <span class='ocrx_word' id='word_1_263' title='bbox 1594 2013 1670 2070; x_wconf 88' lang='lat' dir='ltr'><strong>De</strong></span> <span class='ocrx_word' id='word_1_264' title='bbox 1700 2018 1811 2084; x_wconf 83' lang='lat' dir='ltr'><strong>qui-</strong></span> 
     </span>
    </p>
   </div>
   <div class='ocr_carea' id='block_1_37' title="bbox 223 2100 1810 2173">
    <p class='ocr_par' dir='ltr' id='par_1_37' title="bbox 223 2100 1810 2173">
     <span class='ocr_line' id='line_1_37' title="bbox 223 2100 1810 2173; baseline 0.008 -21"><span class='ocrx_word' id='word_1_265' title='bbox 223 2100 329 2154; x_wconf 89' lang='lat' dir='ltr'><strong>bus</strong></span> <span class='ocrx_word' id='word_1_266' title='bbox 351 2100 606 2155; x_wconf 90' lang='lat' dir='ltr'><strong>omnibus</strong></span> <span class='ocrx_word' id='word_1_267' title='bbox 630 2103 911 2157; x_wconf 85' lang='lat' dir='ltr'><strong>victoriam</strong></span> <span class='ocrx_word' id='word_1_268' title='bbox 928 2119 1024 2173; x_wconf 89' lang='lat' dir='ltr'><strong>per</strong></span> <span class='ocrx_word' id='word_1_269' title='bbox 1052 2105 1392 2161; x_wconf 85' lang='lat' dir='ltr'><strong>tolerantiam</strong></span> <span class='ocrx_word' id='word_1_270' title='bbox 1420 2122 1657 2172; x_wconf 91' lang='lat' dir='ltr'><strong>sumens,</strong></span> <span class='ocrx_word' id='word_1_271' title='bbox 1674 2120 1727 2163; x_wconf 90' lang='lat' dir='ltr'><strong>et</strong></span> <span class='ocrx_word' id='word_1_272' title='bbox 1745 2111 1810 2165; x_wconf 87' lang='lat' dir='ltr'><strong>de</strong></span> 
     </span>
    </p>
   </div>
   <div class='ocr_carea' id='block_1_38' title="bbox 220 2194 1806 2268">
    <p class='ocr_par' dir='ltr' id='par_1_38' title="bbox 220 2194 1806 2268">
     <span class='ocr_line' id='line_1_38' title="bbox 220 2194 1806 2268; baseline 0.006 -21"><span class='ocrx_word' id='word_1_273' title='bbox 220 2194 478 2248; x_wconf 86' lang='lat' dir='ltr'><strong>omnibus</strong></span> <span class='ocrx_word' id='word_1_274' title='bbox 495 2209 748 2263; x_wconf 88' lang='lat' dir='ltr'><strong>persuam</strong></span> <span class='ocrx_word' id='word_1_275' title='bbox 762 2198 1121 2251; x_wconf 84' lang='lat' dir='ltr'><strong>constantiam</strong></span> <span class='ocrx_word' id='word_1_276' title='bbox 1144 2198 1507 2268; x_wconf 91' lang='lat' dir='ltr'><strong>triumphator</strong></span> <span class='ocrx_word' id='word_1_277' title='bbox 1520 2201 1806 2266; x_wconf 76' lang='lat' dir='ltr'><strong>exsistens,</strong></span> 
     </span>
    </p>
   </div>
   <div class='ocr_carea' id='block_1_39' title="bbox 220 2286 1807 2358">
    <p class='ocr_par' dir='ltr' id='par_1_39' title="bbox 220 2286 1807 2358">
     <span class='ocr_line' id='line_1_39' title="bbox 220 2286 1807 2358; baseline 0.004 -18"><span class='ocrx_word' id='word_1_278' title='bbox 220 2296 349 2356; x_wconf 89' lang='lat' dir='ltr'><strong>post</strong></span> <span class='ocrx_word' id='word_1_279' title='bbox 384 2286 501 2341; x_wconf 64' lang='lat' dir='ltr'><strong>haec</strong></span> <span class='ocrx_word' id='word_1_280' title='bbox 559 2288 814 2342; x_wconf 86' lang='lat' dir='ltr'><strong>universa</strong></span> <span class='ocrx_word' id='word_1_281' title='bbox 845 2289 1059 2357; x_wconf 90' lang='lat' dir='ltr'><strong>aperuit</strong></span> <span class='ocrx_word' id='word_1_282' title='bbox 1086 2304 1149 2344; x_wconf 87' lang='lat' dir='ltr'><strong>os</strong></span> <span class='ocrx_word' id='word_1_283' title='bbox 1196 2306 1375 2345; x_wconf 92' lang='lat' dir='ltr'><strong>suum.</strong></span> <span class='ocrx_word' id='word_1_284' title='bbox 1409 2291 1547 2358; x_wconf 86' lang='lat' dir='ltr'><strong>Quid</strong></span> <span class='ocrx_word' id='word_1_285' title='bbox 1575 2294 1807 2349; x_wconf 87' lang='lat' dir='ltr'><strong>dicens?</strong></span> 
     </span>
    </p>
   </div>
   <div class='ocr_carea' id='block_1_40' title="bbox 219 2377 1805 2451">
    <p class='ocr_par' dir='ltr' id='par_1_40' title="bbox 219 2377 1805 2451">
     <span class='ocr_line' id='line_1_40' title="bbox 219 2377 1805 2451; baseline 0.005 -21"><span class='ocrx_word' id='word_1_286' title='bbox 219 2377 442 2430; x_wconf 82' lang='lat' dir='ltr'><strong>Certum</strong></span> <span class='ocrx_word' id='word_1_287' title='bbox 468 2386 555 2431; x_wconf 91' lang='lat' dir='ltr'><strong>est</strong></span> <span class='ocrx_word' id='word_1_288' title='bbox 581 2378 707 2446; x_wconf 91' lang='lat' dir='ltr'><strong>quia</strong></span> <span class='ocrx_word' id='word_1_289' title='bbox 750 2379 853 2433; x_wconf 90' lang='lat' dir='ltr'><strong>hoc</strong></span> <span class='ocrx_word' id='word_1_290' title='bbox 895 2379 1034 2433; x_wconf 81' lang='lat' dir='ltr'><strong>dixit</strong></span> <span class='ocrx_word' id='word_1_291' title='bbox 1068 2380 1209 2448; x_wconf 88' lang='lat' dir='ltr'><strong>quod</strong></span> <span class='ocrx_word' id='word_1_292' title='bbox 1247 2389 1368 2451; x_wconf 86' lang='lat' dir='ltr'><strong>post</strong></span> <span class='ocrx_word' id='word_1_293' title='bbox 1408 2382 1511 2436; x_wconf 93' lang='lat' dir='ltr'><strong>hoc</strong></span> <span class='ocrx_word' id='word_1_294' title='bbox 1539 2383 1710 2437; x_wconf 91' lang='lat' dir='ltr'><strong>sancti</strong></span> <span class='ocrx_word' id='word_1_295' title='bbox 1752 2385 1805 2438; x_wconf 91' lang='lat' dir='ltr'><strong>in</strong></span> 
     </span>
    </p>
   </div>
   <div class='ocr_carea' id='block_1_41' title="bbox 223 2465 1806 2540">
    <p class='ocr_par' dir='ltr' id='par_1_41' title="bbox 223 2465 1806 2540">
     <span class='ocr_line' id='line_1_41' title="bbox 223 2465 1806 2540; baseline 0.006 -22"><span class='ocrx_word' id='word_1_296' title='bbox 223 2465 508 2534; x_wconf 85' lang='lat' dir='ltr'><strong>Scriptura</strong></span> <span class='ocrx_word' id='word_1_297' title='bbox 557 2479 880 2535; x_wconf 91' lang='lat' dir='ltr'><strong>posuerunt.</strong></span> <span class='ocrx_word' id='word_1_298' title='bbox 920 2467 1146 2537; x_wconf 83' lang='lat' dir='ltr'><strong>Tempus</strong></span> <span class='ocrx_word' id='word_1_299' title='bbox 1195 2486 1257 2522; x_wconf 87' lang='lat' dir='ltr'><strong>ac</strong></span> <span class='ocrx_word' id='word_1_300' title='bbox 1307 2481 1507 2540; x_wconf 77' lang='lat' dir='ltr'><strong>tempus</strong></span> <span class='ocrx_word' id='word_1_301' title='bbox 1549 2475 1690 2527; x_wconf 82' lang='lat' dir='ltr'><strong>omni</strong></span> <span class='ocrx_word' id='word_1_302' title='bbox 1733 2480 1806 2527; x_wconf 84' lang='lat' dir='ltr'><strong>rei</strong></span> 
     </span>
    </p>
   </div>
   <div class='ocr_carea' id='block_1_42' title="bbox 218 2555 1807 2629">
    <p class='ocr_par' dir='ltr' id='par_1_42' title="bbox 218 2555 1807 2629">
     <span class='ocr_line' id='line_1_42' title="bbox 218 2555 1807 2629; baseline 0.006 -21"><span class='ocrx_word' id='word_1_303' title='bbox 218 2555 315 2608; x_wconf 81' lang='lat' dir='ltr'><strong>sub</strong></span> <span class='ocrx_word' id='word_1_304' title='bbox 348 2555 479 2619; x_wconf 81' lang='lat' dir='ltr'><strong>sole,</strong></span> <span class='ocrx_word' id='word_1_305' title='bbox 518 2568 721 2624; x_wconf 88' lang='lat' dir='ltr'><strong>tempus</strong></span> <span class='ocrx_word' id='word_1_306' title='bbox 763 2557 1031 2627; x_wconf 85' lang='lat' dir='ltr'><strong>loquendi,</strong></span> <span class='ocrx_word' id='word_1_307' title='bbox 1051 2569 1098 2612; x_wconf 86' lang='lat' dir='ltr'><strong>et</strong></span> <span class='ocrx_word' id='word_1_308' title='bbox 1138 2570 1337 2629; x_wconf 79' lang='lat' dir='ltr'><strong>tempus</strong></span> <span class='ocrx_word' id='word_1_309' title='bbox 1372 2564 1577 2615; x_wconf 82' lang='lat' dir='ltr'><strong>tacendi</strong></span> <span class='ocrx_word' id='word_1_310' title='bbox 1602 2563 1669 2618; x_wconf 84' lang='grc'><strong>⁵⁷.</strong></span> <span class='ocrx_word' id='word_1_311' title='bbox 1702 2562 1807 2617; x_wconf 90' lang='lat' dir='ltr'><strong>Ta-</strong></span> 
     </span>
    </p>
   </div>
   <div class='ocr_carea' id='block_1_43' title="bbox 216 2644 1806 2725">
    <p class='ocr_par' dir='ltr' id='par_1_43' title="bbox 216 2644 1806 2725">
     <span class='ocr_line' id='line_1_43' title="bbox 216 2644 1806 2725; baseline 0.008 -28"><span class='ocrx_word' id='word_1_312' title='bbox 216 2644 453 2711; x_wconf 88' lang='lat' dir='ltr'><strong>cuimus,</strong></span> <span class='ocrx_word' id='word_1_313' title='bbox 504 2647 699 2714; x_wconf 90' lang='lat' dir='ltr'><strong>inquit,</strong></span> <span class='ocrx_word' id='word_1_314' title='bbox 730 2663 763 2702; x_wconf 93' lang='grc'><strong>0</strong></span> <span class='ocrx_word' id='word_1_315' title='bbox 791 2649 889 2702; x_wconf 85' lang='lat' dir='ltr'><strong>viri</strong></span> <span class='ocrx_word' id='word_1_316' title='bbox 943 2666 1113 2719; x_wconf 90' lang='lat' dir='ltr'><strong>usque</strong></span> <span class='ocrx_word' id='word_1_317' title='bbox 1154 2654 1220 2704; x_wconf 88' lang='lat' dir='ltr'><strong>ad</strong></span> <span class='ocrx_word' id='word_1_318' title='bbox 1254 2663 1483 2723; x_wconf 87' lang='lat' dir='ltr'><strong>tempus,</strong></span> <span class='ocrx_word' id='word_1_319' title='bbox 1523 2654 1806 2725; x_wconf 87' lang='lat' dir='ltr'><strong>loquamur</strong></span> 
     </span>
    </p>
   </div>
   <div class='ocr_carea' id='block_1_44' title="bbox 217 2736 1805 2812">
    <p class='ocr_par' dir='ltr' id='par_1_44' title="bbox 217 2736 1805 2812">
     <span class='ocr_line' id='line_1_44' title="bbox 217 2736 1805 2812; baseline 0.008 -24"><span class='ocrx_word' id='word_1_320' title='bbox 217 2749 363 2789; x_wconf 86' lang='lat' dir='ltr'><strong>unnc</strong></span> <span class='ocrx_word' id='word_1_321' title='bbox 395 2736 450 2790; x_wconf 91' lang='lat' dir='ltr'><strong>in</strong></span> <span class='ocrx_word' id='word_1_322' title='bbox 490 2746 751 2804; x_wconf 75' lang='lat' dir='ltr'><strong>tempore.</strong></span> <span class='ocrx_word' id='word_1_323' title='bbox 785 2737 908 2793; x_wconf 67' lang='lat' dir='ltr'><strong>llaec</strong></span> <span class='ocrx_word' id='word_1_324' title='bbox 949 2740 1134 2810; x_wconf 91' lang='lat' dir='ltr'><strong>itaque</strong></span> <span class='ocrx_word' id='word_1_325' title='bbox 1165 2743 1351 2798; x_wconf 86' lang='lat' dir='ltr'><strong>dicens</strong></span> <span class='ocrx_word' id='word_1_326' title='bbox 1383 2744 1593 2812; x_wconf 89' lang='lat' dir='ltr'><strong>aperuit</strong></span> <span class='ocrx_word' id='word_1_327' title='bbox 1625 2744 1724 2800; x_wconf 90' lang='lat' dir='ltr'><strong>Job</strong></span> <span class='ocrx_word' id='word_1_328' title='bbox 1744 2762 1805 2801; x_wconf 93' lang='lat' dir='ltr'><strong>os</strong></span> 
     </span>
    </p>
   </div>
   <div class='ocr_carea' id='block_1_45' title="bbox 215 2825 1804 2906">
    <p class='ocr_par' dir='ltr' id='par_1_45' title="bbox 215 2825 1804 2906">
     <span class='ocr_line' id='line_1_45' title="bbox 215 2825 1804 2906; baseline 0.008 -27"><span class='ocrx_word' id='word_1_329' title='bbox 215 2840 399 2880; x_wconf 89' lang='lat' dir='ltr'><strong>suum.</strong></span> <span class='ocrx_word' id='word_1_330' title='bbox 424 2825 734 2892; x_wconf 89' lang='lat' dir='ltr'><strong>Persarum,</strong></span> <span class='ocrx_word' id='word_1_331' title='bbox 756 2829 1025 2898; x_wconf 85' lang='lat' dir='ltr'><strong>inquiens,</strong></span> <span class='ocrx_word' id='word_1_332' title='bbox 1063 2847 1126 2886; x_wconf 90' lang='lat' dir='ltr'><strong>ac</strong></span> <span class='ocrx_word' id='word_1_333' title='bbox 1156 2831 1428 2888; x_wconf 89' lang='lat' dir='ltr'><strong>Medorum</strong></span> <span class='ocrx_word' id='word_1_334' title='bbox 1456 2846 1616 2906; x_wconf 83' lang='lat' dir='ltr'><strong>atque</strong></span> <span class='ocrx_word' id='word_1_335' title='bbox 1641 2836 1804 2891; x_wconf 89' lang='lat' dir='ltr'><strong>Chal-</strong></span> 
     </span>
    </p>
   </div>
   <div class='ocr_carea' id='block_1_46' title="bbox 215 2917 1804 2997">
    <p class='ocr_par' dir='ltr' id='par_1_46' title="bbox 215 2917 1804 2997">
     <span class='ocr_line' id='line_1_46' title="bbox 215 2917 1804 2997; baseline 0.008 -27"><span class='ocrx_word' id='word_1_336' title='bbox 215 2917 455 2972; x_wconf 70' lang='lat' dir='ltr'><strong>daeorum</strong></span> <span class='ocrx_word' id='word_1_337' title='bbox 497 2935 661 2991; x_wconf 86' lang='lat' dir='ltr'><strong>regna</strong></span> <span class='ocrx_word' id='word_1_338' title='bbox 710 2930 763 2975; x_wconf 89' lang='lat' dir='ltr'><strong>et</strong></span> <span class='ocrx_word' id='word_1_339' title='bbox 797 2932 1020 2992; x_wconf 80' lang='lat' dir='ltr'><strong>gentes,</strong></span> <span class='ocrx_word' id='word_1_340' title='bbox 1064 2938 1253 2978; x_wconf 88' lang='lat' dir='ltr'><strong>omnes</strong></span> <span class='ocrx_word' id='word_1_341' title='bbox 1290 2928 1493 2994; x_wconf 84' lang='lat' dir='ltr'><strong>pariter</strong></span> <span class='ocrx_word' id='word_1_342' title='bbox 1536 2930 1709 2997; x_wconf 84' lang='lat' dir='ltr'><strong>pusilli</strong></span> <span class='ocrx_word' id='word_1_343' title='bbox 1749 2940 1804 2985; x_wconf 91' lang='lat' dir='ltr'><strong>et</strong></span> 
     </span>
    </p>
   </div>
   <div class='ocr_carea' id='block_1_47' title="bbox 1912 1822 3498 1892">
    <p class='ocr_par' dir='ltr' id='par_1_47' title="bbox 1912 1822 3498 1892">
     <span class='ocr_line' id='line_1_47' title="bbox 1912 1822 3498 1892; baseline -0.001 -13"><span class='ocrx_word' id='word_1_344' title='bbox 1912 1840 2031 1879; x_wconf 92' lang='lat' dir='ltr'><strong>cum</strong></span> <span class='ocrx_word' id='word_1_345' title='bbox 2057 1840 2303 1879; x_wconf 86' lang='lat' dir='ltr'><strong>veracem</strong></span> <span class='ocrx_word' id='word_1_346' title='bbox 2336 1834 2586 1881; x_wconf 85' lang='lat' dir='ltr'><strong>astruens</strong></span> <span class='ocrx_word' id='word_1_347' title='bbox 2622 1824 2721 1880; x_wconf 87' lang='grc'><strong>101)</strong></span> <span class='ocrx_word' id='word_1_348' title='bbox 2746 1827 2873 1880; x_wconf 89' lang='lat' dir='ltr'><strong>dicit</strong></span> <span class='ocrx_word' id='word_1_349' title='bbox 2902 1826 2964 1878; x_wconf 88' lang='lat' dir='ltr'><strong>ad</strong></span> <span class='ocrx_word' id='word_1_350' title='bbox 3005 1824 3223 1892; x_wconf 82' lang='lat' dir='ltr'><strong>Eliphaz</strong></span> <span class='ocrx_word' id='word_1_351' title='bbox 3257 1840 3267 1870; x_wconf 78' lang='grc' dir='ltr'><em>τ</em></span> <span class='ocrx_word' id='word_1_352' title='bbox 3301 1822 3498 1878; x_wconf 78' lang='lat' dir='ltr'><strong>Pecca-</strong></span> 
     </span>
    </p>
   </div>
   <div class='ocr_carea' id='block_1_48' title="bbox 1910 1915 3492 1987">
    <p class='ocr_par' dir='ltr' id='par_1_48' title="bbox 1910 1915 3492 1987">
     <span class='ocr_line' id='line_1_48' title="bbox 1910 1915 3492 1987; baseline -0.001 -14"><span class='ocrx_word' id='word_1_353' title='bbox 1910 1919 1979 1973; x_wconf 85' lang='lat' dir='ltr'><strong>sti</strong></span> <span class='ocrx_word' id='word_1_354' title='bbox 2005 1927 2061 1971; x_wconf 88' lang='lat' dir='ltr'><strong>tu</strong></span> <span class='ocrx_word' id='word_1_355' title='bbox 2085 1918 2172 1987; x_wconf 90' lang='lat' dir='ltr'><strong>qui</strong></span> <span class='ocrx_word' id='word_1_356' title='bbox 2207 1918 2273 1973; x_wconf 92' lang='lat' dir='ltr'><strong>de</strong></span> <span class='ocrx_word' id='word_1_357' title='bbox 2322 1929 2542 1983; x_wconf 86' lang='lat' dir='ltr'><strong>peccato</strong></span> <span class='ocrx_word' id='word_1_358' title='bbox 2587 1919 2857 1973; x_wconf 88' lang='lat' dir='ltr'><strong>accusasti</strong></span> <span class='ocrx_word' id='word_1_359' title='bbox 2888 1916 3008 1983; x_wconf 88' lang='lat' dir='ltr'><strong>Job,</strong></span> <span class='ocrx_word' id='word_1_360' title='bbox 3057 1915 3158 1971; x_wconf 87' lang='grc'><strong>101)</strong></span> <span class='ocrx_word' id='word_1_361' title='bbox 3206 1931 3336 1970; x_wconf 91' lang='lat' dir='ltr'><strong>vero</strong></span> <span class='ocrx_word' id='word_1_362' title='bbox 3386 1932 3492 1972; x_wconf 88' lang='lat' dir='ltr'><strong>non</strong></span> 
     </span>
    </p>
   </div>
   <div class='ocr_carea' id='block_1_49' title="bbox 1910 2009 3492 2078">
    <p class='ocr_par' dir='ltr' id='par_1_49' title="bbox 1910 2009 3492 2078">
     <span class='ocr_line' id='line_1_49' title="bbox 1910 2009 3492 2078; baseline -0.001 -14"><span class='ocrx_word' id='word_1_363' title='bbox 1910 2010 2157 2078; x_wconf 84' lang='lat' dir='ltr'><strong>peccavit</strong></span> <span class='ocrx_word' id='word_1_364' title='bbox 2196 2026 2209 2062; x_wconf 91' lang='lat'><strong>:</strong></span> <span class='ocrx_word' id='word_1_365' title='bbox 2251 2009 2489 2064; x_wconf 79' lang='lat' dir='ltr'><strong>Peccasti</strong></span> <span class='ocrx_word' id='word_1_366' title='bbox 2539 2019 2596 2063; x_wconf 88' lang='lat' dir='ltr'><strong>tu</strong></span> <span class='ocrx_word' id='word_1_367' title='bbox 2633 2020 2679 2063; x_wconf 87' lang='lat' dir='ltr'><strong>et</strong></span> <span class='ocrx_word' id='word_1_368' title='bbox 2725 2011 2831 2063; x_wconf 86' lang='lat' dir='ltr'><strong>duo</strong></span> <span class='ocrx_word' id='word_1_369' title='bbox 2877 2010 3034 2062; x_wconf 85' lang='lat' dir='ltr'><strong>amici</strong></span> <span class='ocrx_word' id='word_1_370' title='bbox 3080 2010 3179 2063; x_wconf 82' lang='lat' dir='ltr'><strong>tui.</strong></span> <span class='ocrx_word' id='word_1_371' title='bbox 3212 2009 3291 2064; x_wconf 88' lang='lat' dir='ltr'><strong>0b</strong></span> <span class='ocrx_word' id='word_1_372' title='bbox 3331 2025 3492 2077; x_wconf 91' lang='lat' dir='ltr'><strong>quam</strong></span> 
     </span>
    </p>
   </div>
   <div class='ocr_carea' id='block_1_50' title="bbox 1912 2100 3494 2171">
    <p class='ocr_par' dir='ltr' id='par_1_50' title="bbox 1912 2100 3494 2171">
     <span class='ocr_line' id='line_1_50' title="bbox 1912 2100 3494 2171; baseline -0.001 -17"><span class='ocrx_word' id='word_1_373' title='bbox 1912 2116 2024 2155; x_wconf 89' lang='lat' dir='ltr'><strong>rem</strong></span> <span class='ocrx_word' id='word_1_374' title='bbox 2048 2101 2070 2154; x_wconf 68' lang='grc' dir='ltr'><em>ἲ</em></span> <span class='ocrx_word' id='word_1_375' title='bbox 2093 2100 2173 2157; x_wconf 90' lang='lat' dir='ltr'><strong>Ob</strong></span> <span class='ocrx_word' id='word_1_376' title='bbox 2202 2102 2324 2165; x_wconf 89' lang='lat' dir='ltr'><strong>hoc,</strong></span> <span class='ocrx_word' id='word_1_377' title='bbox 2366 2102 2561 2169; x_wconf 86' lang='lat' dir='ltr'><strong>inquit,</strong></span> <span class='ocrx_word' id='word_1_378' title='bbox 2579 2103 2702 2165; x_wconf 88' lang='lat' dir='ltr'><strong>quia</strong></span> <span class='ocrx_word' id='word_1_379' title='bbox 2730 2117 2832 2154; x_wconf 84' lang='lat' dir='ltr'><strong>non</strong></span> <span class='ocrx_word' id='word_1_380' title='bbox 2864 2100 3026 2153; x_wconf 84' lang='lat' dir='ltr'><strong>locuti</strong></span> <span class='ocrx_word' id='word_1_381' title='bbox 3053 2103 3177 2155; x_wconf 87' lang='lat' dir='ltr'><strong>estis</strong></span> <span class='ocrx_word' id='word_1_382' title='bbox 3207 2101 3494 2171; x_wconf 84' lang='lat' dir='ltr'><strong>quidquam</strong></span> 
     </span>
    </p>
   </div>
   <div class='ocr_carea' id='block_1_51' title="bbox 1908 2190 3490 2260">
    <p class='ocr_par' dir='ltr' id='par_1_51' title="bbox 1908 2190 3490 2260">
     <span class='ocr_line' id='line_1_51' title="bbox 1908 2190 3490 2260; baseline -0.001 -15"><span class='ocrx_word' id='word_1_383' title='bbox 1908 2192 2140 2245; x_wconf 78' lang='lat' dir='ltr'><strong>ueritatis</strong></span> <span class='ocrx_word' id='word_1_384' title='bbox 2166 2192 2218 2244; x_wconf 88' lang='lat' dir='ltr'><strong>in</strong></span> <span class='ocrx_word' id='word_1_385' title='bbox 2238 2200 2519 2260; x_wconf 85' lang='lat' dir='ltr'><strong>conspectu</strong></span> <span class='ocrx_word' id='word_1_386' title='bbox 2545 2209 2677 2250; x_wconf 87' lang='lat' dir='ltr'><strong>meo,</strong></span> <span class='ocrx_word' id='word_1_387' title='bbox 2705 2193 2839 2245; x_wconf 79' lang='lat' dir='ltr'><strong>sicut</strong></span> <span class='ocrx_word' id='word_1_388' title='bbox 2865 2191 3097 2258; x_wconf 79' lang='lat' dir='ltr'><strong>famulus</strong></span> <span class='ocrx_word' id='word_1_389' title='bbox 3126 2208 3266 2244; x_wconf 87' lang='lat' dir='ltr'><strong>meus</strong></span> <span class='ocrx_word' id='word_1_390' title='bbox 3304 2190 3404 2244; x_wconf 84' lang='lat' dir='ltr'><strong>Job</strong></span> <span class='ocrx_word' id='word_1_391' title='bbox 3423 2190 3490 2244; x_wconf 70' lang='grc' dir='ltr'><strong>δ’.</strong></span> 
     </span>
    </p>
   </div>
   <div class='ocr_carea' id='block_1_52' title="bbox 1909 2284 3491 2355">
    <p class='ocr_par' dir='ltr' id='par_1_52' title="bbox 1909 2284 3491 2355">
     <span class='ocr_line' id='line_1_52' title="bbox 1909 2284 3491 2355; baseline 0.002 -19"><span class='ocrx_word' id='word_1_392' title='bbox 1909 2284 2079 2352; x_wconf 86' lang='lat' dir='ltr'><strong>Quem</strong></span> <span class='ocrx_word' id='word_1_393' title='bbox 2128 2301 2259 2355; x_wconf 90' lang='lat' dir='ltr'><strong>ergo</strong></span> <span class='ocrx_word' id='word_1_394' title='bbox 2294 2286 2408 2355; x_wconf 85' lang='lat' dir='ltr'><strong>ipse</strong></span> <span class='ocrx_word' id='word_1_395' title='bbox 2445 2284 2585 2340; x_wconf 90' lang='lat' dir='ltr'><strong>Deus</strong></span> <span class='ocrx_word' id='word_1_396' title='bbox 2626 2284 3162 2352; x_wconf 82' lang='lat' dir='ltr'><strong>irreprehensibilem</strong></span> <span class='ocrx_word' id='word_1_397' title='bbox 3210 2286 3491 2339; x_wconf 79' lang='lat' dir='ltr'><strong>confessus</strong></span> 
     </span>
    </p>
   </div>
   <div class='ocr_carea' id='block_1_53' title="bbox 1908 2375 3491 2446">
    <p class='ocr_par' dir='ltr' id='par_1_53' title="bbox 1908 2375 3491 2446">
     <span class='ocr_line' id='line_1_53' title="bbox 1908 2375 3491 2446; baseline 0.001 -16"><span class='ocrx_word' id='word_1_398' title='bbox 1908 2388 2009 2441; x_wconf 90' lang='lat' dir='ltr'><strong>est,</strong></span> <span class='ocrx_word' id='word_1_399' title='bbox 2042 2375 2299 2431; x_wconf 82' lang='lat' dir='ltr'><strong>famulum</strong></span> <span class='ocrx_word' id='word_1_400' title='bbox 2334 2392 2491 2431; x_wconf 93' lang='lat' dir='ltr'><strong>suum</strong></span> <span class='ocrx_word' id='word_1_401' title='bbox 2526 2392 2650 2431; x_wconf 91' lang='lat' dir='ltr'><strong>eum</strong></span> <span class='ocrx_word' id='word_1_402' title='bbox 2702 2377 3043 2446; x_wconf 85' lang='lat' dir='ltr'><strong>appellando,</strong></span> <span class='ocrx_word' id='word_1_403' title='bbox 3074 2387 3127 2430; x_wconf 88' lang='lat' dir='ltr'><strong>et</strong></span> <span class='ocrx_word' id='word_1_404' title='bbox 3170 2378 3347 2431; x_wconf 89' lang='lat' dir='ltr'><strong>hocin</strong></span> <span class='ocrx_word' id='word_1_405' title='bbox 3384 2378 3491 2431; x_wconf 90' lang='lat' dir='ltr'><strong>ﬁne</strong></span> 
     </span>
    </p>
   </div>
   <div class='ocr_carea' id='block_1_54' title="bbox 1910 2468 3492 2535">
    <p class='ocr_par' dir='ltr' id='par_1_54' title="bbox 1910 2468 3492 2535">
     <span class='ocr_line' id='line_1_54' title="bbox 1910 2468 3492 2535; baseline 0.001 -12"><span class='ocrx_word' id='word_1_406' title='bbox 1910 2470 2076 2525; x_wconf 86' lang='lat' dir='ltr'><strong>totius</strong></span> <span class='ocrx_word' id='word_1_407' title='bbox 2122 2468 2467 2532; x_wconf 60' lang='lat' dir='ltr'><strong>tolerantiae,</strong></span> <span class='ocrx_word' id='word_1_408' title='bbox 2519 2469 2642 2535; x_wconf 87' lang='lat' dir='ltr'><strong>quis</strong></span> <span class='ocrx_word' id='word_1_409' title='bbox 2690 2484 2856 2522; x_wconf 89' lang='lat' dir='ltr'><strong>sanus</strong></span> <span class='ocrx_word' id='word_1_410' title='bbox 2892 2470 3170 2523; x_wconf 84' lang='lat' dir='ltr'><strong>criminari</strong></span> <span class='ocrx_word' id='word_1_411' title='bbox 3232 2469 3429 2523; x_wconf 79' lang='lat' dir='ltr'><strong>audeat</strong></span> <span class='ocrx_word' id='word_1_412' title='bbox 3466 2472 3492 2524; x_wconf 68' lang='grc' dir='ltr'><strong><em>τ</em></strong></span> 
     </span>
    </p>
   </div>
   <div class='ocr_carea' id='block_1_55' title="bbox 1907 2558 3486 2635">
    <p class='ocr_par' dir='ltr' id='par_1_55' title="bbox 1907 2558 3486 2635">
     <span class='ocr_line' id='line_1_55' title="bbox 1907 2558 3486 2635; baseline -0.001 -22"><span class='ocrx_word' id='word_1_413' title='bbox 1907 2559 2044 2625; x_wconf 88' lang='lat' dir='ltr'><strong>Quis</strong></span> <span class='ocrx_word' id='word_1_414' title='bbox 2071 2559 2287 2626; x_wconf 90' lang='lat' dir='ltr'><strong>sapiens</strong></span> <span class='ocrx_word' id='word_1_415' title='bbox 2326 2559 2729 2627; x_wconf 89' lang='lat' dir='ltr'><strong>reprehendere</strong></span> <span class='ocrx_word' id='word_1_416' title='bbox 2757 2558 3103 2635; x_wconf 83' lang='lat' dir='ltr'><strong>aggrediatur</strong></span> <span class='ocrx_word' id='word_1_417' title='bbox 3131 2558 3307 2625; x_wconf 89' lang='lat' dir='ltr'><strong>?Quis</strong></span> <span class='ocrx_word' id='word_1_418' title='bbox 3343 2560 3486 2613; x_wconf 88' lang='lat' dir='ltr'><strong>enim</strong></span> 
     </span>
    </p>
   </div>
   <div class='ocr_carea' id='block_1_56' title="bbox 1906 2649 3488 2720">
    <p class='ocr_par' dir='ltr' id='par_1_56' title="bbox 1906 2649 3488 2720">
     <span class='ocr_line' id='line_1_56' title="bbox 1906 2649 3488 2720; baseline 0 -16"><span class='ocrx_word' id='word_1_419' title='bbox 1906 2652 2183 2705; x_wconf 80' lang='lat' dir='ltr'><strong>accusabit</strong></span> <span class='ocrx_word' id='word_1_420' title='bbox 2212 2651 2415 2706; x_wconf 90' lang='lat' dir='ltr'><strong>electos</strong></span> <span class='ocrx_word' id='word_1_421' title='bbox 2448 2649 2539 2705; x_wconf 88' lang='lat' dir='ltr'><strong>Dei</strong></span> <span class='ocrx_word' id='word_1_422' title='bbox 2577 2650 2832 2705; x_wconf 81' lang='lat' dir='ltr'><strong>?Justum</strong></span> <span class='ocrx_word' id='word_1_423' title='bbox 2879 2653 3146 2715; x_wconf 78' lang='lat' dir='ltr'><strong>maxime,</strong></span> <span class='ocrx_word' id='word_1_424' title='bbox 3180 2665 3338 2720; x_wconf 86' lang='lat' dir='ltr'><strong>quem</strong></span> <span class='ocrx_word' id='word_1_425' title='bbox 3370 2662 3488 2705; x_wconf 86' lang='lat' dir='ltr'><strong>tan-</strong></span> 
     </span>
    </p>
   </div>
   <div class='ocr_carea' id='block_1_57' title="bbox 1909 2739 3488 2809">
    <p class='ocr_par' dir='ltr' id='par_1_57' title="bbox 1909 2739 3488 2809">
     <span class='ocr_line' id='line_1_57' title="bbox 1909 2739 3488 2809; baseline 0.002 -15"><span class='ocrx_word' id='word_1_426' title='bbox 1909 2750 2019 2794; x_wconf 91' lang='lat' dir='ltr'><strong>tum</strong></span> <span class='ocrx_word' id='word_1_427' title='bbox 2066 2739 2260 2807; x_wconf 80' lang='lat' dir='ltr'><strong>elegit,</strong></span> <span class='ocrx_word' id='word_1_428' title='bbox 2302 2748 2359 2795; x_wconf 91' lang='lat' dir='ltr'><strong>et</strong></span> <span class='ocrx_word' id='word_1_429' title='bbox 2398 2754 2457 2794; x_wconf 93' lang='lat' dir='ltr'><strong>se</strong></span> <span class='ocrx_word' id='word_1_430' title='bbox 2510 2739 2736 2809; x_wconf 87' lang='lat' dir='ltr'><strong>dignum</strong></span> <span class='ocrx_word' id='word_1_431' title='bbox 2783 2741 3111 2795; x_wconf 88' lang='lat' dir='ltr'><strong>testilicatus</strong></span> <span class='ocrx_word' id='word_1_432' title='bbox 3158 2751 3275 2805; x_wconf 85' lang='lat' dir='ltr'><strong>est,</strong></span> <span class='ocrx_word' id='word_1_433' title='bbox 3311 2742 3381 2794; x_wconf 88' lang='lat' dir='ltr'><strong>ita</strong></span> <span class='ocrx_word' id='word_1_434' title='bbox 3430 2752 3488 2797; x_wconf 92' lang='lat' dir='ltr'><strong>ut</strong></span> 
     </span>
    </p>
   </div>
   <div class='ocr_carea' id='block_1_58' title="bbox 1905 2832 3483 2902">
    <p class='ocr_par' dir='ltr' id='par_1_58' title="bbox 1905 2832 3483 2902">
     <span class='ocr_line' id='line_1_58' title="bbox 1905 2832 3483 2902; baseline 0.001 -17"><span class='ocrx_word' id='word_1_435' title='bbox 1905 2833 2064 2886; x_wconf 87' lang='lat' dir='ltr'><strong>etiam</strong></span> <span class='ocrx_word' id='word_1_436' title='bbox 2112 2833 2450 2887; x_wconf 88' lang='lat' dir='ltr'><strong>sacerdotem</strong></span> <span class='ocrx_word' id='word_1_437' title='bbox 2506 2833 2657 2886; x_wconf 89' lang='lat' dir='ltr'><strong>illum</strong></span> <span class='ocrx_word' id='word_1_438' title='bbox 2713 2832 3141 2902; x_wconf 86' lang='lat' dir='ltr'><strong>delinquentium</strong></span> <span class='ocrx_word' id='word_1_439' title='bbox 3187 2834 3483 2888; x_wconf 82' lang='lat' dir='ltr'><strong>amicorum</strong></span> 
     </span>
    </p>
   </div>
   <div class='ocr_carea' id='block_1_59' title="bbox 1905 2923 3487 2994">
    <p class='ocr_par' dir='ltr' id='par_1_59' title="bbox 1905 2923 3487 2994">
     <span class='ocr_line' id='line_1_59' title="bbox 1905 2923 3487 2994; baseline 0.002 -17"><span class='ocrx_word' id='word_1_440' title='bbox 1905 2925 2283 2987; x_wconf 86' lang='lat' dir='ltr'><strong>constitueret,</strong></span> <span class='ocrx_word' id='word_1_441' title='bbox 2313 2935 2368 2978; x_wconf 90' lang='lat' dir='ltr'><strong>et</strong></span> <span class='ocrx_word' id='word_1_442' title='bbox 2418 2938 2513 2993; x_wconf 91' lang='lat' dir='ltr'><strong>per</strong></span> <span class='ocrx_word' id='word_1_443' title='bbox 2545 2923 2692 2976; x_wconf 91' lang='lat' dir='ltr'><strong>illum</strong></span> <span class='ocrx_word' id='word_1_444' title='bbox 2731 2933 2949 2991; x_wconf 89' lang='lat' dir='ltr'><strong>peccata</strong></span> <span class='ocrx_word' id='word_1_445' title='bbox 2992 2939 3176 2979; x_wconf 91' lang='lat' dir='ltr'><strong>eorum</strong></span> <span class='ocrx_word' id='word_1_446' title='bbox 3222 2924 3327 2979; x_wconf 84' lang='lat' dir='ltr'><strong>illis</strong></span> <span class='ocrx_word' id='word_1_447' title='bbox 3363 2940 3487 2994; x_wconf 91' lang='lat' dir='ltr'><strong>pro-</strong></span> 
     </span>
    </p>
   </div>
   <div class='ocr_carea' id='block_1_60' title="bbox 214 3008 3486 3097">
    <p class='ocr_par' dir='ltr' id='par_1_60' title="bbox 214 3008 3486 3097">
     <span class='ocr_line' id='line_1_60' title="bbox 214 3008 3486 3097; baseline 0.005 -36"><span class='ocrx_word' id='word_1_448' title='bbox 214 3008 397 3077; x_wconf 78' lang='lat' dir='ltr'><strong>magni</strong></span> <span class='ocrx_word' id='word_1_449' title='bbox 429 3025 552 3065; x_wconf 88' lang='lat' dir='ltr'><strong>eum</strong></span> <span class='ocrx_word' id='word_1_450' title='bbox 581 3014 1021 3069; x_wconf 82' lang='lat' dir='ltr'><strong>manducaverint</strong></span> <span class='ocrx_word' id='word_1_451' title='bbox 1044 3032 1146 3071; x_wconf 92' lang='lat' dir='ltr'><strong>non</strong></span> <span class='ocrx_word' id='word_1_452' title='bbox 1172 3019 1479 3087; x_wconf 87' lang='lat' dir='ltr'><strong>loquuntur,</strong></span> <span class='ocrx_word' id='word_1_453' title='bbox 1503 3035 1624 3074; x_wconf 89' lang='lat' dir='ltr'><strong>cum</strong></span> <span class='ocrx_word' id='word_1_454' title='bbox 1654 3021 1799 3075; x_wconf 86' lang='lat' dir='ltr'><strong>bibe-</strong></span> <span class='ocrx_word' id='word_1_455' title='bbox 1828 3042 1870 3097; x_wconf 74' lang='grc' dir='ltr'>ο</span> <span class='ocrx_word' id='word_1_456' title='bbox 1908 3014 2147 3068; x_wconf 77' lang='lat' dir='ltr'><strong>mitteret</strong></span> <span class='ocrx_word' id='word_1_457' title='bbox 2183 3015 2486 3069; x_wconf 78' lang='lat' dir='ltr'><strong>remittere.</strong></span> <span class='ocrx_word' id='word_1_458' title='bbox 2532 3013 2746 3068; x_wconf 83' lang='lat' dir='ltr'><strong>Justh</strong></span> <span class='ocrx_word' id='word_1_459' title='bbox 2783 3028 2915 3082; x_wconf 75' lang='lat' dir='ltr'><strong>ergo</strong></span> <span class='ocrx_word' id='word_1_460' title='bbox 2946 3015 3036 3083; x_wconf 86' lang='lat' dir='ltr'><strong>qui</strong></span> <span class='ocrx_word' id='word_1_461' title='bbox 3076 3028 3103 3066; x_wconf 83' lang='lat' dir='ltr'><strong>a</strong></span> <span class='ocrx_word' id='word_1_462' title='bbox 3138 3014 3247 3067; x_wconf 88' lang='lat' dir='ltr'><strong>Deo</strong></span> <span class='ocrx_word' id='word_1_463' title='bbox 3289 3029 3486 3085; x_wconf 73' lang='lat' dir='ltr'><strong>purga-</strong></span> 
     </span>
    </p>
   </div>
   <div class='ocr_carea' id='block_1_61' title="bbox 216 3102 1801 3172">
    <p class='ocr_par' dir='ltr' id='par_1_61' title="bbox 216 3102 1801 3172">
     <span class='ocr_line' id='line_1_61' title="bbox 216 3102 1801 3172; baseline 0.008 -18"><span class='ocrx_word' id='word_1_464' title='bbox 216 3102 326 3156; x_wconf 88' lang='lat' dir='ltr'><strong>rint</strong></span> <span class='ocrx_word' id='word_1_465' title='bbox 380 3119 485 3157; x_wconf 89' lang='lat' dir='ltr'><strong>non</strong></span> <span class='ocrx_word' id='word_1_466' title='bbox 518 3106 975 3172; x_wconf 88' lang='lat' dir='ltr'><strong>sermocinantur,</strong></span> <span class='ocrx_word' id='word_1_467' title='bbox 1010 3109 1303 3163; x_wconf 83' lang='lat' dir='ltr'><strong>maximam</strong></span> <span class='ocrx_word' id='word_1_468' title='bbox 1329 3120 1508 3165; x_wconf 91' lang='lat' dir='ltr'><strong>notam</strong></span> <span class='ocrx_word' id='word_1_469' title='bbox 1573 3113 1801 3168; x_wconf 87' lang='lat' dir='ltr'><strong>irratio-</strong></span> 
     </span>
    </p>
   </div>
   <div class='ocr_carea' id='block_1_62' title="bbox 214 3193 1800 3266">
    <p class='ocr_par' dir='ltr' id='par_1_62' title="bbox 214 3193 1800 3266">
     <span class='ocr_line' id='line_1_62' title="bbox 214 3193 1800 3266; baseline 0.01 -21"><span class='ocrx_word' id='word_1_470' title='bbox 214 3193 519 3249; x_wconf 73' lang='lat' dir='ltr'><strong>nabilitatis</strong></span> <span class='ocrx_word' id='word_1_471' title='bbox 558 3196 700 3252; x_wconf 88' lang='lat' dir='ltr'><strong>hanc</strong></span> <span class='ocrx_word' id='word_1_472' title='bbox 749 3212 871 3253; x_wconf 87' lang='lat' dir='ltr'><strong>esse</strong></span> <span class='ocrx_word' id='word_1_473' title='bbox 923 3200 1334 3266; x_wconf 76' lang='lat' dir='ltr'><strong>existimantes,</strong></span> <span class='ocrx_word' id='word_1_474' title='bbox 1368 3204 1410 3257; x_wconf 92' lang='lat' dir='ltr'><strong>si</strong></span> <span class='ocrx_word' id='word_1_475' title='bbox 1466 3205 1800 3261; x_wconf 88' lang='lat' dir='ltr'><strong>manducans</strong></span> 
     </span>
    </p>
   </div>
   <div class='ocr_carea' id='block_1_63' title="bbox 211 3287 1796 3358">
    <p class='ocr_par' dir='ltr' id='par_1_63' title="bbox 211 3287 1796 3358">
     <span class='ocr_line' id='line_1_63' title="bbox 211 3287 1796 3358; baseline 0.01 -19"><span class='ocrx_word' id='word_1_476' title='bbox 211 3287 337 3354; x_wconf 86' lang='lat' dir='ltr'><strong>quis</strong></span> <span class='ocrx_word' id='word_1_477' title='bbox 386 3287 640 3358; x_wconf 83' lang='lat' dir='ltr'><strong>loquatur</strong></span> <span class='ocrx_word' id='word_1_478' title='bbox 666 3331 682 3353; x_wconf 87' lang='lat'><strong>,</strong></span> <span class='ocrx_word' id='word_1_479' title='bbox 712 3291 796 3347; x_wconf 88' lang='lat' dir='ltr'><strong>vel</strong></span> <span class='ocrx_word' id='word_1_480' title='bbox 839 3292 1032 3349; x_wconf 84' lang='lat' dir='ltr'><strong>bibens</strong></span> <span class='ocrx_word' id='word_1_481' title='bbox 1082 3296 1450 3353; x_wconf 89' lang='lat' dir='ltr'><strong>concionetur.</strong></span> <span class='ocrx_word' id='word_1_482' title='bbox 1491 3297 1699 3356; x_wconf 89' lang='lat' dir='ltr'><strong>Idcirco</strong></span> <span class='ocrx_word' id='word_1_483' title='bbox 1744 3302 1796 3355; x_wconf 93' lang='lat' dir='ltr'><strong>in</strong></span> 
     </span>
    </p>
   </div>
   <div class='ocr_carea' id='block_1_64' title="bbox 210 3377 1798 3460">
    <p class='ocr_par' dir='ltr' id='par_1_64' title="bbox 210 3377 1798 3460">
     <span class='ocr_line' id='line_1_64' title="bbox 210 3377 1798 3460; baseline 0.013 -31"><span class='ocrx_word' id='word_1_484' title='bbox 210 3377 351 3432; x_wconf 84' lang='lat' dir='ltr'><strong>escis</strong></span> <span class='ocrx_word' id='word_1_485' title='bbox 378 3392 441 3433; x_wconf 87' lang='lat' dir='ltr'><strong>ac</strong></span> <span class='ocrx_word' id='word_1_486' title='bbox 478 3381 693 3449; x_wconf 89' lang='lat' dir='ltr'><strong>potibns</strong></span> <span class='ocrx_word' id='word_1_487' title='bbox 722 3398 784 3437; x_wconf 95' lang='lat' dir='ltr'><strong>os</strong></span> <span class='ocrx_word' id='word_1_488' title='bbox 821 3400 925 3438; x_wconf 87' lang='lat' dir='ltr'><strong>non</strong></span> <span class='ocrx_word' id='word_1_489' title='bbox 957 3388 1206 3455; x_wconf 89' lang='lat' dir='ltr'><strong>aperiunt</strong></span> <span class='ocrx_word' id='word_1_490' title='bbox 1242 3389 1306 3441; x_wconf 91' lang='lat' dir='ltr'><strong>ad</strong></span> <span class='ocrx_word' id='word_1_491' title='bbox 1338 3389 1684 3460; x_wconf 91' lang='lat' dir='ltr'><strong>loquendum,</strong></span> <span class='ocrx_word' id='word_1_492' title='bbox 1706 3408 1798 3449; x_wconf 88' lang='lat' dir='ltr'><strong>ne-</strong></span> 
     </span>
    </p>
   </div>
   <div class='ocr_carea' id='block_1_65' title="bbox 210 3470 1795 3547">
    <p class='ocr_par' dir='ltr' id='par_1_65' title="bbox 210 3470 1795 3547">
     <span class='ocr_line' id='line_1_65' title="bbox 210 3470 1795 3547; baseline 0.01 -26"><span class='ocrx_word' id='word_1_493' title='bbox 210 3484 314 3535; x_wconf 90' lang='lat' dir='ltr'><strong>que</strong></span> <span class='ocrx_word' id='word_1_494' title='bbox 348 3470 444 3537; x_wconf 85' lang='lat' dir='ltr'><strong>qui</strong></span> <span class='ocrx_word' id='word_1_495' title='bbox 487 3472 832 3541; x_wconf 90' lang='lat' dir='ltr'><strong>ministrant,</strong></span> <span class='ocrx_word' id='word_1_496' title='bbox 875 3490 1048 3544; x_wconf 88' lang='lat' dir='ltr'><strong>neque</strong></span> <span class='ocrx_word' id='word_1_497' title='bbox 1072 3478 1266 3545; x_wconf 90' lang='lat' dir='ltr'><strong>quibus</strong></span> <span class='ocrx_word' id='word_1_498' title='bbox 1299 3479 1675 3547; x_wconf 90' lang='lat' dir='ltr'><strong>ministratur,</strong></span> <span class='ocrx_word' id='word_1_499' title='bbox 1702 3484 1795 3539; x_wconf 91' lang='lat' dir='ltr'><strong>sed</strong></span> 
     </span>
    </p>
   </div>
   <div class='ocr_carea' id='block_1_66' title="bbox 211 3560 1794 3643">
    <p class='ocr_par' dir='ltr' id='par_1_66' title="bbox 211 3560 1794 3643">
     <span class='ocr_line' id='line_1_66' title="bbox 211 3560 1794 3643; baseline 0.011 -31"><span class='ocrx_word' id='word_1_500' title='bbox 211 3560 432 3616; x_wconf 87' lang='lat' dir='ltr'><strong>nutibus</strong></span> <span class='ocrx_word' id='word_1_501' title='bbox 481 3565 735 3620; x_wconf 87' lang='lat' dir='ltr'><strong>omnibus</strong></span> <span class='ocrx_word' id='word_1_502' title='bbox 787 3567 1222 3624; x_wconf 87' lang='lat' dir='ltr'><strong>ministrantibus</strong></span> <span class='ocrx_word' id='word_1_503' title='bbox 1273 3572 1613 3643; x_wconf 65' lang='lat' dir='ltr'><strong>praecipiunt,</strong></span> <span class='ocrx_word' id='word_1_504' title='bbox 1658 3577 1794 3631; x_wconf 90' lang='lat' dir='ltr'><strong>hanc</strong></span> 
     </span>
    </p>
   </div>
   <div class='ocr_carea' id='block_1_67' title="bbox 210 3655 1789 3734">
    <p class='ocr_par' dir='ltr' id='par_1_67' title="bbox 210 3655 1789 3734">
     <span class='ocr_line' id='line_1_67' title="bbox 210 3655 1789 3734; baseline 0.01 -29"><span class='ocrx_word' id='word_1_505' title='bbox 210 3655 655 3711; x_wconf 88' lang='lat' dir='ltr'><strong>consuetudinem</strong></span> <span class='ocrx_word' id='word_1_506' title='bbox 683 3672 782 3725; x_wconf 90' lang='lat' dir='ltr'><strong>pro</strong></span> <span class='ocrx_word' id='word_1_507' title='bbox 809 3660 1063 3713; x_wconf 86' lang='lat' dir='ltr'><strong>mandato</strong></span> <span class='ocrx_word' id='word_1_508' title='bbox 1086 3677 1112 3714; x_wconf 91' lang='lat' dir='ltr'><strong>a</strong></span> <span class='ocrx_word' id='word_1_509' title='bbox 1138 3664 1410 3729; x_wconf 83' lang='lat' dir='ltr'><strong>prioribus</strong></span> <span class='ocrx_word' id='word_1_510' title='bbox 1442 3665 1789 3734; x_wconf 88' lang='lat' dir='ltr'><strong>accipientes,</strong></span> 
     </span>
    </p>
   </div>
   <div class='ocr_carea' id='block_1_68' title="bbox 208 3744 1788 3827">
    <p class='ocr_par' dir='ltr' id='par_1_68' title="bbox 208 3744 1788 3827">
     <span class='ocr_line' id='line_1_68' title="bbox 208 3744 1788 3827; baseline 0.01 -30"><span class='ocrx_word' id='word_1_511' title='bbox 208 3754 262 3797; x_wconf 89' lang='lat' dir='ltr'><strong>et</strong></span> <span class='ocrx_word' id='word_1_512' title='bbox 292 3744 440 3799; x_wconf 90' lang='lat' dir='ltr'><strong>veiut</strong></span> <span class='ocrx_word' id='word_1_513' title='bbox 483 3744 655 3815; x_wconf 81' lang='lat' dir='ltr'><strong>legem</strong></span> <span class='ocrx_word' id='word_1_514' title='bbox 699 3749 837 3803; x_wconf 89' lang='lat' dir='ltr'><strong>hanc</strong></span> <span class='ocrx_word' id='word_1_515' title='bbox 868 3765 990 3804; x_wconf 90' lang='lat' dir='ltr'><strong>cum</strong></span> <span class='ocrx_word' id='word_1_516' title='bbox 1025 3752 1387 3808; x_wconf 91' lang='lat' dir='ltr'><strong>sollicitudine</strong></span> <span class='ocrx_word' id='word_1_517' title='bbox 1414 3757 1788 3827; x_wconf 84' lang='lat' dir='ltr'><strong>observantes,</strong></span> 
     </span>
    </p>
   </div>
   <div class='ocr_carea' id='block_1_69' title="bbox 207 3834 1791 3918">
    <p class='ocr_par' dir='ltr' id='par_1_69' title="bbox 207 3834 1791 3918">
     <span class='ocr_line' id='line_1_69' title="bbox 207 3834 1791 3918; baseline 0.011 -31"><span class='ocrx_word' id='word_1_518' title='bbox 207 3845 263 3887; x_wconf 89' lang='lat' dir='ltr'><strong>et</strong></span> <span class='ocrx_word' id='word_1_519' title='bbox 290 3834 381 3904; x_wconf 90' lang='lat' dir='ltr'><strong>qui</strong></span> <span class='ocrx_word' id='word_1_520' title='bbox 422 3835 563 3891; x_wconf 88' lang='lat' dir='ltr'><strong>hanc</strong></span> <span class='ocrx_word' id='word_1_521' title='bbox 602 3837 885 3893; x_wconf 87' lang='lat' dir='ltr'><strong>violaverit</strong></span> <span class='ocrx_word' id='word_1_522' title='bbox 930 3849 1186 3911; x_wconf 89' lang='lat' dir='ltr'><strong>tanquam</strong></span> <span class='ocrx_word' id='word_1_523' title='bbox 1229 3845 1464 3900; x_wconf 81' lang='lat' dir='ltr'><strong>maxima</strong></span> <span class='ocrx_word' id='word_1_524' title='bbox 1517 3855 1791 3918; x_wconf 85' lang='lat' dir='ltr'><strong>transgre-</strong></span> 
     </span>
    </p>
   </div>
   <div class='ocr_carea' id='block_1_70' title="bbox 206 3926 1788 4007">
    <p class='ocr_par' dir='ltr' id='par_1_70' title="bbox 206 3926 1788 4007">
     <span class='ocr_line' id='line_1_70' title="bbox 206 3926 1788 4007; baseline 0.009 -26"><span class='ocrx_word' id='word_1_525' title='bbox 206 3926 361 3982; x_wconf 88' lang='lat' dir='ltr'><strong>diens</strong></span> <span class='ocrx_word' id='word_1_526' title='bbox 380 3928 502 3995; x_wconf 89' lang='lat' dir='ltr'><strong>jura</strong></span> <span class='ocrx_word' id='word_1_527' title='bbox 539 3940 845 3998; x_wconf 91' lang='lat' dir='ltr'><strong>torquetur.</strong></span> <span class='ocrx_word' id='word_1_528' title='bbox 882 3930 938 3986; x_wconf 92' lang='lat' dir='ltr'><strong>Si</strong></span> <span class='ocrx_word' id='word_1_529' title='bbox 981 3933 1179 3999; x_wconf 85' lang='lat' dir='ltr'><strong>Persae,</strong></span> <span class='ocrx_word' id='word_1_530' title='bbox 1216 3936 1410 4007; x_wconf 90' lang='lat' dir='ltr'><strong>inquit,</strong></span> <span class='ocrx_word' id='word_1_531' title='bbox 1443 3954 1505 3993; x_wconf 87' lang='lat' dir='ltr'><strong>ac</strong></span> <span class='ocrx_word' id='word_1_532' title='bbox 1541 3939 1677 3996; x_wconf 90' lang='lat' dir='ltr'><strong>Medi</strong></span> <span class='ocrx_word' id='word_1_533' title='bbox 1704 3950 1788 3995; x_wconf 90' lang='lat' dir='ltr'><strong>at-</strong></span> 
     </span>
    </p>
   </div>
   <div class='ocr_carea' id='block_1_71' title="bbox 206 4020 1789 4090">
    <p class='ocr_par' dir='ltr' id='par_1_71' title="bbox 206 4020 1789 4090">
     <span class='ocr_line' id='line_1_71' title="bbox 206 4020 1789 4090; baseline 0.011 -22"><span class='ocrx_word' id='word_1_534' title='bbox 206 4032 311 4087; x_wconf 91' lang='lat' dir='ltr'><strong>que</strong></span> <span class='ocrx_word' id='word_1_535' title='bbox 344 4033 538 4074; x_wconf 92' lang='lat' dir='ltr'><strong>omnes</strong></span> <span class='ocrx_word' id='word_1_536' title='bbox 573 4020 807 4076; x_wconf 62' lang='lat' dir='ltr'><strong>Chaldaei</strong></span> <span class='ocrx_word' id='word_1_537' title='bbox 830 4036 1161 4090; x_wconf 90' lang='lat' dir='ltr'><strong>supervacue</strong></span> <span class='ocrx_word' id='word_1_538' title='bbox 1204 4027 1362 4079; x_wconf 91' lang='lat' dir='ltr'><strong>istam</strong></span> <span class='ocrx_word' id='word_1_539' title='bbox 1391 4026 1679 4085; x_wconf 90' lang='lat' dir='ltr'><strong>observant</strong></span> <span class='ocrx_word' id='word_1_540' title='bbox 1709 4040 1789 4085; x_wconf 90' lang='lat' dir='ltr'><strong>ta-</strong></span> 
     </span>
    </p>
   </div>
   <div class='ocr_carea' id='block_1_72' title="bbox 206 4108 1788 4182">
    <p class='ocr_par' dir='ltr' id='par_1_72' title="bbox 206 4108 1788 4182">
     <span class='ocr_line' id='line_1_72' title="bbox 206 4108 1788 4182; baseline 0.01 -21"><span class='ocrx_word' id='word_1_541' title='bbox 206 4108 575 4163; x_wconf 87' lang='lat' dir='ltr'><strong>citurnitatem</strong></span> <span class='ocrx_word' id='word_1_542' title='bbox 602 4150 618 4173; x_wconf 90' lang='lat'><strong>,</strong></span> <span class='ocrx_word' id='word_1_543' title='bbox 665 4126 765 4167; x_wconf 88' lang='lat' dir='ltr'><strong>nos</strong></span> <span class='ocrx_word' id='word_1_544' title='bbox 811 4126 960 4176; x_wconf 89' lang='lat' dir='ltr'><strong>vero,</strong></span> <span class='ocrx_word' id='word_1_545' title='bbox 998 4128 1032 4167; x_wconf 93' lang='lat' dir='ltr'><strong>o</strong></span> <span class='ocrx_word' id='word_1_546' title='bbox 1071 4113 1195 4180; x_wconf 81' lang='lat' dir='ltr'><strong>viri,</strong></span> <span class='ocrx_word' id='word_1_547' title='bbox 1241 4115 1352 4182; x_wconf 91' lang='lat' dir='ltr'><strong>ait,</strong></span> <span class='ocrx_word' id='word_1_548' title='bbox 1384 4125 1549 4171; x_wconf 87' lang='lat' dir='ltr'><strong>totam</strong></span> <span class='ocrx_word' id='word_1_549' title='bbox 1585 4119 1788 4176; x_wconf 90' lang='lat' dir='ltr'><strong>hebdo-</strong></span> 
     </span>
    </p>
   </div>
   <div class='ocr_carea' id='block_1_73' title="bbox 206 4203 1785 4283">
    <p class='ocr_par' dir='ltr' id='par_1_73' title="bbox 206 4203 1785 4283">
     <span class='ocr_line' id='line_1_73' title="bbox 206 4203 1785 4283; baseline 0.008 -27"><span class='ocrx_word' id='word_1_550' title='bbox 206 4203 419 4257; x_wconf 86' lang='lat' dir='ltr'><strong>madam</strong></span> <span class='ocrx_word' id='word_1_551' title='bbox 463 4204 518 4257; x_wconf 91' lang='lat' dir='ltr'><strong>in</strong></span> <span class='ocrx_word' id='word_1_552' title='bbox 576 4205 950 4262; x_wconf 88' lang='lat' dir='ltr'><strong>taciturnitate</strong></span> <span class='ocrx_word' id='word_1_553' title='bbox 990 4216 1153 4277; x_wconf 87' lang='lat' dir='ltr'><strong>atque</strong></span> <span class='ocrx_word' id='word_1_554' title='bbox 1202 4208 1410 4277; x_wconf 90' lang='lat' dir='ltr'><strong>jejunio</strong></span> <span class='ocrx_word' id='word_1_555' title='bbox 1461 4222 1785 4283; x_wconf 82' lang='lat' dir='ltr'><strong>peragentes</strong></span> 
     </span>
    </p>
   </div>
   <div class='ocr_carea' id='block_1_74' title="bbox 204 4294 1783 4370">
    <p class='ocr_par' dir='ltr' id='par_1_74' title="bbox 204 4294 1783 4370">
     <span class='ocr_line' id='line_1_74' title="bbox 204 4294 1783 4370; baseline 0.007 -24"><span class='ocrx_word' id='word_1_556' title='bbox 204 4294 609 4349; x_wconf 86' lang='lat' dir='ltr'><strong>rationabiliter</strong></span> <span class='ocrx_word' id='word_1_557' title='bbox 661 4312 804 4351; x_wconf 91' lang='lat' dir='ltr'><strong>nunc</strong></span> <span class='ocrx_word' id='word_1_558' title='bbox 856 4298 1000 4370; x_wconf 91' lang='lat' dir='ltr'><strong>loqui</strong></span> <span class='ocrx_word' id='word_1_559' title='bbox 1050 4299 1393 4369; x_wconf 86' lang='lat' dir='ltr'><strong>incipiamus.</strong></span> <span class='ocrx_word' id='word_1_560' title='bbox 1454 4302 1674 4370; x_wconf 76' lang='lat' dir='ltr'><strong>Aperuit</strong></span> <span class='ocrx_word' id='word_1_561' title='bbox 1725 4320 1783 4359; x_wconf 88' lang='lat' dir='ltr'><strong>os</strong></span> 
     </span>
    </p>
   </div>
   <div class='ocr_carea' id='block_1_75' title="bbox 1906 3107 3482 3178">
    <p class='ocr_par' dir='ltr' id='par_1_75' title="bbox 1906 3107 3482 3178">
     <span class='ocr_line' id='line_1_75' title="bbox 1906 3107 3482 3178; baseline 0.001 -17"><span class='ocrx_word' id='word_1_562' title='bbox 1906 3116 1990 3161; x_wconf 82' lang='lat' dir='ltr'><strong>tus</strong></span> <span class='ocrx_word' id='word_1_563' title='bbox 2020 3107 2263 3176; x_wconf 88' lang='lat' dir='ltr'><strong>est,quis</strong></span> <span class='ocrx_word' id='word_1_564' title='bbox 2280 3109 2475 3162; x_wconf 87' lang='lat' dir='ltr'><strong>audeat</strong></span> <span class='ocrx_word' id='word_1_565' title='bbox 2505 3108 2908 3176; x_wconf 79' lang='lat' dir='ltr'><strong>reprehendere</strong></span> <span class='ocrx_word' id='word_1_566' title='bbox 2930 3109 3015 3161; x_wconf 89' lang='lat' dir='ltr'><strong>vel</strong></span> <span class='ocrx_word' id='word_1_567' title='bbox 3045 3122 3305 3163; x_wconf 82' lang='lat' dir='ltr'><strong>accusare</strong></span> <span class='ocrx_word' id='word_1_568' title='bbox 3329 3109 3482 3178; x_wconf 85' lang='lat' dir='ltr'><strong>quasi</strong></span> 
     </span>
    </p>
   </div>
   <div class='ocr_carea' id='block_1_76' title="bbox 1901 3198 3483 3268">
    <p class='ocr_par' dir='ltr' id='par_1_76' title="bbox 1901 3198 3483 3268">
     <span class='ocr_line' id='line_1_76' title="bbox 1901 3198 3483 3268; baseline 0 -15"><span class='ocrx_word' id='word_1_569' title='bbox 1901 3198 2094 3253; x_wconf 91' lang='lat' dir='ltr'><strong>illicite</strong></span> <span class='ocrx_word' id='word_1_570' title='bbox 2128 3199 2269 3253; x_wconf 91' lang='lat' dir='ltr'><strong>diem</strong></span> <span class='ocrx_word' id='word_1_571' title='bbox 2317 3214 2473 3254; x_wconf 90' lang='lat' dir='ltr'><strong>suum</strong></span> <span class='ocrx_word' id='word_1_572' title='bbox 2512 3198 2928 3253; x_wconf 90' lang='lat' dir='ltr'><strong>maledicentem</strong></span> <span class='ocrx_word' id='word_1_573' title='bbox 2956 3199 2979 3252; x_wconf 87' lang='lat'><strong>?</strong></span> <span class='ocrx_word' id='word_1_574' title='bbox 3012 3198 3184 3266; x_wconf 90' lang='lat' dir='ltr'><strong>Super</strong></span> <span class='ocrx_word' id='word_1_575' title='bbox 3218 3214 3336 3268; x_wconf 76' lang='lat' dir='ltr'><strong>quae</strong></span> <span class='ocrx_word' id='word_1_576' title='bbox 3368 3214 3483 3253; x_wconf 90' lang='lat' dir='ltr'><strong>om-</strong></span> 
     </span>
    </p>
   </div>
   <div class='ocr_carea' id='block_1_77' title="bbox 1900 3288 3483 3360">
    <p class='ocr_par' dir='ltr' id='par_1_77' title="bbox 1900 3288 3483 3360">
     <span class='ocr_line' id='line_1_77' title="bbox 1900 3288 3483 3360; baseline 0.003 -19"><span class='ocrx_word' id='word_1_577' title='bbox 1900 3289 2012 3352; x_wconf 89' lang='lat' dir='ltr'><strong>nia,</strong></span> <span class='ocrx_word' id='word_1_578' title='bbox 2042 3304 2075 3343; x_wconf 95' lang='lat' dir='ltr'><strong>o</strong></span> <span class='ocrx_word' id='word_1_579' title='bbox 2101 3289 2224 3353; x_wconf 88' lang='lat' dir='ltr'><strong>viri,</strong></span> <span class='ocrx_word' id='word_1_580' title='bbox 2259 3288 2301 3343; x_wconf 92' lang='lat' dir='ltr'><strong>si</strong></span> <span class='ocrx_word' id='word_1_581' title='bbox 2346 3290 2417 3343; x_wconf 93' lang='lat' dir='ltr'><strong>ob</strong></span> <span class='ocrx_word' id='word_1_582' title='bbox 2462 3289 2565 3343; x_wconf 86' lang='lat' dir='ltr'><strong>hoc</strong></span> <span class='ocrx_word' id='word_1_583' title='bbox 2600 3290 3020 3360; x_wconf 87' lang='lat' dir='ltr'><strong>reprehenditur</strong></span> <span class='ocrx_word' id='word_1_584' title='bbox 3050 3288 3170 3354; x_wconf 88' lang='grc'><strong>101),</strong></span> <span class='ocrx_word' id='word_1_585' title='bbox 3208 3290 3292 3345; x_wconf 90' lang='lat' dir='ltr'><strong>vel</strong></span> <span class='ocrx_word' id='word_1_586' title='bbox 3323 3308 3483 3346; x_wconf 86' lang='lat' dir='ltr'><strong>accu-</strong></span> 
     </span>
    </p>
   </div>
   <div class='ocr_carea' id='block_1_78' title="bbox 1897 3378 3483 3450">
    <p class='ocr_par' dir='ltr' id='par_1_78' title="bbox 1897 3378 3483 3450">
     <span class='ocr_line' id='line_1_78' title="bbox 1897 3378 3483 3450; baseline 0.001 -17"><span class='ocrx_word' id='word_1_587' title='bbox 1897 3388 2051 3433; x_wconf 90' lang='lat' dir='ltr'><strong>satur</strong></span> <span class='ocrx_word' id='word_1_588' title='bbox 2081 3380 2226 3448; x_wconf 92' lang='lat' dir='ltr'><strong>quod</strong></span> <span class='ocrx_word' id='word_1_589' title='bbox 2256 3380 2400 3434; x_wconf 89' lang='lat' dir='ltr'><strong>diem</strong></span> <span class='ocrx_word' id='word_1_590' title='bbox 2446 3394 2605 3433; x_wconf 90' lang='lat' dir='ltr'><strong>suum</strong></span> <span class='ocrx_word' id='word_1_591' title='bbox 2642 3378 3003 3443; x_wconf 84' lang='lat' dir='ltr'><strong>maledlxerit,</strong></span> <span class='ocrx_word' id='word_1_592' title='bbox 3054 3381 3483 3450; x_wconf 88' lang='lat' dir='ltr'><strong>reprehendatur</strong></span> 
     </span>
    </p>
   </div>
   <div class='ocr_carea' id='block_1_79' title="bbox 1898 3470 3483 3539">
    <p class='ocr_par' dir='ltr' id='par_1_79' title="bbox 1898 3470 3483 3539">
     <span class='ocr_line' id='line_1_79' title="bbox 1898 3470 3483 3539; baseline 0.003 -16"><span class='ocrx_word' id='word_1_593' title='bbox 1898 3471 2102 3539; x_wconf 89' lang='lat' dir='ltr'><strong>pariter</strong></span> <span class='ocrx_word' id='word_1_594' title='bbox 2145 3485 2270 3524; x_wconf 90' lang='lat' dir='ltr'><strong>cum</strong></span> <span class='ocrx_word' id='word_1_595' title='bbox 2318 3471 2408 3524; x_wconf 90' lang='lat' dir='ltr'><strong>illo</strong></span> <span class='ocrx_word' id='word_1_596' title='bbox 2442 3470 2527 3525; x_wconf 89' lang='lat' dir='ltr'><strong>vel</strong></span> <span class='ocrx_word' id='word_1_597' title='bbox 2567 3481 2852 3526; x_wconf 90' lang='lat' dir='ltr'><strong>accusetur</strong></span> <span class='ocrx_word' id='word_1_598' title='bbox 2915 3472 3291 3527; x_wconf 88' lang='lat' dir='ltr'><strong>sanctissimus</strong></span> <span class='ocrx_word' id='word_1_599' title='bbox 3330 3472 3483 3528; x_wconf 84' lang='lat' dir='ltr'><strong>Jere-</strong></span> 
     </span>
    </p>
   </div>
   <div class='ocr_carea' id='block_1_80' title="bbox 1896 3559 3482 3630">
    <p class='ocr_par' dir='ltr' id='par_1_80' title="bbox 1896 3559 3482 3630">
     <span class='ocr_line' id='line_1_80' title="bbox 1896 3559 3482 3630; baseline 0.004 -16"><span class='ocrx_word' id='word_1_600' title='bbox 1896 3562 2033 3615; x_wconf 91' lang='lat' dir='ltr'><strong>mias</strong></span> <span class='ocrx_word' id='word_1_601' title='bbox 2061 3562 2344 3630; x_wconf 89' lang='lat' dir='ltr'><strong>propheta.</strong></span> <span class='ocrx_word' id='word_1_602' title='bbox 2382 3559 2519 3615; x_wconf 86' lang='lat' dir='ltr'><strong>Nam</strong></span> <span class='ocrx_word' id='word_1_603' title='bbox 2547 3563 2689 3617; x_wconf 90' lang='lat' dir='ltr'><strong>sicut</strong></span> <span class='ocrx_word' id='word_1_604' title='bbox 2726 3561 2827 3618; x_wconf 80' lang='lat' dir='ltr'><strong>Job</strong></span> <span class='ocrx_word' id='word_1_605' title='bbox 2860 3563 3137 3618; x_wconf 81' lang='lat' dir='ltr'><strong>maledixit</strong></span> <span class='ocrx_word' id='word_1_606' title='bbox 3164 3564 3303 3619; x_wconf 91' lang='lat' dir='ltr'><strong>diem</strong></span> <span class='ocrx_word' id='word_1_607' title='bbox 3343 3567 3482 3621; x_wconf 83' lang='lat' dir='ltr'><strong>nati-</strong></span> 
     </span>
    </p>
   </div>
   <div class='ocr_carea' id='block_1_81' title="bbox 1896 3650 3483 3715">
    <p class='ocr_par' dir='ltr' id='par_1_81' title="bbox 1896 3650 3483 3715">
     <span class='ocr_line' id='line_1_81' title="bbox 1896 3650 3483 3715; baseline 0.005 -12"><span class='ocrx_word' id='word_1_608' title='bbox 1896 3652 2076 3706; x_wconf 90' lang='lat' dir='ltr'><strong>vitatis</strong></span> <span class='ocrx_word' id='word_1_609' title='bbox 2104 3667 2235 3715; x_wconf 68' lang='lat' dir='ltr'><strong>suae,</strong></span> <span class='ocrx_word' id='word_1_610' title='bbox 2274 3653 2346 3707; x_wconf 92' lang='lat' dir='ltr'><strong>ita</strong></span> <span class='ocrx_word' id='word_1_611' title='bbox 2385 3662 2441 3707; x_wconf 93' lang='lat' dir='ltr'><strong>et</strong></span> <span class='ocrx_word' id='word_1_612' title='bbox 2479 3650 2753 3707; x_wconf 79' lang='lat' dir='ltr'><strong>Jeremias</strong></span> <span class='ocrx_word' id='word_1_613' title='bbox 2796 3654 3069 3709; x_wconf 86' lang='lat' dir='ltr'><strong>devotavit</strong></span> <span class='ocrx_word' id='word_1_614' title='bbox 3099 3655 3239 3709; x_wconf 89' lang='lat' dir='ltr'><strong>diem</strong></span> <span class='ocrx_word' id='word_1_615' title='bbox 3288 3658 3483 3711; x_wconf 84' lang='lat' dir='ltr'><strong>nativi-</strong></span> 
     </span>
    </p>
   </div>
   <div class='ocr_carea' id='block_1_82' title="bbox 1894 3744 3479 3815">
    <p class='ocr_par' dir='ltr' id='par_1_82' title="bbox 1894 3744 3479 3815">
     <span class='ocr_line' id='line_1_82' title="bbox 1894 3744 3479 3815; baseline 0.003 -17"><span class='ocrx_word' id='word_1_616' title='bbox 1894 3744 2023 3798; x_wconf 89' lang='lat' dir='ltr'><strong>tatis</strong></span> <span class='ocrx_word' id='word_1_617' title='bbox 2066 3760 2178 3799; x_wconf 76' lang='lat' dir='ltr'><strong>sua:</strong></span> <span class='ocrx_word' id='word_1_618' title='bbox 2211 3745 2277 3810; x_wconf 76' lang='grc' dir='ltr'><strong>⁸ο,</strong></span> <span class='ocrx_word' id='word_1_619' title='bbox 2342 3755 2396 3800; x_wconf 91' lang='lat' dir='ltr'><strong>et</strong></span> <span class='ocrx_word' id='word_1_620' title='bbox 2437 3746 2621 3799; x_wconf 88' lang='lat' dir='ltr'><strong>omnia</strong></span> <span class='ocrx_word' id='word_1_621' title='bbox 2677 3755 3081 3815; x_wconf 87' lang='lat' dir='ltr'><strong>consequenter</strong></span> <span class='ocrx_word' id='word_1_622' title='bbox 3117 3747 3369 3803; x_wconf 89' lang='lat' dir='ltr'><strong>similiter</strong></span> <span class='ocrx_word' id='word_1_623' title='bbox 3423 3757 3479 3802; x_wconf 89' lang='lat' dir='ltr'><strong>ttt</strong></span> 
     </span>
    </p>
   </div>
   <div class='ocr_carea' id='block_1_83' title="bbox 1891 3832 3479 3908">
    <p class='ocr_par' dir='ltr' id='par_1_83' title="bbox 1891 3832 3479 3908">
     <span class='ocr_line' id='line_1_83' title="bbox 1891 3832 3479 3908; baseline 0.003 -20"><span class='ocrx_word' id='word_1_624' title='bbox 1891 3832 1991 3888; x_wconf 85' lang='lat' dir='ltr'><strong>Job</strong></span> <span class='ocrx_word' id='word_1_625' title='bbox 2029 3834 2237 3889; x_wconf 90' lang='lat' dir='ltr'><strong>locutus</strong></span> <span class='ocrx_word' id='word_1_626' title='bbox 2280 3845 2363 3890; x_wconf 90' lang='lat' dir='ltr'><strong>est</strong></span> <span class='ocrx_word' id='word_1_627' title='bbox 2397 3835 2464 3890; x_wconf 92' lang='lat' dir='ltr'><strong>de</strong></span> <span class='ocrx_word' id='word_1_628' title='bbox 2501 3836 2588 3889; x_wconf 89' lang='lat' dir='ltr'><strong>die</strong></span> <span class='ocrx_word' id='word_1_629' title='bbox 2620 3836 2942 3901; x_wconf 87' lang='lat' dir='ltr'><strong>nativitatis,</strong></span> <span class='ocrx_word' id='word_1_630' title='bbox 2979 3845 3145 3908; x_wconf 88' lang='lat' dir='ltr'><strong>atque</strong></span> <span class='ocrx_word' id='word_1_631' title='bbox 3173 3840 3239 3893; x_wconf 91' lang='lat' dir='ltr'><strong>de</strong></span> <span class='ocrx_word' id='word_1_632' title='bbox 3266 3840 3479 3893; x_wconf 88' lang='lat' dir='ltr'><strong>caeteris</strong></span> 
     </span>
    </p>
   </div>
   <div class='ocr_carea' id='block_1_84' title="bbox 1890 3926 3476 4001">
    <p class='ocr_par' dir='ltr' id='par_1_84' title="bbox 1890 3926 3476 4001">
     <span class='ocr_line' id='line_1_84' title="bbox 1890 3926 3476 4001; baseline 0.001 -19"><span class='ocrx_word' id='word_1_633' title='bbox 1890 3928 2160 3983; x_wconf 89' lang='lat' dir='ltr'><strong>omnibus.</strong></span> <span class='ocrx_word' id='word_1_634' title='bbox 2218 3926 2276 3983; x_wconf 86' lang='lat' dir='ltr'><strong>Si</strong></span> <span class='ocrx_word' id='word_1_635' title='bbox 2329 3942 2461 3998; x_wconf 90' lang='lat' dir='ltr'><strong>ergo</strong></span> <span class='ocrx_word' id='word_1_636' title='bbox 2514 3929 2864 3998; x_wconf 90' lang='lat' dir='ltr'><strong>reprehendit</strong></span> <span class='ocrx_word' id='word_1_637' title='bbox 2910 3931 3053 4001; x_wconf 90' lang='lat' dir='ltr'><strong>quis,</strong></span> <span class='ocrx_word' id='word_1_638' title='bbox 3087 3931 3170 3986; x_wconf 91' lang='lat' dir='ltr'><strong>vel</strong></span> <span class='ocrx_word' id='word_1_639' title='bbox 3222 3940 3476 3996; x_wconf 86' lang='lat' dir='ltr'><strong>accusat,</strong></span> 
     </span>
    </p>
   </div>
   <div class='ocr_carea' id='block_1_85' title="bbox 1888 4019 3478 4092">
    <p class='ocr_par' dir='ltr' id='par_1_85' title="bbox 1888 4019 3478 4092">
     <span class='ocr_line' id='line_1_85' title="bbox 1888 4019 3478 4092; baseline 0.004 -20"><span class='ocrx_word' id='word_1_640' title='bbox 1888 4028 2152 4089; x_wconf 88' lang='lat' dir='ltr'><strong>utrosque</strong></span> <span class='ocrx_word' id='word_1_641' title='bbox 2198 4019 2599 4092; x_wconf 85' lang='lat' dir='ltr'><strong>reprehendere</strong></span> <span class='ocrx_word' id='word_1_642' title='bbox 2660 4021 2743 4076; x_wconf 86' lang='lat' dir='ltr'><strong>vel</strong></span> <span class='ocrx_word' id='word_1_643' title='bbox 2780 4036 3040 4078; x_wconf 89' lang='lat' dir='ltr'><strong>accusare</strong></span> <span class='ocrx_word' id='word_1_644' title='bbox 3070 4024 3248 4089; x_wconf 78' lang='lat' dir='ltr'><strong>debet,</strong></span> <span class='ocrx_word' id='word_1_645' title='bbox 3296 4034 3348 4078; x_wconf 90' lang='lat' dir='ltr'><strong>et</strong></span> <span class='ocrx_word' id='word_1_646' title='bbox 3378 4021 3478 4078; x_wconf 84' lang='lat' dir='ltr'><strong>Job</strong></span> 
     </span>
    </p>
   </div>
   <div class='ocr_carea' id='block_1_86' title="bbox 1888 4112 3473 4186">
    <p class='ocr_par' dir='ltr' id='par_1_86' title="bbox 1888 4112 3473 4186">
     <span class='ocr_line' id='line_1_86' title="bbox 1888 4112 3473 4186; baseline 0.001 -19"><span class='ocrx_word' id='word_1_647' title='bbox 1888 4124 1943 4167; x_wconf 89' lang='lat' dir='ltr'><strong>et</strong></span> <span class='ocrx_word' id='word_1_648' title='bbox 1978 4112 2290 4179; x_wconf 76' lang='lat' dir='ltr'><strong>Jeremiam,</strong></span> <span class='ocrx_word' id='word_1_649' title='bbox 2311 4115 2437 4171; x_wconf 79' lang='lat' dir='ltr'><strong>etsi</strong></span> <span class='ocrx_word' id='word_1_650' title='bbox 2463 4116 2531 4171; x_wconf 87' lang='lat' dir='ltr'><strong>de</strong></span> <span class='ocrx_word' id='word_1_651' title='bbox 2573 4115 2907 4185; x_wconf 77' lang='lat' dir='ltr'><strong>blasphemia</strong></span> <span class='ocrx_word' id='word_1_652' title='bbox 2940 4127 3181 4181; x_wconf 89' lang='lat' dir='ltr'><strong>accusat,</strong></span> <span class='ocrx_word' id='word_1_653' title='bbox 3211 4127 3473 4186; x_wconf 85' lang='lat' dir='ltr'><strong>utrosque</strong></span> 
     </span>
    </p>
   </div>
   <div class='ocr_carea' id='block_1_87' title="bbox 1887 4206 3470 4279">
    <p class='ocr_par' dir='ltr' id='par_1_87' title="bbox 1887 4206 3470 4279">
     <span class='ocr_line' id='line_1_87' title="bbox 1887 4206 3470 4279; baseline -0.001 -18"><span class='ocrx_word' id='word_1_654' title='bbox 1887 4206 2042 4263; x_wconf 91' lang='lat' dir='ltr'><strong>debet</strong></span> <span class='ocrx_word' id='word_1_655' title='bbox 2074 4222 2358 4272; x_wconf 88' lang='lat' dir='ltr'><strong>accusare,</strong></span> <span class='ocrx_word' id='word_1_656' title='bbox 2384 4218 2439 4262; x_wconf 89' lang='lat' dir='ltr'><strong>et</strong></span> <span class='ocrx_word' id='word_1_657' title='bbox 2474 4206 2575 4262; x_wconf 86' lang='lat' dir='ltr'><strong>Job</strong></span> <span class='ocrx_word' id='word_1_658' title='bbox 2600 4217 2656 4262; x_wconf 79' lang='lat' dir='ltr'><strong>et</strong></span> <span class='ocrx_word' id='word_1_659' title='bbox 2690 4207 3005 4264; x_wconf 82' lang='lat' dir='ltr'><strong>Jeremiam.</strong></span> <span class='ocrx_word' id='word_1_660' title='bbox 3045 4208 3283 4279; x_wconf 90' lang='lat' dir='ltr'><strong>Uterque</strong></span> <span class='ocrx_word' id='word_1_661' title='bbox 3307 4209 3470 4273; x_wconf 89' lang='lat' dir='ltr'><strong>enim,</strong></span> 
     </span>
    </p>
   </div>
   <div class='ocr_carea' id='block_1_88' title="bbox 1883 4293 3471 4366">
    <p class='ocr_par' dir='ltr' id='par_1_88' title="bbox 1883 4293 3471 4366">
     <span class='ocr_line' id='line_1_88' title="bbox 1883 4293 3471 4366; baseline 0.001 -16"><span class='ocrx_word' id='word_1_662' title='bbox 1883 4306 1937 4350; x_wconf 89' lang='lat' dir='ltr'><strong>et</strong></span> <span class='ocrx_word' id='word_1_663' title='bbox 1959 4293 2059 4351; x_wconf 82' lang='lat' dir='ltr'><strong>Job</strong></span> <span class='ocrx_word' id='word_1_664' title='bbox 2096 4306 2150 4351; x_wconf 92' lang='lat' dir='ltr'><strong>et</strong></span> <span class='ocrx_word' id='word_1_665' title='bbox 2185 4293 2473 4362; x_wconf 82' lang='lat' dir='ltr'><strong>Jeremias,</strong></span> <span class='ocrx_word' id='word_1_666' title='bbox 2514 4296 2713 4352; x_wconf 89' lang='lat' dir='ltr'><strong>similia</strong></span> <span class='ocrx_word' id='word_1_667' title='bbox 2757 4298 3036 4366; x_wconf 81' lang='lat' dir='ltr'><strong>dixerunt,</strong></span> <span class='ocrx_word' id='word_1_668' title='bbox 3068 4298 3264 4353; x_wconf 89' lang='lat' dir='ltr'><strong>similia</strong></span> <span class='ocrx_word' id='word_1_669' title='bbox 3299 4298 3471 4353; x_wconf 88' lang='lat' dir='ltr'><strong>locuti</strong></span> 
     </span>
    </p>
   </div>
   <div class='ocr_carea' id='block_1_89' title="bbox 202 4386 3467 4463">
    <p class='ocr_par' dir='ltr' id='par_1_89' title="bbox 202 4386 3467 4463">
     <span class='ocr_line' id='line_1_89' title="bbox 202 4386 3467 4463; baseline 0 -18"><span class='ocrx_word' id='word_1_670' title='bbox 202 4402 355 4439; x_wconf 73' lang='lat' dir='ltr'><strong>suum</strong></span> <span class='ocrx_word' id='word_1_671' title='bbox 384 4386 450 4439; x_wconf 77' lang='grc'><strong>⁸⁸.</strong></span> <span class='ocrx_word' id='word_1_672' title='bbox 494 4386 671 4444; x_wconf 69' lang='lat' dir='ltr'><strong>Persa:</strong></span> <span class='ocrx_word' id='word_1_673' title='bbox 694 4429 710 4453; x_wconf 88' lang='lat'><strong>,</strong></span> <span class='ocrx_word' id='word_1_674' title='bbox 752 4392 929 4461; x_wconf 89' lang='lat' dir='ltr'><strong>inquit</strong></span> <span class='ocrx_word' id='word_1_675' title='bbox 958 4432 972 4456; x_wconf 83' lang='lat'><strong>,</strong></span> <span class='ocrx_word' id='word_1_676' title='bbox 999 4401 1159 4462; x_wconf 81' lang='lat' dir='ltr'><strong>atque</strong></span> <span class='ocrx_word' id='word_1_677' title='bbox 1195 4392 1313 4448; x_wconf 70' lang='lat' dir='ltr'><strong>alia:</strong></span> <span class='ocrx_word' id='word_1_678' title='bbox 1340 4409 1464 4463; x_wconf 72' lang='lat' dir='ltr'><strong>quae</strong></span> <span class='ocrx_word' id='word_1_679' title='bbox 1510 4411 1632 4450; x_wconf 91' lang='lat' dir='ltr'><strong>cum</strong></span> <span class='ocrx_word' id='word_1_680' title='bbox 1678 4396 1784 4453; x_wconf 82' lang='lat' dir='ltr'><strong>illis</strong></span> <span class='ocrx_word' id='word_1_681' title='bbox 1818 4401 1861 4455; x_wconf 83' lang='grc' dir='ltr'>ι)</span> <span class='ocrx_word' id='word_1_682' title='bbox 1892 4398 2038 4453; x_wconf 89' lang='lat' dir='ltr'><strong>sunt,</strong></span> <span class='ocrx_word' id='word_1_683' title='bbox 2075 4391 2325 4445; x_wconf 84' lang='lat' dir='ltr'><strong>eumdem</strong></span> <span class='ocrx_word' id='word_1_684' title='bbox 2364 4390 2508 4445; x_wconf 91' lang='lat' dir='ltr'><strong>diem</strong></span> <span class='ocrx_word' id='word_1_685' title='bbox 2555 4392 2859 4446; x_wconf 88' lang='lat' dir='ltr'><strong>nativitatis</strong></span> <span class='ocrx_word' id='word_1_686' title='bbox 2905 4406 3018 4446; x_wconf 61' lang='lat' dir='ltr'><strong>sua:</strong></span> <span class='ocrx_word' id='word_1_687' title='bbox 3056 4391 3467 4456; x_wconf 81' lang='lat' dir='ltr'><strong>maledixerum,</strong></span> 
     </span>
    </p>
   </div>
   <div class='ocr_carea' id='block_1_90' title="bbox 202 4485 1785 4557">
    <p class='ocr_par' dir='ltr' id='par_1_90' title="bbox 202 4485 1785 4557">
     <span class='ocr_line' id='line_1_90' title="bbox 202 4485 1785 4557; baseline 0.008 -25"><span class='ocrx_word' id='word_1_688' title='bbox 202 4486 326 4532; x_wconf 92' lang='lat' dir='ltr'><strong>sunt</strong></span> <span class='ocrx_word' id='word_1_689' title='bbox 358 4490 571 4547; x_wconf 83' lang='lat' dir='ltr'><strong>gentes,</strong></span> <span class='ocrx_word' id='word_1_690' title='bbox 610 4496 734 4536; x_wconf 90' lang='lat' dir='ltr'><strong>cum</strong></span> <span class='ocrx_word' id='word_1_691' title='bbox 768 4485 1216 4541; x_wconf 91' lang='lat' dir='ltr'><strong>manducaverint</strong></span> <span class='ocrx_word' id='word_1_692' title='bbox 1248 4501 1355 4541; x_wconf 88' lang='lat' dir='ltr'><strong>non</strong></span> <span class='ocrx_word' id='word_1_693' title='bbox 1384 4488 1698 4557; x_wconf 90' lang='lat' dir='ltr'><strong>loquuntur,</strong></span> <span class='ocrx_word' id='word_1_694' title='bbox 1730 4502 1785 4545; x_wconf 90' lang='lat' dir='ltr'><strong>et</strong></span> 
     </span>
    </p>
   </div>
   <div class='ocr_carea' id='block_1_91' title="bbox 202 4566 1781 4646">
    <p class='ocr_par' dir='ltr' id='par_1_91' title="bbox 202 4566 1781 4646">
     <span class='ocr_line' id='line_1_91' title="bbox 202 4566 1781 4646; baseline 0.01 -28"><span class='ocrx_word' id='word_1_695' title='bbox 202 4581 320 4619; x_wconf 89' lang='lat' dir='ltr'><strong>cum</strong></span> <span class='ocrx_word' id='word_1_696' title='bbox 346 4566 585 4623; x_wconf 87' lang='lat' dir='ltr'><strong>biberint</strong></span> <span class='ocrx_word' id='word_1_697' title='bbox 622 4586 729 4625; x_wconf 92' lang='lat' dir='ltr'><strong>non</strong></span> <span class='ocrx_word' id='word_1_698' title='bbox 778 4574 1218 4629; x_wconf 89' lang='lat' dir='ltr'><strong>sermocinantur</strong></span> <span class='ocrx_word' id='word_1_699' title='bbox 1250 4593 1265 4631; x_wconf 85' lang='lat'><strong>:</strong></span> <span class='ocrx_word' id='word_1_700' title='bbox 1295 4590 1395 4646; x_wconf 73' lang='lat' dir='ltr'><strong>ego</strong></span> <span class='ocrx_word' id='word_1_701' title='bbox 1439 4591 1569 4632; x_wconf 91' lang='lat' dir='ltr'><strong>vero</strong></span> <span class='ocrx_word' id='word_1_702' title='bbox 1600 4594 1630 4632; x_wconf 91' lang='lat' dir='ltr'><strong>a</strong></span> <span class='ocrx_word' id='word_1_703' title='bbox 1655 4594 1781 4634; x_wconf 65' lang='lat' dir='ltr'><strong>vero</strong></span> 
     </span>
    </p>
   </div>
   <div class='ocr_carea' id='block_1_92' title="bbox 204 4657 1780 4737">
    <p class='ocr_par' dir='ltr' id='par_1_92' title="bbox 204 4657 1780 4737">
     <span class='ocr_line' id='line_1_92' title="bbox 204 4657 1780 4737; baseline 0.01 -28"><span class='ocrx_word' id='word_1_704' title='bbox 204 4657 380 4712; x_wconf 90' lang='lat' dir='ltr'><strong>mibus</strong></span> <span class='ocrx_word' id='word_1_705' title='bbox 414 4670 687 4715; x_wconf 88' lang='lat' dir='ltr'><strong>comestus</strong></span> <span class='ocrx_word' id='word_1_706' title='bbox 716 4669 876 4731; x_wconf 92' lang='lat' dir='ltr'><strong>atque</strong></span> <span class='ocrx_word' id='word_1_707' title='bbox 905 4676 1279 4735; x_wconf 88' lang='lat' dir='ltr'><strong>consumptus,</strong></span> <span class='ocrx_word' id='word_1_708' title='bbox 1308 4668 1601 4737; x_wconf 88' lang='lat' dir='ltr'><strong>etsanguis</strong></span> <span class='ocrx_word' id='word_1_709' title='bbox 1627 4686 1780 4725; x_wconf 89' lang='lat' dir='ltr'><strong>meus</strong></span> 
     </span>
    </p>
   </div>
   <div class='ocr_carea' id='block_1_93' title="bbox 204 4752 1781 4818">
    <p class='ocr_par' dir='ltr' id='par_1_93' title="bbox 204 4752 1781 4818">
     <span class='ocr_line' id='line_1_93' title="bbox 204 4752 1781 4818; baseline 0.011 -18"><span class='ocrx_word' id='word_1_710' title='bbox 204 4758 362 4818; x_wconf 91' lang='lat' dir='ltr'><strong>atque</strong></span> <span class='ocrx_word' id='word_1_711' title='bbox 384 4752 618 4807; x_wconf 85' lang='lat' dir='ltr'><strong>medulla</strong></span> <span class='ocrx_word' id='word_1_712' title='bbox 654 4768 777 4807; x_wconf 91' lang='lat' dir='ltr'><strong>cum</strong></span> <span class='ocrx_word' id='word_1_713' title='bbox 803 4755 870 4809; x_wconf 90' lang='lat' dir='ltr'><strong>ab</strong></span> <span class='ocrx_word' id='word_1_714' title='bbox 909 4755 1099 4810; x_wconf 90' lang='lat' dir='ltr'><strong>iisdem</strong></span> <span class='ocrx_word' id='word_1_715' title='bbox 1142 4760 1420 4815; x_wconf 90' lang='lat' dir='ltr'><strong>vermibus</strong></span> <span class='ocrx_word' id='word_1_716' title='bbox 1450 4760 1612 4816; x_wconf 83' lang='lat' dir='ltr'><strong>fuerit</strong></span> <span class='ocrx_word' id='word_1_717' title='bbox 1638 4763 1781 4817; x_wconf 90' lang='lat' dir='ltr'><strong>bibi-</strong></span> 
     </span>
    </p>
   </div>
   <div class='ocr_carea' id='block_1_94' title="bbox 205 4846 1782 4912">
    <p class='ocr_par' dir='ltr' id='par_1_94' title="bbox 205 4846 1782 4912">
     <span class='ocr_line' id='line_1_94' title="bbox 205 4846 1782 4912; baseline 0.01 -17"><span class='ocrx_word' id='word_1_718' title='bbox 205 4853 305 4907; x_wconf 88' lang='lat' dir='ltr'><strong>tus,</strong></span> <span class='ocrx_word' id='word_1_719' title='bbox 341 4846 486 4899; x_wconf 88' lang='lat' dir='ltr'><strong>tacui</strong></span> <span class='ocrx_word' id='word_1_720' title='bbox 519 4857 573 4901; x_wconf 91' lang='lat' dir='ltr'><strong>et</strong></span> <span class='ocrx_word' id='word_1_721' title='bbox 598 4862 702 4901; x_wconf 90' lang='lat' dir='ltr'><strong>non</strong></span> <span class='ocrx_word' id='word_1_722' title='bbox 726 4863 844 4902; x_wconf 90' lang='lat' dir='ltr'><strong>sum</strong></span> <span class='ocrx_word' id='word_1_723' title='bbox 878 4849 1108 4905; x_wconf 88' lang='lat' dir='ltr'><strong>locutus.</strong></span> <span class='ocrx_word' id='word_1_724' title='bbox 1138 4849 1292 4907; x_wconf 84' lang='lat' dir='ltr'><strong>Nunc</strong></span> <span class='ocrx_word' id='word_1_725' title='bbox 1319 4862 1497 4909; x_wconf 90' lang='lat' dir='ltr'><strong>autem</strong></span> <span class='ocrx_word' id='word_1_726' title='bbox 1524 4858 1782 4912; x_wconf 85' lang='lat' dir='ltr'><strong>saturatis</strong></span> 
     </span>
    </p>
   </div>
   <div class='ocr_carea' id='block_1_95' title="bbox 202 4935 1781 5013">
    <p class='ocr_par' dir='ltr' id='par_1_95' title="bbox 202 4935 1781 5013">
     <span class='ocr_line' id='line_1_95' title="bbox 202 4935 1781 5013; baseline 0.011 -26"><span class='ocrx_word' id='word_1_727' title='bbox 202 4935 497 5001; x_wconf 81' lang='lat' dir='ltr'><strong>vermibus,</strong></span> <span class='ocrx_word' id='word_1_728' title='bbox 547 4949 711 5007; x_wconf 88' lang='lat' dir='ltr'><strong>atque</strong></span> <span class='ocrx_word' id='word_1_729' title='bbox 752 4940 858 4994; x_wconf 91' lang='lat' dir='ltr'><strong>illis</strong></span> <span class='ocrx_word' id='word_1_730' title='bbox 881 4943 971 5010; x_wconf 92' lang='lat' dir='ltr'><strong>qui</strong></span> <span class='ocrx_word' id='word_1_731' title='bbox 1009 4956 1095 4996; x_wconf 92' lang='lat' dir='ltr'><strong>me</strong></span> <span class='ocrx_word' id='word_1_732' title='bbox 1134 4958 1229 5012; x_wconf 90' lang='lat' dir='ltr'><strong>per</strong></span> <span class='ocrx_word' id='word_1_733' title='bbox 1269 4960 1481 4999; x_wconf 90' lang='lat' dir='ltr'><strong>vermes</strong></span> <span class='ocrx_word' id='word_1_734' title='bbox 1506 4948 1695 5013; x_wconf 90' lang='lat' dir='ltr'><strong>edunt,</strong></span> <span class='ocrx_word' id='word_1_735' title='bbox 1729 4950 1781 5005; x_wconf 89' lang='lat' dir='ltr'><strong>id</strong></span> 
     </span>
    </p>
   </div>
   <div class='ocr_carea' id='block_1_96' title="bbox 201 5028 1777 5105">
    <p class='ocr_par' dir='ltr' id='par_1_96' title="bbox 201 5028 1777 5105">
     <span class='ocr_line' id='line_1_96' title="bbox 201 5028 1777 5105; baseline 0.008 -24"><span class='ocrx_word' id='word_1_736' title='bbox 201 5038 279 5082; x_wconf 86' lang='lat' dir='ltr'><strong>est</strong></span> <span class='ocrx_word' id='word_1_737' title='bbox 304 5028 666 5096; x_wconf 61' lang='lat' dir='ltr'><strong>daemonibus,</strong></span> <span class='ocrx_word' id='word_1_738' title='bbox 696 5046 839 5087; x_wconf 92' lang='lat' dir='ltr'><strong>nunc</strong></span> <span class='ocrx_word' id='word_1_739' title='bbox 862 5033 973 5103; x_wconf 90' lang='lat' dir='ltr'><strong>jam</strong></span> <span class='ocrx_word' id='word_1_740' title='bbox 1008 5033 1219 5103; x_wconf 88' lang='lat' dir='ltr'><strong>loquar,</strong></span> <span class='ocrx_word' id='word_1_741' title='bbox 1246 5052 1390 5091; x_wconf 91' lang='lat' dir='ltr'><strong>nunc.</strong></span> <span class='ocrx_word' id='word_1_742' title='bbox 1419 5037 1529 5105; x_wconf 89' lang='lat' dir='ltr'><strong>jam</strong></span> <span class='ocrx_word' id='word_1_743' title='bbox 1567 5054 1777 5095; x_wconf 83' lang='lat' dir='ltr'><strong>sermo-</strong></span> 
     </span>
    </p>
   </div>
   <div class='ocr_carea' id='block_1_97' title="bbox 202 5119 1779 5194">
    <p class='ocr_par' dir='ltr' id='par_1_97' title="bbox 202 5119 1779 5194">
     <span class='ocr_line' id='line_1_97' title="bbox 202 5119 1779 5194; baseline 0.008 -19"><span class='ocrx_word' id='word_1_744' title='bbox 202 5120 365 5175; x_wconf 88' lang='lat' dir='ltr'><strong>cincr.</strong></span> <span class='ocrx_word' id='word_1_745' title='bbox 394 5119 478 5176; x_wconf 92' lang='lat' dir='ltr'><strong>0b</strong></span> <span class='ocrx_word' id='word_1_746' title='bbox 507 5138 669 5191; x_wconf 90' lang='lat' dir='ltr'><strong>quam</strong></span> <span class='ocrx_word' id='word_1_747' title='bbox 694 5139 805 5177; x_wconf 90' lang='lat' dir='ltr'><strong>rem</strong></span> <span class='ocrx_word' id='word_1_748' title='bbox 833 5125 1089 5194; x_wconf 91' lang='lat' dir='ltr'><strong>loqueris,</strong></span> <span class='ocrx_word' id='word_1_749' title='bbox 1115 5127 1199 5181; x_wconf 91' lang='lat' dir='ltr'><strong>vel</strong></span> <span class='ocrx_word' id='word_1_750' title='bbox 1241 5130 1622 5186; x_wconf 90' lang='lat' dir='ltr'><strong>sermocinaris</strong></span> <span class='ocrx_word' id='word_1_751' title='bbox 1649 5133 1672 5185; x_wconf 85' lang='lat'><strong>?</strong></span> <span class='ocrx_word' id='word_1_752' title='bbox 1697 5131 1779 5189; x_wconf 91' lang='lat' dir='ltr'><strong>0b</strong></span> 
     </span>
    </p>
   </div>
   <div class='ocr_carea' id='block_1_98' title="bbox 204 5211 1777 5288">
    <p class='ocr_par' dir='ltr' id='par_1_98' title="bbox 204 5211 1777 5288">
     <span class='ocr_line' id='line_1_98' title="bbox 204 5211 1777 5288; baseline 0.011 -27"><span class='ocrx_word' id='word_1_753' title='bbox 204 5212 320 5274; x_wconf 90' lang='lat' dir='ltr'><strong>hoc,</strong></span> <span class='ocrx_word' id='word_1_754' title='bbox 346 5211 548 5282; x_wconf 84' lang='lat' dir='ltr'><strong>inquit,</strong></span> <span class='ocrx_word' id='word_1_755' title='bbox 577 5214 700 5281; x_wconf 91' lang='lat' dir='ltr'><strong>quia</strong></span> <span class='ocrx_word' id='word_1_756' title='bbox 726 5214 1005 5285; x_wconf 78' lang='lat' dir='ltr'><strong>impletum</strong></span> <span class='ocrx_word' id='word_1_757' title='bbox 1026 5226 1110 5270; x_wconf 87' lang='lat' dir='ltr'><strong>est</strong></span> <span class='ocrx_word' id='word_1_758' title='bbox 1131 5227 1340 5288; x_wconf 90' lang='lat' dir='ltr'><strong>tempus</strong></span> <span class='ocrx_word' id='word_1_759' title='bbox 1365 5221 1777 5279; x_wconf 81' lang='lat' dir='ltr'><strong>taciturnitatis.</strong></span> 
     </span>
    </p>
   </div>
   <div class='ocr_carea' id='block_1_99' title="bbox 202 5301 1781 5381">
    <p class='ocr_par' dir='ltr' id='par_1_99' title="bbox 202 5301 1781 5381">
     <span class='ocr_line' id='line_1_99' title="bbox 202 5301 1781 5381; baseline 0.009 -26"><span class='ocrx_word' id='word_1_760' title='bbox 202 5301 265 5355; x_wconf 85' lang='lat' dir='ltr'><strong>Et</strong></span> <span class='ocrx_word' id='word_1_761' title='bbox 300 5303 502 5370; x_wconf 87' lang='lat' dir='ltr'><strong>adhuc,</strong></span> <span class='ocrx_word' id='word_1_762' title='bbox 529 5306 599 5360; x_wconf 94' lang='lat' dir='ltr'><strong>ob</strong></span> <span class='ocrx_word' id='word_1_763' title='bbox 636 5321 796 5376; x_wconf 90' lang='lat' dir='ltr'><strong>quam</strong></span> <span class='ocrx_word' id='word_1_764' title='bbox 838 5323 949 5362; x_wconf 91' lang='lat' dir='ltr'><strong>rem</strong></span> <span class='ocrx_word' id='word_1_765' title='bbox 995 5310 1308 5379; x_wconf 78' lang='lat' dir='ltr'><strong>aggrederis</strong></span> <span class='ocrx_word' id='word_1_766' title='bbox 1354 5311 1523 5381; x_wconf 79' lang='lat' dir='ltr'><strong>loqui,</strong></span> <span class='ocrx_word' id='word_1_767' title='bbox 1565 5329 1598 5368; x_wconf 90' lang='grc'><strong>0</strong></span> <span class='ocrx_word' id='word_1_768' title='bbox 1628 5313 1726 5369; x_wconf 84' lang='grc'><strong>101)</strong></span> <span class='ocrx_word' id='word_1_769' title='bbox 1756 5316 1781 5368; x_wconf 89' lang='lat'><strong>?</strong></span> 
     </span>
    </p>
   </div>
   <div class='ocr_carea' id='block_1_100' title="bbox 205 5393 1781 5469">
    <p class='ocr_par' dir='ltr' id='par_1_100' title="bbox 205 5393 1781 5469">
     <span class='ocr_line' id='line_1_100' title="bbox 205 5393 1781 5469; baseline 0.004 -20"><span class='ocrx_word' id='word_1_770' title='bbox 205 5393 281 5449; x_wconf 88' lang='lat' dir='ltr'><strong>Ob</strong></span> <span class='ocrx_word' id='word_1_771' title='bbox 312 5396 438 5461; x_wconf 91' lang='lat' dir='ltr'><strong>hoc,</strong></span> <span class='ocrx_word' id='word_1_772' title='bbox 485 5397 682 5467; x_wconf 86' lang='lat' dir='ltr'><strong>inquit,</strong></span> <span class='ocrx_word' id='word_1_773' title='bbox 726 5414 793 5453; x_wconf 94' lang='lat' dir='ltr'><strong>ne</strong></span> <span class='ocrx_word' id='word_1_774' title='bbox 819 5414 940 5455; x_wconf 90' lang='lat' dir='ltr'><strong>cum</strong></span> <span class='ocrx_word' id='word_1_775' title='bbox 978 5397 1180 5469; x_wconf 80' lang='lat' dir='ltr'><strong>iugiter</strong></span> <span class='ocrx_word' id='word_1_776' title='bbox 1224 5411 1412 5465; x_wconf 88' lang='lat' dir='ltr'><strong>taceo,</strong></span> <span class='ocrx_word' id='word_1_777' title='bbox 1442 5404 1781 5459; x_wconf 87' lang='lat' dir='ltr'><strong>arbitrentur</strong></span> 
     </span>
    </p>
   </div>
   <div class='ocr_carea' id='block_1_101' title="bbox 200 5483 1778 5564">
    <p class='ocr_par' dir='ltr' id='par_1_101' title="bbox 200 5483 1778 5564">
     <span class='ocr_line' id='line_1_101' title="bbox 200 5483 1778 5564; baseline 0.006 -25"><span class='ocrx_word' id='word_1_778' title='bbox 200 5483 473 5541; x_wconf 75' lang='lat' dir='ltr'><strong>dzemones</strong></span> <span class='ocrx_word' id='word_1_779' title='bbox 519 5488 615 5557; x_wconf 91' lang='lat' dir='ltr'><strong>qui</strong></span> <span class='ocrx_word' id='word_1_780' title='bbox 664 5488 951 5545; x_wconf 87' lang='lat' dir='ltr'><strong>adversum</strong></span> <span class='ocrx_word' id='word_1_781' title='bbox 987 5505 1073 5545; x_wconf 89' lang='lat' dir='ltr'><strong>me</strong></span> <span class='ocrx_word' id='word_1_782' title='bbox 1118 5500 1350 5558; x_wconf 88' lang='lat' dir='ltr'><strong>certant,</strong></span> <span class='ocrx_word' id='word_1_783' title='bbox 1373 5493 1516 5561; x_wconf 89' lang='lat' dir='ltr'><strong>quod</strong></span> <span class='ocrx_word' id='word_1_784' title='bbox 1549 5493 1600 5548; x_wconf 91' lang='lat' dir='ltr'><strong>in</strong></span> <span class='ocrx_word' id='word_1_785' title='bbox 1646 5494 1778 5564; x_wconf 81' lang='lat' dir='ltr'><strong>ipsis</strong></span> 
     </span>
    </p>
   </div>
   <div class='ocr_carea' id='block_1_102' title="bbox 266 5667 1294 5739">
    <p class='ocr_par' dir='ltr' id='par_1_102' title="bbox 266 5667 1294 5739">
     <span class='ocr_line' id='line_1_102' title="bbox 266 5667 1294 5739; baseline 0.003 -16"><span class='ocrx_word' id='word_1_786' title='bbox 266 5670 307 5699; x_wconf 84' lang='grc'>³⁷</span> <span class='ocrx_word' id='word_1_787' title='bbox 343 5668 522 5726; x_wconf 78' lang='lat' dir='ltr'><strong>Ecclc.</strong></span> <span class='ocrx_word' id='word_1_788' title='bbox 574 5686 656 5738; x_wconf 79' lang='lat' dir='ltr'><strong>tu,</strong></span> <span class='ocrx_word' id='word_1_789' title='bbox 695 5668 812 5736; x_wconf 74' lang='lat' dir='ltr'><strong>l,7.</strong></span> <span class='ocrx_word' id='word_1_790' title='bbox 893 5667 1062 5725; x_wconf 77' lang='grc'><strong>⁸⁸101)</strong></span> <span class='ocrx_word' id='word_1_791' title='bbox 1126 5686 1205 5739; x_wconf 90' lang='grc' dir='ltr'>ιιι,</span> <span class='ocrx_word' id='word_1_792' title='bbox 1248 5673 1294 5727; x_wconf 88' lang='grc'><strong>1.</strong></span> 
     </span>
    </p>
   </div>
   <div class='ocr_carea' id='block_1_103' title="bbox 1419 5673 2344 5747">
    <p class='ocr_par' dir='ltr' id='par_1_103' title="bbox 1419 5673 2344 5747">
     <span class='ocr_line' id='line_1_103' title="bbox 1419 5673 2344 5747; baseline 0.005 -18"><span class='ocrx_word' id='word_1_793' title='bbox 1419 5673 1587 5746; x_wconf 35' lang='grc' dir='ltr'><strong>δ”-101)</strong></span> <span class='ocrx_word' id='word_1_794' title='bbox 1625 5691 1756 5744; x_wconf 80' lang='lat' dir='ltr'><strong>xui,</strong></span> <span class='ocrx_word' id='word_1_795' title='bbox 1794 5677 1843 5736; x_wconf 88' lang='lat'><strong>7.</strong></span> <span class='ocrx_word' id='word_1_796' title='bbox 1900 5677 1943 5709; x_wconf 75' lang='lat'><strong>&quot;°</strong></span> <span class='ocrx_word' id='word_1_797' title='bbox 1973 5676 2078 5733; x_wconf 84' lang='lat' dir='ltr'><strong>.lcr.</strong></span> <span class='ocrx_word' id='word_1_798' title='bbox 2117 5695 2218 5747; x_wconf 75' lang='lat' dir='ltr'><strong>xx,</strong></span> <span class='ocrx_word' id='word_1_799' title='bbox 2259 5679 2344 5735; x_wconf 85' lang='grc'><strong>17.</strong></span> 
     </span>
    </p>
   </div>
   <div class='ocr_carea' id='block_1_104' title="bbox 1893 4480 3468 4550">
    <p class='ocr_par' dir='ltr' id='par_1_104' title="bbox 1893 4480 3468 4550">
     <span class='ocr_line' id='line_1_104' title="bbox 1893 4480 3468 4550; baseline 0.003 -16"><span class='ocrx_word' id='word_1_800' title='bbox 1893 4490 2057 4550; x_wconf 88' lang='lat' dir='ltr'><strong>atque</strong></span> <span class='ocrx_word' id='word_1_801' title='bbox 2084 4482 2498 4536; x_wconf 90' lang='lat' dir='ltr'><strong>devotaverunt.</strong></span> <span class='ocrx_word' id='word_1_802' title='bbox 2546 4480 2652 4537; x_wconf 90' lang='lat' dir='ltr'><strong>Sed</strong></span> <span class='ocrx_word' id='word_1_803' title='bbox 2684 4490 2740 4536; x_wconf 91' lang='lat' dir='ltr'><strong>et</strong></span> <span class='ocrx_word' id='word_1_804' title='bbox 2767 4482 2871 4537; x_wconf 91' lang='grc'><strong>101)</strong></span> <span class='ocrx_word' id='word_1_805' title='bbox 2914 4481 3104 4539; x_wconf 90' lang='lat' dir='ltr'><strong>beatus</strong></span> <span class='ocrx_word' id='word_1_806' title='bbox 3132 4492 3214 4539; x_wconf 90' lang='lat' dir='ltr'><strong>est</strong></span> <span class='ocrx_word' id='word_1_807' title='bbox 3240 4483 3293 4538; x_wconf 89' lang='lat' dir='ltr'><strong>in</strong></span> <span class='ocrx_word' id='word_1_808' title='bbox 3334 4498 3468 4538; x_wconf 87' lang='lat' dir='ltr'><strong>con-</strong></span> 
     </span>
    </p>
   </div>
   <div class='ocr_carea' id='block_1_105' title="bbox 1890 4573 3469 4646">
    <p class='ocr_par' dir='ltr' id='par_1_105' title="bbox 1890 4573 3469 4646">
     <span class='ocr_line' id='line_1_105' title="bbox 1890 4573 3469 4646; baseline 0.003 -20"><span class='ocrx_word' id='word_1_809' title='bbox 1890 4582 2075 4641; x_wconf 89' lang='lat' dir='ltr'><strong>spectu</strong></span> <span class='ocrx_word' id='word_1_810' title='bbox 2120 4573 2353 4637; x_wconf 88' lang='lat' dir='ltr'><strong>Domini,</strong></span> <span class='ocrx_word' id='word_1_811' title='bbox 2388 4584 2444 4628; x_wconf 90' lang='lat' dir='ltr'><strong>et</strong></span> <span class='ocrx_word' id='word_1_812' title='bbox 2484 4573 2751 4629; x_wconf 86' lang='lat' dir='ltr'><strong>Jeremias</strong></span> <span class='ocrx_word' id='word_1_813' title='bbox 2792 4575 3060 4646; x_wconf 86' lang='lat' dir='ltr'><strong>gloriosus</strong></span> <span class='ocrx_word' id='word_1_814' title='bbox 3085 4587 3167 4631; x_wconf 89' lang='lat' dir='ltr'><strong>est</strong></span> <span class='ocrx_word' id='word_1_815' title='bbox 3205 4591 3326 4630; x_wconf 90' lang='lat' dir='ltr'><strong>cum</strong></span> <span class='ocrx_word' id='word_1_816' title='bbox 3351 4591 3469 4632; x_wconf 83' lang='lat' dir='ltr'><strong>san-</strong></span> 
     </span>
    </p>
   </div>
   <div class='ocr_carea' id='block_1_106' title="bbox 1886 4665 3467 4739">
    <p class='ocr_par' dir='ltr' id='par_1_106' title="bbox 1886 4665 3467 4739">
     <span class='ocr_line' id='line_1_106' title="bbox 1886 4665 3467 4739; baseline 0.003 -19"><span class='ocrx_word' id='word_1_817' title='bbox 1886 4668 2011 4720; x_wconf 90' lang='lat' dir='ltr'><strong>ctis.</strong></span> <span class='ocrx_word' id='word_1_818' title='bbox 2037 4665 2125 4720; x_wconf 68' lang='lat' dir='ltr'><strong>Vae</strong></span> <span class='ocrx_word' id='word_1_819' title='bbox 2149 4674 2326 4720; x_wconf 88' lang='lat' dir='ltr'><strong>autem</strong></span> <span class='ocrx_word' id='word_1_820' title='bbox 2359 4667 2443 4721; x_wconf 88' lang='lat' dir='ltr'><strong>his</strong></span> <span class='ocrx_word' id='word_1_821' title='bbox 2474 4668 2563 4737; x_wconf 89' lang='lat' dir='ltr'><strong>qui</strong></span> <span class='ocrx_word' id='word_1_822' title='bbox 2601 4676 2818 4722; x_wconf 89' lang='lat' dir='ltr'><strong>sanctos</strong></span> <span class='ocrx_word' id='word_1_823' title='bbox 2840 4666 3353 4735; x_wconf 85' lang='lat' dir='ltr'><strong>blasphemaverim,</strong></span> <span class='ocrx_word' id='word_1_824' title='bbox 3372 4672 3467 4739; x_wconf 89' lang='lat' dir='ltr'><strong>qui</strong></span> 
     </span>
    </p>
   </div>
   <div class='ocr_carea' id='block_1_107' title="bbox 1882 4757 3468 4829">
    <p class='ocr_par' dir='ltr' id='par_1_107' title="bbox 1882 4757 3468 4829">
     <span class='ocr_line' id='line_1_107' title="bbox 1882 4757 3468 4829; baseline 0.003 -17"><span class='ocrx_word' id='word_1_825' title='bbox 1882 4758 2092 4818; x_wconf 87' lang='lat' dir='ltr'><strong>amicos</strong></span> <span class='ocrx_word' id='word_1_826' title='bbox 2134 4757 2224 4813; x_wconf 91' lang='lat' dir='ltr'><strong>Dei</strong></span> <span class='ocrx_word' id='word_1_827' title='bbox 2262 4760 2661 4825; x_wconf 87' lang='lat' dir='ltr'><strong>accusaverint,</strong></span> <span class='ocrx_word' id='word_1_828' title='bbox 2691 4762 2926 4814; x_wconf 85' lang='lat' dir='ltr'><strong>maxime</strong></span> <span class='ocrx_word' id='word_1_829' title='bbox 2953 4776 3090 4829; x_wconf 92' lang='lat' dir='ltr'><strong>quos</strong></span> <span class='ocrx_word' id='word_1_830' title='bbox 3124 4762 3286 4815; x_wconf 87' lang='lat' dir='ltr'><strong>etiam</strong></span> <span class='ocrx_word' id='word_1_831' title='bbox 3324 4762 3468 4817; x_wconf 82' lang='lat' dir='ltr'><strong>Deus</strong></span> 
     </span>
    </p>
   </div>
   <div class='ocr_carea' id='block_1_108' title="bbox 1881 4851 3468 4918">
    <p class='ocr_par' dir='ltr' id='par_1_108' title="bbox 1881 4851 3468 4918">
     <span class='ocr_line' id='line_1_108' title="bbox 1881 4851 3468 4918; baseline 0.003 -14"><span class='ocrx_word' id='word_1_832' title='bbox 1881 4861 2002 4918; x_wconf 90' lang='lat' dir='ltr'><strong>post</strong></span> <span class='ocrx_word' id='word_1_833' title='bbox 2054 4860 2285 4905; x_wconf 91' lang='lat' dir='ltr'><strong>mortem</strong></span> <span class='ocrx_word' id='word_1_834' title='bbox 2336 4852 2595 4907; x_wconf 88' lang='lat' dir='ltr'><strong>memoria</strong></span> <span class='ocrx_word' id='word_1_835' title='bbox 2634 4851 3045 4917; x_wconf 88' lang='lat' dir='ltr'><strong>honoriﬁcavit,</strong></span> <span class='ocrx_word' id='word_1_836' title='bbox 3081 4853 3220 4908; x_wconf 91' lang='lat' dir='ltr'><strong>sicut</strong></span> <span class='ocrx_word' id='word_1_837' title='bbox 3257 4852 3360 4908; x_wconf 88' lang='grc'><strong>101)</strong></span> <span class='ocrx_word' id='word_1_838' title='bbox 3402 4854 3468 4908; x_wconf 90' lang='lat' dir='ltr'><strong>de</strong></span> 
     </span>
    </p>
   </div>
   <div class='ocr_carea' id='block_1_109' title="bbox 1880 4942 3468 5013">
    <p class='ocr_par' dir='ltr' id='par_1_109' title="bbox 1880 4942 3468 5013">
     <span class='ocr_line' id='line_1_109' title="bbox 1880 4942 3468 5013; baseline 0.001 -16"><span class='ocrx_word' id='word_1_839' title='bbox 1880 4959 1989 5013; x_wconf 90' lang='lat' dir='ltr'><strong>quo</strong></span> <span class='ocrx_word' id='word_1_840' title='bbox 2041 4944 2170 4997; x_wconf 91' lang='lat' dir='ltr'><strong>dicit</strong></span> <span class='ocrx_word' id='word_1_841' title='bbox 2201 4962 2214 4997; x_wconf 94' lang='lat'><strong>:</strong></span> <span class='ocrx_word' id='word_1_842' title='bbox 2250 4942 2309 4997; x_wconf 90' lang='lat' dir='ltr'><strong>Si</strong></span> <span class='ocrx_word' id='word_1_843' title='bbox 2352 4953 2527 4997; x_wconf 88' lang='lat' dir='ltr'><strong>autem</strong></span> <span class='ocrx_word' id='word_1_844' title='bbox 2564 4944 2763 4997; x_wconf 84' lang='lat' dir='ltr'><strong>steterit</strong></span> <span class='ocrx_word' id='word_1_845' title='bbox 2797 4942 2899 4997; x_wconf 84' lang='lat' dir='ltr'><strong>Job</strong></span> <span class='ocrx_word' id='word_1_846' title='bbox 2929 4958 2979 4997; x_wconf 80' lang='lat' dir='ltr'><strong>et</strong></span> <span class='ocrx_word' id='word_1_847' title='bbox 3030 4942 3145 4998; x_wconf 86' lang='lat' dir='ltr'><strong>Noe</strong></span> <span class='ocrx_word' id='word_1_848' title='bbox 3185 4955 3231 4998; x_wconf 90' lang='lat' dir='ltr'><strong>et</strong></span> <span class='ocrx_word' id='word_1_849' title='bbox 3276 4945 3468 5000; x_wconf 80' lang='lat' dir='ltr'><strong>Daniel</strong></span> 
     </span>
    </p>
   </div>
   <div class='ocr_carea' id='block_1_110' title="bbox 1885 5035 3466 5108">
    <p class='ocr_par' dir='ltr' id='par_1_110' title="bbox 1885 5035 3466 5108">
     <span class='ocr_line' id='line_1_110' title="bbox 1885 5035 3466 5108; baseline 0.003 -20"><span class='ocrx_word' id='word_1_850' title='bbox 1885 5036 1941 5089; x_wconf 87' lang='lat' dir='ltr'><strong>in</strong></span> <span class='ocrx_word' id='word_1_851' title='bbox 1985 5047 2263 5105; x_wconf 80' lang='lat' dir='ltr'><strong>conspectu</strong></span> <span class='ocrx_word' id='word_1_852' title='bbox 2308 5054 2420 5091; x_wconf 88' lang='lat' dir='ltr'><strong>meo</strong></span> <span class='ocrx_word' id='word_1_853' title='bbox 2452 5037 2495 5068; x_wconf 82' lang='grc'>⁶¹</span> <span class='ocrx_word' id='word_1_854' title='bbox 2527 5056 2540 5091; x_wconf 87' lang='lat'><strong>:</strong></span> <span class='ocrx_word' id='word_1_855' title='bbox 2573 5046 2666 5091; x_wconf 90' lang='lat' dir='ltr'><strong>aut</strong></span> <span class='ocrx_word' id='word_1_856' title='bbox 2705 5038 2847 5093; x_wconf 89' lang='lat' dir='ltr'><strong>sicut</strong></span> <span class='ocrx_word' id='word_1_857' title='bbox 2876 5035 3191 5102; x_wconf 84' lang='lat' dir='ltr'><strong>Jeremiam,</strong></span> <span class='ocrx_word' id='word_1_858' title='bbox 3220 5054 3379 5108; x_wconf 87' lang='lat' dir='ltr'><strong>quem</strong></span> <span class='ocrx_word' id='word_1_859' title='bbox 3414 5040 3466 5093; x_wconf 92' lang='lat' dir='ltr'><strong>in</strong></span> 
     </span>
    </p>
   </div>
   <div class='ocr_carea' id='block_1_111' title="bbox 1884 5128 3466 5205">
    <p class='ocr_par' dir='ltr' id='par_1_111' title="bbox 1884 5128 3466 5205">
     <span class='ocr_line' id='line_1_111' title="bbox 1884 5128 3466 5205; baseline 0.004 -24"><span class='ocrx_word' id='word_1_860' title='bbox 1884 5128 1994 5181; x_wconf 91' lang='lat' dir='ltr'><strong>vita</strong></span> <span class='ocrx_word' id='word_1_861' title='bbox 2031 5129 2151 5197; x_wconf 91' lang='lat' dir='ltr'><strong>plus</strong></span> <span class='ocrx_word' id='word_1_862' title='bbox 2204 5131 2458 5185; x_wconf 91' lang='lat' dir='ltr'><strong>omnibus</strong></span> <span class='ocrx_word' id='word_1_863' title='bbox 2511 5132 2908 5201; x_wconf 89' lang='lat' dir='ltr'><strong>magniﬁcans,</strong></span> <span class='ocrx_word' id='word_1_864' title='bbox 2941 5132 3073 5186; x_wconf 86' lang='lat' dir='ltr'><strong>dicit</strong></span> <span class='ocrx_word' id='word_1_865' title='bbox 3120 5150 3135 5186; x_wconf 86' lang='lat'><strong>:</strong></span> <span class='ocrx_word' id='word_1_866' title='bbox 3173 5133 3466 5205; x_wconf 79' lang='lat' dir='ltr'><strong>Antequam</strong></span> 
     </span>
    </p>
   </div>
   <div class='ocr_carea' id='block_1_112' title="bbox 1880 5220 3466 5293">
    <p class='ocr_par' dir='ltr' id='par_1_112' title="bbox 1880 5220 3466 5293">
     <span class='ocr_line' id='line_1_112' title="bbox 1880 5220 3466 5293; baseline 0.001 -18"><span class='ocrx_word' id='word_1_867' title='bbox 1880 5220 2165 5289; x_wconf 80' lang='lat' dir='ltr'><strong>formarem</strong></span> <span class='ocrx_word' id='word_1_868' title='bbox 2196 5230 2245 5274; x_wconf 85' lang='lat' dir='ltr'><strong>te</strong></span> <span class='ocrx_word' id='word_1_869' title='bbox 2271 5222 2326 5275; x_wconf 78' lang='lat' dir='ltr'><strong>in</strong></span> <span class='ocrx_word' id='word_1_870' title='bbox 2360 5231 2506 5275; x_wconf 84' lang='lat' dir='ltr'><strong>utero</strong></span> <span class='ocrx_word' id='word_1_871' title='bbox 2537 5224 2655 5275; x_wconf 85' lang='lat' dir='ltr'><strong>novi</strong></span> <span class='ocrx_word' id='word_1_872' title='bbox 2682 5231 2731 5275; x_wconf 86' lang='lat' dir='ltr'><strong>te</strong></span> <span class='ocrx_word' id='word_1_873' title='bbox 2752 5263 2766 5286; x_wconf 93' lang='lat'><strong>,</strong></span> <span class='ocrx_word' id='word_1_874' title='bbox 2793 5233 2838 5275; x_wconf 89' lang='lat' dir='ltr'><strong>et</strong></span> <span class='ocrx_word' id='word_1_875' title='bbox 2883 5233 3161 5293; x_wconf 86' lang='lat' dir='ltr'><strong>antequam</strong></span> <span class='ocrx_word' id='word_1_876' title='bbox 3202 5224 3370 5277; x_wconf 72' lang='lat' dir='ltr'><strong>exires</strong></span> <span class='ocrx_word' id='word_1_877' title='bbox 3403 5226 3466 5277; x_wconf 76' lang='lat' dir='ltr'><strong>de</strong></span> 
     </span>
    </p>
   </div>
   <div class='ocr_carea' id='block_1_113' title="bbox 1878 5312 3463 5385">
    <p class='ocr_par' dir='ltr' id='par_1_113' title="bbox 1878 5312 3463 5385">
     <span class='ocr_line' id='line_1_113' title="bbox 1878 5312 3463 5385; baseline -0.001 -17"><span class='ocrx_word' id='word_1_878' title='bbox 1878 5313 2028 5368; x_wconf 81' lang='lat' dir='ltr'><strong>vulva</strong></span> <span class='ocrx_word' id='word_1_879' title='bbox 2071 5312 2399 5381; x_wconf 80' lang='lat' dir='ltr'><strong>sancti/icaui</strong></span> <span class='ocrx_word' id='word_1_880' title='bbox 2441 5322 2511 5380; x_wconf 83' lang='lat' dir='ltr'><strong>te,</strong></span> <span class='ocrx_word' id='word_1_881' title='bbox 2552 5324 2598 5367; x_wconf 87' lang='lat' dir='ltr'><strong>et</strong></span> <span class='ocrx_word' id='word_1_882' title='bbox 2631 5314 2937 5384; x_wconf 71' lang='lat' dir='ltr'><strong>prophetam</strong></span> <span class='ocrx_word' id='word_1_883' title='bbox 2965 5316 3019 5369; x_wconf 88' lang='lat' dir='ltr'><strong>in</strong></span> <span class='ocrx_word' id='word_1_884' title='bbox 3048 5317 3282 5385; x_wconf 85' lang='lat' dir='ltr'><strong>gentibus</strong></span> <span class='ocrx_word' id='word_1_885' title='bbox 3311 5314 3463 5384; x_wconf 81' lang='lat' dir='ltr'><strong>posui</strong></span> 
     </span>
    </p>
   </div>
   <div class='ocr_carea' id='block_1_114' title="bbox 1878 5406 3464 5480">
    <p class='ocr_par' dir='ltr' id='par_1_114' title="bbox 1878 5406 3464 5480">
     <span class='ocr_line' id='line_1_114' title="bbox 1878 5406 3464 5480; baseline 0.004 -22"><span class='ocrx_word' id='word_1_886' title='bbox 1878 5416 1926 5460; x_wconf 87' lang='lat' dir='ltr'><strong>te</strong></span> <span class='ocrx_word' id='word_1_887' title='bbox 1946 5406 2309 5477; x_wconf 79' lang='lat' dir='ltr'><strong>“.Postquam</strong></span> <span class='ocrx_word' id='word_1_888' title='bbox 2333 5418 2512 5463; x_wconf 89' lang='lat' dir='ltr'><strong>autem</strong></span> <span class='ocrx_word' id='word_1_889' title='bbox 2540 5409 3045 5480; x_wconf 84' lang='lat' dir='ltr'><strong>irreprehensibiles</strong></span> <span class='ocrx_word' id='word_1_890' title='bbox 3070 5409 3231 5464; x_wconf 82' lang='lat' dir='ltr'><strong>fuisse</strong></span> <span class='ocrx_word' id='word_1_891' title='bbox 3247 5420 3464 5464; x_wconf 86' lang='lat' dir='ltr'><strong>sanctus</strong></span> 
     </span>
    </p>
   </div>
   <div class='ocr_carea' id='block_1_115' title="bbox 1877 5496 3468 5569">
    <p class='ocr_par' dir='ltr' id='par_1_115' title="bbox 1877 5496 3468 5569">
     <span class='ocr_line' id='line_1_115' title="bbox 1877 5496 3468 5569; baseline 0 -18"><span class='ocrx_word' id='word_1_892' title='bbox 1877 5497 2236 5562; x_wconf 88' lang='lat' dir='ltr'><strong>ostendimus,</strong></span> <span class='ocrx_word' id='word_1_893' title='bbox 2276 5513 2382 5553; x_wconf 91' lang='lat' dir='ltr'><strong>non</strong></span> <span class='ocrx_word' id='word_1_894' title='bbox 2405 5499 2635 5564; x_wconf 88' lang='lat' dir='ltr'><strong>nos,sed</strong></span> <span class='ocrx_word' id='word_1_895' title='bbox 2671 5500 2836 5553; x_wconf 89' lang='lat' dir='ltr'><strong>etiam</strong></span> <span class='ocrx_word' id='word_1_896' title='bbox 2868 5498 2984 5569; x_wconf 91' lang='lat' dir='ltr'><strong>ipse</strong></span> <span class='ocrx_word' id='word_1_897' title='bbox 3008 5499 3168 5568; x_wconf 87' lang='lat' dir='ltr'><strong>Deus,</strong></span> <span class='ocrx_word' id='word_1_898' title='bbox 3194 5497 3332 5553; x_wconf 81' lang='lat' dir='ltr'><strong>beati</strong></span> <span class='ocrx_word' id='word_1_899' title='bbox 3362 5496 3468 5553; x_wconf 66' lang='lat' dir='ltr'><strong>Job</strong></span> 
     </span>
    </p>
   </div>
   <div class='ocr_carea' id='block_1_116' title="bbox 2423 5679 3453 5749">
    <p class='ocr_par' dir='ltr' id='par_1_116' title="bbox 2423 5679 3453 5749">
     <span class='ocr_line' id='line_1_116' title="bbox 2423 5679 3453 5749; baseline -0.004 -13"><span class='ocrx_word' id='word_1_900' title='bbox 2423 5682 2463 5712; x_wconf 84' lang='lat'>“</span> <span class='ocrx_word' id='word_1_901' title='bbox 2496 5681 2690 5737; x_wconf 83' lang='lat' dir='ltr'><strong>Ezeclt.</strong></span> <span class='ocrx_word' id='word_1_902' title='bbox 2739 5696 2861 5744; x_wconf 60' lang='grc' dir='ltr'><strong>λιν,</strong></span> <span class='ocrx_word' id='word_1_903' title='bbox 2888 5680 2973 5735; x_wconf 65' lang='grc'><strong>14.</strong></span> <span class='ocrx_word' id='word_1_904' title='bbox 3019 5682 3062 5713; x_wconf 79' lang='grc'><strong>⁵³</strong></span> <span class='ocrx_word' id='word_1_905' title='bbox 3090 5679 3291 5739; x_wconf 68' lang='lat' dir='ltr'><strong>Jt&#39;rcm.</strong></span> <span class='ocrx_word' id='word_1_906' title='bbox 3324 5697 3363 5749; x_wconf 85' lang='lat' dir='ltr'><strong>t,</strong></span> <span class='ocrx_word' id='word_1_907' title='bbox 3397 5699 3453 5734; x_wconf 65' lang='grc' dir='ltr'><strong>ο.</strong></span> 
     </span>
    </p>
   </div>
  </div>
