3880 6212
452 288 559 384 ευ

1547 328 1931 385 ANONYMUS
1968 327 2034 381 ΙΝ
2073 326 2211 384 JOB.
2253 354 2322 366 -
2359 324 2488 381 LIB.
2529 321 2614 379 Ill.

3606 325 3708 379 512

454 463 769 505 sermonum
818 464 1331 519 commemoremur,
1360 456 1448 524 qui
1482 457 1617 510 bene
1645 473 1673 509 a
1726 468 1914 510 sancto
1943 454 2032 507 illo
2064 460 2108 511 Α
2136 465 2240 519 que
2268 451 2321 502 in
2344 448 2599 502 sarculum
2630 460 2885 500 numerus
2915 452 3235 515 supputatus
3254 453 3337 498 est
3357 457 3536 498 coram
3564 444 3706 500 Deo:

455 539 627 592 sancti
661 539 789 593 dicti
818 550 966 609 sunt,
1002 543 1141 597 male
1172 553 1352 598 autem
1389 545 1455 597 ab
1485 545 1662 612 impiis
1695 546 1744 598 in
1780 546 2025 612 blaSphe-

455 630 619 682 tniam
650 631 790 684 versi
821 641 991 687 sunt:
1031 634 1277 702 Aperuit,
1319 635 1511 705 inquit,
1547 635 1648 690 Job
1694 654 1751 691 os
1790 647 2027 698 suum.et

453 720 799 776 maledicebat
833 724 971 777 diem
1002 726 1289 781 nativitatis
1311 744 1419 781 sua:
1447 728 1511 780 ⁸³.
1543 726 1779 781 Primum
1813 729 1915 783 hoc
1937 729 2029 782 ad-

452 821 749 877 vertamus,
780 828 813 867 ο
838 813 937 867 viri
968 814 1146 882 periti,
1182 818 1324 885 quod
1355 817 1575 882 dicitur,
1606 815 1707 872 Job
1732 834 1883 873 suum
1910 834 2028 872 ma-

452 899 721 956 ledicebat
749 918 853 955 non
877 904 1015 957 diem
1042 904 1155 968 Dei,
1185 921 1290 959 non
1318 907 1641 961 conditionis
1670 922 1844 978 neque
1875 925 2028 963 crea-

453 1002 588 1047 tura:
632 994 744 1058 Dei,
790 995 883 1050 sed
911 995 1052 1050 diem
1092 1013 1270 1051 suum.
1303 998 1470 1065 Quem
1512 999 1653 1053 diem
1686 1016 1839 1054 suum
1869 1002 1893 1053 ’ἒ
1926 1000 2026 1068 Qui

452 1099 560 1137 non
617 1086 748 1150 fuit,
780 1102 940 1156 quem
984 1104 1089 1141 non
1150 1089 1371 1155 habuit,
1416 1107 1573 1160 quem
1616 1109 1720 1147 non
1768 1094 2023 1163 possedit.

452 1173 622 1239 Quem
647 1190 777 1245 ergo
805 1193 910 1231 non
941 1178 1151 1244 habuit,
1178 1194 1353 1250 neque
1389 1183 1649 1251 possedit,
1671 1199 1845 1252 neque
1874 1184 2025 1251 vidit,

450 1280 626 1334 neque
649 1267 701 1321 in
727 1269 843 1337 ejus
875 1280 1143 1339 potestate
1176 1271 1296 1337 fuit,
1330 1274 1471 1327 hunc
1496 1290 1616 1328 cum
1658 1276 2025 1345 malediceret,

450 1359 584 1413 nihil
625 1361 922 1416 maledixit.
955 1362 1227 1418 Maledixit
1274 1366 1413 1434 quod
1446 1382 1549 1421 non
1580 1367 1713 1435 fuit,
1746 1370 1889 1438 quod
1922 1385 2027 1424 non

450 1450 672 1516 habuit,
704 1456 845 1521 quod
901 1469 1005 1508 non
1040 1456 1203 1511 vidit.
1250 1454 1379 1511 [tem
1431 1458 1605 1515 adhuc
1658 1460 2029 1531 ntaledicebat,

449 1543 654 1614 inquit,
691 1560 847 1599 suum
894 1547 1057 1604 diem.
1106 1548 1232 1603 Sive
1278 1549 1420 1603 dicm
1467 1566 1622 1605 suum
1671 1553 2028 1626 maledixerit,

448 1636 561 1689 sive
618 1636 875 1703 alienum,
911 1640 1045 1693 nihil
1094 1641 1402 1708 maledixit,
1442 1643 1544 1697 hoc
1577 1646 1720 1713 quod
1773 1662 1877 1701 non
1931 1647 2033 1704 fuit

449 1726 748 1783 maledixit.
788 1730 911 1786 Dies
954 1733 1097 1787 enim
1131 1750 1237 1787 non
1282 1744 1363 1789 est
1398 1735 1448 1789 in
1476 1745 1691 1800 natura,
1721 1756 1823 1793 non
1856 1750 1937 1795 est
1976 1743 2027 1795 in

2133 542 2204 596 ita
2239 551 2293 595 et
2337 540 2577 595 omnium
2611 538 2821 592 dierum
2852 550 2880 589 a
2916 535 3111 591 saeculo
3152 546 3206 590 et
3247 550 3416 603 usque
3446 537 3497 589 in
3532 552 3707 591 stecu-

2131 633 2239 687 lmn
2268 646 2521 687 numerus
2552 638 2606 684 et
2634 636 2911 697 computus
2945 631 2995 681 in
3029 637 3320 697 conspectu
3357 629 3711 695 praseientia:

2133 723 2223 779 Dei
2277 732 2359 779 est
2385 730 2725 792 supputatus,
2753 729 2807 774 et
2840 733 3035 773 omnes
3074 718 3267 771 anima:
3306 718 3581 771 hominum
3613 734 3710 786 per

2130 815 2372 887 singulas
2401 823 2592 881 gentes
2633 822 2687 866 et
2714 812 2950 880 linguas,
2978 824 3072 879 per
3106 808 3487 876 generationes
3519 824 3583 860 ac
3612 823 3709 876 per

2130 920 2317 961 omnes
2366 905 2536 957 tribus
2598 910 2783 965 terrae,
2824 912 3160 969 unaquaeque
3197 896 3378 951 anima
3420 898 3486 949 de
3545 897 3710 951 totius

2130 999 2253 1053 vitae
2290 1012 2403 1053 suae
2448 1006 2607 1050 aetate
2656 994 2929 1049 redditura
2961 1000 3045 1045 est
3089 991 3139 1044 in
3167 989 3371 1059 judicio
3420 991 3707 1043 rationem.

2132 1089 2237 1145 Sed
2265 1099 2319 1144 et
2355 1089 2480 1157 quid
2514 1102 2611 1156 per
2646 1098 3080 1154 unamquamque
3120 1084 3297 1144 diem,
3330 1081 3414 1135 vel
3449 1080 3704 1149 gesserit,

2130 1185 2213 1239 vel
2247 1184 2423 1237 locuta
2466 1181 2657 1243 fuerit,
2695 1178 2777 1231 vel
2815 1176 3155 1247 cogitaverit,
3190 1174 3370 1229 omnia
3400 1186 3709 1242 proponen—

2134 1286 2223 1330 tur
2271 1275 2322 1329 in
2365 1271 2790 1341 judicio,omnia
2824 1268 3158 1323 deducentur
3188 1267 3241 1320 iit
3279 1264 3705 1334 inquisitionem,

2131 1384 2235 1422 non
2269 1365 2675 1435 resurgentibus
2694 1362 2885 1417 diebus
2919 1359 3010 1429 qui
3045 1374 3219 1428 neque
3249 1367 3497 1411 naturam
3534 1371 3708 1425 neque

2130 1457 2486 1512 substantiam
2534 1454 2767 1518 habent,
2797 1451 2894 1506 sed
2942 1449 3099 1505 lactis
3144 1449 3385 1502 omnium
3426 1448 3706 1501 hominum

2130 1547 2516 1604 demonstratis
2547 1546 2601 1600 in
2641 1555 2835 1598 natura
2889 1542 3194 1596 animarum
3248 1550 3304 1594 et
3333 1554 3621 1607 corporum
3654 1540 3707 1589 in

2130 1640 2530 1709 corruptionem
2573 1634 3000 1705 resurgentium.
3047 1632 3307 1700 Exigetur
3350 1645 3478 1700 ergo
3520 1630 3575 1684 in
3623 1629 3714 1683 die

2132 1730 2552 1787 resurrectionis
2589 1737 2643 1784 et
2667 1726 2854 1797 judicii
2880 1726 2948 1779 ab
2980 1725 3124 1778 onmi
3166 1724 3345 1777 anima
3398 1722 3713 1776 Christiana

447 1820 769 1886 substantia,
804 1837 977 1892 neque
1005 1824 1055 1877 in
1091 1825 1306 1894 propria
1340 1836 1622 1895 potestate,
1646 1827 1759 1883 Lux
1789 1830 2021 1898 videtur,
2056 1818 2096 1872 Β
2125 1822 2363 1877 omnium
2399 1821 2607 1876 dierum
2639 1820 2760 1871 vita:
2788 1815 2906 1884 ejus
2932 1815 3110 1869 omnis
3147 1814 3378 1870 servitus
3401 1830 3564 1884 quant
3606 1814 3718 1867 Deo

445 1913 751 1968 substantia
788 1923 966 1969 autem
1009 1933 1115 1970 non
1153 1918 1387 1983 videtur,
1420 1930 1613 1974 natura
1648 1938 1774 1977 vero
1806 1941 1910 1979 non
1944 1935 2022 1981 te-

444 2017 626 2073 netur,
677 2023 853 2079 neque
907 2010 1364 2079 apprehenditur,
1393 2014 1516 2082 quia
1553 2016 1671 2072 dies
1721 2033 1827 2073 non
1863 2020 2023 2076 habet

443 2106 692 2153 naturam
727 2114 901 2169 neque
925 2102 1308 2158 substantiam.
1328 2104 1534 2161 Nomen
1564 2109 1743 2175 habet,
1775 2120 2020 2166 naturam

442 2203 572 2244 vero
600 2206 705 2245 non
738 2191 923 2248 habet.
965 2193 1119 2249 Sicut
1160 2196 1290 2251 hora
1328 2213 1520 2253 nomen
1557 2200 1737 2267 habet,
1776 2204 2022 2259 substan-

443 2281 571 2334 tiam
595 2293 779 2346 _auteut
820 2300 924 2339 non
954 2286 1136 2354 habet,
1165 2289 1242 2344 sic
1271 2298 1325 2344 et
1362 2292 1479 2346 dies
1502 2308 1696 2347 nomen
1730 2295 2022 2361 habet,sed

442 2374 801 2430 substantiam
835 2378 916 2432 vel
974 2390 1223 2435 naturam
1257 2398 1361 2438 non
1401 2386 1584 2440 habet.
1619 2388 1756 2453 Quid
1788 2403 1916 2460 ergo
1942 2401 2026 2446 est

418 2465 610 2522 dies?
649 2468 808 2525 Lucis
849 2480 1091 2543 tempus,
1122 2473 1258 2531 lucis
1297 2479 1553 2534 transitus
1597 2489 1651 2535 et
1684 2482 1813 2535 solis
1846 2494 2019 2550 ortus,

442 2561 509 2611 ab
546 2560 751 2616 oriente
794 2578 965 2631 usque
1006 2566 1071 2619 ad
1116 2581 1367 2621 occasum
1401 2568 1683 2625 decursus.
1720 2570 1859 2627 Solis
1893 2590 2020 2645 ergo

441 2648 554 2716 lux,
581 2652 695 2708 dies
727 2653 1056 2723 appellatur:
1081 2657 1211 2711 solis
1240 2662 1526 2727 transiture,
1557 2662 1673 2717 dies
1698 2665 2015 2721 aestimatur.

440 2743 575 2800 Nam
609 2756 664 2802 et
696 2763 823 2803 vere
846 2749 917 2803 ita
941 2760 1042 2804 est.
1061 2749 1201 2805 Solis
1223 2753 1366 2805 enim
1391 2753 1651 2807 decursus
1676 2754 1776 2808 diei
1812 2765 2021 2824 tempus

437 2839 746 2908 dimetitur,
781 2842 887 2897 diei
916 2844 1203 2897 terminum
1244 2847 1411 2915 ponit,
1433 2847 1547 2899 sive
1573 2845 1639 2899 ad
1670 2846 2018 2905 hreviandum

437 2932 604 2996 diem,
636 2933 750 2986 sive
780 2934 848 2988 ad
900 2934 1352 3005 prolongandum.
1399 2938 1553 3004 Quod
1603 2952 1781 2997 autem
1814 2943 1885 2997 ita
1914 2954 2017 3008 est,

435 3022 600 3076 etiam
628 3022 906 3093 Scriptura
934 3024 1266 3081 demonstrat
1288 3029 1471 3083 dicens
1508 3048 1521 3083 :
1552 3032 1735 3087 Omnis
1769 3033 1862 3087 lux
1915 3035 2021 3088 diei

436 3127 503 3167 ea:
546 3112 674 3167 sole.
722 3115 798 3168 Ae
832 3115 877 3169 si
918 3116 1127 3171 diceret
1165 3140 1176 3173 :
1214 3118 1383 3174 Omne
1420 3129 1627 3191 tempus
1657 3138 1687 3176 a
1725 3125 1856 3181 sole.
1889 3125 2017 3178 Nam

2126 1919 2247 1963 erat
2281 1907 2612 1971 exhibitura,
2637 1916 2693 1960 et
2716 1919 2877 1959 omne
2902 1918 3039 1974 opus
3085 1903 3412 1966 sanctitatis,
3440 1905 3585 1972 quod
3617 1918 3719 1971 per

2126 2001 2363 2071 singulos
2402 2001 2518 2054 dies
2543 2009 2661 2053 erat
2698 1995 3000 2067 perfectura
3028 1998 3144 2051 sive
3176 1998 3233 2050 in
3270 1997 3572 2065 gratiarum
3615 2011 3718 2051 ac-

2127 2093 2360 2148 tionibus
2389 2102 2444 2148 et
2490 2090 2955 2154 confessionibus,
3002 2091 3119 2144 sive
3171 2089 3224 2143 in
3272 2089 3615 2143 orationibus
3652 2106 3719 2145 ac

2125 2190 2592 2260 deprecationibus
2626 2187 2906 2242 matutinis
2929 2196 2981 2239 et
3010 2185 3353 2254 vespertinis,
3377 2185 3492 2237 sive
3518 2186 3572 2238 in
3592 2200 3717 2237 om-

2126 2284 2284 2337 nibus
2322 2282 2477 2336 bouis
2508 2281 2766 2350 operibus
2796 2294 2917 2346 quae
2950 2279 3001 2331 in
3041 2278 3258 2331 nomine
3292 2275 3506 2330 Domini
3539 2276 3716 2329 nostri

2123 2376 2247 2432 Jcsu
2277 2376 2477 2431 Christi
2501 2374 2879 2445 perﬁciuntur.
2915 2372 3026 2427 Hoc
3065 2370 3277 2425 scilicet
3316 2371 3568 2439 ignorant
3599 2371 3720 2439 ple-

2128 2468 2281 2536 rique
2312 2465 2681 2535 insipientium
2716 2473 2880 2532 atque
2927 2460 3375 2529 irreligiosorum,
3403 2461 3494 2529 qui
3524 2462 3717 2515 admo-

2124 2572 2319 2614 nentur
2374 2557 2632 2613 l'estinare
2659 2557 2723 2610 ad
2753 2554 3008 2625 templum
3057 2553 3171 2616 Dei,
3206 2555 3297 2622 qui
3347 2563 3613 2607 vocantur
3639 2556 3707 2607 ad

2125 2650 2420 2705 Ecclesium
2450 2647 2541 2702 Dei
2582 2647 2908 2708 accelerare.
2932 2655 2986 2700 et
3016 2645 3311 2700 terribilem
3343 2642 3439 2699 Dei
3480 2646 3713 2714 gloriam

2125 2742 2378 2803 adorare,
2404 2751 2458 2794 et
2488 2749 2581 2793 aut
2620 2754 2719 2807 pro
2750 2737 2993 2809 neglectu
3043 2737 3278 2803 habent,
3307 2746 3401 2790 aut
3427 2737 3479 2789 iu
3525 2741 3716 2791 vacui-

2126 2843 2290 2888 tatem
2323 2833 2549 2896 ducunt,
2575 2840 2668 2886 aut
2723 2831 2859 2885 alias
2891 2831 3274 2884 excusationes
3313 2829 3603 2882 inveniunt
3632 2831 3716 2882 di-

2121 2935 2309 2982 centes
2358 2939 2373 2976 :
2413 2924 2672 2979 Hesterna
2709 2920 3053 2983 manducavi,
3087 2920 3322 2973 crastina
3349 2920 3709 2984 manducent;

2122 3020 2214 3074 sed
2238 3017 2478 3087 quotidie
2512 3023 2565 3070 et
2592 3017 2736 3068 omni
2784 3024 3028 3081 tempore
3075 3009 3452 3066 indiﬁerenter
3486 3013 3715 3066 student

2124 3108 2383 3176 reperire,
2409 3116 2462 3161 et
2481 3106 2741 3162 exhibere
2790 3104 3007 3174 corpori
3036 3111 3231 3156 cuncta
3264 3117 3384 3171 quas
3408 3115 3711 3156 consuetu-

436 3205 577 3259 sicut
602 3206 821 3274 quilibet
848 3208 1042 3264 alicubi
1074 3213 1126 3265 in
1160 3213 1393 3266 tenebris
1425 3229 1546 3268 cum
1584 3215 1801 3270 lucerna
1836 3227 2017 3272 trans-

2124 3200 2264 3255 dinis
2315 3210 2488 3254 sunt:
2539 3200 2647 3253 Deo
2678 3208 2883 3263 autem,
2930 3195 3015 3251 vel
3063 3196 3258 3250 animat
3305 3210 3419 3249 suae
3463 3203 3712 3262 tempora

437 3295 582 3361 ierit,
628 3312 909 3369 usquequo
942 3301 1155 3355 lucerna
1190 3302 1363 3367 adest,
1403 3303 1493 3357 illo
1518 3320 1686 3373 usque
1708 3316 1762 3359 et
1803 3305 1887 3360 lux
1916 3319 2019 3372 est,

437 3399 613 3454 neque
674 3390 1029 3444 substantiam
1090 3391 1295 3446 habens
1349 3408 1525 3461 neque
1587 3406 1870 3460 naturam,
1929 3399 2021 3452 sed

435 3476 775 3544 splendorem
815 3489 1019 3534 tantum
1044 3498 1057 3533 :
1084 3483 1127 3535 si
1156 3498 1285 3551 ergo
1311 3484 1435 3551 quis
1469 3486 1815 3541 maledixerit
1844 3488 2023 3557 splen-

437 3568 621 3623 dorem
656 3568 906 3634 lucernaa,
942 3572 1073 3626 nihil
1104 3574 1401 3640 maledicit,
1444 3578 1546 3631 nisi
1589 3581 1874 3633 transitum
1902 3580 2020 3633 ina-

435 3676 581 3724 nem,
624 3671 783 3729 atque
842 3664 1131 3717 decursum
1170 3683 1275 3721 non
1325 3680 1675 3723 manentem:
1718 3670 1789 3724 ita
1816 3682 1867 3726 et
1897 3670 2019 3739 Joh,

434 3764 556 3803 cum
589 3750 807 3805 luminis
842 3764 1009 3821 atque
1051 3756 1357 3824 splendoris
1406 3759 1694 3813 transitum
1741 3762 2022 3819 maledice-

439 3852 542 3904 ret,
568 3840 672 3896 hoc
699 3842 840 3909 quod
871 3859 978 3897 non
1018 3854 1136 3900 erat
1166 3847 1457 3901 maledixit.
1482 3848 1615 3903 Nam
1643 3851 1757 3907 dies
1781 3850 1903 3908 cum
1934 3870 2021 3909 so-

435 3929 504 3986 lis
555 3935 785 3989 decursu
837 3938 1106 3992 transiens
1163 3942 1434 4008 transivit,
1463 3951 1517 3995 et
1558 3942 1693 3997 ultra
1732 3944 1874 3999 idem
1908 3947 2020 4017 ipse

434 4036 543 4076 non
576 4035 896 4080 revertetur.
920 4025 1053 4081 Cum
1082 4029 1375 4085 identidem
1395 4042 1549 4087 ortus
1568 4033 1735 4089 fuerit
1756 4036 1855 4101 sol,
1882 4039 2018 4095 alius

432 4114 639 4168 orietur
668 4117 781 4171 dies
807 4156 823 4181 ,
850 4118 1089 4188 ejusdem
1123 4124 1354 4179 nominis
1389 4135 1448 4179 ut
1478 4126 1601 4191 ille,
1632 4130 1727 4184 sed
1764 4147 1872 4186 non
1905 4133 2019 4201 ipse

433 4206 525 4274 qui
574 4206 683 4261 ille.
718 4208 807 4262 Ille
856 4224 988 4279 ergo
1032 4214 1145 4266 dies
1180 4216 1454 4271 transiens
1496 4220 1769 4285 transivit,
1810 4236 1865 4277 et
1902 4240 2019 4278 am-

433 4296 573 4365 plius
596 4314 699 4352 non
721 4300 919 4365 veniet,
948 4305 1076 4372 quia
1097 4304 1236 4359 ultra
1264 4319 1485 4364 nonest.
1516 4306 1651 4365 Nam
1685 4314 1824 4368 sicut
1856 4316 2017 4372 homo

430 4388 522 4456 qui
562 4402 803 4446 mortuus
834 4392 1015 4459 fuerit,
1058 4398 1333 4467 transivit,
1367 4409 1421 4455 et
1469 4403 1608 4458 ultra
1655 4421 1759 4459 non
1801 4408 2011 4474 veniet,

431 4494 608 4548 neque
639 4484 867 4552 amplius
898 4488 1205 4554 revertitur,
1242 4492 1383 4546 alius
1437 4496 1679 4549 nascitur
1724 4507 1778 4552 et
1820 4504 2009 4554 eodem

2126 3301 2372 3347 Statuunt
2412 3306 2476 3346 ac
2515 3291 2813 3345 metiuntur
2849 3301 2902 3343 et
2939 3292 3052 3344 dies
3106 3297 3421 3357 supputant,
3456 3287 3713 3356 ignoran-

2129 3394 2209 3439 tes
2238 3385 2363 3453 quia
2407 3384 2639 3437 irrident
2693 3383 3018 3452 semetipsos
3045 3391 3099 3436 et
3128 3382 3340 3435 animas
3377 3394 3526 3432 suas.
3569 3377 3712 3431 Nam

2124 3479 2263 3531 sicut
2306 3476 2553 3544 superius
2584 3474 2854 3541 diximus,
2883 3474 3123 3528 omnium
3171 3474 3379 3526 diermn
3431 3471 3556 3524 vitae
3598 3486 3714 3523 sua:

2126 3572 2392 3625 ratiooem
2425 3569 2684 3624 reddituri
2716 3580 2839 3623 sunt
2873 3583 2970 3637 pro
2994 3568 3247 3637 Operibus
3279 3566 3586 3620 sanctitatis
3612 3581 3714 3634 per

2124 3660 2366 3728 singulos
2422 3660 2536 3714 dies
2578 3659 2763 3714 artatis
2812 3674 2942 3722 suae,
2978 3659 3060 3712 vel
3115 3659 3201 3712 hic
3251 3672 3413 3725 super
3462 3667 3709 3722 terram,

2124 3754 2205 3807 vel
2252 3755 2306 3807 in
2350 3752 2574 3820 judicio.
2610 3751 2812 3821 Pagani
2840 3754 2982 3806 enim
3007 3792 3022 3814 ,
3051 3760 3214 3821 atque
3243 3765 3431 3805 omnes
3462 3750 3712 3804 inﬁdeles

2124 3843 2175 3899 in
2196 3844 2401 3912 judicio
2425 3860 2526 3897 non
2557 3846 2798 3910 venient,
2818 3842 2910 3896 sed
2934 3843 3045 3913 jam
3080 3858 3146 3896 ex
3170 3842 3272 3896 hoc
3299 3841 3534 3895 damnati
3554 3852 3708 3907 sunt,

2122 3946 2173 3990 et
2205 3944 2427 4006 prapter
2474 3934 2849 3988 inﬁdelitatem
2883 3932 3282 3987 inexcusabiles
3316 3932 3369 3985 in
3400 3944 3588 3999 pmuas
3626 3932 3712 3984 in-

2123 4026 2362 4082 ferorum
2405 4026 2746 4095 expellentur
2780 4042 2793 4078 :
2836 4023 2871 4078 ii
2924 4039 3055 4078 vero
3103 4025 3196 4090 qui
3237 4023 3290 4075 in
3331 4022 3435 4077 ﬁde
3468 4035 3587 4075 esse
3628 4023 3710 4075 vi-

2120 4121 2336 4185 dentur,
2368 4130 2422 4174 et
2469 4135 2636 4189 pravo
2670 4118 2884 4172 nomine
2933 4126 3251 4175 censentur,
3291 4114 3401 4179 isti,
3453 4114 3706 4183 inquam,

2119 4225 2309 4266 omnes
2342 4211 2393 4265 iu
2427 4208 2656 4265 terribili
2700 4208 2787 4262 illa
2826 4208 3015 4277 judicii
3069 4206 3419 4275 inquisitione
3454 4207 3707 4259 omnium

2119 4305 2328 4359 dierum
2364 4303 2485 4357 vitae
2521 4316 2631 4355 sum
2667 4298 3089 4368 uniuscujusque
3121 4299 3224 4351 diei
3261 4297 3485 4351 reddent
3534 4298 3710 4351 ratio-

2120 4412 2263 4461 nem,
2291 4394 2567 4464 quomodo
2611 4391 2961 4462 impleverint
3011 4388 3101 4442 Dei
3149 4390 3497 4450 servitutem,
3532 4396 3709 4454 atque

2118 4504 2251 4558 opus
2293 4486 2592 4543 sanctitatis
2610 4502 2704 4555 per
2729 4497 3165 4552 unumquemque
3208 4481 3370 4535 diem.
3398 4479 3521 4534 Haec
3552 4480 3707 4535 vide—

431 4573 651 4628 nomine
700 4577 1024 4647 appellatur,
1058 4590 1112 4635 et
1163 4585 1554 4652 cognominalis
1590 4588 1665 4641 illi
1703 4590 2003 4655 vocitatur,

2134 4584 2240 4636 icet
2290 4581 2541 4633 universa
2575 4578 2705 4631 foris
2736 4593 2835 4630 nos
2866 4576 3089 4630 devians
3133 4574 3220 4627 hic
3256 4588 3435 4626 sermo
3470 4588 3566 4641 per
3611 4588 3705 4626 oc-

432 4663 527 4716 sed
563 4679 668 4717 non
707 4666 844 4720 idem
884 4669 998 4738 ipse
1044 4680 1147 4736 est,
1180 4674 1274 4727 sed
1311 4675 1450 4730 alius
1482 4694 1496 4729 :
1536 4677 1608 4731 ita
1636 4690 1690 4732 et
1719 4680 1835 4735 dies
1864 4679 2008 4749 ejus-

429 4751 552 4805 dent
602 4756 836 4810 nominis
874 4760 1073 4825 veniet,
1124 4762 1261 4818 idem
1314 4765 1428 4835 ipse
1488 4783 1616 4823 vero
1654 4786 1758 4823 non
1808 4775 2008 4828 veniet.

431 4838 565 4897 Nam
618 4843 756 4899 sicut
805 4848 1026 4916 spiritus
1056 4852 1246 4908 exiens
1274 4854 1457 4911 denuo
1495 4874 1602 4913 non
1639 4863 1930 4917 revertitur
1956 4875 2010 4920 et

431 4946 537 4987 non
564 4946 849 4991 revocatur
870 4942 1051 4996 anima
1076 4944 1314 5011 sublata,
1336 4949 1588 5005 similiter
1613 4951 1729 5007 dies
1747 4958 2010 5011 transiens

428 5023 606 5079 denuo
637 5042 742 5081 non
792 5034 1102 5101 revertitur,
1135 5053 1310 5107 neque
1356 5041 1494 5096 ultra
1538 5044 1589 5096 in
1626 5048 1875 5113 praesenti
1909 5050 2009 5103 hoc

431 5116 631 5173 saeculo
665 5134 972 5179 revocatur.
1004 5124 1137 5182 Nam
1192 5132 1335 5186 sicut
1373 5136 1520 5189 onmi
1557 5136 1762 5191 homini
1794 5142 2014 5194 ordina-

434 5222 544 5301 tum
600 5221 684 5267 est
742 5222 987 5285 tempus,
1035 5230 1195 5290 atque
1250 5224 1552 5283 dimensum
1605 5230 1727 5284 vita}
1776 5234 2008 5301 spatium

432 5302 853 5373 uniuscujusque

430 5395 738 5452 ordinatum
790 5408 893 5467 est,
937 5411 1102 5472 atque
1128 5403 1404 5463 dimensus
1434 5410 1562 5465 solis
1595 5413 1877 5480 transitus,
1900 5429 2009 5484 quo

434 5495 748 5542 transeunte
780 5505 881 5544 non
911 5501 996 5545 est
1019 5494 1135 5549 dies
1162 5495 1251 5549 ille
1280 5497 1416 5551 ultra
1452 5500 1542 5568 qui
1578 5509 1883 5555 transactus
1906 5512 2007 5554 est.

432 5577 501 5635 Et
527 5582 704 5639 adhuc
734 5584 877 5641 sicut
905 5588 1152 5643 omnibus
1184 5591 1493 5647 hominibus
1534 5610 1562 5646 a
1603 5595 1800 5649 saeculo
1835 5605 1888 5651 ct
1922 5611 2011 5650 us-

996 5766 1038 5799 “
1069 5765 1197 5820 ibid.

580 5758 696 5821 Job
734 5778 792 5818 ιιι
820 5804 833 5830 ,
871 5763 917 5822 l.
996 5766 1038 5799 εδ
1069 5765 1197 5820 ibid.
1276 5768 1318 5799 ³⁵
1350 5766 1447 5823 Job
1483 5784 1519 5833 ι,
1546 5766 1633 5821 21.

903 5323 919 5360 :
964 5310 1211 5366 similiter
1265 5316 1491 5385 singulis
1549 5317 1741 5374 diebus
1798 5329 2009 5392 tempus
2068 5349 2084 5363 ο

2119 4672 2395 4726 casionem
2432 4668 2716 4723 memorati
2758 4667 2861 4721 diei
2919 4667 3099 4719 dicere
3149 4663 3595 4757 admonuit’bene
3640 4680 3705 4717 ac

2119 4761 2423 4814 necessarie
2449 4800 2464 4822 ,
2500 4770 2685 4828 utpote
2722 4773 2818 4827 pro
2870 4758 3133 4811 bonorum
3184 4752 3706 4807 commemoratione

2116 4852 2200 4905 his
2231 4851 2323 4920 qui
2348 4849 2479 4904 salvi
2511 4848 2625 4903 ﬁeri
2659 4848 2994 4902 desiderant.
3030 4845 3136 4899 Sed
3164 4858 3378 4896 rursum
3407 4843 3474 4895 ad
3504 4857 3677 4911 prope

2120 4941 2283 4994 situm
2339 4950 2695 4995 revertamur.
2742 4936 3112 4999 Maledicebat,
3162 4934 3354 5001 inquit,
3405 4931 3505 4985 Job
3559 4932 3702 4984 diem

2116 5051 2271 5089 suum
2297 5034 2363 5097 “;
2419 5048 2523 5087 non
2567 5030 2922 5084 maledicehat
2954 5026 3163 5089 Deum,
3201 5040 3306 5079 non
3346 5024 3702 5093 reprehende—

2117 5129 2228 5195 bat,
2263 5142 2374 5180 non
2417 5123 2861 5194 blasphemabat,
2893 5135 2997 5174 nun
3041 5117 3352 5179 accusabat,
3387 5131 3493 5170 non
3547 5131 3701 5168 mur-

2117 5221 2367 5273 murabat
2393 5218 2458 5271 de
2488 5218 2596 5271 Deo
2621 5255 2636 5280 ,
2682 5231 2787 5268 non
2838 5213 3082 5281 ingratus
3121 5209 3418 5264 exsistebat
3460 5206 3700 5271 Deo,sed

2113 5309 2255 5362 diem
2317 5306 2671 5361 maledicebat
2718 5302 2811 5372 qui
2858 5318 2962 5355 non
3003 5309 3139 5355 erat.
3185 5297 3318 5352 Nam
3355 5297 3465 5350 Deo
3493 5296 3699 5365 gratias

2118 5407 2330 5473 agebat,
2381 5399 2759 5459 conﬁtebatur,
2813 5393 3130 5454 invocabat,
3161 5389 3538 5445 henedicebat.
3588 5386 3695 5449 Sit,

2120 5496 2312 5566 inquit,
2349 5509 2536 5547 nomen
2587 5489 2797 5544 Domini
2846 5488 3171 5542 benedictum
3198 5484 3252 5537 in
3296 5481 3492 5537 sucula
3524 5481 3697 5533 “.Sic

2120 5592 2301 5660 itaque
2353 5583 2718 5643 benedicendo
2741 5623 2756 5650 ,
2786 5596 2848 5636 ac
2882 5580 3086 5650 gratias
3134 5579 3343 5646 agendo
3394 5573 3520 5638 Deo,
3554 5575 3692 5627 diem
