3880 6212
181 337 292 393 615

1281 324 1671 384 ANONYMUS
1706 322 1775 379 IN
1810 320 1953 378 JOB.
1991 347 2059 358 —
2097 315 2228 371 ΠΒ.
2271 314 2361 370 111.

3350 313 3453 368 5H

183 447 279 516 qui
322 458 422 502 nec
468 444 727 498 visionem
749 481 763 505 ,
801 455 903 497 nec
955 448 1200 494 naturam
1225 477 1241 503 ,
1276 452 1374 491 nec
1410 437 1766 491 substantiam
1797 439 1843 495 Α
1874 434 1960 498 tis,
1997 449 2170 501 neque
2194 432 2308 487 dies
2347 431 2508 496 (iiiis,
2540 444 2715 502 neque
2755 429 2875 485 dies
2913 428 3094 484 exitus
3122 427 3192 483 de
3228 431 3328 483 hoc
3356 444 3451 483 sae-

186 538 372 601 babet,
406 536 788 599 maledicebat,
825 534 911 588 vel
955 533 1137 602 potius
1187 546 1309 584 eum
1348 530 1438 598 qui
1476 543 1581 583 non
1619 538 1759 596 erat,

187 631 329 684 sicut
368 627 515 697 prius
538 637 816 683 ostensum
846 634 947 688 est,
979 632 1035 681 et
1062 625 1161 678 hoc
1193 633 1251 677 ut
1286 631 1488 677 tantum
1524 620 1774 690 loquere-

192 732 298 776 tur.
340 721 448 776 Sed
482 718 731 774 fortassis
758 714 894 772 dicit
929 714 1147 784 aliquis,
1180 729 1278 768 cur
1312 713 1533 766 omnino
1563 711 1665 766 hoc
1690 711 1774 766 di-

190 816 287 876 cit,
326 813 410 867 vel
434 828 531 867 cur
560 812 660 866 hoc
687 809 899 864 locutus
928 818 1011 863 est
1044 807 1253 872 ?Audi,
1284 822 1316 860 o
1341 805 1523 860 homo.
1549 802 1631 859 Ob
1672 804 1775 858 hoc

190 906 403 960 loculus
443 904 559 958 haec
607 902 771 966 dicit,
806 902 930 971 quia
959 899 1249 955 validiores
1284 896 1499 952 dolores
1525 911 1646 950 eum
1681 910 1776 965 apo

194 996 599 1069 prehenderunt
625 996 798 1062 magis
828 1008 988 1063 quam
1024 1005 1166 1047 nunc
1194 1001 1249 1044 tu
1299 988 1549 1044 arbitrari
1583 987 1775 1057 possis,

197 1088 323 1160 quia
352 1084 811 1141 lamentabiliores
832 1082 1131 1138 sustinebat
1159 1080 1403 1135 miserias
1424 1078 1592 1149 magis
1616 1092 1777 1146 quam

199 1191 255 1233 tn
287 1178 527 1249 cogitare
549 1175 745 1230 valeas.
784 1173 918 1228 Nam
958 1188 1078 1243 quae
1107 1172 1195 1226 ille
1230 1171 1532 1226 sustinebat
1558 1168 1603 1223 si
1639 1174 1782 1223 nunc

195 1274 431 1334 videres,
452 1286 550 1325 nec
581 1270 648 1323 ad
683 1267 966 1323 videndum
1000 1266 1223 1319 omnino
1248 1262 1540 1320 sulIiceres.
1566 1262 1630 1316 Et
1651 1276 1785 1332 quo-

196 1366 360 1420 modo
387 1363 496 1434 pati
524 1361 609 1416 vel
639 1360 911 1415 sustinere
946 1373 1133 1427 posses
1171 1356 1237 1410 ad
1276 1354 1563 1409 videndmn
1608 1353 1786 1409 homi-

196 1472 320 1510 nem
348 1453 634 1524 perforatis
661 1451 875 1505 ossibus
900 1460 955 1503 et
980 1446 1405 1518 liquescentibus
1440 1443 1695 1499 carnibus
1724 1455 1789 1498 ac

198 1547 381 1602 nervis
414 1542 748 1611 consumptis
778 1542 802 1595 ?
829 1541 955 1596 Haec
983 1540 1237 1593 universa
1268 1535 1569 1591 sustinebat
1590 1532 1791 1603 gratias

200 1656 370 1712 agens
413 1639 549 1703 Deo,
585 1638 839 1692 universa
894 1636 1009 1690 haac
1066 1630 1421 1702 supportabat
1464 1626 1791 1683 benedicens

200 1732 391 1787 Deum.
418 1730 764 1800 Loquebatur
812 1744 942 1782 vero
976 1740 1073 1780 ore
1118 1740 1181 1779 ea
1222 1737 1342 1792 quae
1379 1736 1479 1775 nec
1515 1720 1622 1774 Deo
1646 1757 1663 1783 ,
1694 1730 1794 1771 nec

1872 528 2009 582 culo.
2042 524 2137 581 Est
2178 540 2412 595 namque
2454 524 2845 579 consummatio
2873 532 2929 578 et
2970 523 3185 591 requies
3226 532 3279 575 et
3313 522 3457 576 dolo-

1874 636 1992 675 rum
2020 622 2260 672 omnium
2298 617 2559 671 transitus
2588 632 2653 672 ac
2676 616 2962 686 depositio.
2998 614 3123 669 Dies
3160 613 3459 669 nativitatis

1874 712 2114 767 omnium
2138 710 2543 765 tribulationum
2567 716 2622 763 et
2644 708 3038 779 angustiarum,
3059 705 3303 760 dolorum
3328 720 3462 774 quo-

1876 820 1981 877 que
2001 816 2056 861 et
2078 804 2447 868 miseriarum,
2466 801 2710 857 omnium
2740 799 3093 855 nihilominus
3115 807 3462 868 peccatorum

1879 910 2045 970 atque
2085 899 2421 968 impietatum
2474 895 2688 951 initium
2717 904 2802 949 est
2850 904 3013 962 atque
3047 891 3339 955 introitus,
3370 903 3468 959 per

1880 1007 2040 1062 quem
2070 999 2297 1061 pereunt
2321 988 2503 1058 impia:
2530 999 2694 1058 atque
2746 985 3064 1056 irreligiosaa
3091 984 3306 1049 animm,
3338 996 3467 1053 ergo

1881 1083 2118 1140 omnium
2160 1082 2348 1138 horum
2379 1096 2500 1150 quae
2543 1089 2840 1134 memorata
2890 1086 3016 1133 sunt
3060 1077 3275 1131 initium
3306 1085 3468 1143 atque

1885 1177 2139 1233 introitus
2187 1171 2560 1242 corruptibilis
2606 1170 2905 1225 nativitatis
2963 1169 3078 1223 dies
3117 1177 3218 1223 est.
3279 1167 3470 1222 Merito

1886 1268 2206 1327 maledictus
2234 1267 2351 1322 dies
2384 1267 2435 1320 in
2475 1281 2587 1336 quo
2623 1274 2781 1318 natus
2815 1278 2933 1317 sum
2959 1302 2974 1327 ,
3007 1261 3132 1331 quia
3177 1259 3367 1315 melior
3388 1269 3473 1314 est

1888 1368 2007 1423 dies
2055 1367 2248 1421 mortis
2279 1379 2440 1434 quam
2477 1362 2796 1425 nativitatis,
2842 1360 2985 1414 sicut
3030 1360 3160 1414 dicit
3198 1357 3472 1413 Ecclesia-

1890 1467 2003 1513 stes
2031 1455 2098 1521 ",
2121 1464 2177 1510 et
2200 1462 2485 1525 propterea
2526 1452 2849 1507 maledict'us
2900 1451 3017 1505 dies
3062 1450 3114 1503 in
3155 1464 3264 1518 quo
3316 1458 3475 1502 natus

1892 1565 2032 1605 sum.
2062 1549 2241 1616 Quare
2266 1546 2289 1601 ?
2311 1547 2439 1616 quia
2482 1561 2578 1616 per
2606 1545 2777 1610 hunc,
2815 1542 3018 1611 inquit.
3051 1544 3118 1597 ad
3152 1556 3341 1597 omnes
3377 1542 3476 1595 hos

1894 1642 2157 1696 nefandos
2198 1639 2417 1709 perveni
2459 1636 2693 1702 dolores,
2735 1635 2861 1705 quia
2899 1650 2995 1705 per
3024 1636 3166 1689 hunc
3194 1634 3262 1687 ad
3292 1633 3476 1687 omnia

1896 1734 2010 1790 haec
2037 1732 2373 1787 amarissima
2404 1730 2628 1801 perveni
2654 1727 2939 1797 supplicia,
2964 1725 3089 1796 quia
3124 1741 3217 1794 per
3240 1724 3384 1778 hunc
3408 1722 3476 1778 ad

202 1822 412 1894 angelis
439 1821 555 1889 ejus
576 1819 799 1884 sanctis,
833 1833 933 1872 nec
971 1814 1131 1875 caelo,
1166 1827 1339 1881 neque
1372 1819 1532 1863 terrae
1556 1804 1790 1861 homini-

1908 1839 2169 1882 .errenum
2198 1825 2302 1879 hoc
2334 1823 2559 1877 veniens
2585 1820 2842 1875 sacculum
2872 1817 3189 1887 nequissimi
3220 1817 3480 1872 adversa—

203 1917 328 1978 bus,
358 1929 532 1983 neque
560 1920 774 1982 pelago,
804 1923 977 1977 neque
997 1905 1137 1970 'aeri,
1162 1916 1338 1972 neque
1367 1900 1490 1955 ullis
1521 1913 1639 1967 quae
1664 1902 1792 1951 sunt

203 2009 259 2061 in
315 2017 547 2069 natura,
596 2002 661 2055 ad
706 2001 941 2069 aliquam
990 1992 1375 2051 contumeliam
1425 1987 1791 2058 profecerunt.

205 2098 550 2168 Loquebatur
575 2094 825 2147 nimirum
849 2088 1004 2161 quasi
1041 2086 1315 2142 miseriam
1338 2083 1624 2144 ventilatis,
1641 2075 1794 2148 quasi

205 2200 389 2240 aerem
439 2182 771 2242 verberans.
812 2179 965 2249 quasi
1024 2177 1263 2232 dolorem
1317 2172 1608 2235 deferens,
1640 2167 1793 2239 quasi

203 2278 522 2335 extardiatus
567 2283 621 2327 et
665 2271 964 2326 molestiam
1016 2282 1210 2338 passus
1265 2274 1426 2333 atque
1465 2261 1659 2315 anxius
1700 2274 1796 2328 pro

208 2366 710 2425 vehementioribus
754 2360 1098 2432 passionibus
1126 2367 1181 2413 et
1223 2353 1541 2410 fortioribus
1590 2350 1794 2405 dolori-

208 2461 330 2516 bus.
358 2457 597 2513 Locutus
622 2463 707 2509 est
737 2463 990 2522 tanquam
1016 2449 1244 2519 quilibet
1283 2447 1336 2501 in
1368 2444 1551 2499 dolore
1592 2442 1799 2512 positus

208 2564 460 2619 quaerens
507 2545 824 2602 remedium.
858 2543 1141 2611 Tanquam
1178 2540 1300 2608 quis
1336 2537 1389 2591 in
1444 2534 1630 2590 dolore
1666 2535 1799 2587 den-

211 2644 367 2703 tium,
398 2649 493 2692 aut
523 2638 821 2703 oculorum,
857 2644 951 2688 aut
982 2634 1194 2687 aurium
1223 2631 1541 2701 frequenter
1565 2628 1801 2698 parietes

210 2731 485 2801 unguibus
522 2737 733 2791 exarat,
777 2727 1092 2796 frequenter
1119 2722 1285 2777 etiam
1325 2719 1671 2788 semetipsum
1704 2734 1800 2770 un-

210 2826 351 2893 gulis
381 2819 653 2874 exulcerat
683 2831 791 2887 pra:
823 2814 1104 2869 nimietate
1125 2812 1329 2867 doloris
1351 2824 1513 2881 quem
1542 2810 1799 2872 sustinet,

210 2913 451 2968 corrasis
488 2910 702 2965 ossibus
728 2915 781 2961 et
803 2906 1074 2976 palpebris
1104 2912 1268 2973 atque
1312 2901 1535 2954 auribus
1584 2915 1598 2952 :
1634 2899 1716 2952 sic
1747 2908 1803 2952 et

210 3005 406 3061 beatus
432 3000 532 3056 Job
559 3015 682 3055 cum
711 2995 1119 3068 perforarentur
1146 3008 1269 3048 ossa
1304 2992 1442 3061 ejus,
1465 3000 1520 3045 et
1559 2988 1807 3059 liqueﬁe-

214 3106 341 3153 rent
372 3110 567 3151 carnes
594 3094 744 3164 ejus,
772 3093 984 3146 locutus
1027 3097 1112 3143 est
1159 3086 1490 3142 maledicens
1532 3082 1675 3137 diem
1710 3081 1801 3149 qui

214 3204 325 3243 non
351 3195 491 3242 erat.
530 3185 622 3240 Sic
646 3196 878 3253 namque
907 3190 956 3235 et
984 3177 1248 3234 Jeremias
1270 3184 1489 3232 sanctus
1512 3181 1800 3243 postquam

215 3280 528 3338 ludat-orum
564 3276 826 3347 injustitia
852 3283 1014 3344 atque
1038 3270 1321 3341 impietate
1362 3281 1529 3337 usque
1562 3264 1631 3319 ad
1662 3277 1808 3318 mor-

220 3385 333 3427 tem
380 3370 798 3442 suggillaretur,
837 3365 1089 3421 similiter
1129 3360 1410 3416 maledixit
1444 3368 1605 3428 atque
1646 3356 1810 3411 devo-

222 3463 362 3517 tavit
392 3461 538 3515 diem
588 3457 884 3514 nativitatis
912 3470 1023 3512 suae
1052 3454 1118 3506 “.
1143 3450 1210 3505 Et
1265 3450 1443 3504 adhuc
1482 3449 1567 3503 his
1607 3445 1811 3515 majora

222 3558 363 3613 dixit
406 3554 693 3611 Jeremias.
719 3550 867 3605 Dixit
916 3548 1063 3603 enim
1106 3547 1172 3600 de
1222 3542 1442 3598 nomine
1489 3540 1649 3611 ejus:
1688 3537 1813 3591 Non

228 3651 513 3706 nominabo
545 3663 731 3702 nomen
758 3646 870 3715 ejus
903 3641 1149 3713 amplius,
1186 3650 1234 3694 et
1276 3654 1377 3691 non
1402 3635 1589 3705 loquar
1609 3632 1701 3685 ulli
1723 3632 1815 3683 ho-

230 3745 433 3796 minum
462 3742 516 3794 in
545 3740 752 3793 nomine
778 3735 890 3805 ejus
915 3736 979 3791 ⁸⁷.
1001 3734 1083 3789 Ob
1114 3746 1277 3802 quam
1309 3744 1451 3795 rem,
1478 3726 1634 3779 beate
1660 3721 1815 3778 Jere-

232 3836 390 3893 mia?
422 3834 650 3902 Propter
701 3825 1120 3884 inobedientiam
1155 3836 1343 3878 eorum
1365 3859 1381 3883 ,
1428 3826 1591 3887 atque
1623 3825 1815 3869 contu-

236 3927 469 3984 maciam
502 3924 742 3986 illorum,
785 3919 910 3988 quia
944 3917 1118 3969 factus
1141 3924 1218 3968 est
1249 3912 1354 3966 illis
1388 3922 1567 3963 sermo
1599 3904 1813 3959 Domini

240 4022 298 4076 in
327 4018 675 4078 derisionem,
715 4012 907 4067 nolunt
944 4009 1116 4073 illum,
1151 4014 1205 4059 et
1238 4018 1337 4073 ego
1369 4008 1475 4055 tota
1508 3998 1596 4053 die
1637 3994 1817 4067 peregi

232 4113 597 4169 subsannatus
626 4107 695 4160 ab
726 4104 853 4159 illis.
878 4099 1087 4155 Idcirco
1132 4095 1278 4151 enim
1316 4090 1482 4145 animi
1520 4087 1704 4144 dolore
1730 4099 1820 4139 re-

234 4206 432 4276 pletus,
455 4213 510 4256 et
546 4201 687 4255 diem
720 4193 1021 4251 nativitatis
1056 4187 1369 4250 maledixit,
1401 4194 1450 4238 et
1494 4192 1687 4235 caetera
1716 4177 1819 4230 alia

236 4274 452 4349 locutus
490 4300 592 4345 est.
630 4289 721 4343 Sic
758 4299 996 4354 namque
1033 4291 1089 4336 et
1134 4278 1233 4333 101)
1273 4277 1422 4346 prior
1462 4274 1552 4326 illo
1581 4283 1823 4341 praeven-

241 4398 329 4443 tus
371 4384 654 4439 nimietate
706 4380 954 4433 dolorum
1011 4373 1291 4429 maledixit
1338 4368 1479 4421 diem
1521 4361 1824 4418 nativitatis

238 4495 375 4542 suae,
399 4487 454 4531 et
477 4472 952 4543 responditdicens
980 4485 994 4521 :
1028 4465 1343 4519 Maledictus
1368 4461 1478 4511 dies
1508 4456 1595 4509 ille
1624 4455 1679 4507 in
1720 4466 1822 4513 quo

240 4579 403 4626 natus
429 4583 546 4622 sum
576 4566 642 4620 ⁸⁸.
678 4563 853 4634 Super
875 4559 1054 4615 omnia
1086 4571 1206 4627 qua:
1242 4551 1491 4622 superius
1529 4553 1824 4600 memorata

238 4668 393 4724 sunt,
423 4668 479 4714 et
503 4656 667 4711 etiam
718 4630 825 4708 hoc
872 4649 1205 4720 praecipuum
1247 4644 1371 4712 quia
1424 4635 1701 4692 maledixit
1726 4630 1827 4685 Job

240 4720 388 4806 diem
437 4745 781 4803 nativitatis:
814 4742 941 4812 quia
988 4738 1092 4793 nisi
1138 4737 1209 4790 ita
1250 4744 1438 4786 amare
1479 4724 1700 4781 deﬁeret
1727 4720 1827 4775 101)

240 4857 437 4915 poenas
487 4841 635 4910 ipsas
672 4847 836 4905 atque
876 4831 1123 4893 dolores,
1162 4841 1266 4880 non
1314 4823 1496 4890 utique
1530 4817 1829 4871 arstiinaret

243 4939 410 4993 homo
463 4947 640 5001 neque
694 4930 942 4986 crederet
992 4925 1133 4995 quod
1177 4922 1250 4974 ita
1305 4930 1496 4986 aspera
1547 4920 1603 4965 et
1643 4921 1827 4963 amara

244 5029 482 5084 fuissent
511 5027 561 5080 ei
591 5026 705 5093 ipsa
737 5019 1001 5091 supplicia
1029 5026 1190 5083 atque
1213 5018 1499 5065 tormenta.
1521 5003 1674 5057 l‘iunc
1703 5013 1831 5053 vero

243 5121 433 5178 volens
465 5116 719 5172 omnibus
741 5112 1029 5168 ostendere
1063 5109 1254 5161 beatus
1289 5099 1388 5154 101)
1434 5095 1828 5150 innnanitatem

244 5208 711 5266 amarissimarum
767 5214 1050 5273 pinnarum
1109 5205 1272 5263 atque
1318 5188 1563 5243 dolorum
1610 5197 1729 5252 quae
1782 5180 1831 5235 ei

246 5301 496 5357 diabolus
526 5272 973 5366 ingessit,dellet,
999 5282 1371 5355 conqueritur,
1392 5279 1465 5330 ita
1498 5286 1551 5329 et
1578 5272 1836 5326 amat-iter

247 5403 305 5449 et
335 5360 720 5446 miserabiliter
750 5392 913 5451 atque
950 5372 1405 5432 lamentabiliter,
1436 5376 1494 5419 ut
1525 5360 1837 5417 nativitatis

249 5499 364 5540 suae
394 5480 746 5535 malediceret
779 5474 921 5529 diem
945 5509 961 5535 ,
998 5469 1182 5522 dicens
1223 5481 1239 5519 :
1274 5456 1591 5515 Maledictus
1638 5452 1749 5505 dies
1784 5451 1838 5502 in

247 5592 354 5649 quo
378 5588 531 5626 natus
578 5585 717 5625 sum.
753 5567 870 5621 Non
905 5559 1283 5620 maledicatur,
1315 5552 1510 5621 inquit,
1542 5546 1659 5601 dies
1693 5556 1842 5598 mor-

946 5759 989 5791 ⁶⁷
1018 5756 1148 5814 ibid.
1182 5753 1239 5811 9.
1314 5745 1461 5804 “Job
1496 5759 1574 5813 ιιι,
1603 5743 1660 5798 5.

328 5773 373 5804 “
412 5770 609 5828 Jerem.
651 5783 743 5837 ιι,
780 5763 868 5820 1⁸7.

1736 5737 1781 5772 ⁸⁹
1812 5731 1991 5793 Eccle.
2024 5745 2099 5799 vr,
2122 5727 2176 5784 '5.

1896 1919 1962 1974 rii
1993 1918 2233 1973 sustineo
2259 1915 2462 1981 zelum,
2488 1929 2554 1969 ac
2579 1910 2957 1981 malignissimi
2994 1909 3191 1965 diaboli
3222 1917 3481 1978 supporto

1895 2008 2456 2081 supplicium.Prohis
2476 2021 2606 2076 ergo
2640 2004 2895 2059 omnibus
2930 2002 3253 2057 maledictus
3286 2002 3404 2057 dles
3428 2001 3480 2055 in

1896 2119 2003 2173 quo
2025 2112 2181 2157 natus
2204 2116 2344 2156 sum.
2377 2098 2653 2168 Plerique,
2680 2095 2879 2165 inquit,
2900 2094 3186 2148 hominum
3215 2094 3314 2148 sub
3342 2093 3484 2147 cmlo

1898 2194 2167 2250 carnalem
2190 2194 2334 2248 banc
2350 2192 2518 2247 solam
2543 2189 2871 2244 delectantes
2892 2187 3082 2252 vitam,
3103 2201 3164 2241 ac
3178 2184 3291 2241 sola
3313 2195 3483 2239 terre-

1900 2302 1965 2341 na
1985 2302 2105 2356 qua:
2136 2294 2263 2341 sunt
2287 2286 2338 2338 in
2364 2282 2711 2352 corruptione
2735 2270 3268 2350 respicientes,'diem
3288 2275 3484 2329 nativi-

1901 2379 2024 2432 tatis
2046 2392 2154 2431 sure
2181 2374 2566 2430 delectabiliter
2585 2372 2861 2428 celebrare
2897 2368 3135 2433 student,
3175 2367 3400 2422 bonesm
3433 2366 3485 2420 ir.

1901 2473 1985 2527 die
2007 2470 2304 2525 nativitatis
2329 2484 2438 2523 suae
2462 2466 2824 2535 jncundantes
2853 2462 3151 2533 splendide.
3183 2459 3316 2513 Nam
3350 2460 3489 2513 hanc

1899 2563 2215 2619 existimant
2260 2562 2560 2631 portionem
2597 2572 2773 2622 suam,
2804 2566 2969 2625 atque
3003 2552 3402 2612 hzereditatem,
3433 2558 3489 2603 et

1901 2672 1999 2727 per
2040 2656 2156 2709 hare
2188 2662 2410 2723 sperant
2436 2666 2494 2705 se
2517 2651 2721 2705 diutius
2758 2648 2944 2702 vivere
2970 2646 3021 2699 in
3050 2656 3296 2713 corpore,
3326 2651 3492 2707 atque

1902 2746 2236 2819 augmentari
2273 2745 2375 2800 sibi
2416 2756 2591 2796 annos
2619 2751 2674 2796 et
2696 2739 2840 2795 diem
2874 2736 3174 2791 nativitatis
3202 2749 3334 2789 suae.
3378 2732 3493 2787 lloe

1902 2842 2155 2898 videlicet
2184 2838 2391 2893 faciunt
2446 2851 2552 2893 non
2580 2834 2652 2891 oh
2706 2833 2809 2888 hoc
2836 2831 2979 2902 quod
3009 2839 3208 2885 interna
3243 2835 3489 2897 sperent,

1907 2936 1988 2991 vel
2011 2950 2128 2990 eam
2151 2947 2269 3003 quae
2292 2947 2398 2987 non
2414 2930 2634 2985 videtur
2656 2924 3116 2995 incorruptionem
3140 2928 3492 2991 exspectent:

1905 3029 1994 3098 qui
2023 3034 2284 3081 aeternam
2334 3023 2501 3077 vitam
2543 3020 2682 3091 apud
2737 3018 2904 3074 Deum
2940 3016 2995 3070 in
3032 3014 3188 3070 ctelis
3225 3025 3347 3068 esse
3389 3026 3495 3065 non

1830 3145 1872 3202 (ς
1906 3119 2171 3195 credunt,
2226 3116 2420 3171 merito
2471 3122 2742 3169 terrenam
2794 3111 2938 3165 hanc
3005 3120 3169 3175 atque
3219 3103 3494 3159 carnalem

1910 3212 2072 3266 vitam
2104 3210 2272 3266 solam
2315 3207 2649 3262 delectantes
2675 3203 2952 3259 celebrant
3003 3200 3147 3254 diem
3194 3196 3496 3252 nativitatis

1913 3320 2052 3371 sine;
2106 3304 2248 3357 diem
2299 3315 2431 3355 vero
2472 3299 2663 3353 mortis
2716 3310 2816 3350 nec
2864 3292 3132 3347 nominari
3198 3291 3497 3361 patiuntur.

1914 3396 2046 3468 Ego,
2080 3395 2273 3464 inquit.
2308 3392 2489 3458 oviri,
2552 3397 2760 3443 tantum
2813 3385 2940 3440 odio
2997 3382 3170 3439 habeo
3219 3380 3496 3435 carnalem

1915 3491 2057 3546 hanc
2084 3489 2271 3546 vitam.
2311 3492 2371 3537 ut
2402 3497 2501 3553 pro
2534 3480 2809 3535 celebrare
2837 3478 2977 3531 diem
3028 3474 3346 3537 nativitatis,
3382 3487 3499 3525 ma-

1915 3585 2145 3640 ledicam
2200 3587 2364 3646 atque
2410 3574 2651 3628 abdicem
2701 3568 2850 3623 illum
2898 3568 3137 3622 dicens:
3181 3563 3499 3619 Maledicta:

1917 3677 2027 3730 dies
2058 3675 2113 3727 in
2143 3688 2245 3743 quo
2279 3679 2434 3723 natus
2464 3681 2578 3720 sum
2607 3663 2653 3695 ⁷ο
2721 3662 2763 3715 0
2791 3675 2953 3730 quam
2982 3659 3281 3727 profundus
3299 3669 3380 3710 est
3412 3656 3502 3709 hic

1917 3782 2097 3825 sermo
2125 3762 2425 3819 valentibus
2451 3755 2759 3827 inquirere!
2811 3752 2944 3806 Nam
2977 3752 3206 3822 primam
3257 3747 3504 3817 disputa-

1918 3864 2117 3915 tionem
2148 3856 2411 3912 facientes
2441 3852 2602 3906 etiam
2625 3862 2772 3902 nunc
2799 3844 2956 3914 hujus
2986 3857 3176 3899 sensus
3205 3856 3301 3912 per
3330 3855 3501 3910 pauca

1920 3951 2227 4009 necessarie
2289 3944 2619 4002 mentionem
2701 3938 2980 3994 iaciemus.
3039 3936 3373 4000 Maledictus,
3420 3932 3501 3986 in.

1920 4048 2055 4117 quit,
2086 4044 2202 4099 dies
2231 4038 2552 4100 nativitatis,
2619 4033 2745 4104 quia
2795 4037 3140 4101 peccatorum
3173 4041 3235 4080 ac
3273 4025 3503 4080 delicto-

1920 4116 2039 4195 rum
2062 4148 2147 4192 est
2184 4133 2530 4207 principium.
2556 4127 2943 4183 Verumtamen
2972 4122 3114 4176 beati
3145 4120 3178 4174 ii
3210 4118 3301 4188 qui
3338 4119 3393 4171 in
3419 4116 3506 4170 die

1922 4228 2243 4292 nativitatis,
2277 4227 2380 4280 hoc
2411 4232 2515 4287 est,
2543 4221 2596 4275 in
2650 4216 2916 4289 principio
2960 4214 3084 4267 vitae
3120 4226 3231 4266 suat
3280 4207 3507 4263 benedi-

1922 4335 2142 4389 cuntur,
2174 4321 2276 4375 hoe
2321 4326 2406 4371 est
2451 4329 2515 4369 ea
2568 4326 2690 4382 quae
2739 4310 2901 4380 digna
2954 4316 3081 4361 sunt
3131 4302 3508 4357 benedictione

1927 4416 2231 4489 perﬁciunt.
2273 4409 2420 4464 Beati
2457 4419 2673 4477 quoque
2701 4413 2757 4456 et
2794 4402 2827 4454 ii
2865 4398 2957 4469 qui
2996 4398 3049 4450 in
3086 4403 3327 4462 tempore
3364 4390 3507 4445 nati-

1855 4492 1899 4547 Ῐ)
1928 4483 2112 4566 vitatis
2142 4520 2273 4571 suae,
2325 4502 2428 4557 hoc
2456 4508 2540 4554 est
2570 4498 2623 4551 in
2655 4492 2921 4565 principio
2952 4486 3130 4541 aetatis
3158 4494 3319 4554 atque
3352 4483 3507 4553 igno-

1933 4604 2104 4658 rantia
2132 4594 2437 4671 juventutis
2468 4605 2600 4653 suae,
2661 4588 2785 4641 licet
2818 4582 3207 4638 maledicantur
3246 4592 3344 4646 pro
3377 4590 3510 4646 pec-

1934 4694 2070 4747 catis
2118 4668 2279 4759 atque
2334 4682 2638 4756 ignorantia
2697 4677 3015 4749 iuventutis,
3044 4674 3097 4728 in
3146 4671 3288 4725 diem
3320 4668 3511 4723 mortis

1934 4798 2094 4855 atque
2126 4785 2178 4837 in
2214 4782 2373 4835 linem
2421 4777 2596 4833 anatis
2627 4789 2736 4829 suae
2765 4784 2951 4824 rursus
3002 4764 3417 4826 benedicentur,
3458 4767 3515 4814 ct

1934 4877 2361 4934 benedictionem
2414 4867 2870 4942 promerebuntur
2905 4874 3001 4928 per
3026 4860 3299 4912 sinceram
3339 4853 3513 4923 pumi-

1936 4974 2197 5032 tudinem,
2224 4975 2387 5035 atque
2415 4964 2608 5032 dignos
2648 4953 2980 5029 pmnitentia:
3021 4950 3250 5005 fructus.
3289 4947 3379 5000 Vm
3412 4960 3508 4999 an-

1939 5076 2044 5121 tem
2099 5060 2227 5124 illis,
2276 5066 2331 5112 et
2372 5053 2658 5109 animabus
2685 5063 2899 5111 eorum,
2928 5044 3022 5113 qui
3057 5051 3111 5097 et
3159 5043 3212 5095 in
3248 5037 3513 5110 principio

1940 5174 2059 5224 suo,
2087 5166 2143 5211 et
2170 5154 2453 5223 juventute
2485 5162 2582 5201 sua
2614 5142 3008 5216 maledicentur
3033 5134 3426 5203 delinquentes,
3459 5137 3515 5184 et

1942 5254 1994 5309 in
2019 5251 2124 5305 line
2162 5259 2271 5301 suae
2299 5240 2477 5297 aetatis
2506 5252 2613 5291 non
2658 5233 3012 5287 absolventur
3041 5228 3389 5296 pmnitentes,
3416 5236 3517 5275 ne-

1942 5358 2048 5417 que
2086 5338 2474 5398 benedicentur
2500 5344 2598 5401 per
2627 5326 2817 5396 dignos
2855 5324 3061 5377 fructus
3090 5315 3419 5388 ρωιιίιεηιίεε
3446 5311 3514 5365 ad

1944 5410 2110 5494 Deum
2185 5428 2556 5493 confugientes
2617 5438 2636 5479 :
2691 5432 2919 5490 quorum
2978 5410 3286 5468 maledictio
3356 5414 3515 5472 atque

1947 5527 2223 5587 damnatio
2260 5532 2458 5578 aeterna
2487 5515 2629 5587 apud
2679 5512 2882 5567 inferos
2919 5510 3224 5579 permanet,
3253 5498 3391 5555 sicut
3416 5505 3515 5550 eo-

2289 5722 2336 5757 "
2367 5718 2467 5777 101)
2497 5731 2579 5784 ιιι,
2603 5713 2659 5768 5.
