3884 6218
382 287 498 343 515

1485 283 1863 340 ANONYMUS
1895 285 1960 339 lN
1999 262 2140 340 ton.
2182 318 2247 329 -
2285 285 2412 342 LIB.
2458 286 2544 341 tu.

3528 252 3638 343 5:6

382 422 535 496 rum.
559 408 650 476 qui
689 404 1076 476 pmnitudinem
1130 403 1420 459 sinceriter
1445 403 1715 473 gesserint
1754 413 1953 457 aeterna
1986 409 2031 464 Α
2058 413 2113 458 et
2137 403 2315 457 anima
2352 403 2493 457 idem
2524 411 2648 458 sunt
2693 402 2985 458 indiscrete
3037 410 3200 472 atque
3240 402 3545 469 indivisive,
3577 409 3649 461 ett

384 494 600 567 reqtiies
631 499 682 550 in
728 498 1128 552 resurrectione
1186 497 1332 551 erit!
1398 496 1514 550 Alia
1567 494 1963 565 quamplurima

379 604 506 643 cum
546 591 815 658 possimus
848 591 1029 643 dicere
1065 589 1132 643 de
1181 590 1282 643 hoc
1320 602 1594 653 sermone,
1647 588 1760 641 haec
1822 585 1964 640 desi-

382 690 575 736 nentes
601 694 720 749 qua:
745 690 1047 747 sequuntur
1086 692 1594 733 eommemoremus.
1640 676 1852 744 Pereat,
1883 677 1962 729 in-

379 774 518 842 quit,
550 773 657 824 dies
683 773 736 823 in
759 786 862 840 quo
897 781 1050 823 natus
1079 785 1194 822 sum
1231 770 1299 821 “.
1368 767 1491 822 Haec
1543 770 1797 822 nimirum
1834 768 1963 823 dicit

381 866 573 919 beatus
605 862 725 925 Joh,
750 872 807 916 ut
831 862 1143 916 ostenderet
1170 860 1422 915 omnibus
1446 859 1634 930 quales
1659 859 1961 915 sustinebat

380 956 614 1020 dolores,
639 954 720 1008 vel
746 955 926 1023 qualia
958 953 1310 1022 supportabat
1341 951 1627 1022 supplicia.
1647 950 1741 1006 Sic
1768 952 1959 1006 beatus

381 1062 446 1101 ac
484 1046 859 1102 sanetissimus
896 1043 1159 1099 leremias
1216 1044 1268 1098 in
1333 1043 1714 1113 suggillatione
1766 1042 1958 1098 anima

376 1139 686 1203 devolutus,
718 1138 913 1191 similia
947 1148 1005 1190 ut
1048 1136 1153 1192 Job
1196 1136 1410 1190 locutus
1443 1146 1544 1197 est,
1598 1135 1751 1204 juxta
1776 1136 1955 1190 omnia

378 1247 502 1301 qua:
536 1230 786 1299 superius
823 1229 1088 1284 veraciter
1135 1236 1432 1281 memorata
1488 1238 1615 1282 sunt
1658 1228 1724 1279 ⁷⁸.
1782 1226 1956 1297 Super

378 1338 500 1391 qua:
536 1322 785 1375 universa
836 1320 939 1375 hoc
982 1322 1146 1375 etiam
1180 1321 1442 1374 debemus
1495 1319 1798 1385 advertere,
1828 1320 1952 1387 quia

380 1429 487 1468 non
521 1413 805 1467 defuerunt
830 1414 1035 1467 sanctis
1065 1411 1280 1465 dolores
1309 1425 1371 1464 ac
1415 1410 1807 1477 tribulationes,
1839 1425 1953 1466 mo-

381 1504 551 1559 lestiae
579 1518 789 1574 quoque
820 1512 981 1573 atque
1027 1504 1330 1573 passiones,
1388 1517 1495 1556 non
1530 1512 1736 1557 tantum
1773 1519 1868 1573 pro
1892 1518 1950 1559 se

376 1605 639 1664 quantum
672 1610 766 1665 pro
808 1596 965 1650 nobis
1001 1611 1015 1647 :
1055 1604 1114 1648 ut
1138 1596 1445 1648 noverimus
1467 1608 1563 1647 nos
1590 1604 1750 1663 atque
1777 1593 1947 1648 infor-

380 1702 608 1749 memur,
636 1689 755 1757 quia
781 1703 878 1756 per
924 1687 1300 1741 tribulationes
1330 1700 1393 1739 ac
1433 1685 1668 1749 labores,
1703 1700 1799 1755 per
1824 1700 1946 1755 pas-

2066 511 2210 551 nunc
2254 496 2305 548 in
2351 496 2528 560 terris,
2554 504 2608 549 et
2641 494 2692 548 in
2726 494 3133 549 resurrectione
3165 495 3218 548 in
3251 494 3423 560 ccelis,
3455 496 3635 565 quod-

2064 601 2276 653 cunque
2301 586 2641 641 seminaverit
2696 600 2893 654 corpus
2932 602 3094 656 super
3126 596 3350 651 terram,
3394 589 3496 642 hoc
3520 604 3637 643 me-

2066 687 2140 731 tet
2178 677 2356 731 anima
2392 677 2445 731 in
2498 678 2932 743 resurrectione,
2977 678 3334 749 quodcunque
3377 690 3637 747 operatur

2063 782 2257 838 corpus
2299 769 2351 822 in
2390 769 2736 838 corruptione
2777 787 2791 824 :
2827 770 2929 825 hoc
2994 770 3140 824 enim
3177 770 3319 839 quod
3374 772 3632 837 seminat,

2062 859 2163 913 hoc
2190 867 2243 913 et
2266 868 2450 915 metet.
2489 859 2796 930 Sicutergo
2822 861 2939 916 haec
2972 862 3110 915 idem
3154 870 3296 925 sunt,
3330 861 3403 915 ita
3440 872 3494 916 et
3517 864 3637 917 dies

2059 961 2116 1005 et
2149 967 2251 1005 nox
2284 951 2426 1006 idem
2465 960 2613 1006 sunt.
2655 951 2809 1018 Quod
2843 951 2894 1004 in
2935 951 3021 1007 die
3056 950 3136 1016 lit,
3176 951 3277 1007 hoc
3300 953 3443 1006 nocti
3477 967 3637 1022 repu-

2058 1051 2221 1108 tatur,
2254 1053 2309 1099 et
2341 1042 2484 1113 quod
2511 1043 2563 1097 in
2598 1052 2757 1098 nocte
2788 1040 2869 1110 lit,
2895 1042 2999 1096 hoc
3042 1042 3148 1096 diei
3183 1042 3515 1113 designatur.
3539 1043 3637 1099 Sic

2058 1149 2292 1205 namque
2321 1134 2500 1190 omnia
2530 1148 2867 1203 qutecunque
2908 1133 3098 1188 fecerit
3124 1148 3342 1203 corpus,
3388 1136 3499 1190 sive
3530 1137 3635 1191 bo-

2060 1243 2208 1294 num,
2246 1230 2359 1282 sive
2388 1226 2610 1295 malum,
2636 1227 2829 1280 animae
2857 1234 3194 1293 reputantur,
3219 1235 3272 1281 et
3300 1229 3478 1281 omnia
3507 1243 3635 1282 cor-

2054 1321 2170 1389 pori
2216 1320 2267 1373 iu
2316 1318 2519 1388 judicio
2578 1329 2740 1387 atque
2795 1319 3145 1387 inquisitione
3215 1330 3629 1375 succensentur.

2053 1408 2189 1464 Nam
2237 1410 2518 1479 utriusque
2582 1411 2797 1480 utrique
2854 1410 3171 1479 imputatur,
3242 1411 3523 1478 utriusque
3574 1411 3628 1464 in

2062 1510 2288 1570 utroque
2369 1500 2663 1570 requiritur
2746 1511 2908 1570 atque
2976 1501 3301 1555 vindicatur.
3390 1500 3631 1570 Utraque

2050 1594 2194 1647 enim
2227 1601 2281 1647 et
2310 1608 2503 1662 corpus
2528 1601 2582 1647 et
2610 1593 2787 1646 anima
2832 1608 2954 1648 cum
2985 1593 3145 1647 simul
3177 1593 3307 1659 sint,
3362 1605 3418 1647 et
3466 1594 3632 1647 simul

2051 1692 2459 1749 conversentur,
2496 1685 2653 1740 simul
2685 1686 3060 1755 adjudicantur
3090 1698 3284 1754 patrue,
3320 1694 3415 1739 aut
3466 1674 3632 1739 simul

379 1779 560 1833 siones
588 1789 642 1834 et
674 1780 937 1842 miserias,
978 1794 1073 1847 per
1107 1778 1321 1833 dolores
1352 1791 1566 1846 quoque
1612 1792 1673 1831 ac
1721 1778 1950 1847 gemitus
1984 1758 2024 1812 Β
2053 1777 2420 1847 suscipientur
2454 1777 2505 1830 in
2533 1777 2743 1846 requie.
2801 1777 2941 1847 Ergo
2971 1778 3093 1846 quia
3128 1778 3265 1843 haec,
3317 1777 3511 1846 inquit,
3554 1777 3633 1831 ita

374 1886 567 1925 omnes
608 1871 780 1925 sancti
812 1869 917 1924 Deo
977 1870 1317 1939 placuerunt,
1355 1880 1411 1922 et
1463 1884 1653 1923 omnes
1694 1867 1826 1937 justi
1869 1870 1952 1925 in-

380 1963 650 2016 troierunt
685 1964 736 2015 in
770 1978 993 2030 regnum
1028 1963 1119 2015 Dei
1150 1970 1312 2030 atque
1345 1961 1585 2016 hatredes
1620 1961 1795 2017 effecti
1830 1973 1954 2017 sunt

377 2054 519 2122 apud
563 2053 727 2106 Deum
774 2054 963 2107 aeterni
1030 2051 1321 2123 refrigerii,
1378 2068 1480 2106 non
1523 2053 1856 2108 exsultantes
1899 2055 1951 2108 in

378 2143 747 2213 corruptione,
779 2158 884 2197 non
934 2143 1187 2199 delectati
1241 2146 1293 2197 in
1326 2158 1513 2208 carne,
1546 2160 1651 2198 non
1688 2145 1861 2199 securi
1900 2146 1950 2199 in

378 2236 562 2299 terris,
581 2234 672 2290 sed
707 2250 922 2289 omnem
965 2237 1243 2290 miseriam
1273 2247 1495 2305 propter
1518 2236 1771 2304 pietatem
1798 2236 1955 2291 susti-

378 2336 589 2389 nentes,
634 2337 835 2380 teterna
884 2327 1286 2395 incorruptione
1340 2328 1482 2396 digni
1530 2325 1704 2381 eii‘ecti
1746 2336 1868 2382 sunt
1901 2328 1951 2381 in

379 2418 571 2485 gloria.
597 2417 685 2471 Sic
703 2418 864 2471 etiam
889 2418 1153 2485 gloriatur
1180 2417 1375 2472 Paulus
1402 2418 1455 2470 in
1491 2418 1954 2486 persecutionibus

376 2512 492 2564 suis
522 2522 686 2577 atque
716 2509 1055 2577 passionibus
1089 2510 1155 2562 ⁷³.
1192 2509 1284 2562 Sic
1325 2508 1586 2578 gloriatur
1612 2518 1666 2562 et
1693 2508 1953 2565 Jeremias

379 2604 523 2669 quod
550 2604 751 2655 sederit
779 2601 945 2665 solus,
1003 2602 1127 2669 quia
1164 2601 1533 2654 amaritudine
1570 2601 1733 2654 luerit
1784 2601 1955 2671 reple-

381 2700 491 2755 tus,
519 2704 573 2745 et
602 2694 727 2761 quia
758 2706 861 2745 non
904 2692 1041 2747 abiit
1094 2694 1145 2745 in
1178 2691 1404 2746 consilio
1438 2692 1723 2761 impiorum
1769 2691 1956 2746 luden-

383 2785 514 2837 tium
548 2785 612 2836 ".
658 2784 796 2850 Quid
825 2793 1005 2836 autem
1043 2783 1328 2847 miramur,
1368 2785 1508 2852 quod
1534 2783 1637 2838 Job
1666 2783 1740 2837 ita
1767 2784 1953 2853 ingen-

385 2882 467 2930 tes
493 2877 765 2929 sustinens
790 2875 1007 2929 dolores
1031 2883 1362 2943 conquestus
1387 2873 1571 2941 l'uerit,
1605 2874 1685 2927 vel
1718 2874 1807 2928 alii
1831 2890 1956 2929 san-

380 2968 454 3021 cti
502 2982 625 3020 cum
678 2966 879 3020 terreni
932 2965 1160 3019 fuissent
1210 2966 1457 3021 homines
1506 2981 1572 3021 ex
1627 2982 1856 3037 corpore
1903 2976 1957 3023 et

378 3062 559 3113 anima
617 3072 741 3112 vere
795 3058 1067 3125 plasmati,
1127 3072 1249 3111 cum
1296 3066 1351 3112 et
1399 3058 1511 3127 ipse
1565 3059 1656 3128 qui
1711 3060 2027 3153 omniumc

380 3163 694 3206 sanctorum
754 3159 950 3214 rector,
1001 3158 1056 3203 et
1120 3149 1365 3204 conditor
1416 3150 1536 3204 ειειὶ
1583 3165 1643 3205 ac
1694 3161 1871 3215 terrae,
1900 3165 1954 3207 et

381 3244 646 3299 mediator
675 3240 765 3295 Dei
797 3250 852 3295 et
881 3241 1156 3294 hominum
1187 3240 1344 3297 Jesus
1378 3241 1624 3296 Christus
1652 3242 1821 3299 Filius
1859 3244 1953 3299 Dei

382 3335 510 3401 vivi,
540 3350 662 3389 cum
703 3334 940 3387 humano
969 3347 1030 3386 se
1074 3332 1317 3387 indueret
1348 3348 1595 3403 corpore,
1621 3350 1742 3389 cum
1772 3351 1957 3390 corru-

381 3427 624 3497 ptibilem
679 3425 778 3479 sibi
829 3423 1196 3479 circumdaret
1247 3422 1502 3489 formam,
1559 3442 1682 3481 cum
1726 3428 1830 3482 iret
1886 3430 1954 3484 ad

382 3519 687 3587 passionem
734 3528 895 3585 atque
929 3518 995 3570 ad
1048 3530 1289 3581 crucem,
1341 3527 1565 3585 questus
1606 3528 1689 3573 est
1717 3519 1900 3574 dicens
1935 3536 1948 3572 :

383 3607 569 3672 Pater,
596 3609 643 3661 si
677 3608 792 3675 ﬁeri
818 3615 985 3676 potest
1038 3616 1265 3660 transeat
1290 3623 1321 3660 a
1347 3624 1427 3661 me
1456 3610 1595 3663 calix
1629 3612 1725 3664 istc
1749 3613 1817 3676 ⁷⁸,
1854 3613 1955 3667 hoc

382 3711 464 3755 est
510 3703 623 3754 hare
648 3702 846 3769 passio,
871 3708 925 3753 et
947 3699 1110 3767 ccepit
1139 3699 1430 3767 trepidare,
1462 3711 1515 3755 et
1543 3711 1764 3756 mtestus
1796 3705 1955 3758 esse?

382 3790 499 3845 Non
529 3792 654 3859 quia
701 3791 1051 3859 trepidaverit
1095 3790 1288 3853 deitas,
1343 3792 1435 3845 sed
1480 3793 1606 3861 quia
1645 3795 1830 3849 carnis
1867 3797 1953 3849 in-

386 3882 703 3937 ﬁrmitatem
751 3882 1007 3937 ostendit.
1059 3882 1212 3937 Sicut
1264 3898 1395 3952 ergo
1450 3883 1538 3938 ille
1586 3885 1846 3940 Dominus
1896 3898 1955 3942 ut

383 3975 691 4029 ostenderet
752 3974 879 4044 quia
912 3988 1016 4028 non
1073 3983 1192 4027 erat
1233 3977 1575 4043 phantasma,
1615 3980 1708 4031 sed
1756 3994 1953 4047 corpus

382 4080 511 4119 vere
536 4066 888 4135 corruptibile
916 4066 1142 4130 habens,
1191 4081 1250 4120 se
1287 4066 1526 4122 dolorem
1559 4078 1719 4137 atque
1747 4072 1953 4139 passio-

385 4172 507 4212 nem
530 4148 928 4213 crucis'timere
963 4159 1241 4224 ostendit;
1270 4158 1348 4212 sic
1375 4160 1536 4213 etiam
1564 4158 1688 4225 Job,
1716 4171 1771 4215 et
1802 4161 1955 4217 lere-

386 4251 522 4303 Inias
556 4259 718 4317 atque
765 4248 855 4303 alii
907 4250 1103 4315 sancti,
1149 4259 1209 4303 ut
1255 4252 1630 4316 ostenderent,
1662 4258 1786 4322 quia
1828 4270 1949 4310 cum

384 4351 565 4394 essent
586 4341 832 4395 carnales
865 4356 986 4395 cum
1010 4341 1193 4395 dolore
1220 4343 1594 4397 sustinuerunt
1635 4359 1700 4398 ac
1725 4361 1953 4415 suppor-

2053 1878 2203 1935 sunt,
2249 1869 2443 1922 merito
2483 1877 2538 1922 et
2575 1883 2675 1938 ego
2714 1882 2887 1938 neque
2935 1870 3001 1924 de
3059 1878 3214 1923 nocte
3261 1868 3405 1933 silui,
3457 1882 3634 1937 neque

2055 1962 2196 2016 diem
2232 1960 2448 2029 reliqui.
2477 1958 2581 2015 Sed
2604 1970 2803 2029 pereat,
2833 1959 2988 2025 dixit,
3019 1960 3127 2013 dies
3160 1959 3246 2014 ille
3267 1961 3320 2012 in
3347 1976 3447 2029 quo
3473 1968 3635 2013 natus

2052 2071 2188 2121 sum,
2235 2064 2281 2106 et
2318 2070 2422 2107 nos:
2452 2054 2506 2106 in
2540 2070 2643 2122 qua
2690 2052 2889 2105 dictum
2932 2061 3007 2106 est
3039 2068 3056 2105 :
3087 2051 3223 2105 Ecce
3266 2051 3551 2105 masculus.
3585 2053 3631 2105 A

2053 2161 2161 2215 quo
2207 2145 2409 2198 dictum
2446 2142 2567 2198 est?
2613 2142 2695 2197 Ab
2750 2143 2853 2204 his,
2904 2142 3096 2213 inquit,
3124 2144 3214 2211 qui
3246 2143 3639 2197 nuntiaverunt.

2054 2237 2190 2307 patri
2244 2251 2362 2290 meo
2397 2235 2603 2289 Zareb.
2644 2233 2868 2287 Plurimi
2909 2248 3141 2302 namque
3181 2233 3255 2287 illi
3305 2235 3634 2303 praedicave-

2056 2340 2183 2383 runt
2215 2328 2381 2382 lilium
2415 2334 2625 2391 natum,
2674 2326 2809 2379 alter
2839 2325 3068 2379 alterum
3102 2324 3397 2392 anticipare
3431 2340 3632 2395 prope-

2057 2429 2261 2485 rantes,
2296 2428 2354 2473 ut
2382 2432 2480 2486 per
2523 2418 2574 2472 id
2622 2417 2765 2487 quod
2808 2417 3035 2473 honeste
3077 2417 3489 2471 celebraverunt
3536 2434 3637 2486 per

2055 2510 2297 2579 singulos
2344 2526 2517 2565 annos
2562 2510 2631 2563 ab
2668 2525 2735 2564 eo
2786 2509 3114 2579 accipientes
3171 2509 3415 2563 dicerent
3453 2508 3635 2562 :Eccc

2056 2612 2217 2655 natus
2245 2610 2327 2655 est
2364 2601 2459 2655 tibi
2500 2601 2793 2656 masculus.
2826 2600 2932 2656 Sed
2957 2610 3011 2656 et
3040 2612 3170 2670 puto
3199 2602 3339 2671 quod
3379 2602 3504 2671 ipsa:
3535 2602 3632 2655 ob-

2055 2694 2303 2748 stetrices
2325 2694 2484 2746 matri
2514 2691 2613 2748 Job
2632 2691 2804 2748 Bosor
2821 2693 3264 2747 renuntiaverunt
3288 2693 3386 2763 (sic
3401 2707 3634 2762 namque

2060 2783 2373 2857 vocabant),
2404 2785 2531 2856 quia
2582 2784 2875 2839 masculum
2910 2785 3176 2855 genuerit.
3221 2784 3345 2840 "th
3398 2800 3633 2855 namque

2059 2879 2394 2933 demonstrat
2433 2878 2658 2933 dicens:
2692 2877 2758 2930 Et
2792 2892 2893 2932 nox
2937 2876 3032 2931 illa
3057 2876 3111 2929 in
3135 2893 3239 2946 qua
3272 2878 3468 2929 dictum
3502 2888 3575 2929 cst
3610 2892 3631 2929 :

2058 2968 2193 3025 Ecce
2230 2970 2517 3026 masculus.
2562 2969 2661 3025 Ubi
2693 2970 2829 3037 dies,
2870 2968 2977 3023 illic
3002 2978 3053 3024 et
3080 2984 3205 3023 nox.
3240 2966 3307 3022 Et
3329 2968 3471 3037 quod
3495 2968 3628 3031 diei,

2060 3063 2161 3117 hoc
2192 3063 2355 3116 etiam
2385 3062 2547 3116 nocti.
2607 3058 2686 3115 Ob
2719 3060 2822 3115 hoc
2855 3074 2983 3131 ergo
3010 3060 3137 3129 quia
3177 3074 3341 3114 unum
3362 3069 3485 3115 sunt
3514 3060 3632 3115 dles

2058 3169 2119 3207 ac
2152 3170 2278 3220 nox,
2308 3168 2429 3207 cum
2462 3153 2565 3206 diei
2602 3152 2981 3217 malediceret,
3013 3152 3161 3207 nocti
3210 3167 3314 3206 non
3364 3155 3627 3222 pepercit.

2058 3244 2271 3312 Pereat,
2303 3245 2497 3314 inquit,
2536 3244 2647 3298 dies
2674 3244 2728 3297 in
2764 3259 2863 3312 quo
2913 3254 3071 3296 natus
3103 3260 3242 3305 sum,
3305 3254 3351 3296 et
3402 3258 3505 3296 nor.
3535 3243 3630 3297 illa

2056 3339 2109 3392 in
2137 3354 2239 3407 qua
2286 3337 2486 3390 dictum
2532 3346 2607 3390 est
2654 3350 2673 3389 :
2707 3335 2842 3389 Ecce
2887 3335 3178 3389 masculus.
3235 3332 3350 3388 Nox
3388 3335 3474 3389 illa
3506 3351 3631 3404 quae

2056 3430 2342 3501 prmteriit,
2366 3444 2488 3497 qua:
2524 3428 2762 3491 transiit,
2798 3442 2918 3497 quae
2946 3427 3164 3492 defecit,
3205 3442 3325 3496 quae
3376 3442 3478 3480 non
3518 3438 3626 3480 est.

2056 3521 2171 3575 Nox
2220 3519 2306 3575 illa
2340 3520 2482 3574 sicut
2521 3526 2577 3573 et
2621 3518 2737 3572 dies
2788 3518 2875 3572 ille
2906 3533 3133 3572 manens
3164 3518 3215 3570 in
3257 3517 3513 3579 tenebris,
3541 3517 3629 3571 ille

2056 3613 2147 3681 qui
2179 3627 2283 3665 non
2317 3611 2552 3677 videtur,
2581 3610 2670 3679 qui
2709 3624 2813 3663 non
2854 3609 3177 3673 invenietur,
3208 3610 3297 3677 qui
3332 3624 3435 3661 non
3472 3624 3629 3663 revo-

2055 3714 2233 3770 catur,
2262 3704 2354 3772 qui
2396 3718 2499 3757 non
2551 3710 2655 3755 est.
2708 3699 2858 3755 Sicut
2897 3714 3027 3769 ergo
3051 3716 3156 3754 nox
3194 3700 3303 3762 illa,
3332 3699 3403 3752 ita
3431 3708 3483 3752 et
3511 3700 3627 3752 dies

2057 3795 2145 3851 ille
2172 3805 2399 3866 pereant
2448 3803 2702 3862 tanquam
2730 3806 2851 3861 quae
2884 3806 2990 3845 non
3023 3801 3169 3855 sunt,
3205 3790 3459 3845 deﬁciant
3504 3798 3627 3844 tan-

2054 3902 2213 3956 quam
2239 3901 2357 3955 quat
2379 3901 2481 3941 non
2502 3885 2771 3950 videntur,
2803 3898 2976 3953 neque
3001 3883 3456 3937 demonstrantur.
3487 3881 3626 3937 Cum

2057 3980 2160 4034 ista
2194 3994 2324 4046 ergo
2348 3993 2467 4047 quae
2494 3992 2600 4031 non
2625 3987 2752 4032 sunt
2781 3975 3125 4029 maledixerit
3156 3973 3280 4040 Job,
3311 3984 3367 4028 et
3393 3989 3455 4027 ea
3502 3990 3627 4043 quze

2054 4086 2159 4125 non
2197 4081 2322 4125 sunt
2358 4069 2535 4139 perire
2568 4068 2816 4135 voluerit,
2874 4066 3367 4136 irreprehensibilis
3401 4067 3627 4121 omnino

2057 4165 2108 4217 in
2132 4162 2381 4217 omnibus
2416 4161 2786 4230 permanebat.
2836 4159 3224 4212 Vehementem
3275 4159 3418 4212 enim
3474 4159 3628 4213 dolo-

2056 4272 2169 4311 rem
2220 4269 2377 4323 quem
2430 4251 2732 4306 sustinebat
2777 4249 3005 4305 deﬂebat
3061 4253 3264 4320 absque
3319 4251 3462 4306 illius
3516 4267 3628 4307 mo—

2055 4348 2228 4402 lestia.
2259 4346 2396 4400 Puto
2428 4346 2572 4414 quod
2604 4343 2827 4398 forsitan
2881 4343 3006 4396 olim
3056 4342 3110 4396 in
3145 4343 3296 4396 initio
3330 4341 3628 4410 iuventutis

389 4442 643 4486 taveruni.
669 4434 928 4502 supplicia
961 4444 1123 4503 atque
1146 4448 1332 4502 poenas
1358 4448 1479 4502 quae
1517 4435 1595 4489 eis
1623 4436 1948 4493 acciderunt.
1984 4430 2031 4490 ι)
2057 4439 2413 4495 celebraverit
2466 4436 2567 4491 Job
2598 4437 2739 4490 diem
2775 4435 3076 4490 nativitatis
3118 4450 3252 4499 sum,
3316 4436 3442 4488 item
3484 4450 3628 4487 nunc

386 4523 581 4579 Merito
634 4539 763 4593 ergo
804 4524 1066 4578 dicit‘Job
1102 4541 1115 4577 :
1159 4521 1348 4577 Pereat
1384 4526 1496 4579 dies
1544 4527 1597 4580 in
1646 4543 1746 4595 quo
1796 4539 1949 4583 natus

386 4634 522 4679 sum,
567 4617 722 4687 juxta
745 4618 924 4671 omnia
952 4633 1072 4685 qua
1111 4619 1360 4685 superius
1381 4629 1598 4673 ostensa
1651 4631 1808 4689 atque
1841 4638 1953 4675 me-

388 4722 594 4763 tuorata
621 4720 764 4773 sunt,
813 4722 860 4764 et
917 4726 1020 4763 ηοω
1053 4709 1148 4763 illa
1198 4712 1253 4763 in
1289 4727 1392 4779 qua
1426 4712 1620 4764 dictum
1664 4724 1736 4766 est
1766 4726 1784 4762 :
1818 4712 1953 4767 Ecce

388 4803 650 4856 masculus
678 4802 745 4853 ⁷⁸.
786 4802 955 4857 Porro
986 4802 1205 4870 quando
1234 4813 1391 4855 natus
1421 4818 1500 4866 es,
1556 4819 1588 4855 ο
1633 4804 1789 4858 beate
1816 4803 1950 4859 Job?

387 4907 484 4963 per
517 4895 680 4959 diem,
719 4910 785 4947 an
809 4909 907 4962 per
930 4894 1178 4948 noctem?
1218 4893 1275 4949 Si
1303 4893 1354 4946 in
1386 4895 1471 4948 die
1496 4906 1654 4949 natus
1683 4911 1765 4960 es,
1800 4908 1958 4952 nocte

397 4987 527 5057 quid
558 4985 851 5039 irasceris?
899 4986 1004 5038 Sed
1032 4986 1075 5038 si
1112 4986 1164 5038 in
1200 4997 1356 5041 nocte
1386 4996 1545 5040 natus
1578 5004 1656 5052 es,
1688 4989 1830 5042 diem
1862 5006 1959 5045 cur

389 5078 713 5133 maledicis?
745 5078 900 5131 Sicut
933 5085 1111 5130 autem
1154 5075 1313 5132 testas
1341 5089 1396 5134 et
1428 5080 1603 5134 hiems
1642 5082 1780 5135 idem
1810 5092 1957 5149 sunt,

388 5172 467 5225 sic
495 5180 551 5224 et
584 5185 689 5225 nox
719 5180 773 5224 et
798 5170 913 5223 dies
940 5185 956 5234 ;
982 5171 1122 5238 quod
1167 5170 1308 5223 enim
1334 5187 1432 5239 per
1467 5181 1708 5225 wstatem
1748 5173 1825 5237 fit,
1859 5176 1959 5230 hoc

384 5262 736 5314 nihilominus
796 5275 890 5328 per
947 5261 1178 5314 hiemem
1251 5263 1590 5317 consumitur
1648 5282 1661 5317 :
1710 5275 1766 5319 et
1815 5268 1958 5335 quod

385 5353 563 5407 hieme
604 5352 953 5422 superfuerit,
986 5352 1086 5407 hoc
1117 5353 1304 5421 procul
1350 5355 1513 5410 dubio
1557 5367 1747 5411 aestate
1797 5358 1957 5412 semi-

382 5459 565 5509 natur,
606 5454 799 5499 zestate
831 5444 1134 5508 laboratur,
1185 5447 1324 5500 sicut
1365 5448 1416 5499 in
1472 5448 1559 5502 die
1595 5464 1608 5500 :
1662 5450 1837 5503 hieme
1872 5466 1957 5505 re—

381 5537 699 5605 quiescitur,
742 5536 885 5591 sicut
931 5538 985 5591 in
1044 5549 1227 5593 nocte.
1264 5538 1330 5593 Et
1359 5540 1536 5594 adhuc
1578 5542 1719 5595 sicut
1759 5557 1954 5612 corpus

453 5659 495 5689 ⁷¹
525 5656 624 5715 Job
656 5673 741 5727 ιιι,
768 5657 819 5713 '5.
896 5658 940 5689 ⁷²
966 5655 1385 5728 Jerem.xs,l4.
1464 5660 1507 5692 ⁷³
1529 5659 1713 5718 llCor.

382 5744 467 5786 ιιι.
503 5728 557 5784 5.

1810 5677 1885 5728 xt,
1931 5661 2021 5717 50.

2058 4533 2231 4601 ipsum
2260 4528 2576 4599 reprobatis,
2610 4527 2735 4596 quia
2770 4542 2877 4580 non
2904 4526 3278 4589 celebrandas,
3304 4526 3395 4579 sed
3420 4525 3628 4578 lamen-

2061 4623 2256 4677 tandus
2286 4632 2449 4689 atque
2472 4619 2767 4687 plorandus
2793 4626 2874 4671 est
2910 4618 3024 4671 dies
3043 4617 3275 4672 carnalis
3302 4616 3624 4680 nativitatis,

2059 4724 2241 4784 utpote
2276 4722 2547 4766 tantarum
2580 4711 2932 4765 tentationum
2974 4719 3135 4778 atque
3176 4708 3417 4764 dolorum
3455 4709 3627 4761 intro-

2056 4808 2209 4862 itus:
2246 4814 2301 4857 et
2348 4819 2455 4857 non
2500 4802 2671 4856 solum
2726 4818 2830 4857 non
2888 4801 3183 4857 celebravit
3231 4802 3490 4863 ulterius,
3530 4804 3624 4855 scd

2055 4897 2329 4954 maledixit
2378 4912 2442 4949 ac
2475 4894 2655 4964 perire
2695 4896 2903 4962 Optavit
2944 4895 3126 4949 dicens
3165 4910 3178 4947 :
3215 4891 3407 4947 Pereat
3435 4896 3543 4946 dies
3572 4895 3626 4947 in

2051 5007 2153 5061 quo
2187 4998 2339 5042 natus
2374 5002 2507 5039 sum.
2535 4985 2634 5051 Qui
2669 4986 2822 5040 dies?
2852 4985 2964 5053 Ille,
3006 4986 3200 5053 inquit,
3235 4986 3324 5053 qui
3363 4985 3489 5037 olim
3524 4984 3628 5038 fuit

2058 5086 2321 5138 honestus
2363 5089 2418 5134 et
2449 5079 2655 5145 hilaris,
2687 5078 2912 5132 festivus
2938 5089 2991 5132 et
3022 5078 3175 5131 [artus
3202 5087 3364 5145 atque
3391 5075 3625 5143 splendi.

2058 5175 2178 5229 dus.
2213 5172 2309 5226 llic
2344 5187 2473 5241 ergo
2511 5180 2696 5240 pereat
2744 5172 2876 5224 dies.
2938 5170 3092 5224 Unde
3135 5169 3360 5238 pereat?
3406 5168 3483 5221 Ex
3535 5181 3629 5220 so-

2056 5265 2353 5327 lemnitate,
2379 5280 2442 5319 ex
2482 5264 2685 5329 laetitia,
2733 5279 2794 5316 ex
2827 5262 3132 5331 splendore,
3160 5278 3225 5315 cx
3258 5261 3377 5315 istis
3414 5269 3622 5329 pereat,

2054 5369 2109 5413 et
2132 5374 2402 5423 nunquam
2430 5357 2481 5410 in
2516 5356 2597 5410 his
2628 5355 2959 5409 inveniatur.
2985 5354 3117 5407 Cum
3151 5354 3253 5407 hoc
3283 5361 3460 5405 autem
3511 5352 3622 5415 die,

2053 5449 2212 5503 etiam
2274 5465 2376 5502 nox
2440 5447 2524 5501 illa
2582 5458 2767 5516 pereat
2813 5447 2865 5500 in
2908 5461 3012 5513 qua
3064 5445 3265 5499 dictum
3319 5455 3447 5498 est:
3485 5442 3626 5497 Ecce

2063 5541 2356 5597 masculus.
2403 5540 2527 5594 Haec
2574 5540 2851 5595 audientes
2890 5552 3011 5604 nos,
3054 5538 3235 5602 oviri,
3263 5550 3366 5590 non
3396 5535 3629 5605 gaudea-

2095 5660 2142 5693 “
2194 5658 2395 5717 Jcrem.
2460 5674 2545 5724 xv,
2616 5658 2701 5712 17.
2779 5656 2823 5689 ⁷⁵
2859 5654 3047 5709 Matth.
3103 5670 3249 5722 tum,
3283 5654 3371 5708 59.
3441 5652 3623 5710 "Job
