3884 6218
260 291 366 351 517

1350 289 1733 346 ANONYMUS
1771 288 1840 345 IN
1871 290 2011 345 JOB.
2055 322 2122 332 —
2158 292 2284 349 LIB.
2328 292 2419 349 Ill.

3408 300 3513 355 518

261 428 386 466 mus
425 418 654 465 terrena:
704 405 995 473 nativitati,
1040 406 1137 462 sed
1184 407 1479 463 timeamus
1520 424 1549 462 a
1588 409 1838 479 plurimis
1870 413 1913 469 Α
1940 410 2195 465 omnibus
2214 412 2304 480 qui
2331 411 2756 467 delectationem
2791 412 3247 481 putantcarnales
3268 414 3512 482 delicias,

265 504 425 570 hujus
458 501 641 555 mundi
675 500 1087 565 tentationibus,
1141 501 1234 554 sed
1283 515 1574 568 paveamus
1611 517 1639 554 a
1676 500 1836 554 terri-

262 594 356 648 bili
389 592 609 647 introitu
636 592 688 645 in
722 590 851 645 illud
875 590 1289 659 iucorruptibile
1316 592 1594 657 saeculum,
1618 593 1707 647 ubi
1732 594 1835 648 erit

265 684 521 738 revelatio
546 692 601 737 et
624 682 902 753 inquisitio
931 683 1169 736 omnium
1194 696 1417 751 operum
1449 693 1613 753 atque
1645 685 1833 742 verbo-

265 791 382 827 rum
416 786 742 830 nostrorum.
782 775 1313 838 Animadvertamus,
1359 790 1392 829 ο
1421 777 1687 841 homines,
1717 793 1836 845 quae

262 866 567 922 immutatio
591 866 729 921 facta
754 876 839 921 est
867 867 918 920 in
944 866 1269 920 hominibus.
1292 865 1424 918 Nam
1456 867 1665 934 priores
1690 868 1831 922 diem

264 958 564 1013 nativitatis
607 959 953 1014 celebrabant
1009 973 1169 1013 unam
1215 959 1381 1013 vitam
1426 960 1735 1029 diligentes,
1781 968 1834 1014 et

261 1049 424 1103 aliam
459 1060 581 1118 post
607 1052 748 1105 hanc
777 1066 882 1105 non
922 1062 1222 1116 sperantes.
1253 1049 1407 1104 Nunc
1444 1065 1571 1104 vero
1599 1066 1698 1105 nos
1728 1065 1832 1104 non

262 1143 562 1197 nativitatis
581 1143 722 1196 diem
754 1142 1111 1207 celebramus,
1140 1156 1264 1196 cum
1294 1142 1365 1196 sit
1399 1142 1641 1196 dolorum
1673 1152 1833 1212 atque

264 1234 617 1288 tentationum
657 1234 932 1301 introitus,
951 1234 1043 1289 sed
1079 1235 1268 1288 mortis
1295 1233 1436 1287 diem
1472 1233 1829 1301 celebramus,

261 1336 451 1395 utpote
488 1327 726 1380 omnium
765 1325 1011 1381 dolorum
1074 1325 1465 1392 depositionem
1508 1336 1673 1395 atque
1711 1342 1831 1380 om-

260 1419 413 1473 nium
448 1418 802 1473 tentationum
833 1417 1240 1487 efl’ugationem.
1286 1417 1434 1472 Diem
1463 1419 1655 1473 mortis
1693 1418 1833 1475 cele-

260 1509 507 1573 bramus,
537 1511 662 1578 quia
692 1524 798 1562 non
831 1509 1134 1562 moriuntur
1179 1508 1230 1561 hi
1261 1509 1351 1576 qui
1379 1509 1515 1562 mori
1549 1509 1828 1576 videntur;

260 1610 545 1669 propterea
580 1610 634 1653 et
664 1601 952 1655 memorias
999 1610 1315 1655 sanctorum
1348 1599 1601 1667 facimus,
1629 1610 1683 1656 et
1734 1617 1833 1672 pa-

258 1701 475 1745 rentum
528 1702 861 1756 nostrorum,
891 1690 971 1746 vel
1022 1692 1320 1747 amicorum
1371 1694 1422 1747 in
1458 1694 1560 1748 ﬁde
1593 1694 1831 1750 morien-

257 1782 396 1836 tium
438 1783 629 1837 devote
658 1782 975 1836 memoriam
1010 1782 1242 1850 agimus,
1288 1793 1394 1838 tam
1425 1784 1645 1842 illorum
1679 1790 1835 1845 refri-

256 1877 409 1942 gerio
443 1874 743 1944 gaudentes
786 1890 945 1944 quam
982 1874 1146 1929 etiam
1192 1875 1351 1930 nobis
1391 1879 1533 1946 piam
1580 1895 1835 1936 consum-

258 1966 550 2021 mationem
574 1966 625 2020 iu
663 1966 766 2019 ﬁde
790 1965 1143 2035 postulantes.
1186 1965 1277 2022 Sic
1315 1967 1501 2032 itaque
1543 1985 1649 2027 non
1692 1974 1833 2029 diem

257 2059 561 2113 nativitatis
592 2058 949 2122 celebramus,
990 2059 1120 2127 quia
1167 2058 1218 2112 in
1281 2071 1541 2129 perpetuo
1571 2063 1754 2119 vivent
1794 2065 1832 2121 ii

254 2150 347 2220 qui
382 2150 703 2206 moriuntur.
732 2148 1078 2203 Cclebramus
1115 2149 1375 2206 nimirum
1410 2152 1692 2221 religiosos
1711 2172 1831 2213 cum

254 2240 630 2297 sacerdotibus
682 2252 1070 2308 convocantes,
1124 2241 1310 2298 ﬁdeles
1345 2260 1451 2298 una
1504 2260 1626 2301 cum
1663 2249 1831 2317 clero,

254 2332 551 2389 iuvitantes
598 2332 773 2388 adhuc
818 2347 1021 2402 egenos
1074 2344 1131 2387 et
1181 2350 1470 2404 pauperes,
1518 2339 1750 2408 pupillos
1779 2352 1834 2396 et

256 2425 448 2479 viduas
476 2434 803 2489 saturantes,
857 2435 915 2478 ut
947 2426 1040 2478 ﬁat
1085 2424 1358 2483 festivitas
1409 2439 1594 2483 nostra
1632 2430 1685 2485 in
1719 2446 1833 2486 me-

256 2518 488 2571 moriam
523 2518 727 2586 requiei
775 2517 1047 2572 defunctis
1081 2518 1392 2586 animabus,
1441 2536 1677 2591 quarum
1712 2537 1831 2579 me-

255 2608 485 2664 noriam
515 2608 869 2674 celebramus,
902 2608 1054 2663 nobis
1092 2617 1279 2664 autem
1311 2611 1581 2667 efficiatur
1619 2614 1671 2686 in
1702 2614 1832 2670 odo-

254 2715 371 2755 rem
404 2700 685 2755 suavitatis
736 2701 790 2754 in
844 2711 1138 2770 conspectu
1178 2704 1366 2757 aeterni
1423 2703 1540 2760 Dei.
1606 2705 1729 2762 Haec
1758 2708 1834 2761 vi-

255 2791 453 2846 delicet
485 2792 744 2856 diximus,
775 2793 901 2861 quia
931 2793 1074 2847 diem
1106 2795 1411 2848 nativitatis
1451 2807 1676 2865 propter
1711 2799 1832 2855 illos

254 2883 347 2952 qui
394 2883 511 2937 sine
562 2897 655 2952 spe
710 2895 836 2938 sunt
871 2884 1154 2940 maledixit
1207 2885 1307 2941 Job
1371 2887 1558 2943 dicens
1593 2906 1608 2943 :
1641 2888 1831 2946 Pereat

254 2976 368 3032 (iss
390 2973 475 3029 ille
504 2976 555 3029 in
576 2992 676 3046 quo
699 2986 851 3029 natus
878 2993 1018 3041 sum,
1065 2987 1111 3031 et
1147 2994 1250 3031 nox
1280 2978 1373 3031 illa
1401 2981 1457 3033 in
1491 2997 1595 3050 qua
1633 2982 1830 3036 dictum

253 3078 329 3120 est
358 3080 378 3118 :
399 3064 534 3120 Ecce
568 3068 850 3121 masculus.
884 3067 1049 3123 Paulo
1083 3079 1204 3137 post
1256 3070 1515 3126 incedens
1558 3073 1688 3127 dicit
1720 3092 1733 3129 :
1760 3073 1830 3128 Et

256 3175 366 3211 ηπ
394 3157 486 3211 illa
532 3160 600 3211 sit
652 3159 707 3212 in
750 3159 933 3213 dolore
961 3162 1028 3215 ⁷⁷.
1069 3160 1316 3216 Ostendit
1368 3176 1497 3218 vero
1532 3165 1654 3233 quia
1700 3166 1832 3220 nulli

255 3249 534 3303 maledixit
568 3264 664 3319 per
699 3251 799 3305 hoc
828 3252 970 3321 quod
996 3252 1097 3317 ait,
1139 3263 1189 3307 et
1216 3270 1319 3307 ηοω
1342 3254 1433 3308 illa
1456 3256 1522 3309 sit
1550 3257 1605 3309 in
1633 3258 1829 3312 dolore.

255 3341 387 3408 Quis
420 3343 565 3395 enim
615 3342 771 3397 dolor
797 3344 903 3397 erit
929 3345 1075 3399 nocti
1097 3345 1119 3398 ?
1141 3344 1350 3402 Nullus.
1390 3346 1523 3401 Nam
1550 3364 1652 3404 nox
1692 3350 1832 3418 apud

253 3434 598 3502 semetipsam
622 3443 783 3502 atque
815 3435 867 3487 in
901 3436 1213 3506 semetipsa,
1264 3453 1441 3509 neque
1469 3455 1592 3495 cum
1624 3441 1830 3511 dolore,

254 3540 430 3594 neque
456 3527 573 3581 sine
602 3525 788 3583 dolore
816 3542 938 3582 esse
964 3537 1161 3597 potest.
1196 3528 1331 3584 Nam
1369 3532 1509 3586 sicut
1539 3549 1645 3590 non
1673 3534 1834 3589 habet

253 3627 527 3684 naturam,
560 3634 735 3689 neque
779 3619 1158 3686 substantiam,
1202 3621 1275 3676 ita
1318 3638 1419 3678 nec
1442 3623 1707 3687 dolorem,
1736 3641 1832 3681 ne-

252 3725 360 3779 que
394 3710 605 3775 vulnus,
647 3726 821 3779 neque
876 3712 1186 3781 passionem
1228 3713 1390 3768 habet
1434 3714 1489 3768 in
1514 3717 1826 3786 semetipsa,

252 3816 429 3871 neque
461 3803 599 3866 dies,
652 3819 827 3873 neque
856 3819 982 3859 nox.
1037 3804 1164 3860 Haec
1210 3806 1395 3875 itaque
1423 3808 1603 3863 sciens
1644 3810 1830 3865 beatus

250 3892 354 3949 Job
386 3894 656 3949 miseriam
685 3895 977 3960 ventilans,
1000 3905 1055 3950 et
1083 3895 1321 3951 dolorem
1354 3897 1578 3963 deflens,
1599 3899 1679 3955 eis
1710 3917 1831 3970 quas

252 4001 360 4040 non
396 3995 520 4041 sunt
561 3987 839 4042 maledixit
872 3997 1037 4058 atque
1067 3988 1309 4043 dolorem
1348 3992 1574 4060 optavit,
1604 3992 1825 4047 dicens:

251 4077 445 4131 Pereat
472 4078 562 4132 ille
588 4079 696 4133 dies
722 4079 779 4133 in
812 4097 914 4150 quo
944 4092 1100 4134 natus
1138 4097 1276 4145 sum,
1323 4090 1373 4136 et
1402 4099 1507 4136 nox
1527 4082 1621 4137 illa
1650 4085 1704 4136 in
1724 4100 1828 4153 qua

251 4168 453 4221 dictum
490 4178 563 4222 est
599 4185 618 4223 :
652 4167 787 4224 Ecce
811 4170 1103 4225 masculus.
1162 4170 1383 4237 Quare?
1414 4172 1540 4240 quia
1578 4174 1827 4229 tenebro-

250 4272 434 4313 sorum
464 4259 707 4316 dolorum
738 4262 865 4316 mihi
899 4262 1198 4332 auspicium
1225 4273 1307 4319 est
1350 4264 1545 4327 factus,
1578 4264 1703 4332 quia
1730 4266 1827 4320 ob-

250 4350 693 4407 scurissimorum
729 4354 1115 4422 suppliciorum
1144 4355 1275 4409 mihi
1304 4356 1516 4410 exstitit
1546 4356 1821 4422 introitus,

251 4442 383 4511 quia
434 4458 556 4498 cum
603 4460 661 4499 re
708 4444 963 4500 familiari
1014 4457 1178 4515 atque
1232 4446 1465 4501 ﬁliorum
1522 4448 1824 4516 perditione
1854 4486 1900 4542 υ

251 4536 414 4589 etiam
431 4536 632 4591 amicos
662 4537 714 4591 iu
742 4537 989 4592 inimicos
1010 4539 1305 4602 convertit,
1334 4547 1385 4593 et
1416 4554 1613 4608 corpus
1641 4554 1821 4595 meum

251 4627 527 4683 vermibus
553 4630 911 4697 consumpsit,
937 4639 995 4684 et
1033 4631 1397 4684 membrorum
1425 4646 1666 4685 meorum
1696 4645 1822 4686 ner-

248 4721 352 4773 vas
378 4721 603 4776 humore
632 4720 871 4775 vulneris
923 4720 1221 4790 liquefecit.
1260 4720 1365 4776 Pro
1414 4721 1499 4777 his
1534 4736 1664 4792 ergo
1701 4737 1824 4776 om-

251 4813 413 4866 nibus
441 4813 556 4868 dies
601 4812 693 4867 illa
731 4813 803 4867 sit
840 4814 894 4867 in
929 4813 1188 4879 tenebris,
1215 4823 1274 4868 et
1334 4823 1590 4883 tanquam
1634 4828 1826 4869 errans

248 4906 549 4959 circumeat
601 4905 653 4959 in
705 4905 964 4970 tenebris,
1006 4915 1061 4960 et
1105 4920 1294 4961 rursus
1336 4906 1404 4960 ad
1431 4920 1516 4960 me
1540 4920 1822 4961 accessum

248 5011 359 5050 non
396 4996 657 5060 inveniat,
715 5011 890 5066 neque
946 4998 1378 5067 appropinquare
1424 4998 1622 5062 valeat,
1656 5012 1830 5067 neque

250 5089 476 5142 vulnera
508 5103 627 5143 mea
651 5088 946 5144 identidem
980 5099 1221 5153 renovet,
1258 5103 1435 5157 neque
1468 5089 1685 5160 maligni
1710 5090 1828 5144 dia-

248 5180 355 5235 boli
382 5180 555 5234 zelum
585 5179 762 5235 denuo
807 5180 939 5235 mihi
971 5181 1368 5236 subministret.
1421 5179 1501 5235 Ob
1553 5180 1658 5235 hoc
1696 5196 1825 5251 ergo

247 5272 367 5325 dies
393 5270 479 5325 ille
509 5271 581 5325 sit
611 5271 665 5325 in
694 5272 955 5337 tenebris,
988 5271 1104 5326 dies
1140 5271 1228 5324 ille
1253 5272 1345 5341 qui
1380 5271 1639 5340 plurimos
1674 5272 1827 5327 delu-

247 5363 347 5425 dit,
378 5362 467 5433 qui
504 5362 764 5431 plurimos
793 5364 1029 5426 seducit,
1062 5362 1153 5432 qui
1196 5363 1446 5433 plurimis
1479 5372 1714 5419 aeternas
1749 5372 1828 5418 te-

247 5455 446 5510 nebras
488 5463 765 5524 procurat.
793 5453 1055 5509 Omnibus
1084 5455 1191 5509 illis
1224 5456 1315 5524 qui
1356 5455 1631 5511 carnalem
1661 5455 1826 5510 vitam

245 5548 614 5618 quaesierunt,
671 5546 925 5619 spiritalis
981 5562 1111 5604 vero
1169 5562 1437 5604 memores
1497 5562 1602 5605 non
1664 5556 1823 5613 sunt;

356 5727 399 5757 ⁷⁷
425 5724 524 5783 Job
551 5742 634 5791 tn,
669 5726 722 5783 ὅ.
799 5726 843 5758 ⁷⁸
874 5725 1003 5783 ibid.
1023 5726 1075 5783 4.
1103 5727 1145 5761 ⁷³
1176 5727 1303 5783 ibid-

1937 502 2189 556 omnibus
2236 502 2327 571 qui
2362 503 2621 573 voluptati
2670 518 2735 557 ac
2773 505 2948 559 ventri
2992 506 3305 559 deserviunt
3352 523 3516 578 super

1938 597 2174 655 terram;
2225 592 2481 646 omnibus
2514 592 2631 647 istis
2661 594 2928 647 obscurus
2976 592 3264 660 efﬁciatur,
3305 597 3431 664 quia
3460 598 3515 652 in

1935 681 2174 736 tenebris
2203 684 2515 752 prodibunt,
2548 684 2673 753 quia
2716 685 2768 739 in
2805 687 3052 739 tenebras
3075 686 3249 751 ibunt,
3278 689 3397 756 quia
3432 699 3514 744 te-

1935 772 2118 827 nebrae
2147 783 2436 842 contegent
2466 789 2659 829 nomen
2685 790 2893 833 eorum.
2924 776 3043 829 Dies
3068 776 3158 830 ille
3186 778 3254 830 sit
3289 780 3345 831 in
3369 790 3515 833 tene-

1936 863 2043 916 bris
2075 862 2139 918 7‘.
2174 863 2264 919 llle
2308 866 2365 919 in
2399 881 2507 935 quo
2543 866 2807 936 malignus
2847 876 3010 937 atque
3053 869 3374 923 tenebrosus
3400 871 3516 925 dia—

1935 952 2094 1007 bolus
2121 969 2274 1007 suam
2320 953 2547 1024 perfecit
2591 955 2941 1011 voluntatem.
2974 956 3109 1012 Nam
3156 968 3211 1013 et
3241 975 3369 1014 vere
3411 960 3516 1015 nisi

1935 1044 2167 1112 primum
2198 1045 2573 1100 obscuraverit
2607 1047 2853 1102 diabolus
2883 1051 3045 1103 corda
3080 1050 3382 1118 hominum,
3408 1052 3517 1107 nisi

1934 1135 2167 1204 primum
2227 1137 2579 1193 infuscaverit
2642 1139 2852 1193 animas
2898 1154 3129 1207 eorum,
3208 1142 3311 1196 nisi
3367 1143 3516 1213 prius

1934 1228 2258 1283 oblivionem
2291 1230 2497 1285 dederit
2528 1230 2737 1285 timoris
2763 1232 2854 1286 Dei
2884 1242 3045 1300 atque
3084 1234 3403 1289 terribilium
3424 1236 3516 1305 ju-

1935 1319 2197 1374 diciorum
2237 1322 2373 1391 ejus,
2408 1338 2512 1376 non
2546 1323 2733 1392 utique
2758 1324 2960 1378 valebit
2992 1340 3228 1394 unquam
3264 1340 3516 1396 peccato-

1935 1424 2054 1464 rum
2084 1427 2272 1467 semen
2300 1415 2571 1467 seminare
2599 1414 2651 1467 in
2686 1414 2939 1469 cordibus
2971 1433 3179 1471 eorum.
3227 1418 3515 1487 Postquam

1934 1516 2064 1557 vero
2093 1504 2471 1559 obscuraverit
2507 1507 2769 1569 animam,
2800 1518 2853 1561 et
2890 1524 2918 1560 a
2946 1509 3051 1564 Deo
3081 1511 3361 1575 averterit,
3388 1521 3518 1566 tunc

1935 1594 2143 1649 scilicet
2183 1596 2249 1650 ad
2285 1597 2467 1652 omnia
2497 1598 2661 1663 mala,
2717 1600 2783 1652 ad
2842 1600 3253 1670 impudicitiam,
3282 1603 3350 1656 ad
3391 1602 3514 1657 Inﬁ-

1935 1684 2209 1741 delitatem
2243 1698 2404 1758 atque
2434 1690 2499 1742 ad
2524 1690 2706 1745 omnia
2737 1693 2920 1745 carnis
2952 1693 3219 1747 desideria
3257 1702 3516 1765 tanquam

1936 1790 2029 1832 eos
2065 1781 2157 1847 qui
2209 1780 2261 1832 in
2326 1782 2562 1835 tenebris
2613 1792 2740 1837 sunt
2819 1782 2977 1837 facile
3036 1786 3324 1840 convertit.
3395 1786 3519 1842 Istis

1934 1884 2063 1939 ergo
2097 1871 2293 1927 talibus
2318 1872 2550 1927 eflieitur
2587 1875 2701 1929 dies
2757 1874 2868 1941 illa,
2928 1876 3029 1930 hoc
3056 1886 3137 1931 est
3169 1878 3282 1932 dies
3317 1879 3518 1933 nativi-

1937 1960 2089 2027 tatis,
2119 1962 2232 2016 dies
2263 1964 2630 2019 tenebrarum.
2656 1965 2721 2020 Et
2744 1982 2852 2020 non
2880 1967 3051 2021 solum
3080 1968 3194 2023 dies
3218 1970 3519 2026 nativitatis

1947 2054 2181 2108 tenebra:
2233 2054 2338 2109 illis
2386 2055 2713 2122 efﬁciuntur,
2767 2058 2861 2112 sed
2922 2059 3140 2127 insuper
3178 2062 3354 2115 adhuc
3400 2064 3520 2119 dies

1939 2146 2131 2201 mortis
2154 2156 2480 2202 azternarum
2513 2149 2855 2204 tenebrarum
2875 2151 3127 2207 introitus
3147 2152 3373 2207 efficitur
3392 2154 3515 2209 illis.

1947 2236 2074 2292 Dies
2109 2239 2251 2293 enim
2289 2241 2612 2296 tenebrosus
2659 2242 3017 2298 circumdabit
3060 2244 3159 2300 bos
3209 2245 3359 2300 tales.
3394 2245 3519 2301 Haec

1932 2344 2166 2399 namque
2200 2332 2449 2386 universa
2482 2333 2799 2402 significans
2850 2336 2983 2390 dicit
3024 2354 3037 2389 :
3074 2335 3197 2390 Dies
3227 2336 3320 2390 illa
3346 2338 3413 2390 sit
3464 2338 3519 2391 in

1934 2422 2176 2476 tenebris.
2208 2423 2334 2478 Dies
2371 2424 2687 2493 impiorum,
2726 2426 2840 2481 dies
2870 2426 3189 2491 infidelium,
3217 2427 3332 2482 dies
3361 2427 3519 2482 lasci—

1933 2528 2145 2580 vorum,
2178 2514 2603 2584 impudicorum,
2631 2532 2819 2573 eorum
2853 2518 2946 2587 qui
2978 2533 3150 2588 neque
3179 2519 3233 2572 in
3260 2519 3347 2574 die
3374 2520 3518 2574 nati-

1946 2605 2130 2659 vitatis
2177 2606 2435 2675 pietatem
2469 2609 2804 2677 custodiunt,
2858 2626 3034 2680 neque
3084 2610 3137 2665 in
3186 2611 3272 2666 die
3326 2613 3518 2667 mortis

1933 2697 2309 2766 paenitentiam
2342 2701 2794 2756 ostendunl.lstis
2810 2716 2939 2772 ergo
2964 2701 3163 2757 talibus
3194 2702 3311 2757 dies
3338 2702 3427 2758 ille
3448 2703 3520 2758 sit

1934 2788 1987 2843 in
2020 2791 2295 2856 tenebris,
2328 2792 2455 2862 quia
2490 2793 2541 2847 in
2570 2802 2684 2849 tota
2717 2795 2825 2847 vita
2860 2808 2956 2849 sua
2996 2803 3246 2863 tanquam
3281 2795 3333 2849 in
3368 2804 3518 2850 tene-

1933 2880 2046 2935 bris
2073 2882 2374 2949 ambulant,
2425 2884 2519 2954 qui
2552 2884 2771 2954 palpant
2792 2885 2939 2940 velut
2965 2900 3139 2940 caecus
3165 2888 3307 2941 circa
3339 2888 3518 2955 parie-

1934 2981 2064 3027 tem.
2091 2973 2262 3029 Justis
2297 2985 2478 3031 autem
2509 2976 2597 3030 lux
2626 2986 2711 3032 est
2749 2993 2964 3047 semper
2990 2978 3042 3031 in
3080 2979 3167 3033 die
3190 2979 3514 3045 nativitatis,

1935 3065 2076 3121 sicut
2105 3065 2354 3123 Jeremire
2391 3078 2444 3123 et
2484 3070 2732 3124 omnibus
2758 3072 2983 3125 sanctis.
3012 3070 3079 3124 Et
3106 3070 3157 3123 in
3190 3071 3278 3125 die
3303 3073 3517 3136 mortis,

1937 3157 2077 3213 sicut
2114 3156 2319 3213 Lazaro
2347 3160 2438 3227 qui
2476 3161 2788 3245 depqrtatus
2815 3169 2898 3215 est
2929 3162 2996 3213 ab
3018 3160 3225 3231 angelis
3257 3162 3309 3214 in
3338 3162 3517 3216 sinum

1933 3246 2186 3314 Abrahae,
2236 3249 2387 3306 lsaac
2447 3261 2502 3306 et
2555 3251 2756 3314 Jacob,
2817 3253 2868 3306 in
2919 3252 3116 3308 saecula
3170 3254 3514 3312 saeculorum.

1933 3339 2127 3396 Amen.
2158 3342 2277 3397 Dies
2304 3342 2394 3398 ille
2422 3344 2489 3398 sit
2521 3344 2577 3398 in
2612 3345 2855 3408 tenebris,
2890 3354 2937 3398 et
2964 3362 3069 3400 non
3096 3349 3327 3415 requirat
3367 3346 3517 3401 illum

1936 3430 2193 3488 Dominus
2232 3437 2458 3504 desuper
2486 3436 2551 3489 ⁷³.
2601 3433 2896 3490 ldentidem
2947 3438 3013 3490 ad
3071 3438 3251 3507 priora
3299 3453 3359 3493 se
3389 3454 3518 3493 con-

1931 3528 2114 3591 vertit,
2140 3543 2245 3581 non
2298 3528 2534 3597 inquirat
2587 3529 2740 3582 illum
2789 3527 3069 3594 Dominus,
3125 3544 3192 3584 ne
3225 3531 3517 3600 inquisitus

1933 3618 2127 3672 iterum
2160 3620 2226 3672 ad
2262 3634 2346 3673 me
2376 3620 2677 3688 perveniat,
2707 3636 2775 3675 ne
2802 3620 3054 3676 inventus
3099 3621 3390 3677 identidem
3429 3639 3514 3679 me

1932 3708 2197 3764 inveniat.
2240 3709 2354 3764 Non
2391 3710 2631 3780 inquirat
2658 3711 2807 3765 illum
2844 3711 3100 3767 Dominus
3132 3713 3386 3781 desuper,
3409 3730 3515 3769 non

1933 3802 2269 3866 recordetur,
2303 3819 2406 3857 non
2448 3812 2681 3872 reputet.
2727 3803 2842 3858 Non
2873 3804 3016 3857 enim
3064 3813 3148 3859 est
3190 3806 3401 3874 dignus,
3425 3822 3517 3862 ne-

1932 3908 2037 3963 que
2069 3895 2181 3962 ipse
2212 3894 2351 3958 dies,
2379 3909 2551 3963 neque
2581 3894 2670 3949 ille
2701 3895 2793 3964 qui
2830 3897 2881 3949 in
2916 3895 3034 3964 ipso
3060 3897 3147 3950 die
3178 3899 3515 3953 amarissima

1932 3986 2065 4039 mihi
2098 3987 2319 4056 ingessit
2355 3996 2649 4042 tormenta.
2691 3986 2844 4041 Diém
2877 3989 3183 4044 nativitatis
3230 4001 3514 4053 memorat,

1929 4085 1983 4131 et
2036 4078 2464 4133 lamentabilium
2541 4078 2925 4147 suppliciorum
3005 4081 3145 4135 diem
3224 4082 3513 4150 signiﬁcat,

1929 4168 2179 4237 quinimo
2230 4168 2345 4239 ipsa
2404 4169 2706 4238 supplicia,
2749 4170 2833 4225 vel
2881 4171 3057 4240 potius
3116 4172 3386 4226 diabolum
3422 4175 3515 4240 qui

1928 4260 2160 4329 ingessit
2216 4275 2303 4324 ea,
2336 4276 2498 4329 quem
2558 4261 2625 4315 de
2671 4263 3046 4333 superioribus
3093 4264 3375 4318 cadentem
3408 4280 3515 4319 non

1928 4352 2166 4419 requiret
2220 4353 2479 4408 Dominus
2509 4370 2767 4423 unquam.
2829 4354 2955 4409 Non
2988 4356 3222 4423 requirat
3259 4372 3378 4409 eum
3417 4354 3521 4409 Do-

1928 4443 2097 4496 minus
2129 4444 2371 4513 desuper.
2410 4444 2548 4512 Quid
2585 4445 2721 4501 dicis
2746 4486 2762 4511 ,
2801 4461 2834 4501 0
2858 4448 3011 4500 beate
3050 4444 3187 4501 Job?
3213 4445 3355 4516 Ergo
3379 4447 3516 4503 alios

1931 4533 2045 4587 dies
2080 4535 2333 4604 inquiret,
2388 4546 2447 4591 ut
2478 4538 2545 4591 de
2589 4541 2692 4592 isto
2720 4539 2833 4593 solo
2873 4539 3025 4593 dicas
3064 4538 3213 4592 velut
3272 4539 3516 4593 intermi-

1930 4640 2112 4679 nans:
2155 4627 2283 4682 Non
2338 4630 2569 4698 inquirat
2605 4630 2755 4683 illum
2809 4630 3065 4684 Dominus
3110 4632 3371 4699 desuper?
3402 4631 3517 4687 liti-

1932 4733 2061 4788 que,
2119 4719 2213 4783 ait,
2262 4734 2451 4775 omnes
2503 4720 2623 4775 dies
2682 4720 2860 4775 saeculi
2916 4722 3279 4792 iuquirentur,
3332 4723 3514 4777 omnia

1935 4819 2196 4880 tempora,
2230 4821 2285 4865 et
2330 4822 2601 4867 momenta
2656 4822 2822 4882 atque
2858 4815 3051 4868 saecula
3087 4816 3434 4883 requirentur
3460 4824 3518 4870 et

1932 4905 2298 4973 producentur
2332 4921 2346 4957 :
2387 4905 2642 4958 nimirum
2685 4920 2791 4958 non
2829 4908 2943 4961 dies
2998 4907 3176 4962 saeculi
3231 4908 3320 4978 qui
3360 4918 3517 4963 natu-

1933 5009 2048 5048 ram
2077 5009 2180 5049 non
2232 4994 2429 5049 habent
2479 5010 2651 5064 neque
2698 4996 3077 5063 substantiam,
3113 5001 3205 5053 sed
3256 5000 3421 5054 verba
3461 5012 3518 5054 ct

1933 5085 2072 5141 facta
2102 5100 2222 5154 qua:
2258 5085 2313 5140 in
2367 5085 2474 5139 illis
2510 5086 2700 5142 diebus
2750 5097 2874 5141 sunt
2905 5098 3050 5158 gesta
3099 5088 3181 5143 vel
3209 5089 3376 5155 dicta,
3420 5094 3515 5147 sed

1932 5178 2287 5248 cogitationes
2315 5187 2369 5232 et
2388 5179 2613 5233 consilia
2638 5189 2800 5249 atque
2832 5190 3123 5244 tractatus,
3145 5182 3237 5252 qui
3281 5183 3335 5237 in
3366 5184 3515 5238 omni

1931 5277 2175 5339 tempore
2200 5270 2285 5324 vel
2322 5280 2594 5325 momento
2624 5271 2780 5339 hujus
2809 5272 2991 5326 saeculi
3026 5274 3235 5328 tractati
3277 5284 3401 5329 sunt
3429 5283 3514 5327 at-

1931 5376 2037 5430 que
2060 5362 2304 5432 cogitati.
2326 5360 2452 5417 Haec
2481 5362 2645 5430 igitur
2675 5366 2855 5417 omnia
2878 5364 2931 5418 in
2959 5364 3213 5419 omnibus
3241 5367 3513 5435 gentibus,

1932 5464 1987 5509 et
2011 5456 2063 5510 in
2094 5457 2250 5511 omni
2297 5456 2479 5527 lingua
2505 5456 2758 5526 inquisita
2794 5457 2845 5510 in
2872 5457 3075 5526 judicio
3103 5458 3517 5512 manifestantur

1934 5547 1989 5602 in
2026 5556 2267 5618 tempore
2292 5548 2679 5619 inquisitionis.
2735 5547 2851 5605 Non
2883 5549 3028 5604 enim
3060 5548 3315 5605 mentitur
3345 5547 3390 5603 is
3420 5546 3511 5616 qui
