  <div class='ocr_page' id='page_1' title='image "/cluster/home/n/w/nwhite01/storage/ocr_20150623/17/nnc1.0046978615/269.png"; bbox 0 0 3880 6212; ppageno 0'>
   <div class='ocr_carea' id='block_1_1' title="bbox 448 296 553 354">
    <p class='ocr_par' dir='ltr' id='par_1_1' title="bbox 448 296 553 354">
     <span class='ocr_line' id='line_1_1' title="bbox 448 296 553 354; baseline 0 0"><span class='ocrx_word' id='word_1_1' title='bbox 448 296 553 354; x_wconf 67' lang='grc'><strong>519</strong></span> 
     </span>
    </p>
   </div>
   <div class='ocr_carea' id='block_1_2' title="bbox 1531 296 2602 356">
    <p class='ocr_par' dir='ltr' id='par_1_2' title="bbox 1531 296 2602 356">
     <span class='ocr_line' id='line_1_2' title="bbox 1531 296 2602 356; baseline 0.004 -4"><span class='ocrx_word' id='word_1_2' title='bbox 1531 296 1914 355; x_wconf 77' lang='lat' dir='ltr'><strong>ANONYMUS</strong></span> <span class='ocrx_word' id='word_1_3' title='bbox 1950 296 2021 351; x_wconf 83' lang='lat' dir='ltr'><strong>IN</strong></span> <span class='ocrx_word' id='word_1_4' title='bbox 2058 296 2197 353; x_wconf 86' lang='lat' dir='ltr'><strong>JOB.</strong></span> <span class='ocrx_word' id='word_1_5' title='bbox 2238 329 2307 340; x_wconf 91' lang='lat'><strong>—</strong></span> <span class='ocrx_word' id='word_1_6' title='bbox 2342 297 2471 352; x_wconf 89' lang='lat' dir='ltr'><strong>LIB.</strong></span> <span class='ocrx_word' id='word_1_7' title='bbox 2512 297 2602 356; x_wconf 86' lang='grc'><strong>111.</strong></span> 
     </span>
    </p>
   </div>
   <div class='ocr_carea' id='block_1_3' title="bbox 3584 300 3688 356">
    <p class='ocr_par' dir='ltr' id='par_1_3' title="bbox 3584 300 3688 356">
     <span class='ocr_line' id='line_1_3' title="bbox 3584 300 3688 356; baseline 0.029 -3"><span class='ocrx_word' id='word_1_8' title='bbox 3584 300 3688 356; x_wconf 74' lang='lat'><strong>520</strong></span> 
     </span>
    </p>
   </div>
   <div class='ocr_carea' id='block_1_4' title="bbox 450 417 3687 489">
    <p class='ocr_par' dir='ltr' id='par_1_4' title="bbox 450 417 3687 489">
     <span class='ocr_line' id='line_1_4' title="bbox 450 417 3687 489; baseline 0.001 -16"><span class='ocrx_word' id='word_1_9' title='bbox 450 419 564 473; x_wconf 90' lang='lat' dir='ltr'><strong>ait:</strong></span> <span class='ocrx_word' id='word_1_10' title='bbox 598 417 802 473; x_wconf 77' lang='lat' dir='ltr'><strong>Memor</strong></span> <span class='ocrx_word' id='word_1_11' title='bbox 832 433 950 472; x_wconf 91' lang='lat' dir='ltr'><strong>sum</strong></span> <span class='ocrx_word' id='word_1_12' title='bbox 979 434 1041 473; x_wconf 83' lang='lat' dir='ltr'><strong>ea</strong></span> <span class='ocrx_word' id='word_1_13' title='bbox 1068 432 1190 488; x_wconf 65' lang='lat' dir='ltr'><strong>qua:</strong></span> <span class='ocrx_word' id='word_1_14' title='bbox 1216 434 1246 472; x_wconf 89' lang='lat' dir='ltr'><strong>a</strong></span> <span class='ocrx_word' id='word_1_15' title='bbox 1273 419 1469 473; x_wconf 74' lang='lat' dir='ltr'><strong>smculo</strong></span> <span class='ocrx_word' id='word_1_16' title='bbox 1492 430 1619 474; x_wconf 91' lang='lat' dir='ltr'><strong>sunt</strong></span> <span class='ocrx_word' id='word_1_17' title='bbox 1658 421 2022 483; x_wconf 89' lang='lat' dir='ltr'><strong>dinumerare,</strong></span> <span class='ocrx_word' id='word_1_18' title='bbox 2052 424 2098 481; x_wconf 78' lang='grc' dir='ltr'>Α</span> <span class='ocrx_word' id='word_1_19' title='bbox 2126 423 2359 476; x_wconf 84' lang='lat' dir='ltr'><strong>ctionem</strong></span> <span class='ocrx_word' id='word_1_20' title='bbox 2381 422 2612 488; x_wconf 82' lang='lat' dir='ltr'><strong>Domini,</strong></span> <span class='ocrx_word' id='word_1_21' title='bbox 2633 422 2725 476; x_wconf 89' lang='lat' dir='ltr'><strong>sed</strong></span> <span class='ocrx_word' id='word_1_22' title='bbox 2753 437 2857 478; x_wconf 90' lang='lat' dir='ltr'><strong>non</strong></span> <span class='ocrx_word' id='word_1_23' title='bbox 2882 421 3064 477; x_wconf 92' lang='lat' dir='ltr'><strong>veniat</strong></span> <span class='ocrx_word' id='word_1_24' title='bbox 3089 420 3332 475; x_wconf 89' lang='lat' dir='ltr'><strong>inlucem</strong></span> <span class='ocrx_word' id='word_1_25' title='bbox 3360 419 3536 475; x_wconf 89' lang='lat' dir='ltr'><strong>vultus</strong></span> <span class='ocrx_word' id='word_1_26' title='bbox 3551 420 3687 489; x_wconf 83' lang='lat' dir='ltr'><strong>ejus,</strong></span> 
     </span>
    </p>
   </div>
   <div class='ocr_carea' id='block_1_5' title="bbox 450 510 2029 577">
    <p class='ocr_par' dir='ltr' id='par_1_5' title="bbox 450 510 2029 577">
     <span class='ocr_line' id='line_1_5' title="bbox 450 510 2029 577; baseline 0.001 -12"><span class='ocrx_word' id='word_1_27' title='bbox 450 525 555 565; x_wconf 83' lang='lat' dir='ltr'><strong>non</strong></span> <span class='ocrx_word' id='word_1_28' title='bbox 592 510 765 564; x_wconf 91' lang='lat' dir='ltr'><strong>solum</strong></span> <span class='ocrx_word' id='word_1_29' title='bbox 804 518 1044 577; x_wconf 77' lang='lat' dir='ltr'><strong>tempora</strong></span> <span class='ocrx_word' id='word_1_30' title='bbox 1073 519 1129 564; x_wconf 92' lang='lat' dir='ltr'><strong>et</strong></span> <span class='ocrx_word' id='word_1_31' title='bbox 1166 521 1460 573; x_wconf 87' lang='lat' dir='ltr'><strong>momenta,</strong></span> <span class='ocrx_word' id='word_1_32' title='bbox 1492 521 1546 564; x_wconf 90' lang='lat' dir='ltr'><strong>et</strong></span> <span class='ocrx_word' id='word_1_33' title='bbox 1578 512 1716 573; x_wconf 86' lang='lat' dir='ltr'><strong>dies,</strong></span> <span class='ocrx_word' id='word_1_34' title='bbox 1754 522 1808 564; x_wconf 92' lang='lat' dir='ltr'><strong>et</strong></span> <span class='ocrx_word' id='word_1_35' title='bbox 1838 527 2029 577; x_wconf 89' lang='lat' dir='ltr'><strong>annos,</strong></span> 
     </span>
    </p>
   </div>
   <div class='ocr_carea' id='block_1_6' title="bbox 447 601 2028 672">
    <p class='ocr_par' dir='ltr' id='par_1_6' title="bbox 447 601 2028 672">
     <span class='ocr_line' id='line_1_6' title="bbox 447 601 2028 672; baseline 0.001 -17"><span class='ocrx_word' id='word_1_36' title='bbox 447 602 542 655; x_wconf 87' lang='lat' dir='ltr'><strong>sed</strong></span> <span class='ocrx_word' id='word_1_37' title='bbox 568 602 699 672; x_wconf 90' lang='lat' dir='ltr'><strong>quin</strong></span> <span class='ocrx_word' id='word_1_38' title='bbox 761 602 940 671; x_wconf 92' lang='lat' dir='ltr'><strong>potius</strong></span> <span class='ocrx_word' id='word_1_39' title='bbox 965 602 1206 655; x_wconf 90' lang='lat' dir='ltr'><strong>omnium</strong></span> <span class='ocrx_word' id='word_1_40' title='bbox 1244 601 1521 667; x_wconf 76' lang='lat' dir='ltr'><strong>hominum</strong></span> <span class='ocrx_word' id='word_1_41' title='bbox 1561 602 1741 655; x_wconf 87' lang='lat' dir='ltr'><strong>cordis</strong></span> <span class='ocrx_word' id='word_1_42' title='bbox 1795 604 2028 671; x_wconf 89' lang='lat' dir='ltr'><strong>occulta,</strong></span> 
     </span>
    </p>
   </div>
   <div class='ocr_carea' id='block_1_7' title="bbox 440 692 2028 762">
    <p class='ocr_par' dir='ltr' id='par_1_7' title="bbox 440 692 2028 762">
     <span class='ocr_line' id='line_1_7' title="bbox 440 692 2028 762; baseline 0.001 -16"><span class='ocrx_word' id='word_1_43' title='bbox 440 693 593 760; x_wconf 83' lang='lat' dir='ltr'><strong>juxta</strong></span> <span class='ocrx_word' id='word_1_44' title='bbox 617 696 719 748; x_wconf 85' lang='lat' dir='ltr'><strong>hoc</strong></span> <span class='ocrx_word' id='word_1_45' title='bbox 738 694 879 762; x_wconf 90' lang='lat' dir='ltr'><strong>quod</strong></span> <span class='ocrx_word' id='word_1_46' title='bbox 903 694 1109 747; x_wconf 90' lang='lat' dir='ltr'><strong>dictum</strong></span> <span class='ocrx_word' id='word_1_47' title='bbox 1137 702 1218 747; x_wconf 85' lang='lat' dir='ltr'><strong>est</strong></span> <span class='ocrx_word' id='word_1_48' title='bbox 1249 711 1262 745; x_wconf 93' lang='lat'><strong>:</strong></span> <span class='ocrx_word' id='word_1_49' title='bbox 1284 692 1387 757; x_wconf 85' lang='lat' dir='ltr'><strong>Qui</strong></span> <span class='ocrx_word' id='word_1_50' title='bbox 1406 692 1555 760; x_wconf 80' lang='lat' dir='ltr'><strong>ﬁngit</strong></span> <span class='ocrx_word' id='word_1_51' title='bbox 1578 692 1849 761; x_wconf 84' lang='lat' dir='ltr'><strong>sigillatim</strong></span> <span class='ocrx_word' id='word_1_52' title='bbox 1870 696 2028 749; x_wconf 89' lang='lat' dir='ltr'><strong>corda</strong></span> 
     </span>
    </p>
   </div>
   <div class='ocr_carea' id='block_1_8' title="bbox 443 785 2026 855">
    <p class='ocr_par' dir='ltr' id='par_1_8' title="bbox 443 785 2026 855">
     <span class='ocr_line' id='line_1_8' title="bbox 443 785 2026 855; baseline 0.001 -16"><span class='ocrx_word' id='word_1_53' title='bbox 443 802 649 847; x_wconf 86' lang='lat' dir='ltr'><strong>eorum,</strong></span> <span class='ocrx_word' id='word_1_54' title='bbox 672 786 762 855; x_wconf 83' lang='lat' dir='ltr'><strong>qui</strong></span> <span class='ocrx_word' id='word_1_55' title='bbox 791 785 1034 855; x_wconf 74' lang='lat' dir='ltr'><strong>intelligit</strong></span> <span class='ocrx_word' id='word_1_56' title='bbox 1068 788 1242 839; x_wconf 83' lang='lat' dir='ltr'><strong>omnia</strong></span> <span class='ocrx_word' id='word_1_57' title='bbox 1274 801 1430 850; x_wconf 85' lang='lat' dir='ltr'><strong><em>opera</em></strong></span> <span class='ocrx_word' id='word_1_58' title='bbox 1458 801 1638 839; x_wconf 84' lang='lat' dir='ltr'><strong>eorum</strong></span> <span class='ocrx_word' id='word_1_59' title='bbox 1664 785 1729 837; x_wconf 76' lang='grc' dir='ltr'><strong>⁸ο.</strong></span> <span class='ocrx_word' id='word_1_60' title='bbox 1760 785 1827 839; x_wconf 84' lang='grc' dir='ltr'>Ει</span> <span class='ocrx_word' id='word_1_61' title='bbox 1850 787 2026 842; x_wconf 88' lang='lat' dir='ltr'><strong>adhuc</strong></span> 
     </span>
    </p>
   </div>
   <div class='ocr_carea' id='block_1_9' title="bbox 445 875 2027 948">
    <p class='ocr_par' dir='ltr' id='par_1_9' title="bbox 445 875 2027 948">
     <span class='ocr_line' id='line_1_9' title="bbox 445 875 2027 948; baseline 0.002 -18"><span class='ocrx_word' id='word_1_62' title='bbox 445 876 573 930; x_wconf 80' lang='lat' dir='ltr'><strong>alibi</strong></span> <span class='ocrx_word' id='word_1_63' title='bbox 610 892 624 928; x_wconf 87' lang='lat'><strong>:</strong></span> <span class='ocrx_word' id='word_1_64' title='bbox 655 875 774 945; x_wconf 74' lang='lat' dir='ltr'><strong>Ipse</strong></span> <span class='ocrx_word' id='word_1_65' title='bbox 805 890 979 930; x_wconf 79' lang='lat' dir='ltr'><strong>autem</strong></span> <span class='ocrx_word' id='word_1_66' title='bbox 1024 880 1164 931; x_wconf 85' lang='lat' dir='ltr'><strong>novit</strong></span> <span class='ocrx_word' id='word_1_67' title='bbox 1190 879 1395 931; x_wconf 86' lang='lat' dir='ltr'><strong>occulta</strong></span> <span class='ocrx_word' id='word_1_68' title='bbox 1421 880 1593 932; x_wconf 81' lang='lat' dir='ltr'><strong>cordis</strong></span> <span class='ocrx_word' id='word_1_69' title='bbox 1633 875 1704 932; x_wconf 76' lang='grc'><strong>⁸⁸.</strong></span> <span class='ocrx_word' id='word_1_70' title='bbox 1739 878 2027 948; x_wconf 79' lang='lat' dir='ltr'><strong>Apostolus</strong></span> 
     </span>
    </p>
   </div>
   <div class='ocr_carea' id='block_1_10' title="bbox 450 970 2024 1042">
    <p class='ocr_par' dir='ltr' id='par_1_10' title="bbox 450 970 2024 1042">
     <span class='ocr_line' id='line_1_10' title="bbox 450 970 2024 1042; baseline 0.001 -21"><span class='ocrx_word' id='word_1_71' title='bbox 450 983 582 1023; x_wconf 88' lang='lat' dir='ltr'><strong>vero</strong></span> <span class='ocrx_word' id='word_1_72' title='bbox 637 970 723 1023; x_wconf 92' lang='lat' dir='ltr'><strong>bis</strong></span> <span class='ocrx_word' id='word_1_73' title='bbox 776 978 1137 1023; x_wconf 79' lang='lat' dir='ltr'><strong>consonanter</strong></span> <span class='ocrx_word' id='word_1_74' title='bbox 1178 970 1307 1022; x_wconf 81' lang='lat' dir='ltr'><strong>dicit</strong></span> <span class='ocrx_word' id='word_1_75' title='bbox 1342 986 1354 1021; x_wconf 96' lang='lat'>:</span> <span class='ocrx_word' id='word_1_76' title='bbox 1399 970 1467 1023; x_wconf 79' lang='lat' dir='ltr'><strong>In</strong></span> <span class='ocrx_word' id='word_1_77' title='bbox 1504 971 1591 1025; x_wconf 84' lang='lat' dir='ltr'><strong>die</strong></span> <span class='ocrx_word' id='word_1_78' title='bbox 1624 988 1729 1042; x_wconf 87' lang='lat' dir='ltr'><strong>qua</strong></span> <span class='ocrx_word' id='word_1_79' title='bbox 1760 970 2024 1041; x_wconf 86' lang='lat' dir='ltr'><strong>judicabit</strong></span> 
     </span>
    </p>
   </div>
   <div class='ocr_carea' id='block_1_11' title="bbox 443 1058 2022 1116">
    <p class='ocr_par' dir='ltr' id='par_1_11' title="bbox 443 1058 2022 1116">
     <span class='ocr_line' id='line_1_11' title="bbox 443 1058 2022 1116; baseline -0.001 -1"><span class='ocrx_word' id='word_1_80' title='bbox 443 1058 589 1115; x_wconf 84' lang='lat' dir='ltr'><strong>Deus</strong></span> <span class='ocrx_word' id='word_1_81' title='bbox 613 1060 822 1114; x_wconf 87' lang='lat' dir='ltr'><strong>occulta</strong></span> <span class='ocrx_word' id='word_1_82' title='bbox 845 1062 1114 1114; x_wconf 80' lang='lat' dir='ltr'><strong>hominum</strong></span> <span class='ocrx_word' id='word_1_83' title='bbox 1141 1061 1206 1114; x_wconf 62' lang='lat'><strong>3’.</strong></span> <span class='ocrx_word' id='word_1_84' title='bbox 1252 1060 1340 1115; x_wconf 89' lang='lat' dir='ltr'><strong>Ille</strong></span> <span class='ocrx_word' id='word_1_85' title='bbox 1379 1064 1523 1116; x_wconf 90' lang='lat' dir='ltr'><strong>enim</strong></span> <span class='ocrx_word' id='word_1_86' title='bbox 1559 1062 1674 1116; x_wconf 88' lang='lat' dir='ltr'><strong>dies</strong></span> <span class='ocrx_word' id='word_1_87' title='bbox 1704 1061 2022 1116; x_wconf 88' lang='lat' dir='ltr'><strong>manifesta-</strong></span> 
     </span>
    </p>
   </div>
   <div class='ocr_carea' id='block_1_12' title="bbox 441 1153 2024 1223">
    <p class='ocr_par' dir='ltr' id='par_1_12' title="bbox 441 1153 2024 1223">
     <span class='ocr_line' id='line_1_12' title="bbox 441 1153 2024 1223; baseline 0 -15"><span class='ocrx_word' id='word_1_88' title='bbox 441 1153 524 1208; x_wconf 89' lang='lat' dir='ltr'><strong>bit</strong></span> <span class='ocrx_word' id='word_1_89' title='bbox 557 1154 762 1217; x_wconf 85' lang='lat' dir='ltr'><strong>omnia,</strong></span> <span class='ocrx_word' id='word_1_90' title='bbox 797 1153 849 1206; x_wconf 92' lang='lat' dir='ltr'><strong>in</strong></span> <span class='ocrx_word' id='word_1_91' title='bbox 881 1155 1001 1223; x_wconf 81' lang='lat' dir='ltr'><strong>igne</strong></span> <span class='ocrx_word' id='word_1_92' title='bbox 1042 1153 1289 1207; x_wconf 90' lang='lat' dir='ltr'><strong>revelans</strong></span> <span class='ocrx_word' id='word_1_93' title='bbox 1326 1164 1543 1207; x_wconf 90' lang='lat' dir='ltr'><strong>cuncta.</strong></span> <span class='ocrx_word' id='word_1_94' title='bbox 1570 1153 1817 1207; x_wconf 87' lang='lat' dir='ltr'><strong>Scientes</strong></span> <span class='ocrx_word' id='word_1_95' title='bbox 1840 1154 2024 1221; x_wconf 81' lang='lat' dir='ltr'><strong>itaque</strong></span> 
     </span>
    </p>
   </div>
   <div class='ocr_carea' id='block_1_13' title="bbox 444 1244 2023 1313">
    <p class='ocr_par' dir='ltr' id='par_1_13' title="bbox 444 1244 2023 1313">
     <span class='ocr_line' id='line_1_13' title="bbox 444 1244 2023 1313; baseline 0.003 -16"><span class='ocrx_word' id='word_1_96' title='bbox 444 1259 566 1309; x_wconf 87' lang='lat' dir='ltr'><strong>nos,</strong></span> <span class='ocrx_word' id='word_1_97' title='bbox 598 1259 630 1297; x_wconf 83' lang='grc' dir='ltr'>ο</span> <span class='ocrx_word' id='word_1_98' title='bbox 656 1244 777 1306; x_wconf 90' lang='lat' dir='ltr'><strong>viri,</strong></span> <span class='ocrx_word' id='word_1_99' title='bbox 805 1245 930 1313; x_wconf 90' lang='lat' dir='ltr'><strong>quia</strong></span> <span class='ocrx_word' id='word_1_100' title='bbox 973 1244 1257 1298; x_wconf 77' lang='lat' dir='ltr'><strong>adversum</strong></span> <span class='ocrx_word' id='word_1_101' title='bbox 1300 1254 1404 1297; x_wconf 89' lang='lat' dir='ltr'><strong>tam</strong></span> <span class='ocrx_word' id='word_1_102' title='bbox 1438 1245 1733 1299; x_wconf 86' lang='lat' dir='ltr'><strong>terribilem</strong></span> <span class='ocrx_word' id='word_1_103' title='bbox 1765 1245 2023 1301; x_wconf 83' lang='lat' dir='ltr'><strong>habemus</strong></span> 
     </span>
    </p>
   </div>
   <div class='ocr_carea' id='block_1_14' title="bbox 434 1333 2021 1403">
    <p class='ocr_par' dir='ltr' id='par_1_14' title="bbox 434 1333 2021 1403">
     <span class='ocr_line' id='line_1_14' title="bbox 434 1333 2021 1403; baseline 0.003 -16"><span class='ocrx_word' id='word_1_104' title='bbox 434 1333 698 1403; x_wconf 85' lang='lat' dir='ltr'><strong>judicem,</strong></span> <span class='ocrx_word' id='word_1_105' title='bbox 730 1346 918 1390; x_wconf 90' lang='lat' dir='ltr'><strong>sancte</strong></span> <span class='ocrx_word' id='word_1_106' title='bbox 968 1337 1281 1390; x_wconf 84' lang='lat' dir='ltr'><strong>conversari</strong></span> <span class='ocrx_word' id='word_1_107' title='bbox 1314 1344 1367 1390; x_wconf 90' lang='lat' dir='ltr'><strong>et</strong></span> <span class='ocrx_word' id='word_1_108' title='bbox 1423 1338 1473 1389; x_wconf 93' lang='lat' dir='ltr'><strong>in</strong></span> <span class='ocrx_word' id='word_1_109' title='bbox 1526 1337 1684 1391; x_wconf 87' lang='lat' dir='ltr'><strong>factis</strong></span> <span class='ocrx_word' id='word_1_110' title='bbox 1709 1346 1763 1389; x_wconf 90' lang='lat' dir='ltr'><strong>et</strong></span> <span class='ocrx_word' id='word_1_111' title='bbox 1807 1336 1859 1390; x_wconf 93' lang='lat' dir='ltr'><strong>in</strong></span> <span class='ocrx_word' id='word_1_112' title='bbox 1902 1351 2021 1391; x_wconf 88' lang='lat' dir='ltr'><strong>ver-</strong></span> 
     </span>
    </p>
   </div>
   <div class='ocr_carea' id='block_1_15' title="bbox 440 1427 2018 1497">
    <p class='ocr_par' dir='ltr' id='par_1_15' title="bbox 440 1427 2018 1497">
     <span class='ocr_line' id='line_1_15' title="bbox 440 1427 2018 1497; baseline 0.001 -16"><span class='ocrx_word' id='word_1_113' title='bbox 440 1427 527 1482; x_wconf 87' lang='lat' dir='ltr'><strong>bis</strong></span> <span class='ocrx_word' id='word_1_114' title='bbox 564 1430 898 1493; x_wconf 88' lang='lat' dir='ltr'><strong>studeamus,</strong></span> <span class='ocrx_word' id='word_1_115' title='bbox 942 1437 1000 1481; x_wconf 93' lang='lat' dir='ltr'><strong>ut</strong></span> <span class='ocrx_word' id='word_1_116' title='bbox 1044 1443 1147 1482; x_wconf 92' lang='lat' dir='ltr'><strong>non</strong></span> <span class='ocrx_word' id='word_1_117' title='bbox 1180 1444 1278 1497; x_wconf 87' lang='lat' dir='ltr'><strong>pro</strong></span> <span class='ocrx_word' id='word_1_118' title='bbox 1306 1428 1757 1483; x_wconf 86' lang='lat' dir='ltr'><strong>condemnatione</strong></span> <span class='ocrx_word' id='word_1_119' title='bbox 1789 1429 1839 1482; x_wconf 91' lang='lat' dir='ltr'><strong>in</strong></span> <span class='ocrx_word' id='word_1_120' title='bbox 1874 1428 2018 1495; x_wconf 89' lang='lat' dir='ltr'><strong>judi—</strong></span> 
     </span>
    </p>
   </div>
   <div class='ocr_carea' id='block_1_16' title="bbox 441 1520 2023 1591">
    <p class='ocr_par' dir='ltr' id='par_1_16' title="bbox 441 1520 2023 1591">
     <span class='ocr_line' id='line_1_16' title="bbox 441 1520 2023 1591; baseline 0 -17"><span class='ocrx_word' id='word_1_121' title='bbox 441 1521 547 1583; x_wconf 88' lang='lat' dir='ltr'><strong>cio,</strong></span> <span class='ocrx_word' id='word_1_122' title='bbox 601 1520 694 1574; x_wconf 83' lang='lat' dir='ltr'><strong>sed</strong></span> <span class='ocrx_word' id='word_1_123' title='bbox 742 1537 842 1591; x_wconf 92' lang='lat' dir='ltr'><strong>pro</strong></span> <span class='ocrx_word' id='word_1_124' title='bbox 889 1520 1270 1589; x_wconf 78' lang='lat' dir='ltr'><strong>requie&#39;atque</strong></span> <span class='ocrx_word' id='word_1_125' title='bbox 1309 1521 1476 1589; x_wconf 83' lang='lat' dir='ltr'><strong>gloria</strong></span> <span class='ocrx_word' id='word_1_126' title='bbox 1526 1531 1724 1573; x_wconf 68' lang='lat' dir='ltr'><strong>aeterna</strong></span> <span class='ocrx_word' id='word_1_127' title='bbox 1782 1521 2023 1589; x_wconf 81' lang='lat' dir='ltr'><strong>inquira-</strong></span> 
     </span>
    </p>
   </div>
   <div class='ocr_carea' id='block_1_17' title="bbox 443 1610 2017 1682">
    <p class='ocr_par' dir='ltr' id='par_1_17' title="bbox 443 1610 2017 1682">
     <span class='ocr_line' id='line_1_17' title="bbox 443 1610 2017 1682; baseline 0 -17"><span class='ocrx_word' id='word_1_128' title='bbox 443 1626 585 1665; x_wconf 87' lang='lat' dir='ltr'><strong>mur.</strong></span> <span class='ocrx_word' id='word_1_129' title='bbox 618 1610 839 1672; x_wconf 82' lang='lat' dir='ltr'><strong>Deinde,</strong></span> <span class='ocrx_word' id='word_1_130' title='bbox 864 1628 966 1663; x_wconf 90' lang='lat' dir='ltr'><strong>non</strong></span> <span class='ocrx_word' id='word_1_131' title='bbox 992 1611 1080 1677; x_wconf 82' lang='lat' dir='ltr'><strong>sit,</strong></span> <span class='ocrx_word' id='word_1_132' title='bbox 1117 1610 1313 1679; x_wconf 88' lang='lat' dir='ltr'><strong>inquit,</strong></span> <span class='ocrx_word' id='word_1_133' title='bbox 1360 1612 1416 1663; x_wconf 89' lang='lat' dir='ltr'><strong>in</strong></span> <span class='ocrx_word' id='word_1_134' title='bbox 1449 1612 1628 1665; x_wconf 84' lang='lat' dir='ltr'><strong>diebus</strong></span> <span class='ocrx_word' id='word_1_135' title='bbox 1654 1613 1802 1676; x_wconf 87' lang='lat' dir='ltr'><strong>anni,</strong></span> <span class='ocrx_word' id='word_1_136' title='bbox 1857 1627 2017 1682; x_wconf 85' lang='lat' dir='ltr'><strong>neque</strong></span> 
     </span>
    </p>
   </div>
   <div class='ocr_carea' id='block_1_18' title="bbox 442 1702 2015 1769">
    <p class='ocr_par' dir='ltr' id='par_1_18' title="bbox 442 1702 2015 1769">
     <span class='ocr_line' id='line_1_18' title="bbox 442 1702 2015 1769; baseline 0.001 -13"><span class='ocrx_word' id='word_1_137' title='bbox 442 1713 745 1757; x_wconf 81' lang='lat' dir='ltr'><strong>numeretur</strong></span> <span class='ocrx_word' id='word_1_138' title='bbox 782 1704 837 1755; x_wconf 85' lang='lat' dir='ltr'><strong>in</strong></span> <span class='ocrx_word' id='word_1_139' title='bbox 867 1702 1047 1756; x_wconf 78' lang='lat' dir='ltr'><strong>diebus</strong></span> <span class='ocrx_word' id='word_1_140' title='bbox 1101 1703 1356 1756; x_wconf 86' lang='lat' dir='ltr'><strong>mensium</strong></span> <span class='ocrx_word' id='word_1_141' title='bbox 1383 1703 1450 1757; x_wconf 80' lang='grc'><strong>⁸⁸.</strong></span> <span class='ocrx_word' id='word_1_142' title='bbox 1484 1702 1655 1769; x_wconf 80' lang='lat' dir='ltr'><strong>Quis?</strong></span> <span class='ocrx_word' id='word_1_143' title='bbox 1700 1702 2015 1757; x_wconf 85' lang='lat' dir='ltr'><strong>Maledictus</strong></span> 
     </span>
    </p>
   </div>
   <div class='ocr_carea' id='block_1_19' title="bbox 442 1793 2016 1864">
    <p class='ocr_par' dir='ltr' id='par_1_19' title="bbox 442 1793 2016 1864">
     <span class='ocr_line' id='line_1_19' title="bbox 442 1793 2016 1864; baseline 0.001 -17"><span class='ocrx_word' id='word_1_144' title='bbox 442 1804 605 1864; x_wconf 89' lang='lat' dir='ltr'><strong>atque</strong></span> <span class='ocrx_word' id='word_1_145' title='bbox 650 1795 892 1862; x_wconf 85' lang='lat' dir='ltr'><strong>perditus</strong></span> <span class='ocrx_word' id='word_1_146' title='bbox 932 1794 1023 1849; x_wconf 89' lang='lat' dir='ltr'><strong>ille</strong></span> <span class='ocrx_word' id='word_1_147' title='bbox 1055 1795 1191 1848; x_wconf 85' lang='lat' dir='ltr'><strong>dies.</strong></span> <span class='ocrx_word' id='word_1_148' title='bbox 1245 1793 1351 1848; x_wconf 88' lang='lat' dir='ltr'><strong>lste</strong></span> <span class='ocrx_word' id='word_1_149' title='bbox 1398 1811 1503 1849; x_wconf 91' lang='lat' dir='ltr'><strong>non</strong></span> <span class='ocrx_word' id='word_1_150' title='bbox 1567 1794 1638 1849; x_wconf 91' lang='lat' dir='ltr'><strong>sit</strong></span> <span class='ocrx_word' id='word_1_151' title='bbox 1704 1795 1756 1848; x_wconf 93' lang='lat' dir='ltr'><strong>in</strong></span> <span class='ocrx_word' id='word_1_152' title='bbox 1824 1794 2016 1849; x_wconf 90' lang='lat' dir='ltr'><strong>diebus</strong></span> 
     </span>
    </p>
   </div>
   <div class='ocr_carea' id='block_1_20' title="bbox 441 1883 2021 1957">
    <p class='ocr_par' dir='ltr' id='par_1_20' title="bbox 441 1883 2021 1957">
     <span class='ocr_line' id='line_1_20' title="bbox 441 1883 2021 1957; baseline 0 -18"><span class='ocrx_word' id='word_1_153' title='bbox 441 1890 592 1950; x_wconf 91' lang='lat' dir='ltr'><strong>anni,</strong></span> <span class='ocrx_word' id='word_1_154' title='bbox 650 1901 823 1957; x_wconf 90' lang='lat' dir='ltr'><strong>neque</strong></span> <span class='ocrx_word' id='word_1_155' title='bbox 855 1898 1167 1941; x_wconf 86' lang='lat' dir='ltr'><strong>numeretur</strong></span> <span class='ocrx_word' id='word_1_156' title='bbox 1205 1887 1257 1940; x_wconf 94' lang='lat' dir='ltr'><strong>in</strong></span> <span class='ocrx_word' id='word_1_157' title='bbox 1283 1885 1471 1940; x_wconf 88' lang='lat' dir='ltr'><strong>diebus</strong></span> <span class='ocrx_word' id='word_1_158' title='bbox 1523 1886 1811 1939; x_wconf 89' lang='lat' dir='ltr'><strong>mensium.</strong></span> <span class='ocrx_word' id='word_1_159' title='bbox 1865 1883 2021 1940; x_wconf 87' lang='lat' dir='ltr'><strong>Nunc</strong></span> 
     </span>
    </p>
   </div>
   <div class='ocr_carea' id='block_1_21' title="bbox 438 1976 2018 2045">
    <p class='ocr_par' dir='ltr' id='par_1_21' title="bbox 438 1976 2018 2045">
     <span class='ocr_line' id='line_1_21' title="bbox 438 1976 2018 2045; baseline -0.002 -11"><span class='ocrx_word' id='word_1_160' title='bbox 438 1979 725 2034; x_wconf 84' lang='lat' dir='ltr'><strong>ostendisti</strong></span> <span class='ocrx_word' id='word_1_161' title='bbox 758 1978 1059 2042; x_wconf 83' lang='lat' dir='ltr'><strong>evidenter,</strong></span> <span class='ocrx_word' id='word_1_162' title='bbox 1106 1994 1139 2033; x_wconf 89' lang='grc' dir='ltr'>ο</span> <span class='ocrx_word' id='word_1_163' title='bbox 1176 1981 1331 2031; x_wconf 87' lang='lat' dir='ltr'><strong>beate</strong></span> <span class='ocrx_word' id='word_1_164' title='bbox 1379 1976 1501 2043; x_wconf 93' lang='lat' dir='ltr'><strong>Job,</strong></span> <span class='ocrx_word' id='word_1_165' title='bbox 1538 1976 1661 2045; x_wconf 87' lang='lat' dir='ltr'><strong>quia</strong></span> <span class='ocrx_word' id='word_1_166' title='bbox 1715 1992 1820 2030; x_wconf 91' lang='lat' dir='ltr'><strong>non</strong></span> <span class='ocrx_word' id='word_1_167' title='bbox 1877 1977 2018 2031; x_wconf 90' lang='lat' dir='ltr'><strong>diem</strong></span> 
     </span>
    </p>
   </div>
   <div class='ocr_carea' id='block_1_22' title="bbox 441 2068 2020 2138">
    <p class='ocr_par' dir='ltr' id='par_1_22' title="bbox 441 2068 2020 2138">
     <span class='ocr_line' id='line_1_22' title="bbox 441 2068 2020 2138; baseline -0.003 -12"><span class='ocrx_word' id='word_1_168' title='bbox 441 2080 705 2125; x_wconf 67' lang='lat' dir='ltr'><strong>creaturae</strong></span> <span class='ocrx_word' id='word_1_169' title='bbox 738 2070 1082 2133; x_wconf 81' lang='lat' dir='ltr'><strong>maledixisti,</strong></span> <span class='ocrx_word' id='word_1_170' title='bbox 1106 2070 1230 2138; x_wconf 85' lang='lat' dir='ltr'><strong>quia</strong></span> <span class='ocrx_word' id='word_1_171' title='bbox 1259 2085 1361 2124; x_wconf 91' lang='lat' dir='ltr'><strong>non</strong></span> <span class='ocrx_word' id='word_1_172' title='bbox 1393 2069 1533 2123; x_wconf 84' lang='lat' dir='ltr'><strong>diem</strong></span> <span class='ocrx_word' id='word_1_173' title='bbox 1587 2069 1712 2121; x_wconf 90' lang='lat' dir='ltr'><strong>anni</strong></span> <span class='ocrx_word' id='word_1_174' title='bbox 1756 2068 1839 2123; x_wconf 92' lang='lat' dir='ltr'><strong>vel</strong></span> <span class='ocrx_word' id='word_1_175' title='bbox 1871 2084 2020 2123; x_wconf 90' lang='lat' dir='ltr'><strong>men-</strong></span> 
     </span>
    </p>
   </div>
   <div class='ocr_carea' id='block_1_23' title="bbox 437 2160 2017 2229">
    <p class='ocr_par' dir='ltr' id='par_1_23' title="bbox 437 2160 2017 2229">
     <span class='ocr_line' id='line_1_23' title="bbox 437 2160 2017 2229; baseline -0.001 -13"><span class='ocrx_word' id='word_1_176' title='bbox 437 2163 579 2217; x_wconf 82' lang='lat' dir='ltr'><strong>sium</strong></span> <span class='ocrx_word' id='word_1_177' title='bbox 613 2162 901 2227; x_wconf 82' lang='lat' dir='ltr'><strong>devotasti,</strong></span> <span class='ocrx_word' id='word_1_178' title='bbox 931 2164 1022 2216; x_wconf 87' lang='lat' dir='ltr'><strong>sed</strong></span> <span class='ocrx_word' id='word_1_179' title='bbox 1060 2164 1205 2215; x_wconf 81' lang='lat' dir='ltr'><strong>illum</strong></span> <span class='ocrx_word' id='word_1_180' title='bbox 1230 2162 1320 2229; x_wconf 91' lang='lat' dir='ltr'><strong>qui</strong></span> <span class='ocrx_word' id='word_1_181' title='bbox 1363 2177 1467 2215; x_wconf 88' lang='lat' dir='ltr'><strong>non</strong></span> <span class='ocrx_word' id='word_1_182' title='bbox 1490 2171 1573 2214; x_wconf 83' lang='lat' dir='ltr'><strong>est</strong></span> <span class='ocrx_word' id='word_1_183' title='bbox 1613 2160 1664 2214; x_wconf 93' lang='lat' dir='ltr'><strong>in</strong></span> <span class='ocrx_word' id='word_1_184' title='bbox 1694 2161 2017 2226; x_wconf 88' lang='lat' dir='ltr'><strong>substantia,</strong></span> 
     </span>
    </p>
   </div>
   <div class='ocr_carea' id='block_1_24' title="bbox 440 2251 2016 2322">
    <p class='ocr_par' dir='ltr' id='par_1_24' title="bbox 440 2251 2016 2322">
     <span class='ocr_line' id='line_1_24' title="bbox 440 2251 2016 2322; baseline -0.001 -14"><span class='ocrx_word' id='word_1_185' title='bbox 440 2269 618 2316; x_wconf 85' lang='lat' dir='ltr'><strong>neque</strong></span> <span class='ocrx_word' id='word_1_186' title='bbox 650 2255 703 2307; x_wconf 91' lang='lat' dir='ltr'><strong>in</strong></span> <span class='ocrx_word' id='word_1_187' title='bbox 737 2269 983 2317; x_wconf 85' lang='lat' dir='ltr'><strong>numero,</strong></span> <span class='ocrx_word' id='word_1_188' title='bbox 1017 2270 1191 2322; x_wconf 89' lang='lat' dir='ltr'><strong>neque</strong></span> <span class='ocrx_word' id='word_1_189' title='bbox 1234 2254 1289 2307; x_wconf 92' lang='lat' dir='ltr'><strong>in</strong></span> <span class='ocrx_word' id='word_1_190' title='bbox 1322 2262 1596 2319; x_wconf 90' lang='lat' dir='ltr'><strong>computo.</strong></span> <span class='ocrx_word' id='word_1_191' title='bbox 1639 2251 1841 2307; x_wconf 86' lang='lat' dir='ltr'><strong>Omnes</strong></span> <span class='ocrx_word' id='word_1_192' title='bbox 1872 2254 2016 2307; x_wconf 90' lang='lat' dir='ltr'><strong>enim</strong></span> 
     </span>
    </p>
   </div>
   <div class='ocr_carea' id='block_1_25' title="bbox 441 2332 2019 2412">
    <p class='ocr_par' dir='ltr' id='par_1_25' title="bbox 441 2332 2019 2412">
     <span class='ocr_line' id='line_1_25' title="bbox 441 2332 2019 2412; baseline -0.004 -12"><span class='ocrx_word' id='word_1_193' title='bbox 441 2346 559 2401; x_wconf 86' lang='lat' dir='ltr'><strong>dies</strong></span> <span class='ocrx_word' id='word_1_194' title='bbox 590 2362 731 2399; x_wconf 88' lang='lat' dir='ltr'><strong>anno</strong></span> <span class='ocrx_word' id='word_1_195' title='bbox 782 2354 838 2398; x_wconf 91' lang='lat' dir='ltr'><strong>et</strong></span> <span class='ocrx_word' id='word_1_196' title='bbox 870 2332 1162 2399; x_wconf 84' lang='lat' dir='ltr'><strong>mensibus</strong></span> <span class='ocrx_word' id='word_1_197' title='bbox 1213 2345 1622 2399; x_wconf 90' lang='lat' dir='ltr'><strong>circumdantur</strong></span> <span class='ocrx_word' id='word_1_198' title='bbox 1657 2343 1735 2396; x_wconf 83' lang='lat' dir='ltr'><strong>vel</strong></span> <span class='ocrx_word' id='word_1_199' title='bbox 1799 2358 2019 2412; x_wconf 68' lang='lat' dir='ltr'><strong>compu.</strong></span> 
     </span>
    </p>
   </div>
   <div class='ocr_carea' id='block_1_26' title="bbox 439 2434 2021 2491">
    <p class='ocr_par' dir='ltr' id='par_1_26' title="bbox 439 2434 2021 2491">
     <span class='ocr_line' id='line_1_26' title="bbox 439 2434 2021 2491; baseline -0.001 -2"><span class='ocrx_word' id='word_1_200' title='bbox 439 2445 645 2490; x_wconf 91' lang='lat' dir='ltr'><strong>tantur.</strong></span> <span class='ocrx_word' id='word_1_201' title='bbox 692 2436 855 2490; x_wconf 82' lang='lat' dir='ltr'><strong>Extra</strong></span> <span class='ocrx_word' id='word_1_202' title='bbox 893 2452 1092 2491; x_wconf 87' lang='lat' dir='ltr'><strong>annum</strong></span> <span class='ocrx_word' id='word_1_203' title='bbox 1150 2447 1329 2489; x_wconf 91' lang='lat' dir='ltr'><strong>autem</strong></span> <span class='ocrx_word' id='word_1_204' title='bbox 1378 2445 1433 2490; x_wconf 90' lang='lat' dir='ltr'><strong>et</strong></span> <span class='ocrx_word' id='word_1_205' title='bbox 1469 2449 1686 2488; x_wconf 87' lang='lat' dir='ltr'><strong>menses</strong></span> <span class='ocrx_word' id='word_1_206' title='bbox 1724 2434 1901 2488; x_wconf 92' lang='lat' dir='ltr'><strong>nullus</strong></span> <span class='ocrx_word' id='word_1_207' title='bbox 1939 2443 2021 2488; x_wconf 84' lang='lat' dir='ltr'><strong>est</strong></span> 
     </span>
    </p>
   </div>
   <div class='ocr_carea' id='block_1_27' title="bbox 438 2527 2021 2597">
    <p class='ocr_par' dir='ltr' id='par_1_27' title="bbox 438 2527 2021 2597">
     <span class='ocr_line' id='line_1_27' title="bbox 438 2527 2021 2597; baseline -0.003 -14"><span class='ocrx_word' id='word_1_208' title='bbox 438 2528 576 2583; x_wconf 89' lang='lat' dir='ltr'><strong>dies.</strong></span> <span class='ocrx_word' id='word_1_209' title='bbox 606 2528 747 2597; x_wconf 86' lang='lat' dir='ltr'><strong>Ergo</strong></span> <span class='ocrx_word' id='word_1_210' title='bbox 794 2528 839 2583; x_wconf 88' lang='lat' dir='ltr'><strong>si</strong></span> <span class='ocrx_word' id='word_1_211' title='bbox 884 2530 1001 2582; x_wconf 88' lang='lat' dir='ltr'><strong>dies</strong></span> <span class='ocrx_word' id='word_1_212' title='bbox 1034 2528 1125 2597; x_wconf 92' lang='lat' dir='ltr'><strong>qui</strong></span> <span class='ocrx_word' id='word_1_213' title='bbox 1161 2528 1282 2582; x_wconf 86' lang='lat' dir='ltr'><strong>istic</strong></span> <span class='ocrx_word' id='word_1_214' title='bbox 1329 2527 1644 2581; x_wconf 85' lang='lat' dir='ltr'><strong>maledictus</strong></span> <span class='ocrx_word' id='word_1_215' title='bbox 1683 2535 1765 2580; x_wconf 88' lang='lat' dir='ltr'><strong>est</strong></span> <span class='ocrx_word' id='word_1_216' title='bbox 1794 2539 1858 2579; x_wconf 88' lang='lat' dir='ltr'><strong>ac</strong></span> <span class='ocrx_word' id='word_1_217' title='bbox 1898 2540 2021 2594; x_wconf 91' lang='lat' dir='ltr'><strong>per-</strong></span> 
     </span>
    </p>
   </div>
   <div class='ocr_carea' id='block_1_28' title="bbox 438 2617 2021 2686">
    <p class='ocr_par' dir='ltr' id='par_1_28' title="bbox 438 2617 2021 2686">
     <span class='ocr_line' id='line_1_28' title="bbox 438 2617 2021 2686; baseline -0.003 -13"><span class='ocrx_word' id='word_1_218' title='bbox 438 2619 586 2673; x_wconf 88' lang='lat' dir='ltr'><strong>dittts</strong></span> <span class='ocrx_word' id='word_1_219' title='bbox 608 2630 710 2686; x_wconf 86' lang='lat' dir='ltr'><strong>est,</strong></span> <span class='ocrx_word' id='word_1_220' title='bbox 742 2636 847 2674; x_wconf 93' lang='lat' dir='ltr'><strong>non</strong></span> <span class='ocrx_word' id='word_1_221' title='bbox 877 2630 960 2674; x_wconf 90' lang='lat' dir='ltr'><strong>est</strong></span> <span class='ocrx_word' id='word_1_222' title='bbox 994 2620 1047 2673; x_wconf 92' lang='lat' dir='ltr'><strong>in</strong></span> <span class='ocrx_word' id='word_1_223' title='bbox 1093 2636 1256 2681; x_wconf 88' lang='lat' dir='ltr'><strong>anno,</strong></span> <span class='ocrx_word' id='word_1_224' title='bbox 1306 2632 1362 2673; x_wconf 87' lang='lat' dir='ltr'><strong>et</strong></span> <span class='ocrx_word' id='word_1_225' title='bbox 1396 2629 1451 2673; x_wconf 90' lang='lat' dir='ltr'><strong>tu</strong></span> <span class='ocrx_word' id='word_1_226' title='bbox 1486 2620 1620 2673; x_wconf 90' lang='lat' dir='ltr'><strong>dicis</strong></span> <span class='ocrx_word' id='word_1_227' title='bbox 1653 2634 1665 2669; x_wconf 90' lang='lat'><strong>:</strong></span> <span class='ocrx_word' id='word_1_228' title='bbox 1708 2617 1828 2671; x_wconf 88' lang='lat' dir='ltr'><strong>Non</strong></span> <span class='ocrx_word' id='word_1_229' title='bbox 1865 2617 1934 2670; x_wconf 89' lang='lat' dir='ltr'><strong>sit</strong></span> <span class='ocrx_word' id='word_1_230' title='bbox 1965 2618 2021 2669; x_wconf 87' lang='lat' dir='ltr'><strong>in</strong></span> 
     </span>
    </p>
   </div>
   <div class='ocr_carea' id='block_1_29' title="bbox 438 2708 2018 2776">
    <p class='ocr_par' dir='ltr' id='par_1_29' title="bbox 438 2708 2018 2776">
     <span class='ocr_line' id='line_1_29' title="bbox 438 2708 2018 2776; baseline -0.003 -11"><span class='ocrx_word' id='word_1_231' title='bbox 438 2711 624 2766; x_wconf 82' lang='lat' dir='ltr'><strong>diebus</strong></span> <span class='ocrx_word' id='word_1_232' title='bbox 667 2713 793 2765; x_wconf 89' lang='lat' dir='ltr'><strong>anni</strong></span> <span class='ocrx_word' id='word_1_233' title='bbox 832 2728 850 2765; x_wconf 89' lang='lat'><strong><em>:</em></strong></span> <span class='ocrx_word' id='word_1_234' title='bbox 892 2728 999 2766; x_wconf 91' lang='lat' dir='ltr'><strong>non</strong></span> <span class='ocrx_word' id='word_1_235' title='bbox 1053 2720 1135 2765; x_wconf 85' lang='lat' dir='ltr'><strong>est</strong></span> <span class='ocrx_word' id='word_1_236' title='bbox 1168 2713 1218 2764; x_wconf 93' lang='lat' dir='ltr'><strong>in</strong></span> <span class='ocrx_word' id='word_1_237' title='bbox 1251 2711 1548 2776; x_wconf 77' lang='lat' dir='ltr'><strong>mensibus,</strong></span> <span class='ocrx_word' id='word_1_238' title='bbox 1595 2720 1649 2764; x_wconf 88' lang='lat' dir='ltr'><strong>et</strong></span> <span class='ocrx_word' id='word_1_239' title='bbox 1679 2710 1814 2764; x_wconf 86' lang='lat' dir='ltr'><strong>dicis</strong></span> <span class='ocrx_word' id='word_1_240' title='bbox 1851 2727 1864 2762; x_wconf 89' lang='lat'><strong>:</strong></span> <span class='ocrx_word' id='word_1_241' title='bbox 1896 2708 2018 2762; x_wconf 86' lang='lat' dir='ltr'><strong>Non</strong></span> 
     </span>
    </p>
   </div>
   <div class='ocr_carea' id='block_1_30' title="bbox 439 2800 2017 2869">
    <p class='ocr_par' dir='ltr' id='par_1_30' title="bbox 439 2800 2017 2869">
     <span class='ocr_line' id='line_1_30' title="bbox 439 2800 2017 2869; baseline -0.004 -12"><span class='ocrx_word' id='word_1_242' title='bbox 439 2814 743 2857; x_wconf 77' lang='lat' dir='ltr'><strong>numeretur</strong></span> <span class='ocrx_word' id='word_1_243' title='bbox 787 2804 839 2858; x_wconf 88' lang='lat' dir='ltr'><strong>in</strong></span> <span class='ocrx_word' id='word_1_244' title='bbox 897 2803 1080 2856; x_wconf 80' lang='lat' dir='ltr'><strong>diebus</strong></span> <span class='ocrx_word' id='word_1_245' title='bbox 1133 2803 1411 2867; x_wconf 88' lang='lat' dir='ltr'><strong>mensium,</strong></span> <span class='ocrx_word' id='word_1_246' title='bbox 1457 2800 1587 2854; x_wconf 90' lang='lat' dir='ltr'><strong>nihil</strong></span> <span class='ocrx_word' id='word_1_247' title='bbox 1621 2809 1725 2865; x_wconf 87' lang='lat' dir='ltr'><strong>est,</strong></span> <span class='ocrx_word' id='word_1_248' title='bbox 1758 2814 2017 2869; x_wconf 87' lang='lat' dir='ltr'><strong>nusquam</strong></span> 
     </span>
    </p>
   </div>
   <div class='ocr_carea' id='block_1_31' title="bbox 439 2890 2018 2965">
    <p class='ocr_par' dir='ltr' id='par_1_31' title="bbox 439 2890 2018 2965">
     <span class='ocr_line' id='line_1_31' title="bbox 439 2890 2018 2965; baseline -0.004 -14"><span class='ocrx_word' id='word_1_249' title='bbox 439 2907 545 2961; x_wconf 86' lang='lat' dir='ltr'><strong>est,</strong></span> <span class='ocrx_word' id='word_1_250' title='bbox 567 2897 669 2951; x_wconf 88' lang='lat' dir='ltr'><strong>hoc</strong></span> <span class='ocrx_word' id='word_1_251' title='bbox 701 2900 840 2965; x_wconf 92' lang='lat' dir='ltr'><strong>quod</strong></span> <span class='ocrx_word' id='word_1_252' title='bbox 870 2905 1080 2950; x_wconf 91' lang='lat' dir='ltr'><strong>nonest</strong></span> <span class='ocrx_word' id='word_1_253' title='bbox 1116 2894 1414 2956; x_wconf 87' lang='lat' dir='ltr'><strong>maledicis,</strong></span> <span class='ocrx_word' id='word_1_254' title='bbox 1445 2891 1721 2946; x_wconf 84' lang='lat' dir='ltr'><strong>maledicis</strong></span> <span class='ocrx_word' id='word_1_255' title='bbox 1746 2892 1888 2945; x_wconf 92' lang='lat' dir='ltr'><strong>enim</strong></span> <span class='ocrx_word' id='word_1_256' title='bbox 1928 2890 2018 2961; x_wconf 88' lang='lat' dir='ltr'><strong>qui</strong></span> 
     </span>
    </p>
   </div>
   <div class='ocr_carea' id='block_1_32' title="bbox 440 2982 2019 3056">
    <p class='ocr_par' dir='ltr' id='par_1_32' title="bbox 440 2982 2019 3056">
     <span class='ocr_line' id='line_1_32' title="bbox 440 2982 2019 3056; baseline -0.004 -13"><span class='ocrx_word' id='word_1_257' title='bbox 440 3004 550 3043; x_wconf 89' lang='lat' dir='ltr'><strong>non</strong></span> <span class='ocrx_word' id='word_1_258' title='bbox 586 2996 673 3042; x_wconf 90' lang='lat' dir='ltr'><strong>est</strong></span> <span class='ocrx_word' id='word_1_259' title='bbox 729 2989 909 3056; x_wconf 89' lang='lat' dir='ltr'><strong>perire</strong></span> <span class='ocrx_word' id='word_1_260' title='bbox 936 2987 1138 3041; x_wconf 82' lang='lat' dir='ltr'><strong>volens.</strong></span> <span class='ocrx_word' id='word_1_261' title='bbox 1201 2985 1266 3039; x_wconf 80' lang='lat' dir='ltr'><strong>Et</strong></span> <span class='ocrx_word' id='word_1_262' title='bbox 1301 2984 1492 3039; x_wconf 88' lang='lat' dir='ltr'><strong>merito</strong></span> <span class='ocrx_word' id='word_1_263' title='bbox 1528 2982 2019 3052; x_wconf 85' lang='lat' dir='ltr'><strong>irreprehensibills</strong></span> 
     </span>
    </p>
   </div>
   <div class='ocr_carea' id='block_1_33' title="bbox 2133 511 3687 579">
    <p class='ocr_par' dir='ltr' id='par_1_33' title="bbox 2133 511 3687 579">
     <span class='ocr_line' id='line_1_33' title="bbox 2133 511 3687 579; baseline 0.002 -16"><span class='ocrx_word' id='word_1_264' title='bbox 2133 526 2305 579; x_wconf 90' lang='lat' dir='ltr'><strong>neque</strong></span> <span class='ocrx_word' id='word_1_265' title='bbox 2337 512 2515 565; x_wconf 88' lang='lat' dir='ltr'><strong>videat</strong></span> <span class='ocrx_word' id='word_1_266' title='bbox 2541 511 2820 566; x_wconf 85' lang='lat' dir='ltr'><strong>luciferum</strong></span> <span class='ocrx_word' id='word_1_267' title='bbox 2854 512 3118 566; x_wconf 89' lang='lat' dir='ltr'><strong>orientem</strong></span> <span class='ocrx_word' id='word_1_268' title='bbox 3150 512 3407 579; x_wconf 87' lang='lat' dir='ltr'><strong>Spirittnn</strong></span> <span class='ocrx_word' id='word_1_269' title='bbox 3443 523 3687 566; x_wconf 87' lang='lat' dir='ltr'><strong>sanctum</strong></span> 
     </span>
    </p>
   </div>
   <div class='ocr_carea' id='block_1_34' title="bbox 2130 598 3690 669">
    <p class='ocr_par' dir='ltr' id='par_1_34' title="bbox 2130 598 3690 669">
     <span class='ocr_line' id='line_1_34' title="bbox 2130 598 3690 669; baseline 0.003 -17"><span class='ocrx_word' id='word_1_270' title='bbox 2130 598 2464 655; x_wconf 83' lang='lat' dir='ltr'><strong>Paracletum</strong></span> <span class='ocrx_word' id='word_1_271' title='bbox 2494 603 2561 656; x_wconf 87' lang='lat' dir='ltr'><strong>de</strong></span> <span class='ocrx_word' id='word_1_272' title='bbox 2598 601 2825 657; x_wconf 81' lang='lat' dir='ltr'><strong>excelsis</strong></span> <span class='ocrx_word' id='word_1_273' title='bbox 2864 603 2928 655; x_wconf 81' lang='lat' dir='ltr'><strong>ad</strong></span> <span class='ocrx_word' id='word_1_274' title='bbox 2972 602 3240 669; x_wconf 88' lang='lat' dir='ltr'><strong>apostolos</strong></span> <span class='ocrx_word' id='word_1_275' title='bbox 3273 601 3514 655; x_wconf 90' lang='lat' dir='ltr'><strong>missum.</strong></span> <span class='ocrx_word' id='word_1_276' title='bbox 3544 600 3690 657; x_wconf 84' lang='lat' dir='ltr'><strong>Alia-</strong></span> 
     </span>
    </p>
   </div>
   <div class='ocr_carea' id='block_1_35' title="bbox 2128 691 3685 762">
    <p class='ocr_par' dir='ltr' id='par_1_35' title="bbox 2128 691 3685 762">
     <span class='ocr_line' id='line_1_35' title="bbox 2128 691 3685 762; baseline 0.001 -17"><span class='ocrx_word' id='word_1_277' title='bbox 2128 708 2234 762; x_wconf 89' lang='lat' dir='ltr'><strong>que</strong></span> <span class='ocrx_word' id='word_1_278' title='bbox 2261 693 2489 761; x_wconf 91' lang='lat' dir='ltr'><strong>plurima</strong></span> <span class='ocrx_word' id='word_1_279' title='bbox 2522 695 2958 750; x_wconf 79' lang='lat' dir='ltr'><strong>demonstrantur</strong></span> <span class='ocrx_word' id='word_1_280' title='bbox 3002 711 3068 748; x_wconf 78' lang='lat' dir='ltr'><strong>ex</strong></span> <span class='ocrx_word' id='word_1_281' title='bbox 3100 694 3233 761; x_wconf 85' lang='lat' dir='ltr'><strong>ipsis</strong></span> <span class='ocrx_word' id='word_1_282' title='bbox 3269 693 3406 747; x_wconf 86' lang='lat' dir='ltr'><strong>beati</strong></span> <span class='ocrx_word' id='word_1_283' title='bbox 3441 691 3540 748; x_wconf 87' lang='lat' dir='ltr'><strong>Job</strong></span> <span class='ocrx_word' id='word_1_284' title='bbox 3568 707 3685 747; x_wconf 89' lang='lat' dir='ltr'><strong>ser-</strong></span> 
     </span>
    </p>
   </div>
   <div class='ocr_carea' id='block_1_36' title="bbox 2128 784 3692 854">
    <p class='ocr_par' dir='ltr' id='par_1_36' title="bbox 2128 784 3692 854">
     <span class='ocr_line' id='line_1_36' title="bbox 2128 784 3692 854; baseline 0 -17"><span class='ocrx_word' id='word_1_285' title='bbox 2128 785 2381 839; x_wconf 88' lang='lat' dir='ltr'><strong>monibus</strong></span> <span class='ocrx_word' id='word_1_286' title='bbox 2405 824 2419 846; x_wconf 92' lang='lat'><strong>,</strong></span> <span class='ocrx_word' id='word_1_287' title='bbox 2455 800 2573 854; x_wconf 66' lang='lat' dir='ltr'><strong>qua:</strong></span> <span class='ocrx_word' id='word_1_288' title='bbox 2602 787 2654 840; x_wconf 93' lang='lat' dir='ltr'><strong>in</strong></span> <span class='ocrx_word' id='word_1_289' title='bbox 2690 788 3085 841; x_wconf 85' lang='lat' dir='ltr'><strong>resurrectione</strong></span> <span class='ocrx_word' id='word_1_290' title='bbox 3114 795 3278 852; x_wconf 82' lang='lat' dir='ltr'><strong>atque</strong></span> <span class='ocrx_word' id='word_1_291' title='bbox 3318 784 3520 854; x_wconf 85' lang='lat' dir='ltr'><strong>judicio</strong></span> <span class='ocrx_word' id='word_1_292' title='bbox 3553 800 3692 852; x_wconf 70' lang='lat' dir='ltr'><strong>pra:-</strong></span> 
     </span>
    </p>
   </div>
   <div class='ocr_carea' id='block_1_37' title="bbox 2126 876 3686 947">
    <p class='ocr_par' dir='ltr' id='par_1_37' title="bbox 2126 876 3686 947">
     <span class='ocr_line' id='line_1_37' title="bbox 2126 876 3686 947; baseline 0.001 -20"><span class='ocrx_word' id='word_1_293' title='bbox 2126 876 2347 931; x_wconf 90' lang='lat' dir='ltr'><strong>venient</strong></span> <span class='ocrx_word' id='word_1_294' title='bbox 2390 878 2571 946; x_wconf 86' lang='lat' dir='ltr'><strong>impiis</strong></span> <span class='ocrx_word' id='word_1_295' title='bbox 2610 887 2772 947; x_wconf 88' lang='lat' dir='ltr'><strong>atque</strong></span> <span class='ocrx_word' id='word_1_296' title='bbox 2818 879 3032 947; x_wconf 85' lang='lat' dir='ltr'><strong>tnjustis</strong></span> <span class='ocrx_word' id='word_1_297' title='bbox 3073 888 3327 945; x_wconf 86' lang='lat' dir='ltr'><strong>tanquam</strong></span> <span class='ocrx_word' id='word_1_298' title='bbox 3382 876 3686 929; x_wconf 83' lang='lat' dir='ltr'><strong>abortivum</strong></span> 
     </span>
    </p>
   </div>
   <div class='ocr_carea' id='block_1_38' title="bbox 2124 967 3686 1036">
    <p class='ocr_par' dir='ltr' id='par_1_38' title="bbox 2124 967 3686 1036">
     <span class='ocr_line' id='line_1_38' title="bbox 2124 967 3686 1036; baseline -0.001 -14"><span class='ocrx_word' id='word_1_299' title='bbox 2124 967 2312 1025; x_wconf 81' lang='lat' dir='ltr'><strong>exiens</strong></span> <span class='ocrx_word' id='word_1_300' title='bbox 2338 973 2402 1024; x_wconf 91' lang='lat' dir='ltr'><strong>de</strong></span> <span class='ocrx_word' id='word_1_301' title='bbox 2427 981 2613 1025; x_wconf 86' lang='lat' dir='ltr'><strong>ventre</strong></span> <span class='ocrx_word' id='word_1_302' title='bbox 2639 970 2828 1025; x_wconf 85' lang='lat' dir='ltr'><strong>matris</strong></span> <span class='ocrx_word' id='word_1_303' title='bbox 2859 986 2990 1025; x_wconf 68' lang='lat' dir='ltr'><strong>suae.</strong></span> <span class='ocrx_word' id='word_1_304' title='bbox 3019 969 3161 1030; x_wconf 83' lang='lat' dir='ltr'><strong>Illic,</strong></span> <span class='ocrx_word' id='word_1_305' title='bbox 3187 968 3360 1036; x_wconf 88' lang='lat' dir='ltr'><strong>inquit</strong></span> <span class='ocrx_word' id='word_1_306' title='bbox 3384 1009 3397 1030; x_wconf 92' lang='lat'><strong>,</strong></span> <span class='ocrx_word' id='word_1_307' title='bbox 3427 969 3573 1036; x_wconf 84' lang='lat' dir='ltr'><strong>impii</strong></span> <span class='ocrx_word' id='word_1_308' title='bbox 3600 984 3686 1021; x_wconf 85' lang='lat' dir='ltr'><strong>re-</strong></span> 
     </span>
    </p>
   </div>
   <div class='ocr_carea' id='block_1_39' title="bbox 2124 1061 3686 1131">
    <p class='ocr_par' dir='ltr' id='par_1_39' title="bbox 2124 1061 3686 1131">
     <span class='ocr_line' id='line_1_39' title="bbox 2124 1061 3686 1131; baseline -0.002 -17"><span class='ocrx_word' id='word_1_309' title='bbox 2124 1063 2425 1128; x_wconf 82' lang='lat' dir='ltr'><strong>quieverunt</strong></span> <span class='ocrx_word' id='word_1_310' title='bbox 2473 1064 2536 1116; x_wconf 86' lang='lat' dir='ltr'><strong>ab</strong></span> <span class='ocrx_word' id='word_1_311' title='bbox 2585 1064 2669 1115; x_wconf 85' lang='lat' dir='ltr'><strong>ira</strong></span> <span class='ocrx_word' id='word_1_312' title='bbox 2709 1063 3095 1131; x_wconf 84' lang='lat' dir='ltr'><strong>indignationis</strong></span> <span class='ocrx_word' id='word_1_313' title='bbox 3122 1101 3137 1125; x_wconf 88' lang='lat'><strong>,</strong></span> <span class='ocrx_word' id='word_1_314' title='bbox 3169 1061 3279 1113; x_wconf 85' lang='lat' dir='ltr'><strong>illic</strong></span> <span class='ocrx_word' id='word_1_315' title='bbox 3328 1062 3686 1128; x_wconf 83' lang='lat' dir='ltr'><strong>requieverunt</strong></span> 
     </span>
    </p>
   </div>
   <div class='ocr_carea' id='block_1_40' title="bbox 2123 1143 3687 1223">
    <p class='ocr_par' dir='ltr' id='par_1_40' title="bbox 2123 1143 3687 1223">
     <span class='ocr_line' id='line_1_40' title="bbox 2123 1143 3687 1223; baseline -0.001 -15"><span class='ocrx_word' id='word_1_316' title='bbox 2123 1156 2359 1209; x_wconf 80' lang='lat' dir='ltr'><strong>dolentes</strong></span> <span class='ocrx_word' id='word_1_317' title='bbox 2389 1170 2603 1222; x_wconf 80' lang='lat' dir='ltr'><strong>corpore</strong></span> <span class='ocrx_word' id='word_1_318' title='bbox 2619 1155 2685 1206; x_wconf 80' lang='grc'><strong>⁸⁵.</strong></span> <span class='ocrx_word' id='word_1_319' title='bbox 2712 1143 2844 1219; x_wconf 87' lang='lat' dir='ltr'><strong>Illic,</strong></span> <span class='ocrx_word' id='word_1_320' title='bbox 2876 1155 3068 1223; x_wconf 90' lang='lat' dir='ltr'><strong>inquit,</strong></span> <span class='ocrx_word' id='word_1_321' title='bbox 3101 1153 3153 1206; x_wconf 93' lang='lat' dir='ltr'><strong>in</strong></span> <span class='ocrx_word' id='word_1_322' title='bbox 3191 1154 3601 1216; x_wconf 88' lang='lat' dir='ltr'><strong>resurrectione,</strong></span> <span class='ocrx_word' id='word_1_323' title='bbox 3630 1152 3687 1207; x_wconf 85' lang='lat' dir='ltr'><strong>in</strong></span> 
     </span>
    </p>
   </div>
   <div class='ocr_carea' id='block_1_41' title="bbox 2124 1245 3685 1317">
    <p class='ocr_par' dir='ltr' id='par_1_41' title="bbox 2124 1245 3685 1317">
     <span class='ocr_line' id='line_1_41' title="bbox 2124 1245 3685 1317; baseline -0.002 -16"><span class='ocrx_word' id='word_1_324' title='bbox 2124 1246 2475 1317; x_wconf 89' lang='lat' dir='ltr'><strong>inquisitione</strong></span> <span class='ocrx_word' id='word_1_325' title='bbox 2500 1284 2515 1310; x_wconf 92' lang='lat'><strong>,</strong></span> <span class='ocrx_word' id='word_1_326' title='bbox 2549 1246 2601 1299; x_wconf 93' lang='lat' dir='ltr'><strong>in</strong></span> <span class='ocrx_word' id='word_1_327' title='bbox 2645 1245 2868 1311; x_wconf 90' lang='lat' dir='ltr'><strong>judicio.</strong></span> <span class='ocrx_word' id='word_1_328' title='bbox 2898 1245 3007 1299; x_wconf 92' lang='lat' dir='ltr'><strong>Illic</strong></span> <span class='ocrx_word' id='word_1_329' title='bbox 3035 1246 3177 1298; x_wconf 90' lang='lat' dir='ltr'><strong>enim</strong></span> <span class='ocrx_word' id='word_1_330' title='bbox 3213 1245 3504 1313; x_wconf 89' lang='lat' dir='ltr'><strong>requiescit</strong></span> <span class='ocrx_word' id='word_1_331' title='bbox 3535 1254 3685 1298; x_wconf 85' lang='lat' dir='ltr'><strong>eate-</strong></span> 
     </span>
    </p>
   </div>
   <div class='ocr_carea' id='block_1_42' title="bbox 2123 1335 3684 1407">
    <p class='ocr_par' dir='ltr' id='par_1_42' title="bbox 2123 1335 3684 1407">
     <span class='ocr_line' id='line_1_42' title="bbox 2123 1335 3684 1407; baseline -0.001 -19"><span class='ocrx_word' id='word_1_332' title='bbox 2123 1352 2224 1389; x_wconf 88' lang='lat' dir='ltr'><strong>nus</strong></span> <span class='ocrx_word' id='word_1_333' title='bbox 2272 1337 2570 1407; x_wconf 82' lang='lat' dir='ltr'><strong>indignatio</strong></span> <span class='ocrx_word' id='word_1_334' title='bbox 2604 1347 2764 1405; x_wconf 89' lang='lat' dir='ltr'><strong>atque</strong></span> <span class='ocrx_word' id='word_1_335' title='bbox 2820 1336 2972 1390; x_wconf 87' lang='lat' dir='ltr'><strong>furor</strong></span> <span class='ocrx_word' id='word_1_336' title='bbox 3001 1335 3284 1405; x_wconf 89' lang='lat' dir='ltr'><strong>impiorum</strong></span> <span class='ocrx_word' id='word_1_337' title='bbox 3310 1377 3323 1401; x_wconf 90' lang='lat'><strong>,</strong></span> <span class='ocrx_word' id='word_1_338' title='bbox 3376 1351 3497 1389; x_wconf 90' lang='lat' dir='ltr'><strong>cum</strong></span> <span class='ocrx_word' id='word_1_339' title='bbox 3525 1336 3684 1405; x_wconf 83' lang='lat' dir='ltr'><strong>digna</strong></span> 
     </span>
    </p>
   </div>
   <div class='ocr_carea' id='block_1_43' title="bbox 2123 1428 3685 1496">
    <p class='ocr_par' dir='ltr' id='par_1_43' title="bbox 2123 1428 3685 1496">
     <span class='ocr_line' id='line_1_43' title="bbox 2123 1428 3685 1496; baseline -0.001 -14"><span class='ocrx_word' id='word_1_340' title='bbox 2123 1428 2230 1482; x_wconf 90' lang='lat' dir='ltr'><strong>illis</strong></span> <span class='ocrx_word' id='word_1_341' title='bbox 2262 1428 2409 1482; x_wconf 89' lang='lat' dir='ltr'><strong>illata</strong></span> <span class='ocrx_word' id='word_1_342' title='bbox 2446 1428 2610 1482; x_wconf 84' lang='lat' dir='ltr'><strong>fuerit</strong></span> <span class='ocrx_word' id='word_1_343' title='bbox 2643 1428 2923 1483; x_wconf 89' lang='lat' dir='ltr'><strong>damnatio</strong></span> <span class='ocrx_word' id='word_1_344' title='bbox 2950 1437 3113 1496; x_wconf 86' lang='lat' dir='ltr'><strong>atque</strong></span> <span class='ocrx_word' id='word_1_345' title='bbox 3147 1437 3476 1482; x_wconf 88' lang='lat' dir='ltr'><strong>tormentum</strong></span> <span class='ocrx_word' id='word_1_346' title='bbox 3508 1446 3520 1479; x_wconf 93' lang='lat'>:</span> <span class='ocrx_word' id='word_1_347' title='bbox 3556 1437 3685 1480; x_wconf 90' lang='lat' dir='ltr'><strong>tunc</strong></span> 
     </span>
    </p>
   </div>
   <div class='ocr_carea' id='block_1_44' title="bbox 2118 1518 3687 1591">
    <p class='ocr_par' dir='ltr' id='par_1_44' title="bbox 2118 1518 3687 1591">
     <span class='ocr_line' id='line_1_44' title="bbox 2118 1518 3687 1591; baseline 0 -15"><span class='ocrx_word' id='word_1_348' title='bbox 2118 1532 2281 1576; x_wconf 88' lang='lat' dir='ltr'><strong>erunt</strong></span> <span class='ocrx_word' id='word_1_349' title='bbox 2324 1531 2577 1591; x_wconf 89' lang='lat' dir='ltr'><strong>tanquam</strong></span> <span class='ocrx_word' id='word_1_350' title='bbox 2627 1522 2876 1576; x_wconf 90' lang='lat' dir='ltr'><strong>aborsum</strong></span> <span class='ocrx_word' id='word_1_351' title='bbox 2923 1522 3108 1575; x_wconf 82' lang='lat' dir='ltr'><strong>exiens</strong></span> <span class='ocrx_word' id='word_1_352' title='bbox 3155 1522 3219 1574; x_wconf 90' lang='lat' dir='ltr'><strong>de</strong></span> <span class='ocrx_word' id='word_1_353' title='bbox 3268 1531 3458 1573; x_wconf 79' lang='lat' dir='ltr'><strong>ventre</strong></span> <span class='ocrx_word' id='word_1_354' title='bbox 3495 1518 3687 1576; x_wconf 76' lang='lat' dir='ltr'><strong>matris</strong></span> 
     </span>
    </p>
   </div>
   <div class='ocr_carea' id='block_1_45' title="bbox 2119 1609 3686 1683">
    <p class='ocr_par' dir='ltr' id='par_1_45' title="bbox 2119 1609 3686 1683">
     <span class='ocr_line' id='line_1_45' title="bbox 2119 1609 3686 1683; baseline -0.002 -14"><span class='ocrx_word' id='word_1_355' title='bbox 2119 1630 2230 1669; x_wconf 62' lang='lat' dir='ltr'><strong>sua:</strong></span> <span class='ocrx_word' id='word_1_356' title='bbox 2254 1655 2268 1680; x_wconf 95' lang='lat'><strong>,</strong></span> <span class='ocrx_word' id='word_1_357' title='bbox 2303 1616 2449 1670; x_wconf 89' lang='lat' dir='ltr'><strong>sicut</strong></span> <span class='ocrx_word' id='word_1_358' title='bbox 2504 1613 2735 1669; x_wconf 90' lang='lat' dir='ltr'><strong>infantes</strong></span> <span class='ocrx_word' id='word_1_359' title='bbox 2765 1614 2854 1683; x_wconf 92' lang='lat' dir='ltr'><strong>qui</strong></span> <span class='ocrx_word' id='word_1_360' title='bbox 2885 1628 2988 1667; x_wconf 91' lang='lat' dir='ltr'><strong>non</strong></span> <span class='ocrx_word' id='word_1_361' title='bbox 3032 1614 3281 1668; x_wconf 88' lang='lat' dir='ltr'><strong>viderunt</strong></span> <span class='ocrx_word' id='word_1_362' title='bbox 3324 1612 3519 1667; x_wconf 87' lang='lat' dir='ltr'><strong>lucem.</strong></span> <span class='ocrx_word' id='word_1_363' title='bbox 3548 1609 3686 1666; x_wconf 85' lang='lat' dir='ltr'><strong>Nam</strong></span> 
     </span>
    </p>
   </div>
   <div class='ocr_carea' id='block_1_46' title="bbox 2120 1706 3688 1761">
    <p class='ocr_par' dir='ltr' id='par_1_46' title="bbox 2120 1706 3688 1761">
     <span class='ocr_line' id='line_1_46' title="bbox 2120 1706 3688 1761; baseline -0.001 -2"><span class='ocrx_word' id='word_1_364' title='bbox 2120 1706 2258 1760; x_wconf 89' lang='lat' dir='ltr'><strong>sicut</strong></span> <span class='ocrx_word' id='word_1_365' title='bbox 2287 1706 2528 1760; x_wconf 88' lang='lat' dir='ltr'><strong>abortiva</strong></span> <span class='ocrx_word' id='word_1_366' title='bbox 2574 1708 2639 1761; x_wconf 88' lang='lat' dir='ltr'><strong>de</strong></span> <span class='ocrx_word' id='word_1_367' title='bbox 2677 1714 2866 1761; x_wconf 87' lang='lat' dir='ltr'><strong>ventre</strong></span> <span class='ocrx_word' id='word_1_368' title='bbox 2898 1706 3086 1759; x_wconf 87' lang='lat' dir='ltr'><strong>matris</strong></span> <span class='ocrx_word' id='word_1_369' title='bbox 3130 1719 3243 1759; x_wconf 74' lang='lat' dir='ltr'><strong>sua:</strong></span> <span class='ocrx_word' id='word_1_370' title='bbox 3295 1706 3542 1759; x_wconf 80' lang='lat' dir='ltr'><strong>exeuntia</strong></span> <span class='ocrx_word' id='word_1_371' title='bbox 3579 1719 3688 1758; x_wconf 90' lang='lat' dir='ltr'><strong>non</strong></span> 
     </span>
    </p>
   </div>
   <div class='ocr_carea' id='block_1_47' title="bbox 2123 1795 3687 1861">
    <p class='ocr_par' dir='ltr' id='par_1_47' title="bbox 2123 1795 3687 1861">
     <span class='ocr_line' id='line_1_47' title="bbox 2123 1795 3687 1861; baseline -0.003 -11"><span class='ocrx_word' id='word_1_372' title='bbox 2123 1797 2376 1850; x_wconf 88' lang='lat' dir='ltr'><strong>viderunt</strong></span> <span class='ocrx_word' id='word_1_373' title='bbox 2410 1796 2581 1851; x_wconf 91' lang='lat' dir='ltr'><strong>lucem</strong></span> <span class='ocrx_word' id='word_1_374' title='bbox 2609 1836 2624 1861; x_wconf 92' lang='lat'><strong>,</strong></span> <span class='ocrx_word' id='word_1_375' title='bbox 2658 1798 2750 1851; x_wconf 90' lang='lat' dir='ltr'><strong>sed</strong></span> <span class='ocrx_word' id='word_1_376' title='bbox 2782 1812 2845 1850; x_wconf 82' lang='lat' dir='ltr'><strong>ex</strong></span> <span class='ocrx_word' id='word_1_377' title='bbox 2879 1796 3112 1850; x_wconf 88' lang='lat' dir='ltr'><strong>tenebris</strong></span> <span class='ocrx_word' id='word_1_378' title='bbox 3153 1795 3205 1849; x_wconf 93' lang='lat' dir='ltr'><strong>in</strong></span> <span class='ocrx_word' id='word_1_379' title='bbox 3237 1797 3489 1849; x_wconf 84' lang='lat' dir='ltr'><strong>tenebras</strong></span> <span class='ocrx_word' id='word_1_380' title='bbox 3514 1804 3645 1847; x_wconf 91' lang='lat' dir='ltr'><strong>eunt</strong></span> <span class='ocrx_word' id='word_1_381' title='bbox 3670 1834 3687 1860; x_wconf 95' lang='lat'><strong>,</strong></span> 
     </span>
    </p>
   </div>
   <div class='ocr_carea' id='block_1_48' title="bbox 2120 1887 3692 1958">
    <p class='ocr_par' dir='ltr' id='par_1_48' title="bbox 2120 1887 3692 1958">
     <span class='ocr_line' id='line_1_48' title="bbox 2120 1887 3692 1958; baseline 0.001 -17"><span class='ocrx_word' id='word_1_382' title='bbox 2120 1901 2187 1941; x_wconf 82' lang='lat' dir='ltr'><strong>ex</strong></span> <span class='ocrx_word' id='word_1_383' title='bbox 2218 1888 2454 1943; x_wconf 89' lang='lat' dir='ltr'><strong>tenebris</strong></span> <span class='ocrx_word' id='word_1_384' title='bbox 2483 1896 2647 1956; x_wconf 86' lang='lat' dir='ltr'><strong>atque</strong></span> <span class='ocrx_word' id='word_1_385' title='bbox 2692 1888 2942 1958; x_wconf 79' lang='lat' dir='ltr'><strong>angustia</strong></span> <span class='ocrx_word' id='word_1_386' title='bbox 2978 1887 3115 1941; x_wconf 91' lang='lat' dir='ltr'><strong>uteri</strong></span> <span class='ocrx_word' id='word_1_387' title='bbox 3165 1888 3390 1941; x_wconf 88' lang='lat' dir='ltr'><strong>materni</strong></span> <span class='ocrx_word' id='word_1_388' title='bbox 3441 1888 3494 1941; x_wconf 91' lang='lat' dir='ltr'><strong>in</strong></span> <span class='ocrx_word' id='word_1_389' title='bbox 3534 1898 3692 1942; x_wconf 83' lang='lat' dir='ltr'><strong>tene-</strong></span> 
     </span>
    </p>
   </div>
   <div class='ocr_carea' id='block_1_49' title="bbox 2119 1979 3690 2050">
    <p class='ocr_par' dir='ltr' id='par_1_49' title="bbox 2119 1979 3690 2050">
     <span class='ocr_line' id='line_1_49' title="bbox 2119 1979 3690 2050; baseline -0.001 -15"><span class='ocrx_word' id='word_1_390' title='bbox 2119 1979 2248 2035; x_wconf 88' lang='lat' dir='ltr'><strong>bras</strong></span> <span class='ocrx_word' id='word_1_391' title='bbox 2285 1989 2339 2034; x_wconf 87' lang='lat' dir='ltr'><strong>et</strong></span> <span class='ocrx_word' id='word_1_392' title='bbox 2376 1980 2654 2050; x_wconf 89' lang='lat' dir='ltr'><strong>angustias</strong></span> <span class='ocrx_word' id='word_1_393' title='bbox 2693 1990 2849 2034; x_wconf 65' lang='lat' dir='ltr'><strong>terra:</strong></span> <span class='ocrx_word' id='word_1_394' title='bbox 2897 1989 3058 2047; x_wconf 89' lang='lat' dir='ltr'><strong>atque</strong></span> <span class='ocrx_word' id='word_1_395' title='bbox 3105 1980 3333 2047; x_wconf 89' lang='lat' dir='ltr'><strong>sepulcri</strong></span> <span class='ocrx_word' id='word_1_396' title='bbox 3374 1999 3387 2033; x_wconf 91' lang='lat'>:</span> <span class='ocrx_word' id='word_1_397' title='bbox 3420 1981 3499 2034; x_wconf 91' lang='lat' dir='ltr'><strong>sic</strong></span> <span class='ocrx_word' id='word_1_398' title='bbox 3537 1980 3690 2049; x_wconf 91' lang='lat' dir='ltr'><strong>impii</strong></span> 
     </span>
    </p>
   </div>
   <div class='ocr_carea' id='block_1_50' title="bbox 2120 2070 3692 2140">
    <p class='ocr_par' dir='ltr' id='par_1_50' title="bbox 2120 2070 3692 2140">
     <span class='ocr_line' id='line_1_50' title="bbox 2120 2070 3692 2140; baseline -0.001 -12"><span class='ocrx_word' id='word_1_399' title='bbox 2120 2073 2186 2128; x_wconf 90' lang='lat' dir='ltr'><strong>de</strong></span> <span class='ocrx_word' id='word_1_400' title='bbox 2224 2073 2461 2128; x_wconf 87' lang='lat' dir='ltr'><strong>tenebris</strong></span> <span class='ocrx_word' id='word_1_401' title='bbox 2503 2072 2558 2125; x_wconf 91' lang='lat' dir='ltr'><strong>in</strong></span> <span class='ocrx_word' id='word_1_402' title='bbox 2607 2073 2859 2126; x_wconf 88' lang='lat' dir='ltr'><strong>tenebras</strong></span> <span class='ocrx_word' id='word_1_403' title='bbox 2902 2080 3070 2135; x_wconf 90' lang='lat' dir='ltr'><strong>eunt,</strong></span> <span class='ocrx_word' id='word_1_404' title='bbox 3110 2084 3177 2124; x_wconf 80' lang='lat' dir='ltr'><strong>ex</strong></span> <span class='ocrx_word' id='word_1_405' title='bbox 3211 2072 3454 2140; x_wconf 84' lang='lat' dir='ltr'><strong>angustia</strong></span> <span class='ocrx_word' id='word_1_406' title='bbox 3495 2070 3548 2124; x_wconf 92' lang='lat' dir='ltr'><strong>in</strong></span> <span class='ocrx_word' id='word_1_407' title='bbox 3588 2086 3692 2126; x_wconf 84' lang='lat' dir='ltr'><strong>an-</strong></span> 
     </span>
    </p>
   </div>
   <div class='ocr_carea' id='block_1_51' title="bbox 2118 2164 3693 2239">
    <p class='ocr_par' dir='ltr' id='par_1_51' title="bbox 2118 2164 3693 2239">
     <span class='ocr_line' id='line_1_51' title="bbox 2118 2164 3693 2239; baseline 0 -20"><span class='ocrx_word' id='word_1_408' title='bbox 2118 2167 2350 2239; x_wconf 88' lang='lat' dir='ltr'><strong>gustiam</strong></span> <span class='ocrx_word' id='word_1_409' title='bbox 2379 2166 2738 2234; x_wconf 78' lang='lat' dir='ltr'><strong>expellentnr,</strong></span> <span class='ocrx_word' id='word_1_410' title='bbox 2776 2165 2840 2218; x_wconf 93' lang='lat' dir='ltr'><strong>de</strong></span> <span class='ocrx_word' id='word_1_411' title='bbox 2879 2178 3105 2233; x_wconf 91' lang='lat' dir='ltr'><strong>corpore</strong></span> <span class='ocrx_word' id='word_1_412' title='bbox 3140 2164 3192 2217; x_wconf 92' lang='lat' dir='ltr'><strong>in</strong></span> <span class='ocrx_word' id='word_1_413' title='bbox 3224 2164 3530 2233; x_wconf 84' lang='lat' dir='ltr'><strong>sepulcrum</strong></span> <span class='ocrx_word' id='word_1_414' title='bbox 3556 2204 3571 2226; x_wconf 90' lang='lat'><strong>,</strong></span> <span class='ocrx_word' id='word_1_415' title='bbox 3624 2176 3693 2219; x_wconf 77' lang='lat' dir='ltr'><strong>ex</strong></span> 
     </span>
    </p>
   </div>
   <div class='ocr_carea' id='block_1_52' title="bbox 2120 2254 3691 2329">
    <p class='ocr_par' dir='ltr' id='par_1_52' title="bbox 2120 2254 3691 2329">
     <span class='ocr_line' id='line_1_52' title="bbox 2120 2254 3691 2329; baseline -0.001 -15"><span class='ocrx_word' id='word_1_416' title='bbox 2120 2258 2370 2329; x_wconf 89' lang='lat' dir='ltr'><strong>sepulcro</strong></span> <span class='ocrx_word' id='word_1_417' title='bbox 2423 2258 2476 2311; x_wconf 91' lang='lat' dir='ltr'><strong>in</strong></span> <span class='ocrx_word' id='word_1_418' title='bbox 2524 2256 2827 2326; x_wconf 87' lang='lat' dir='ltr'><strong>angustiam</strong></span> <span class='ocrx_word' id='word_1_419' title='bbox 2884 2255 3223 2324; x_wconf 84' lang='lat' dir='ltr'><strong>expellentur</strong></span> <span class='ocrx_word' id='word_1_420' title='bbox 3280 2265 3440 2325; x_wconf 89' lang='lat' dir='ltr'><strong>atque</strong></span> <span class='ocrx_word' id='word_1_421' title='bbox 3494 2254 3691 2326; x_wconf 77' lang='lat' dir='ltr'><strong>indicii</strong></span> 
     </span>
    </p>
   </div>
   <div class='ocr_carea' id='block_1_53' title="bbox 2119 2344 3693 2411">
    <p class='ocr_par' dir='ltr' id='par_1_53' title="bbox 2119 2344 3693 2411">
     <span class='ocr_line' id='line_1_53' title="bbox 2119 2344 3693 2411; baseline -0.003 -8"><span class='ocrx_word' id='word_1_422' title='bbox 2119 2349 2523 2403; x_wconf 88' lang='lat' dir='ltr'><strong>damnationem</strong></span> <span class='ocrx_word' id='word_1_423' title='bbox 2549 2386 2565 2411; x_wconf 93' lang='lat'><strong>,</strong></span> <span class='ocrx_word' id='word_1_424' title='bbox 2614 2356 2669 2401; x_wconf 90' lang='lat' dir='ltr'><strong>et</strong></span> <span class='ocrx_word' id='word_1_425' title='bbox 2709 2347 2761 2399; x_wconf 95' lang='lat' dir='ltr'><strong>in</strong></span> <span class='ocrx_word' id='word_1_426' title='bbox 2794 2346 3046 2399; x_wconf 90' lang='lat' dir='ltr'><strong>tenebras</strong></span> <span class='ocrx_word' id='word_1_427' title='bbox 3077 2344 3377 2398; x_wconf 82' lang='lat' dir='ltr'><strong>exteriores</strong></span> <span class='ocrx_word' id='word_1_428' title='bbox 3404 2384 3420 2408; x_wconf 93' lang='lat'><strong>,</strong></span> <span class='ocrx_word' id='word_1_429' title='bbox 3451 2345 3540 2398; x_wconf 92' lang='lat' dir='ltr'><strong>ubi</strong></span> <span class='ocrx_word' id='word_1_430' title='bbox 3580 2359 3693 2399; x_wconf 87' lang='lat' dir='ltr'><strong>non</strong></span> 
     </span>
    </p>
   </div>
   <div class='ocr_carea' id='block_1_54' title="bbox 2120 2437 3693 2512">
    <p class='ocr_par' dir='ltr' id='par_1_54' title="bbox 2120 2437 3693 2512">
     <span class='ocr_line' id='line_1_54' title="bbox 2120 2437 3693 2512; baseline -0.004 -15"><span class='ocrx_word' id='word_1_431' title='bbox 2120 2453 2206 2497; x_wconf 86' lang='lat' dir='ltr'><strong>est</strong></span> <span class='ocrx_word' id='word_1_432' title='bbox 2246 2442 2336 2496; x_wconf 82' lang='lat' dir='ltr'><strong>lux</strong></span> <span class='ocrx_word' id='word_1_433' title='bbox 2364 2482 2379 2506; x_wconf 93' lang='lat'><strong>,</strong></span> <span class='ocrx_word' id='word_1_434' title='bbox 2415 2456 2589 2512; x_wconf 90' lang='lat' dir='ltr'><strong>neque</strong></span> <span class='ocrx_word' id='word_1_435' title='bbox 2621 2440 2877 2494; x_wconf 88' lang='lat' dir='ltr'><strong>videbunt</strong></span> <span class='ocrx_word' id='word_1_436' title='bbox 2917 2439 3082 2491; x_wconf 89' lang='lat' dir='ltr'><strong>vitam</strong></span> <span class='ocrx_word' id='word_1_437' title='bbox 3128 2437 3396 2491; x_wconf 90' lang='lat' dir='ltr'><strong>homines.</strong></span> <span class='ocrx_word' id='word_1_438' title='bbox 3447 2437 3693 2491; x_wconf 85' lang='lat' dir='ltr'><strong>Pusillus</strong></span> 
     </span>
    </p>
   </div>
   <div class='ocr_carea' id='block_1_55' title="bbox 2119 2528 3694 2603">
    <p class='ocr_par' dir='ltr' id='par_1_55' title="bbox 2119 2528 3694 2603">
     <span class='ocr_line' id='line_1_55' title="bbox 2119 2528 3694 2603; baseline -0.004 -15"><span class='ocrx_word' id='word_1_439' title='bbox 2119 2543 2169 2588; x_wconf 83' lang='lat' dir='ltr'><strong>et</strong></span> <span class='ocrx_word' id='word_1_440' title='bbox 2192 2550 2432 2603; x_wconf 88' lang='lat' dir='ltr'><strong>magnus,</strong></span> <span class='ocrx_word' id='word_1_441' title='bbox 2465 2532 2661 2601; x_wconf 87' lang='lat' dir='ltr'><strong>inquit,</strong></span> <span class='ocrx_word' id='word_1_442' title='bbox 2694 2531 2765 2584; x_wconf 85' lang='lat' dir='ltr'><strong>ibi</strong></span> <span class='ocrx_word' id='word_1_443' title='bbox 2794 2539 2869 2583; x_wconf 87' lang='lat' dir='ltr'><strong>est</strong></span> <span class='ocrx_word' id='word_1_444' title='bbox 2903 2530 2970 2583; x_wconf 77' lang='lat'><strong>&quot;.</strong></span> <span class='ocrx_word' id='word_1_445' title='bbox 2997 2528 3109 2583; x_wconf 88' lang='lat' dir='ltr'><strong>Non</strong></span> <span class='ocrx_word' id='word_1_446' title='bbox 3137 2538 3218 2582; x_wconf 87' lang='lat' dir='ltr'><strong>cst</strong></span> <span class='ocrx_word' id='word_1_447' title='bbox 3251 2531 3393 2582; x_wconf 92' lang='lat' dir='ltr'><strong>cnim</strong></span> <span class='ocrx_word' id='word_1_448' title='bbox 3432 2544 3694 2598; x_wconf 85' lang='lat' dir='ltr'><strong>persona-</strong></span> 
     </span>
    </p>
   </div>
   <div class='ocr_carea' id='block_1_56' title="bbox 2122 2618 3693 2691">
    <p class='ocr_par' dir='ltr' id='par_1_56' title="bbox 2122 2618 3693 2691">
     <span class='ocr_line' id='line_1_56' title="bbox 2122 2618 3693 2691; baseline -0.004 -13"><span class='ocrx_word' id='word_1_449' title='bbox 2122 2640 2237 2678; x_wconf 91' lang='lat' dir='ltr'><strong>rum</strong></span> <span class='ocrx_word' id='word_1_450' title='bbox 2270 2632 2522 2691; x_wconf 89' lang='lat' dir='ltr'><strong>acceptor</strong></span> <span class='ocrx_word' id='word_1_451' title='bbox 2563 2623 2713 2691; x_wconf 86' lang='lat' dir='ltr'><strong>regni</strong></span> <span class='ocrx_word' id='word_1_452' title='bbox 2749 2620 2913 2688; x_wconf 85' lang='lat' dir='ltr'><strong>hujus</strong></span> <span class='ocrx_word' id='word_1_453' title='bbox 2939 2635 3053 2673; x_wconf 81' lang='lat' dir='ltr'><strong>rex.</strong></span> <span class='ocrx_word' id='word_1_454' title='bbox 3084 2618 3274 2673; x_wconf 84' lang='lat' dir='ltr'><strong>Merito</strong></span> <span class='ocrx_word' id='word_1_455' title='bbox 3304 2636 3369 2673; x_wconf 82' lang='lat' dir='ltr'><strong>ex</strong></span> <span class='ocrx_word' id='word_1_456' title='bbox 3398 2635 3552 2687; x_wconf 78' lang='lat' dir='ltr'><strong>:equo</strong></span> <span class='ocrx_word' id='word_1_457' title='bbox 3593 2620 3693 2672; x_wconf 88' lang='lat' dir='ltr'><strong>im-</strong></span> 
     </span>
    </p>
   </div>
   <div class='ocr_carea' id='block_1_57' title="bbox 2120 2711 3693 2786">
    <p class='ocr_par' dir='ltr' id='par_1_57' title="bbox 2120 2711 3693 2786">
     <span class='ocr_line' id='line_1_57' title="bbox 2120 2711 3693 2786; baseline -0.004 -16"><span class='ocrx_word' id='word_1_458' title='bbox 2120 2716 2285 2786; x_wconf 90' lang='lat' dir='ltr'><strong>pertit</strong></span> <span class='ocrx_word' id='word_1_459' title='bbox 2316 2712 2566 2769; x_wconf 83' lang='lat' dir='ltr'><strong>omnibus</strong></span> <span class='ocrx_word' id='word_1_460' title='bbox 2592 2724 2646 2768; x_wconf 94' lang='lat' dir='ltr'><strong>et</strong></span> <span class='ocrx_word' id='word_1_461' title='bbox 2696 2713 2905 2783; x_wconf 89' lang='lat' dir='ltr'><strong>pusillis</strong></span> <span class='ocrx_word' id='word_1_462' title='bbox 2934 2724 2987 2766; x_wconf 91' lang='lat' dir='ltr'><strong>et</strong></span> <span class='ocrx_word' id='word_1_463' title='bbox 3019 2713 3226 2781; x_wconf 90' lang='lat' dir='ltr'><strong>magnis</strong></span> <span class='ocrx_word' id='word_1_464' title='bbox 3252 2752 3267 2776; x_wconf 97' lang='lat'><strong>,</strong></span> <span class='ocrx_word' id='word_1_465' title='bbox 3299 2720 3352 2765; x_wconf 91' lang='lat' dir='ltr'><strong>et</strong></span> <span class='ocrx_word' id='word_1_466' title='bbox 3396 2711 3693 2765; x_wconf 89' lang='lat' dir='ltr'><strong>humilibus</strong></span> 
     </span>
    </p>
   </div>
   <div class='ocr_carea' id='block_1_58' title="bbox 2120 2800 3693 2876">
    <p class='ocr_par' dir='ltr' id='par_1_58' title="bbox 2120 2800 3693 2876">
     <span class='ocr_line' id='line_1_58' title="bbox 2120 2800 3693 2876; baseline -0.006 -13"><span class='ocrx_word' id='word_1_467' title='bbox 2120 2817 2175 2863; x_wconf 88' lang='lat' dir='ltr'><strong>et</strong></span> <span class='ocrx_word' id='word_1_468' title='bbox 2198 2808 2323 2862; x_wconf 89' lang='lat' dir='ltr'><strong>altis</strong></span> <span class='ocrx_word' id='word_1_469' title='bbox 2357 2810 2504 2876; x_wconf 89' lang='lat' dir='ltr'><strong>regni</strong></span> <span class='ocrx_word' id='word_1_470' title='bbox 2536 2805 2691 2871; x_wconf 84' lang='lat' dir='ltr'><strong>hujus</strong></span> <span class='ocrx_word' id='word_1_471' title='bbox 2719 2805 2999 2859; x_wconf 90' lang='lat' dir='ltr'><strong>introitum</strong></span> <span class='ocrx_word' id='word_1_472' title='bbox 3034 2822 3046 2856; x_wconf 91' lang='lat'><strong><em>:</em></strong></span> <span class='ocrx_word' id='word_1_473' title='bbox 3087 2803 3193 2857; x_wconf 91' lang='lat' dir='ltr'><strong>illis</strong></span> <span class='ocrx_word' id='word_1_474' title='bbox 3218 2816 3348 2856; x_wconf 88' lang='lat' dir='ltr'><strong>sane</strong></span> <span class='ocrx_word' id='word_1_475' title='bbox 3390 2800 3481 2871; x_wconf 87' lang='lat' dir='ltr'><strong>qui</strong></span> <span class='ocrx_word' id='word_1_476' title='bbox 3510 2817 3693 2870; x_wconf 59' lang='grc' dir='ltr'>διῳκι-</span> 
     </span>
    </p>
   </div>
   <div class='ocr_carea' id='block_1_59' title="bbox 2121 2894 3689 2964">
    <p class='ocr_par' dir='ltr' id='par_1_59' title="bbox 2121 2894 3689 2964">
     <span class='ocr_line' id='line_1_59' title="bbox 2121 2894 3689 2964; baseline -0.003 -12"><span class='ocrx_word' id='word_1_477' title='bbox 2121 2898 2250 2952; x_wconf 92' lang='lat' dir='ltr'><strong>liter</strong></span> <span class='ocrx_word' id='word_1_478' title='bbox 2294 2898 2444 2952; x_wconf 90' lang='lat' dir='ltr'><strong>illum</strong></span> <span class='ocrx_word' id='word_1_479' title='bbox 2496 2906 2764 2962; x_wconf 89' lang='lat' dir='ltr'><strong>metuunt,</strong></span> <span class='ocrx_word' id='word_1_480' title='bbox 2801 2896 2891 2964; x_wconf 92' lang='lat' dir='ltr'><strong>qui</strong></span> <span class='ocrx_word' id='word_1_481' title='bbox 2943 2894 3228 2964; x_wconf 66' lang='lat' dir='ltr'><strong>aequaliter</strong></span> <span class='ocrx_word' id='word_1_482' title='bbox 3257 2894 3404 2948; x_wconf 91' lang='lat' dir='ltr'><strong>illum</strong></span> <span class='ocrx_word' id='word_1_483' title='bbox 3434 2895 3689 2964; x_wconf 82' lang='lat' dir='ltr'><strong>diligunt.</strong></span> 
     </span>
    </p>
   </div>
   <div class='ocr_carea' id='block_1_60' title="bbox 2126 2984 3689 3056">
    <p class='ocr_par' dir='ltr' id='par_1_60' title="bbox 2126 2984 3689 3056">
     <span class='ocr_line' id='line_1_60' title="bbox 2126 2984 3689 3056; baseline -0.004 -15"><span class='ocrx_word' id='word_1_484' title='bbox 2126 2988 2362 3042; x_wconf 83' lang='lat' dir='ltr'><strong>Pusillus</strong></span> <span class='ocrx_word' id='word_1_485' title='bbox 2409 2998 2457 3043; x_wconf 88' lang='lat' dir='ltr'><strong>et</strong></span> <span class='ocrx_word' id='word_1_486' title='bbox 2493 3004 2734 3056; x_wconf 86' lang='lat' dir='ltr'><strong>magnus.</strong></span> <span class='ocrx_word' id='word_1_487' title='bbox 2786 2987 2861 3040; x_wconf 94' lang='lat' dir='ltr'><strong>lbi</strong></span> <span class='ocrx_word' id='word_1_488' title='bbox 2895 2997 2980 3041; x_wconf 89' lang='lat' dir='ltr'><strong>est</strong></span> <span class='ocrx_word' id='word_1_489' title='bbox 3031 2985 3269 3038; x_wconf 86' lang='lat' dir='ltr'><strong>Lazarus</strong></span> <span class='ocrx_word' id='word_1_490' title='bbox 3307 2984 3531 3054; x_wconf 90' lang='lat' dir='ltr'><strong>pusillus</strong></span> <span class='ocrx_word' id='word_1_491' title='bbox 3565 3000 3689 3037; x_wconf 90' lang='lat' dir='ltr'><strong>cum</strong></span> 
     </span>
    </p>
   </div>
   <div class='ocr_carea' id='block_1_61' title="bbox 438 3075 3691 3151">
    <p class='ocr_par' dir='ltr' id='par_1_61' title="bbox 438 3075 3691 3151">
     <span class='ocr_line' id='line_1_61' title="bbox 438 3075 3691 3151; baseline -0.001 -17"><span class='ocrx_word' id='word_1_492' title='bbox 438 3079 496 3134; x_wconf 79' lang='lat' dir='ltr'><strong>ir.</strong></span> <span class='ocrx_word' id='word_1_493' title='bbox 529 3080 784 3135; x_wconf 90' lang='lat' dir='ltr'><strong>omnibus</strong></span> <span class='ocrx_word' id='word_1_494' title='bbox 833 3092 1137 3146; x_wconf 89' lang='lat' dir='ltr'><strong>permaues,</strong></span> <span class='ocrx_word' id='word_1_495' title='bbox 1186 3076 1501 3131; x_wconf 86' lang='lat' dir='ltr'><strong>beatissime</strong></span> <span class='ocrx_word' id='word_1_496' title='bbox 1557 3075 1650 3130; x_wconf 86' lang='lat' dir='ltr'><strong>Dei</strong></span> <span class='ocrx_word' id='word_1_497' title='bbox 1694 3076 1868 3131; x_wconf 89' lang='lat' dir='ltr'><strong>amice</strong></span> <span class='ocrx_word' id='word_1_498' title='bbox 1895 3076 2016 3131; x_wconf 87' lang='lat' dir='ltr'><strong>Job.</strong></span> <span class='ocrx_word' id='word_1_499' title='bbox 2046 3092 2089 3151; x_wconf 71' lang='grc' dir='ltr'>ο</span> <span class='ocrx_word' id='word_1_500' title='bbox 2123 3083 2393 3135; x_wconf 81' lang='lat' dir='ltr'><strong>Abraham</strong></span> <span class='ocrx_word' id='word_1_501' title='bbox 2434 3095 2648 3149; x_wconf 91' lang='lat' dir='ltr'><strong>magno.</strong></span> <span class='ocrx_word' id='word_1_502' title='bbox 2698 3076 2767 3132; x_wconf 87' lang='lat' dir='ltr'><strong>Et</strong></span> <span class='ocrx_word' id='word_1_503' title='bbox 2820 3095 2994 3135; x_wconf 82' lang='lat' dir='ltr'><strong>servus</strong></span> <span class='ocrx_word' id='word_1_504' title='bbox 3034 3094 3138 3132; x_wconf 87' lang='lat' dir='ltr'><strong>non</strong></span> <span class='ocrx_word' id='word_1_505' title='bbox 3179 3078 3363 3131; x_wconf 86' lang='lat' dir='ltr'><strong>timens</strong></span> <span class='ocrx_word' id='word_1_506' title='bbox 3419 3076 3691 3130; x_wconf 83' lang='lat' dir='ltr'><strong>dominum</strong></span> 
     </span>
    </p>
   </div>
   <div class='ocr_carea' id='block_1_62' title="bbox 436 3167 2022 3236">
    <p class='ocr_par' dir='ltr' id='par_1_62' title="bbox 436 3167 2022 3236">
     <span class='ocr_line' id='line_1_62' title="bbox 436 3167 2022 3236; baseline -0.004 -10"><span class='ocrx_word' id='word_1_507' title='bbox 436 3172 548 3226; x_wconf 78' lang='lat' dir='ltr'><strong>Aut</strong></span> <span class='ocrx_word' id='word_1_508' title='bbox 598 3171 763 3224; x_wconf 89' lang='lat' dir='ltr'><strong>etiam</strong></span> <span class='ocrx_word' id='word_1_509' title='bbox 794 3169 952 3223; x_wconf 87' lang='lat' dir='ltr'><strong>aliter</strong></span> <span class='ocrx_word' id='word_1_510' title='bbox 982 3167 1345 3236; x_wconf 86' lang='lat' dir='ltr'><strong>intelligamus</strong></span> <span class='ocrx_word' id='word_1_511' title='bbox 1382 3167 1726 3222; x_wconf 88' lang='lat' dir='ltr'><strong>maledictum</strong></span> <span class='ocrx_word' id='word_1_512' title='bbox 1762 3167 1905 3221; x_wconf 91' lang='lat' dir='ltr'><strong>hunc</strong></span> <span class='ocrx_word' id='word_1_513' title='bbox 1936 3176 2022 3220; x_wconf 88' lang='lat' dir='ltr'><strong>at-</strong></span> 
     </span>
    </p>
   </div>
   <div class='ocr_carea' id='block_1_63' title="bbox 442 3256 2023 3330">
    <p class='ocr_par' dir='ltr' id='par_1_63' title="bbox 442 3256 2023 3330">
     <span class='ocr_line' id='line_1_63' title="bbox 442 3256 2023 3330; baseline -0.003 -16"><span class='ocrx_word' id='word_1_514' title='bbox 442 3276 551 3330; x_wconf 90' lang='lat' dir='ltr'><strong>que</strong></span> <span class='ocrx_word' id='word_1_515' title='bbox 574 3260 845 3327; x_wconf 89' lang='lat' dir='ltr'><strong>perditum</strong></span> <span class='ocrx_word' id='word_1_516' title='bbox 885 3258 1026 3313; x_wconf 86' lang='lat' dir='ltr'><strong>diem</strong></span> <span class='ocrx_word' id='word_1_517' title='bbox 1053 3260 1119 3312; x_wconf 92' lang='lat' dir='ltr'><strong>de</strong></span> <span class='ocrx_word' id='word_1_518' title='bbox 1153 3273 1260 3327; x_wconf 92' lang='lat' dir='ltr'><strong>quo</strong></span> <span class='ocrx_word' id='word_1_519' title='bbox 1289 3258 1423 3311; x_wconf 90' lang='lat' dir='ltr'><strong>dicit</strong></span> <span class='ocrx_word' id='word_1_520' title='bbox 1455 3276 1468 3311; x_wconf 94' lang='lat'>:</span> <span class='ocrx_word' id='word_1_521' title='bbox 1501 3256 1625 3311; x_wconf 82' lang='lat' dir='ltr'><strong>Dies</strong></span> <span class='ocrx_word' id='word_1_522' title='bbox 1651 3256 1737 3310; x_wconf 86' lang='lat' dir='ltr'><strong>ille</strong></span> <span class='ocrx_word' id='word_1_523' title='bbox 1770 3258 1835 3310; x_wconf 88' lang='lat' dir='ltr'><strong>sit</strong></span> <span class='ocrx_word' id='word_1_524' title='bbox 1862 3258 1916 3310; x_wconf 85' lang='lat' dir='ltr'><strong>in</strong></span> <span class='ocrx_word' id='word_1_525' title='bbox 1944 3268 2023 3310; x_wconf 88' lang='lat' dir='ltr'><strong>te-</strong></span> 
     </span>
    </p>
   </div>
   <div class='ocr_carea' id='block_1_64' title="bbox 437 3348 2023 3420">
    <p class='ocr_par' dir='ltr' id='par_1_64' title="bbox 437 3348 2023 3420">
     <span class='ocr_line' id='line_1_64' title="bbox 437 3348 2023 3420; baseline -0.003 -14"><span class='ocrx_word' id='word_1_526' title='bbox 437 3353 635 3417; x_wconf 67' lang='lat' dir='ltr'><strong>nebris,</strong></span> <span class='ocrx_word' id='word_1_527' title='bbox 659 3360 824 3404; x_wconf 86' lang='lat' dir='ltr'><strong>etnon</strong></span> <span class='ocrx_word' id='word_1_528' title='bbox 847 3351 1081 3420; x_wconf 87' lang='lat' dir='ltr'><strong>inquirat</strong></span> <span class='ocrx_word' id='word_1_529' title='bbox 1124 3349 1273 3403; x_wconf 90' lang='lat' dir='ltr'><strong>illum</strong></span> <span class='ocrx_word' id='word_1_530' title='bbox 1299 3348 1554 3402; x_wconf 80' lang='lat' dir='ltr'><strong>Dominus</strong></span> <span class='ocrx_word' id='word_1_531' title='bbox 1596 3348 1834 3414; x_wconf 83' lang='lat' dir='ltr'><strong>desuper.</strong></span> <span class='ocrx_word' id='word_1_532' title='bbox 1868 3348 2023 3417; x_wconf 82' lang='lat' dir='ltr'><strong>Figu-</strong></span> 
     </span>
    </p>
   </div>
   <div class='ocr_carea' id='block_1_65' title="bbox 438 3439 2023 3513">
    <p class='ocr_par' dir='ltr' id='par_1_65' title="bbox 438 3439 2023 3513">
     <span class='ocr_line' id='line_1_65' title="bbox 438 3439 2023 3513; baseline -0.003 -15"><span class='ocrx_word' id='word_1_533' title='bbox 438 3454 559 3499; x_wconf 86' lang='lat' dir='ltr'><strong>rate</strong></span> <span class='ocrx_word' id='word_1_534' title='bbox 576 3444 845 3513; x_wconf 86' lang='lat' dir='ltr'><strong>significat</strong></span> <span class='ocrx_word' id='word_1_535' title='bbox 861 3457 956 3511; x_wconf 90' lang='lat' dir='ltr'><strong>per</strong></span> <span class='ocrx_word' id='word_1_536' title='bbox 974 3442 1090 3497; x_wconf 61' lang='lat' dir='ltr'><strong>haec</strong></span> <span class='ocrx_word' id='word_1_537' title='bbox 1119 3440 1386 3496; x_wconf 89' lang='lat' dir='ltr'><strong>infelicem</strong></span> <span class='ocrx_word' id='word_1_538' title='bbox 1410 3440 1555 3494; x_wconf 92' lang='lat' dir='ltr'><strong>illum</strong></span> <span class='ocrx_word' id='word_1_539' title='bbox 1578 3439 1793 3506; x_wconf 87' lang='lat' dir='ltr'><strong>Judam,</strong></span> <span class='ocrx_word' id='word_1_540' title='bbox 1813 3441 2023 3510; x_wconf 88' lang='lat' dir='ltr'><strong>perista</strong></span> 
     </span>
    </p>
   </div>
   <div class='ocr_carea' id='block_1_66' title="bbox 440 3532 2022 3604">
    <p class='ocr_par' dir='ltr' id='par_1_66' title="bbox 440 3532 2022 3604">
     <span class='ocr_line' id='line_1_66' title="bbox 440 3532 2022 3604; baseline -0.004 -14"><span class='ocrx_word' id='word_1_541' title='bbox 440 3536 508 3590; x_wconf 90' lang='lat' dir='ltr'><strong>de</strong></span> <span class='ocrx_word' id='word_1_542' title='bbox 525 3536 681 3604; x_wconf 89' lang='lat' dir='ltr'><strong>longe</strong></span> <span class='ocrx_word' id='word_1_543' title='bbox 696 3550 819 3589; x_wconf 92' lang='lat' dir='ltr'><strong>eum</strong></span> <span class='ocrx_word' id='word_1_544' title='bbox 843 3534 1100 3595; x_wconf 86' lang='lat' dir='ltr'><strong>ostendit,</strong></span> <span class='ocrx_word' id='word_1_545' title='bbox 1118 3534 1208 3603; x_wconf 87' lang='lat' dir='ltr'><strong>qui</strong></span> <span class='ocrx_word' id='word_1_546' title='bbox 1230 3534 1493 3588; x_wconf 90' lang='lat' dir='ltr'><strong>debuerat</strong></span> <span class='ocrx_word' id='word_1_547' title='bbox 1509 3548 1629 3587; x_wconf 87' lang='lat' dir='ltr'><strong>esse</strong></span> <span class='ocrx_word' id='word_1_548' title='bbox 1648 3532 1762 3586; x_wconf 90' lang='lat' dir='ltr'><strong>dies</strong></span> <span class='ocrx_word' id='word_1_549' title='bbox 1778 3546 2022 3595; x_wconf 84' lang='lat' dir='ltr'><strong>serenus,</strong></span> 
     </span>
    </p>
   </div>
   <div class='ocr_carea' id='block_1_67' title="bbox 436 3622 2024 3697">
    <p class='ocr_par' dir='ltr' id='par_1_67' title="bbox 436 3622 2024 3697">
     <span class='ocr_line' id='line_1_67' title="bbox 436 3622 2024 3697; baseline -0.002 -15"><span class='ocrx_word' id='word_1_550' title='bbox 436 3637 496 3682; x_wconf 87' lang='lat' dir='ltr'><strong>et</strong></span> <span class='ocrx_word' id='word_1_551' title='bbox 512 3628 820 3697; x_wconf 89' lang='lat' dir='ltr'><strong>splendidus</strong></span> <span class='ocrx_word' id='word_1_552' title='bbox 846 3643 909 3681; x_wconf 88' lang='lat' dir='ltr'><strong>ac</strong></span> <span class='ocrx_word' id='word_1_553' title='bbox 939 3626 1346 3696; x_wconf 85' lang='lat' dir='ltr'><strong>perspicuus,et</strong></span> <span class='ocrx_word' id='word_1_554' title='bbox 1368 3625 1469 3680; x_wconf 88' lang='lat' dir='ltr'><strong>sibi</strong></span> <span class='ocrx_word' id='word_1_555' title='bbox 1492 3625 1790 3679; x_wconf 88' lang='lat' dir='ltr'><strong>luminosus</strong></span> <span class='ocrx_word' id='word_1_556' title='bbox 1821 3633 1877 3679; x_wconf 89' lang='lat' dir='ltr'><strong>et</strong></span> <span class='ocrx_word' id='word_1_557' title='bbox 1905 3622 2024 3679; x_wconf 86' lang='lat' dir='ltr'><strong>aliis</strong></span> 
     </span>
    </p>
   </div>
   <div class='ocr_carea' id='block_1_68' title="bbox 440 3714 2025 3784">
    <p class='ocr_par' dir='ltr' id='par_1_68' title="bbox 440 3714 2025 3784">
     <span class='ocr_line' id='line_1_68' title="bbox 440 3714 2025 3784; baseline -0.001 -13"><span class='ocrx_word' id='word_1_558' title='bbox 440 3716 672 3783; x_wconf 90' lang='lat' dir='ltr'><strong>lucidus,</strong></span> <span class='ocrx_word' id='word_1_559' title='bbox 696 3717 873 3774; x_wconf 86' lang='lat' dir='ltr'><strong>factus</strong></span> <span class='ocrx_word' id='word_1_560' title='bbox 898 3727 979 3773; x_wconf 90' lang='lat' dir='ltr'><strong>est</strong></span> <span class='ocrx_word' id='word_1_561' title='bbox 1009 3717 1328 3770; x_wconf 87' lang='lat' dir='ltr'><strong>tenebrosus</strong></span> <span class='ocrx_word' id='word_1_562' title='bbox 1350 3730 1445 3784; x_wconf 88' lang='lat' dir='ltr'><strong>per</strong></span> <span class='ocrx_word' id='word_1_563' title='bbox 1485 3714 1833 3784; x_wconf 90' lang='lat' dir='ltr'><strong>semetipsum</strong></span> <span class='ocrx_word' id='word_1_564' title='bbox 1865 3723 2025 3782; x_wconf 88' lang='lat' dir='ltr'><strong>atque</strong></span> 
     </span>
    </p>
   </div>
   <div class='ocr_carea' id='block_1_69' title="bbox 438 3804 2024 3879">
    <p class='ocr_par' dir='ltr' id='par_1_69' title="bbox 438 3804 2024 3879">
     <span class='ocr_line' id='line_1_69' title="bbox 438 3804 2024 3879; baseline -0.006 -12"><span class='ocrx_word' id='word_1_565' title='bbox 438 3812 727 3867; x_wconf 85' lang='lat' dir='ltr'><strong>obscurus.</strong></span> <span class='ocrx_word' id='word_1_566' title='bbox 763 3810 919 3864; x_wconf 82' lang='lat' dir='ltr'><strong>Hunc</strong></span> <span class='ocrx_word' id='word_1_567' title='bbox 944 3824 1073 3878; x_wconf 85' lang='lat' dir='ltr'><strong>ergo</strong></span> <span class='ocrx_word' id='word_1_568' title='bbox 1102 3808 1416 3879; x_wconf 87' lang='lat' dir='ltr'><strong>significans</strong></span> <span class='ocrx_word' id='word_1_569' title='bbox 1438 3808 1599 3862; x_wconf 87' lang='lat' dir='ltr'><strong>dicit:</strong></span> <span class='ocrx_word' id='word_1_570' title='bbox 1619 3806 1744 3861; x_wconf 88' lang='lat' dir='ltr'><strong>Dies</strong></span> <span class='ocrx_word' id='word_1_571' title='bbox 1772 3805 1860 3859; x_wconf 91' lang='lat' dir='ltr'><strong>ille</strong></span> <span class='ocrx_word' id='word_1_572' title='bbox 1878 3805 1948 3859; x_wconf 90' lang='lat' dir='ltr'><strong>sit</strong></span> <span class='ocrx_word' id='word_1_573' title='bbox 1972 3804 2024 3858; x_wconf 93' lang='lat' dir='ltr'><strong>in</strong></span> 
     </span>
    </p>
   </div>
   <div class='ocr_carea' id='block_1_70' title="bbox 444 3895 2024 3970">
    <p class='ocr_par' dir='ltr' id='par_1_70' title="bbox 444 3895 2024 3970">
     <span class='ocr_line' id='line_1_70' title="bbox 444 3895 2024 3970; baseline -0.005 -15"><span class='ocrx_word' id='word_1_574' title='bbox 444 3902 685 3956; x_wconf 86' lang='lat' dir='ltr'><strong>tenebris</strong></span> <span class='ocrx_word' id='word_1_575' title='bbox 705 3903 794 3970; x_wconf 92' lang='lat' dir='ltr'><strong>qui</strong></span> <span class='ocrx_word' id='word_1_576' title='bbox 818 3902 992 3955; x_wconf 91' lang='lat' dir='ltr'><strong>lucem</strong></span> <span class='ocrx_word' id='word_1_577' title='bbox 1017 3899 1323 3967; x_wconf 86' lang='lat' dir='ltr'><strong>dereliquit,</strong></span> <span class='ocrx_word' id='word_1_578' title='bbox 1345 3899 1433 3968; x_wconf 91' lang='lat' dir='ltr'><strong>qui</strong></span> <span class='ocrx_word' id='word_1_579' title='bbox 1464 3914 1493 3951; x_wconf 90' lang='lat' dir='ltr'><strong>a</strong></span> <span class='ocrx_word' id='word_1_580' title='bbox 1514 3898 1631 3951; x_wconf 89' lang='lat' dir='ltr'><strong>luce</strong></span> <span class='ocrx_word' id='word_1_581' title='bbox 1648 3896 1914 3961; x_wconf 84' lang='lat' dir='ltr'><strong>discessit,</strong></span> <span class='ocrx_word' id='word_1_582' title='bbox 1932 3895 2024 3964; x_wconf 92' lang='lat' dir='ltr'><strong>qui</strong></span> 
     </span>
    </p>
   </div>
   <div class='ocr_carea' id='block_1_71' title="bbox 442 3987 2027 4059">
    <p class='ocr_par' dir='ltr' id='par_1_71' title="bbox 442 3987 2027 4059">
     <span class='ocr_line' id='line_1_71' title="bbox 442 3987 2027 4059; baseline -0.004 -12"><span class='ocrx_word' id='word_1_583' title='bbox 442 3992 620 4047; x_wconf 84' lang='lat' dir='ltr'><strong>lucem</strong></span> <span class='ocrx_word' id='word_1_584' title='bbox 636 3994 688 4047; x_wconf 88' lang='lat' dir='ltr'><strong>in</strong></span> <span class='ocrx_word' id='word_1_585' title='bbox 710 4003 936 4047; x_wconf 89' lang='lat' dir='ltr'><strong>mortem</strong></span> <span class='ocrx_word' id='word_1_586' title='bbox 957 3991 1196 4057; x_wconf 90' lang='lat' dir='ltr'><strong>tradidit,</strong></span> <span class='ocrx_word' id='word_1_587' title='bbox 1212 4000 1265 4044; x_wconf 91' lang='lat' dir='ltr'><strong>et</strong></span> <span class='ocrx_word' id='word_1_588' title='bbox 1292 4006 1398 4043; x_wconf 91' lang='lat' dir='ltr'><strong>non</strong></span> <span class='ocrx_word' id='word_1_589' title='bbox 1418 3990 1655 4059; x_wconf 91' lang='lat' dir='ltr'><strong>inquirat</strong></span> <span class='ocrx_word' id='word_1_590' title='bbox 1679 3989 1824 4042; x_wconf 89' lang='lat' dir='ltr'><strong>illum</strong></span> <span class='ocrx_word' id='word_1_591' title='bbox 1847 3987 2027 4042; x_wconf 89' lang='lat' dir='ltr'><strong>Domi-</strong></span> 
     </span>
    </p>
   </div>
   <div class='ocr_carea' id='block_1_72' title="bbox 444 4081 2027 4152">
    <p class='ocr_par' dir='ltr' id='par_1_72' title="bbox 444 4081 2027 4152">
     <span class='ocr_line' id='line_1_72' title="bbox 444 4081 2027 4152; baseline -0.006 -13"><span class='ocrx_word' id='word_1_592' title='bbox 444 4099 546 4139; x_wconf 91' lang='lat' dir='ltr'><strong>nus</strong></span> <span class='ocrx_word' id='word_1_593' title='bbox 562 4088 815 4151; x_wconf 82' lang='lat' dir='ltr'><strong>desuper,</strong></span> <span class='ocrx_word' id='word_1_594' title='bbox 842 4100 963 4139; x_wconf 92' lang='lat' dir='ltr'><strong>cum</strong></span> <span class='ocrx_word' id='word_1_595' title='bbox 1000 4083 1307 4152; x_wconf 88' lang='lat' dir='ltr'><strong>inquisierit</strong></span> <span class='ocrx_word' id='word_1_596' title='bbox 1333 4081 1554 4137; x_wconf 90' lang='lat' dir='ltr'><strong>Petrum</strong></span> <span class='ocrx_word' id='word_1_597' title='bbox 1583 4092 1635 4136; x_wconf 91' lang='lat' dir='ltr'><strong>et</strong></span> <span class='ocrx_word' id='word_1_598' title='bbox 1653 4091 1876 4135; x_wconf 53' lang='lat' dir='ltr'><strong>caeteros</strong></span> <span class='ocrx_word' id='word_1_599' title='bbox 1898 4094 2027 4147; x_wconf 79' lang='lat' dir='ltr'><strong>apo-</strong></span> 
     </span>
    </p>
   </div>
   <div class='ocr_carea' id='block_1_73' title="bbox 440 4170 2028 4244">
    <p class='ocr_par' dir='ltr' id='par_1_73' title="bbox 440 4170 2028 4244">
     <span class='ocr_line' id='line_1_73' title="bbox 440 4170 2028 4244; baseline -0.001 -15"><span class='ocrx_word' id='word_1_600' title='bbox 440 4175 611 4230; x_wconf 82' lang='lat' dir='ltr'><strong>stolos</strong></span> <span class='ocrx_word' id='word_1_601' title='bbox 631 4189 915 4244; x_wconf 89' lang='lat' dir='ltr'><strong>resurgens</strong></span> <span class='ocrx_word' id='word_1_602' title='bbox 936 4189 963 4227; x_wconf 91' lang='lat' dir='ltr'><strong>a</strong></span> <span class='ocrx_word' id='word_1_603' title='bbox 988 4174 1235 4229; x_wconf 78' lang='lat' dir='ltr'><strong>mortuis.</strong></span> <span class='ocrx_word' id='word_1_604' title='bbox 1252 4171 1368 4226; x_wconf 89' lang='lat' dir='ltr'><strong>Non</strong></span> <span class='ocrx_word' id='word_1_605' title='bbox 1390 4176 1458 4228; x_wconf 89' lang='lat' dir='ltr'><strong>sit</strong></span> <span class='ocrx_word' id='word_1_606' title='bbox 1482 4172 1535 4225; x_wconf 90' lang='lat' dir='ltr'><strong>in</strong></span> <span class='ocrx_word' id='word_1_607' title='bbox 1554 4172 1743 4226; x_wconf 91' lang='lat' dir='ltr'><strong>diebus</strong></span> <span class='ocrx_word' id='word_1_608' title='bbox 1761 4171 1908 4235; x_wconf 89' lang='lat' dir='ltr'><strong>anni,</strong></span> <span class='ocrx_word' id='word_1_609' title='bbox 1926 4170 2028 4227; x_wconf 87' lang='lat' dir='ltr'><strong>Ec-</strong></span> 
     </span>
    </p>
   </div>
   <div class='ocr_carea' id='block_1_74' title="bbox 445 4263 2028 4336">
    <p class='ocr_par' dir='ltr' id='par_1_74' title="bbox 445 4263 2028 4336">
     <span class='ocr_line' id='line_1_74' title="bbox 445 4263 2028 4336; baseline -0.003 -13"><span class='ocrx_word' id='word_1_610' title='bbox 445 4266 629 4323; x_wconf 66' lang='lat' dir='ltr'><strong>clesia:</strong></span> <span class='ocrx_word' id='word_1_611' title='bbox 650 4266 1036 4320; x_wconf 87' lang='lat' dir='ltr'><strong>festivitatibus</strong></span> <span class='ocrx_word' id='word_1_612' title='bbox 1056 4277 1216 4336; x_wconf 90' lang='lat' dir='ltr'><strong>atque</strong></span> <span class='ocrx_word' id='word_1_613' title='bbox 1240 4266 1785 4328; x_wconf 88' lang='lat' dir='ltr'><strong>sanctificationibus,</strong></span> <span class='ocrx_word' id='word_1_614' title='bbox 1806 4281 1909 4318; x_wconf 90' lang='lat' dir='ltr'><strong>non</strong></span> <span class='ocrx_word' id='word_1_615' title='bbox 1956 4263 2028 4318; x_wconf 87' lang='lat' dir='ltr'><strong>sit</strong></span> 
     </span>
    </p>
   </div>
   <div class='ocr_carea' id='block_1_75' title="bbox 441 4356 2027 4422">
    <p class='ocr_par' dir='ltr' id='par_1_75' title="bbox 441 4356 2027 4422">
     <span class='ocr_line' id='line_1_75' title="bbox 441 4356 2027 4422; baseline -0.003 -10"><span class='ocrx_word' id='word_1_616' title='bbox 441 4358 499 4412; x_wconf 92' lang='lat' dir='ltr'><strong>in</strong></span> <span class='ocrx_word' id='word_1_617' title='bbox 534 4358 743 4412; x_wconf 88' lang='lat' dir='ltr'><strong>unitate</strong></span> <span class='ocrx_word' id='word_1_618' title='bbox 776 4356 1053 4422; x_wconf 63' lang='lat' dir='ltr'><strong>Ecclesiae,</strong></span> <span class='ocrx_word' id='word_1_619' title='bbox 1087 4375 1197 4413; x_wconf 92' lang='lat' dir='ltr'><strong>non</strong></span> <span class='ocrx_word' id='word_1_620' title='bbox 1225 4368 1543 4412; x_wconf 88' lang='lat' dir='ltr'><strong>numeretur</strong></span> <span class='ocrx_word' id='word_1_621' title='bbox 1573 4359 1711 4411; x_wconf 91' lang='lat' dir='ltr'><strong>inter</strong></span> <span class='ocrx_word' id='word_1_622' title='bbox 1741 4357 1856 4419; x_wconf 84' lang='lat' dir='ltr'><strong>dies</strong></span> <span class='ocrx_word' id='word_1_623' title='bbox 1879 4370 2027 4409; x_wconf 89' lang='lat' dir='ltr'><strong>men-</strong></span> 
     </span>
    </p>
   </div>
   <div class='ocr_carea' id='block_1_76' title="bbox 439 4447 2020 4518">
    <p class='ocr_par' dir='ltr' id='par_1_76' title="bbox 439 4447 2020 4518">
     <span class='ocr_line' id='line_1_76' title="bbox 439 4447 2020 4518; baseline -0.004 -14"><span class='ocrx_word' id='word_1_624' title='bbox 439 4450 607 4514; x_wconf 81' lang='lat' dir='ltr'><strong>sium,</strong></span> <span class='ocrx_word' id='word_1_625' title='bbox 642 4451 695 4505; x_wconf 93' lang='lat' dir='ltr'><strong>in</strong></span> <span class='ocrx_word' id='word_1_626' title='bbox 733 4464 961 4502; x_wconf 89' lang='lat' dir='ltr'><strong>numero</strong></span> <span class='ocrx_word' id='word_1_627' title='bbox 992 4449 1274 4503; x_wconf 87' lang='lat' dir='ltr'><strong>duodecim</strong></span> <span class='ocrx_word' id='word_1_628' title='bbox 1326 4447 1717 4518; x_wconf 85' lang='lat' dir='ltr'><strong>apostolorum,</strong></span> <span class='ocrx_word' id='word_1_629' title='bbox 1766 4457 2020 4515; x_wconf 91' lang='lat' dir='ltr'><strong>tanquam</strong></span> 
     </span>
    </p>
   </div>
   <div class='ocr_carea' id='block_1_77' title="bbox 442 4538 2021 4607">
    <p class='ocr_par' dir='ltr' id='par_1_77' title="bbox 442 4538 2021 4607">
     <span class='ocr_line' id='line_1_77' title="bbox 442 4538 2021 4607; baseline -0.003 -12"><span class='ocrx_word' id='word_1_630' title='bbox 442 4542 731 4596; x_wconf 89' lang='lat' dir='ltr'><strong>duodecim</strong></span> <span class='ocrx_word' id='word_1_631' title='bbox 763 4541 1055 4607; x_wconf 91' lang='lat' dir='ltr'><strong>mensium,</strong></span> <span class='ocrx_word' id='word_1_632' title='bbox 1106 4541 1198 4595; x_wconf 90' lang='lat' dir='ltr'><strong>sed</strong></span> <span class='ocrx_word' id='word_1_633' title='bbox 1242 4540 1489 4594; x_wconf 88' lang='lat' dir='ltr'><strong>deleatur</strong></span> <span class='ocrx_word' id='word_1_634' title='bbox 1537 4540 1602 4593; x_wconf 92' lang='lat' dir='ltr'><strong>de</strong></span> <span class='ocrx_word' id='word_1_635' title='bbox 1653 4539 1790 4593; x_wconf 91' lang='lat' dir='ltr'><strong>libro</strong></span> <span class='ocrx_word' id='word_1_636' title='bbox 1832 4538 2021 4590; x_wconf 83' lang='lat' dir='ltr'><strong>viven-</strong></span> 
     </span>
    </p>
   </div>
   <div class='ocr_carea' id='block_1_78' title="bbox 448 4631 2022 4701">
    <p class='ocr_par' dir='ltr' id='par_1_78' title="bbox 448 4631 2022 4701">
     <span class='ocr_line' id='line_1_78' title="bbox 448 4631 2022 4701; baseline -0.002 -14"><span class='ocrx_word' id='word_1_637' title='bbox 448 4633 604 4697; x_wconf 90' lang='lat' dir='ltr'><strong>tium,</strong></span> <span class='ocrx_word' id='word_1_638' title='bbox 638 4643 694 4687; x_wconf 91' lang='lat' dir='ltr'><strong>et</strong></span> <span class='ocrx_word' id='word_1_639' title='bbox 727 4648 850 4687; x_wconf 93' lang='lat' dir='ltr'><strong>cum</strong></span> <span class='ocrx_word' id='word_1_640' title='bbox 889 4632 1052 4701; x_wconf 83' lang='lat' dir='ltr'><strong>justis</strong></span> <span class='ocrx_word' id='word_1_641' title='bbox 1082 4648 1189 4688; x_wconf 90' lang='lat' dir='ltr'><strong>non</strong></span> <span class='ocrx_word' id='word_1_642' title='bbox 1216 4634 1507 4688; x_wconf 90' lang='lat' dir='ltr'><strong>scribatur.</strong></span> <span class='ocrx_word' id='word_1_643' title='bbox 1534 4631 1629 4685; x_wconf 76' lang='lat' dir='ltr'><strong>llis</strong></span> <span class='ocrx_word' id='word_1_644' title='bbox 1661 4639 2022 4685; x_wconf 90' lang='lat' dir='ltr'><strong>consonanter</strong></span> 
     </span>
    </p>
   </div>
   <div class='ocr_carea' id='block_1_79' title="bbox 444 4722 2023 4796">
    <p class='ocr_par' dir='ltr' id='par_1_79' title="bbox 444 4722 2023 4796">
     <span class='ocr_line' id='line_1_79' title="bbox 444 4722 2023 4796; baseline -0.001 -17"><span class='ocrx_word' id='word_1_645' title='bbox 444 4725 677 4779; x_wconf 85' lang='lat' dir='ltr'><strong>inferius</strong></span> <span class='ocrx_word' id='word_1_646' title='bbox 730 4726 1043 4781; x_wconf 89' lang='lat' dir='ltr'><strong>universum</strong></span> <span class='ocrx_word' id='word_1_647' title='bbox 1090 4726 1345 4796; x_wconf 91' lang='lat' dir='ltr'><strong>populum</strong></span> <span class='ocrx_word' id='word_1_648' title='bbox 1382 4724 1689 4780; x_wconf 77' lang='lat' dir='ltr'><strong>Judtcorum</strong></span> <span class='ocrx_word' id='word_1_649' title='bbox 1735 4722 2023 4791; x_wconf 82' lang='lat' dir='ltr'><strong>designans</strong></span> 
     </span>
    </p>
   </div>
   <div class='ocr_carea' id='block_1_80' title="bbox 449 4812 2016 4884">
    <p class='ocr_par' dir='ltr' id='par_1_80' title="bbox 449 4812 2016 4884">
     <span class='ocr_line' id='line_1_80' title="bbox 449 4812 2016 4884; baseline -0.001 -17"><span class='ocrx_word' id='word_1_650' title='bbox 449 4824 615 4883; x_wconf 89' lang='lat' dir='ltr'><strong>atque</strong></span> <span class='ocrx_word' id='word_1_651' title='bbox 657 4817 968 4884; x_wconf 87' lang='lat' dir='ltr'><strong>increpans,</strong></span> <span class='ocrx_word' id='word_1_652' title='bbox 1001 4828 1323 4884; x_wconf 90' lang='lat' dir='ltr'><strong>noctemque</strong></span> <span class='ocrx_word' id='word_1_653' title='bbox 1344 4831 1465 4869; x_wconf 90' lang='lat' dir='ltr'><strong>eum</strong></span> <span class='ocrx_word' id='word_1_654' title='bbox 1494 4829 1811 4883; x_wconf 90' lang='lat' dir='ltr'><strong>nuncnpans</strong></span> <span class='ocrx_word' id='word_1_655' title='bbox 1841 4812 1973 4867; x_wconf 89' lang='lat' dir='ltr'><strong>dicit</strong></span> <span class='ocrx_word' id='word_1_656' title='bbox 2001 4830 2016 4866; x_wconf 89' lang='lat'><strong>:</strong></span> 
     </span>
    </p>
   </div>
   <div class='ocr_carea' id='block_1_81' title="bbox 446 4903 2021 4974">
    <p class='ocr_par' dir='ltr' id='par_1_81' title="bbox 446 4903 2021 4974">
     <span class='ocr_line' id='line_1_81' title="bbox 446 4903 2021 4974; baseline 0.001 -17"><span class='ocrx_word' id='word_1_657' title='bbox 446 4904 811 4958; x_wconf 83' lang='lat' dir='ltr'><strong>Obscurentur</strong></span> <span class='ocrx_word' id='word_1_658' title='bbox 842 4906 1018 4960; x_wconf 86' lang='lat' dir='ltr'><strong>sidera</strong></span> <span class='ocrx_word' id='word_1_659' title='bbox 1045 4910 1208 4960; x_wconf 85' lang='lat' dir='ltr'><strong>noctis</strong></span> <span class='ocrx_word' id='word_1_660' title='bbox 1235 4907 1402 4961; x_wconf 83' lang='lat' dir='ltr'><strong>illius.</strong></span> <span class='ocrx_word' id='word_1_661' title='bbox 1430 4905 1599 4974; x_wconf 83' lang='lat' dir='ltr'><strong>Cujus</strong></span> <span class='ocrx_word' id='word_1_662' title='bbox 1636 4904 1846 4958; x_wconf 85' lang='lat' dir='ltr'><strong>noctis?</strong></span> <span class='ocrx_word' id='word_1_663' title='bbox 1875 4903 2021 4959; x_wconf 81' lang='lat' dir='ltr'><strong>lllius</strong></span> 
     </span>
    </p>
   </div>
   <div class='ocr_carea' id='block_1_82' title="bbox 448 4995 2023 5066">
    <p class='ocr_par' dir='ltr' id='par_1_82' title="bbox 448 4995 2023 5066">
     <span class='ocr_line' id='line_1_82' title="bbox 448 4995 2023 5066; baseline 0 -16"><span class='ocrx_word' id='word_1_664' title='bbox 448 4998 520 5050; x_wconf 83' lang='lat' dir='ltr'><strong>de</strong></span> <span class='ocrx_word' id='word_1_665' title='bbox 547 5001 651 5066; x_wconf 87' lang='lat' dir='ltr'><strong>q&#39;ua</strong></span> <span class='ocrx_word' id='word_1_666' title='bbox 674 4998 803 5050; x_wconf 85' lang='lat' dir='ltr'><strong>dicit</strong></span> <span class='ocrx_word' id='word_1_667' title='bbox 836 4998 1167 5066; x_wconf 88' lang='lat' dir='ltr'><strong>Apostolus:</strong></span> <span class='ocrx_word' id='word_1_668' title='bbox 1200 4998 1323 5051; x_wconf 79' lang='lat' dir='ltr'><strong>Nox</strong></span> <span class='ocrx_word' id='word_1_669' title='bbox 1369 4997 1635 5065; x_wconf 79' lang='lat' dir='ltr'><strong>prwcessit</strong></span> <span class='ocrx_word' id='word_1_670' title='bbox 1669 4995 1735 5049; x_wconf 67' lang='grc'><strong>⁸⁸.</strong></span> <span class='ocrx_word' id='word_1_671' title='bbox 1792 4995 1918 5061; x_wconf 64' lang='lat' dir='ltr'><strong>Quae</strong></span> <span class='ocrx_word' id='word_1_672' title='bbox 1948 4997 2023 5050; x_wconf 86' lang='lat' dir='ltr'><strong>si-</strong></span> 
     </span>
    </p>
   </div>
   <div class='ocr_carea' id='block_1_83' title="bbox 454 5085 2025 5153">
    <p class='ocr_par' dir='ltr' id='par_1_83' title="bbox 454 5085 2025 5153">
     <span class='ocr_line' id='line_1_83' title="bbox 454 5085 2025 5153; baseline -0.001 -12"><span class='ocrx_word' id='word_1_673' title='bbox 454 5088 583 5141; x_wconf 88' lang='lat' dir='ltr'><strong>dera</strong></span> <span class='ocrx_word' id='word_1_674' title='bbox 618 5086 1015 5143; x_wconf 87' lang='lat' dir='ltr'><strong>obscurentur?</strong></span> <span class='ocrx_word' id='word_1_675' title='bbox 1073 5089 1412 5153; x_wconf 87' lang='lat' dir='ltr'><strong>Sacerdotes,</strong></span> <span class='ocrx_word' id='word_1_676' title='bbox 1446 5098 1501 5145; x_wconf 91' lang='lat' dir='ltr'><strong>et</strong></span> <span class='ocrx_word' id='word_1_677' title='bbox 1530 5089 1759 5152; x_wconf 74' lang='lat' dir='ltr'><strong>Scribte,</strong></span> <span class='ocrx_word' id='word_1_678' title='bbox 1802 5099 1856 5143; x_wconf 89' lang='lat' dir='ltr'><strong>et</strong></span> <span class='ocrx_word' id='word_1_679' title='bbox 1884 5085 2025 5140; x_wconf 90' lang='lat' dir='ltr'><strong>Pha-</strong></span> 
     </span>
    </p>
   </div>
   <div class='ocr_carea' id='block_1_84' title="bbox 449 5179 2027 5249">
    <p class='ocr_par' dir='ltr' id='par_1_84' title="bbox 449 5179 2027 5249">
     <span class='ocr_line' id='line_1_84' title="bbox 449 5179 2027 5249; baseline 0.001 -18"><span class='ocrx_word' id='word_1_680' title='bbox 449 5179 595 5233; x_wconf 69' lang='lat' dir='ltr'><strong>risaei</strong></span> <span class='ocrx_word' id='word_1_681' title='bbox 627 5194 642 5231; x_wconf 89' lang='lat'><strong>:</strong></span> <span class='ocrx_word' id='word_1_682' title='bbox 667 5195 788 5232; x_wconf 84' lang='lat' dir='ltr'><strong>nam</strong></span> <span class='ocrx_word' id='word_1_683' title='bbox 814 5180 866 5233; x_wconf 93' lang='lat' dir='ltr'><strong>hi</strong></span> <span class='ocrx_word' id='word_1_684' title='bbox 889 5183 977 5249; x_wconf 93' lang='lat' dir='ltr'><strong>qui</strong></span> <span class='ocrx_word' id='word_1_685' title='bbox 995 5182 1292 5236; x_wconf 89' lang='lat' dir='ltr'><strong>debuerant</strong></span> <span class='ocrx_word' id='word_1_686' title='bbox 1318 5183 1369 5235; x_wconf 93' lang='lat' dir='ltr'><strong>in</strong></span> <span class='ocrx_word' id='word_1_687' title='bbox 1396 5182 1609 5235; x_wconf 91' lang='lat' dir='ltr'><strong>modum</strong></span> <span class='ocrx_word' id='word_1_688' title='bbox 1629 5181 1903 5237; x_wconf 89' lang='lat' dir='ltr'><strong>stellarum</strong></span> <span class='ocrx_word' id='word_1_689' title='bbox 1926 5179 2027 5233; x_wconf 89' lang='lat' dir='ltr'><strong>ful-</strong></span> 
     </span>
    </p>
   </div>
   <div class='ocr_carea' id='block_1_85' title="bbox 454 5266 2027 5339">
    <p class='ocr_par' dir='ltr' id='par_1_85' title="bbox 454 5266 2027 5339">
     <span class='ocr_line' id='line_1_85' title="bbox 454 5266 2027 5339; baseline 0.002 -20"><span class='ocrx_word' id='word_1_690' title='bbox 454 5274 754 5337; x_wconf 87' lang='lat' dir='ltr'><strong>gereatque</strong></span> <span class='ocrx_word' id='word_1_691' title='bbox 768 5266 946 5321; x_wconf 89' lang='lat' dir='ltr'><strong>lucere</strong></span> <span class='ocrx_word' id='word_1_692' title='bbox 962 5270 1013 5322; x_wconf 91' lang='lat' dir='ltr'><strong>in</strong></span> <span class='ocrx_word' id='word_1_693' title='bbox 1033 5269 1147 5339; x_wconf 89' lang='lat' dir='ltr'><strong>lege</strong></span> <span class='ocrx_word' id='word_1_694' title='bbox 1167 5279 1417 5339; x_wconf 88' lang='lat' dir='ltr'><strong>tanquam</strong></span> <span class='ocrx_word' id='word_1_695' title='bbox 1439 5270 1490 5323; x_wconf 93' lang='lat' dir='ltr'><strong>in</strong></span> <span class='ocrx_word' id='word_1_696' title='bbox 1510 5278 1685 5333; x_wconf 92' lang='lat' dir='ltr'><strong>nocte,</strong></span> <span class='ocrx_word' id='word_1_697' title='bbox 1703 5268 1880 5324; x_wconf 74' lang='lat' dir='ltr'><strong>ellecti</strong></span> <span class='ocrx_word' id='word_1_698' title='bbox 1902 5277 2027 5323; x_wconf 84' lang='lat' dir='ltr'><strong>sunt</strong></span> 
     </span>
    </p>
   </div>
   <div class='ocr_carea' id='block_1_86' title="bbox 451 5359 2025 5429">
    <p class='ocr_par' dir='ltr' id='par_1_86' title="bbox 451 5359 2025 5429">
     <span class='ocr_line' id='line_1_86' title="bbox 451 5359 2025 5429; baseline 0.001 -16"><span class='ocrx_word' id='word_1_699' title='bbox 451 5372 643 5413; x_wconf 82' lang='lat' dir='ltr'><strong>Omnes</strong></span> <span class='ocrx_word' id='word_1_700' title='bbox 661 5359 929 5414; x_wconf 86' lang='lat' dir='ltr'><strong>tenebrosi</strong></span> <span class='ocrx_word' id='word_1_701' title='bbox 945 5370 1106 5429; x_wconf 89' lang='lat' dir='ltr'><strong>atque</strong></span> <span class='ocrx_word' id='word_1_702' title='bbox 1126 5361 1367 5415; x_wconf 89' lang='lat' dir='ltr'><strong>obscuri.</strong></span> <span class='ocrx_word' id='word_1_703' title='bbox 1393 5360 1685 5424; x_wconf 90' lang='lat' dir='ltr'><strong>Sustineat,</strong></span> <span class='ocrx_word' id='word_1_704' title='bbox 1701 5360 1898 5428; x_wconf 87' lang='lat' dir='ltr'><strong>inquit,</strong></span> <span class='ocrx_word' id='word_1_705' title='bbox 1918 5375 2025 5415; x_wconf 78' lang='lat' dir='ltr'><strong>nox</strong></span> 
     </span>
    </p>
   </div>
   <div class='ocr_carea' id='block_1_87' title="bbox 454 5446 2025 5522">
    <p class='ocr_par' dir='ltr' id='par_1_87' title="bbox 454 5446 2025 5522">
     <span class='ocr_line' id='line_1_87' title="bbox 454 5446 2025 5522; baseline 0.002 -18"><span class='ocrx_word' id='word_1_706' title='bbox 454 5446 862 5505; x_wconf 63' lang='lat' dir='ltr'><strong>illaJudatorum</strong></span> <span class='ocrx_word' id='word_1_707' title='bbox 891 5453 1210 5508; x_wconf 85' lang='lat' dir='ltr'><strong>tenebrosus</strong></span> <span class='ocrx_word' id='word_1_708' title='bbox 1225 5453 1472 5522; x_wconf 81' lang='lat' dir='ltr'><strong>papulas,</strong></span> <span class='ocrx_word' id='word_1_709' title='bbox 1492 5453 1761 5508; x_wconf 89' lang='lat' dir='ltr'><strong>sustineat</strong></span> <span class='ocrx_word' id='word_1_710' title='bbox 1784 5468 2025 5507; x_wconf 85' lang='lat' dir='ltr'><strong>resurre-</strong></span> 
     </span>
    </p>
   </div>
   <div class='ocr_carea' id='block_1_88' title="bbox 526 5654 1037 5726">
    <p class='ocr_par' dir='ltr' id='par_1_88' title="bbox 526 5654 1037 5726">
     <span class='ocr_line' id='line_1_88' title="bbox 526 5654 1037 5726; baseline 0.01 -19"><span class='ocrx_word' id='word_1_711' title='bbox 526 5655 572 5688; x_wconf 75' lang='lat'><strong>&#39;°</strong></span> <span class='ocrx_word' id='word_1_712' title='bbox 598 5654 1037 5726; x_wconf 75' lang='lat' dir='ltr'><strong>Psal.xxxu,15.</strong></span> 
     </span>
    </p>
   </div>
   <div class='ocr_carea' id='block_1_89' title="bbox 458 5727 786 5784">
    <p class='ocr_par' dir='ltr' id='par_1_89' title="bbox 458 5727 786 5784">
     <span class='ocr_line' id='line_1_89' title="bbox 458 5727 786 5784; baseline 0 -1"><span class='ocrx_word' id='word_1_713' title='bbox 458 5728 506 5760; x_wconf 80' lang='lat'><strong>&quot;</strong></span> <span class='ocrx_word' id='word_1_714' title='bbox 543 5729 671 5784; x_wconf 88' lang='lat' dir='ltr'><strong>ibid.</strong></span> <span class='ocrx_word' id='word_1_715' title='bbox 703 5727 786 5783; x_wconf 78' lang='lat' dir='ltr'><strong>l9.</strong></span> 
     </span>
    </p>
   </div>
   <div class='ocr_carea' id='block_1_90' title="bbox 1112 5654 2149 5722">
    <p class='ocr_par' dir='ltr' id='par_1_90' title="bbox 1112 5654 2149 5722">
     <span class='ocr_line' id='line_1_90' title="bbox 1112 5654 2149 5722; baseline -0.002 -11"><span class='ocrx_word' id='word_1_716' title='bbox 1112 5656 1154 5689; x_wconf 86' lang='grc'><strong>⁸¹</strong></span> <span class='ocrx_word' id='word_1_717' title='bbox 1195 5654 1338 5711; x_wconf 84' lang='lat' dir='ltr'><strong>Psal.</strong></span> <span class='ocrx_word' id='word_1_718' title='bbox 1369 5672 1519 5715; x_wconf 80' lang='lat' dir='ltr'><strong>mn.</strong></span> <span class='ocrx_word' id='word_1_719' title='bbox 1551 5656 1640 5713; x_wconf 71' lang='lat'><strong>22.</strong></span> <span class='ocrx_word' id='word_1_720' title='bbox 1716 5657 1762 5687; x_wconf 79' lang='grc'>⁸⁸</span> <span class='ocrx_word' id='word_1_721' title='bbox 1798 5656 1950 5711; x_wconf 81' lang='lat' dir='ltr'><strong>Rom.</strong></span> <span class='ocrx_word' id='word_1_722' title='bbox 1976 5672 2035 5722; x_wconf 88' lang='grc' dir='ltr'>ιι,</span> <span class='ocrx_word' id='word_1_723' title='bbox 2064 5656 2149 5711; x_wconf 78' lang='grc'><strong>16.</strong></span> 
     </span>
    </p>
   </div>
   <div class='ocr_carea' id='block_1_91' title="bbox 2125 3167 3692 3239">
    <p class='ocr_par' dir='ltr' id='par_1_91' title="bbox 2125 3167 3692 3239">
     <span class='ocr_line' id='line_1_91' title="bbox 2125 3167 3692 3239; baseline -0.006 -12"><span class='ocrx_word' id='word_1_724' title='bbox 2125 3190 2299 3227; x_wconf 79' lang='lat' dir='ltr'><strong>suum.</strong></span> <span class='ocrx_word' id='word_1_725' title='bbox 2330 3172 2386 3225; x_wconf 89' lang='lat' dir='ltr'><strong>In</strong></span> <span class='ocrx_word' id='word_1_726' title='bbox 2418 3170 2766 3239; x_wconf 90' lang='lat' dir='ltr'><strong>corruptione</strong></span> <span class='ocrx_word' id='word_1_727' title='bbox 2795 3183 2938 3224; x_wconf 81' lang='lat' dir='ltr'><strong>enim</strong></span> <span class='ocrx_word' id='word_1_728' title='bbox 2964 3184 3070 3223; x_wconf 89' lang='lat' dir='ltr'><strong>non</strong></span> <span class='ocrx_word' id='word_1_729' title='bbox 3110 3177 3192 3222; x_wconf 92' lang='lat' dir='ltr'><strong>est</strong></span> <span class='ocrx_word' id='word_1_730' title='bbox 3229 3167 3475 3221; x_wconf 89' lang='lat' dir='ltr'><strong>dominus</strong></span> <span class='ocrx_word' id='word_1_731' title='bbox 3500 3182 3692 3220; x_wconf 85' lang='lat' dir='ltr'><strong>corm-</strong></span> 
     </span>
    </p>
   </div>
   <div class='ocr_carea' id='block_1_92' title="bbox 2123 3256 3692 3336">
    <p class='ocr_par' dir='ltr' id='par_1_92' title="bbox 2123 3256 3692 3336">
     <span class='ocr_line' id='line_1_92' title="bbox 2123 3256 3692 3336; baseline -0.006 -17"><span class='ocrx_word' id='word_1_732' title='bbox 2123 3265 2351 3336; x_wconf 89' lang='lat' dir='ltr'><strong>ptibilis,</strong></span> <span class='ocrx_word' id='word_1_733' title='bbox 2380 3279 2553 3333; x_wconf 89' lang='lat' dir='ltr'><strong>neque</strong></span> <span class='ocrx_word' id='word_1_734' title='bbox 2581 3260 2813 3316; x_wconf 88' lang='lat' dir='ltr'><strong>carnalis</strong></span> <span class='ocrx_word' id='word_1_735' title='bbox 2836 3300 2852 3324; x_wconf 93' lang='lat'><strong>,</strong></span> <span class='ocrx_word' id='word_1_736' title='bbox 2885 3260 2977 3314; x_wconf 88' lang='lat' dir='ltr'><strong>sed</strong></span> <span class='ocrx_word' id='word_1_737' title='bbox 3009 3275 3129 3314; x_wconf 89' lang='lat' dir='ltr'><strong>cum</strong></span> <span class='ocrx_word' id='word_1_738' title='bbox 3167 3257 3476 3327; x_wconf 87' lang='lat' dir='ltr'><strong>apparuerit</strong></span> <span class='ocrx_word' id='word_1_739' title='bbox 3528 3256 3692 3310; x_wconf 78' lang='lat' dir='ltr'><strong>facies</strong></span> 
     </span>
    </p>
   </div>
   <div class='ocr_carea' id='block_1_93' title="bbox 2124 3348 3691 3422">
    <p class='ocr_par' dir='ltr' id='par_1_93' title="bbox 2124 3348 3691 3422">
     <span class='ocr_line' id='line_1_93' title="bbox 2124 3348 3691 3422; baseline -0.006 -10"><span class='ocrx_word' id='word_1_740' title='bbox 2124 3357 2362 3413; x_wconf 67' lang='lat' dir='ltr'><strong>caelestis</strong></span> <span class='ocrx_word' id='word_1_741' title='bbox 2400 3354 2612 3409; x_wconf 88' lang='lat' dir='ltr'><strong>Domini</strong></span> <span class='ocrx_word' id='word_1_742' title='bbox 2661 3362 2827 3422; x_wconf 91' lang='lat' dir='ltr'><strong>atque</strong></span> <span class='ocrx_word' id='word_1_743' title='bbox 2855 3351 3054 3421; x_wconf 89' lang='lat' dir='ltr'><strong>judicis</strong></span> <span class='ocrx_word' id='word_1_744' title='bbox 3080 3392 3094 3416; x_wconf 94' lang='lat'><strong>,</strong></span> <span class='ocrx_word' id='word_1_745' title='bbox 3149 3359 3277 3405; x_wconf 92' lang='lat' dir='ltr'><strong>tunc</strong></span> <span class='ocrx_word' id='word_1_746' title='bbox 3308 3348 3691 3416; x_wconf 84' lang='lat' dir='ltr'><strong>corruptibiles</strong></span> 
     </span>
    </p>
   </div>
   <div class='ocr_carea' id='block_1_94' title="bbox 2127 3441 3691 3517">
    <p class='ocr_par' dir='ltr' id='par_1_94' title="bbox 2127 3441 3691 3517">
     <span class='ocr_line' id='line_1_94' title="bbox 2127 3441 3691 3517; baseline -0.004 -15"><span class='ocrx_word' id='word_1_747' title='bbox 2127 3458 2289 3517; x_wconf 78' lang='lat' dir='ltr'><strong>atque</strong></span> <span class='ocrx_word' id='word_1_748' title='bbox 2314 3447 2559 3502; x_wconf 85' lang='lat' dir='ltr'><strong>carnales</strong></span> <span class='ocrx_word' id='word_1_749' title='bbox 2585 3445 2790 3501; x_wconf 88' lang='lat' dir='ltr'><strong>domini</strong></span> <span class='ocrx_word' id='word_1_750' title='bbox 2823 3458 3088 3513; x_wconf 84' lang='lat' dir='ltr'><strong>nusquam</strong></span> <span class='ocrx_word' id='word_1_751' title='bbox 3118 3442 3471 3513; x_wconf 86' lang='lat' dir='ltr'><strong>apparebunt.</strong></span> <span class='ocrx_word' id='word_1_752' title='bbox 3500 3441 3691 3495; x_wconf 81' lang='lat' dir='ltr'><strong>Merito</strong></span> 
     </span>
    </p>
   </div>
   <div class='ocr_carea' id='block_1_95' title="bbox 2125 3532 3689 3594">
    <p class='ocr_par' dir='ltr' id='par_1_95' title="bbox 2125 3532 3689 3594">
     <span class='ocr_line' id='line_1_95' title="bbox 2125 3532 3689 3594; baseline -0.003 -1"><span class='ocrx_word' id='word_1_753' title='bbox 2125 3540 2235 3594; x_wconf 90' lang='lat' dir='ltr'><strong>illic</strong></span> <span class='ocrx_word' id='word_1_754' title='bbox 2261 3549 2345 3594; x_wconf 89' lang='lat' dir='ltr'><strong>est</strong></span> <span class='ocrx_word' id='word_1_755' title='bbox 2376 3554 2566 3594; x_wconf 86' lang='lat' dir='ltr'><strong>servus</strong></span> <span class='ocrx_word' id='word_1_756' title='bbox 2597 3553 2701 3592; x_wconf 93' lang='lat' dir='ltr'><strong>non</strong></span> <span class='ocrx_word' id='word_1_757' title='bbox 2736 3536 2932 3591; x_wconf 90' lang='lat' dir='ltr'><strong>timens</strong></span> <span class='ocrx_word' id='word_1_758' title='bbox 2962 3535 3233 3589; x_wconf 88' lang='lat' dir='ltr'><strong>dominum</strong></span> <span class='ocrx_word' id='word_1_759' title='bbox 3268 3550 3446 3587; x_wconf 85' lang='lat' dir='ltr'><strong>suum.</strong></span> <span class='ocrx_word' id='word_1_760' title='bbox 3483 3532 3689 3588; x_wconf 82' lang='lat' dir='ltr'><strong>Memo-</strong></span> 
     </span>
    </p>
   </div>
   <div class='ocr_carea' id='block_1_96' title="bbox 2128 3624 3662 3698">
    <p class='ocr_par' dir='ltr' id='par_1_96' title="bbox 2128 3624 3662 3698">
     <span class='ocr_line' id='line_1_96' title="bbox 2128 3624 3662 3698; baseline -0.004 -13"><span class='ocrx_word' id='word_1_761' title='bbox 2128 3642 2278 3686; x_wconf 89' lang='lat' dir='ltr'><strong>ratus</strong></span> <span class='ocrx_word' id='word_1_762' title='bbox 2304 3632 2447 3685; x_wconf 91' lang='lat' dir='ltr'><strong>enim</strong></span> <span class='ocrx_word' id='word_1_763' title='bbox 2485 3631 2647 3684; x_wconf 91' lang='lat' dir='ltr'><strong>timor</strong></span> <span class='ocrx_word' id='word_1_764' title='bbox 2668 3628 2879 3698; x_wconf 77' lang='lat' dir='ltr'><strong>iudicii,</strong></span> <span class='ocrx_word' id='word_1_765' title='bbox 2919 3636 3094 3682; x_wconf 89' lang='lat' dir='ltr'><strong>terror</strong></span> <span class='ocrx_word' id='word_1_766' title='bbox 3133 3638 3295 3695; x_wconf 88' lang='lat' dir='ltr'><strong>atque</strong></span> <span class='ocrx_word' id='word_1_767' title='bbox 3344 3627 3574 3680; x_wconf 92' lang='lat' dir='ltr'><strong>formido</strong></span> <span class='ocrx_word' id='word_1_768' title='bbox 3608 3624 3662 3679; x_wconf 84' lang='lat' dir='ltr'><strong>fu</strong></span> 
     </span>
    </p>
   </div>
   <div class='ocr_carea' id='block_1_97' title="bbox 2127 3718 3690 3788">
    <p class='ocr_par' dir='ltr' id='par_1_97' title="bbox 2127 3718 3690 3788">
     <span class='ocr_line' id='line_1_97' title="bbox 2127 3718 3690 3788; baseline -0.005 -9"><span class='ocrx_word' id='word_1_769' title='bbox 2127 3735 2373 3779; x_wconf 75' lang='lat' dir='ltr'><strong>tororum</strong></span> <span class='ocrx_word' id='word_1_770' title='bbox 2406 3766 2418 3788; x_wconf 93' lang='lat'><strong>,</strong></span> <span class='ocrx_word' id='word_1_771' title='bbox 2450 3737 2667 3777; x_wconf 92' lang='lat' dir='ltr'><strong>omnem</strong></span> <span class='ocrx_word' id='word_1_772' title='bbox 2707 3723 2956 3777; x_wconf 89' lang='lat' dir='ltr'><strong>timorem</strong></span> <span class='ocrx_word' id='word_1_773' title='bbox 2980 3718 3385 3788; x_wconf 90' lang='lat' dir='ltr'><strong>corruptibilem</strong></span> <span class='ocrx_word' id='word_1_774' title='bbox 3414 3728 3470 3773; x_wconf 90' lang='lat' dir='ltr'><strong>et</strong></span> <span class='ocrx_word' id='word_1_775' title='bbox 3495 3734 3690 3772; x_wconf 89' lang='lat' dir='ltr'><strong>carna-</strong></span> 
     </span>
    </p>
   </div>
   <div class='ocr_carea' id='block_1_98' title="bbox 2126 3808 3687 3881">
    <p class='ocr_par' dir='ltr' id='par_1_98' title="bbox 2126 3808 3687 3881">
     <span class='ocr_line' id='line_1_98' title="bbox 2126 3808 3687 3881; baseline -0.004 -12"><span class='ocrx_word' id='word_1_776' title='bbox 2126 3816 2231 3871; x_wconf 89' lang='lat' dir='ltr'><strong>lem</strong></span> <span class='ocrx_word' id='word_1_777' title='bbox 2278 3817 2330 3870; x_wconf 92' lang='lat' dir='ltr'><strong>in</strong></span> <span class='ocrx_word' id='word_1_778' title='bbox 2362 3815 2689 3870; x_wconf 90' lang='lat' dir='ltr'><strong>oblivionem</strong></span> <span class='ocrx_word' id='word_1_779' title='bbox 2720 3814 2938 3869; x_wconf 91' lang='lat' dir='ltr'><strong>deducit</strong></span> <span class='ocrx_word' id='word_1_780' title='bbox 2970 3821 3132 3881; x_wconf 88' lang='lat' dir='ltr'><strong>atque</strong></span> <span class='ocrx_word' id='word_1_781' title='bbox 3165 3812 3315 3867; x_wconf 92' lang='lat' dir='ltr'><strong>foras</strong></span> <span class='ocrx_word' id='word_1_782' title='bbox 3347 3810 3533 3864; x_wconf 91' lang='lat' dir='ltr'><strong>mittit.</strong></span> <span class='ocrx_word' id='word_1_783' title='bbox 3571 3808 3687 3863; x_wconf 79' lang='lat' dir='ltr'><strong>Non</strong></span> 
     </span>
    </p>
   </div>
   <div class='ocr_carea' id='block_1_99' title="bbox 2125 3901 3691 3969">
    <p class='ocr_par' dir='ltr' id='par_1_99' title="bbox 2125 3901 3691 3969">
     <span class='ocr_line' id='line_1_99' title="bbox 2125 3901 3691 3969; baseline -0.004 -9"><span class='ocrx_word' id='word_1_784' title='bbox 2125 3907 2267 3960; x_wconf 90' lang='lat' dir='ltr'><strong>enim</strong></span> <span class='ocrx_word' id='word_1_785' title='bbox 2298 3906 2439 3960; x_wconf 87' lang='lat' dir='ltr'><strong>servi</strong></span> <span class='ocrx_word' id='word_1_786' title='bbox 2468 3903 2807 3959; x_wconf 90' lang='lat' dir='ltr'><strong>dominorum</strong></span> <span class='ocrx_word' id='word_1_787' title='bbox 2847 3902 3058 3957; x_wconf 90' lang='lat' dir='ltr'><strong>timoris</strong></span> <span class='ocrx_word' id='word_1_788' title='bbox 3104 3901 3475 3963; x_wconf 88' lang='lat' dir='ltr'><strong>recordantur,</strong></span> <span class='ocrx_word' id='word_1_789' title='bbox 3513 3912 3691 3969; x_wconf 89' lang='lat' dir='ltr'><strong>neque</strong></span> 
     </span>
    </p>
   </div>
   <div class='ocr_carea' id='block_1_100' title="bbox 2125 3988 3690 4063">
    <p class='ocr_par' dir='ltr' id='par_1_100' title="bbox 2125 3988 3690 4063">
     <span class='ocr_line' id='line_1_100' title="bbox 2125 3988 3690 4063; baseline -0.005 -15"><span class='ocrx_word' id='word_1_790' title='bbox 2125 3995 2329 4049; x_wconf 90' lang='lat' dir='ltr'><strong>domini</strong></span> <span class='ocrx_word' id='word_1_791' title='bbox 2376 3993 2550 4049; x_wconf 89' lang='lat' dir='ltr'><strong>servis</strong></span> <span class='ocrx_word' id='word_1_792' title='bbox 2582 3994 2851 4063; x_wconf 86' lang='lat' dir='ltr'><strong>imperare</strong></span> <span class='ocrx_word' id='word_1_793' title='bbox 2902 3999 3215 4046; x_wconf 89' lang='lat' dir='ltr'><strong>occurrunt.</strong></span> <span class='ocrx_word' id='word_1_794' title='bbox 3252 3989 3398 4044; x_wconf 89' lang='lat' dir='ltr'><strong>Unus</strong></span> <span class='ocrx_word' id='word_1_795' title='bbox 3429 3989 3575 4043; x_wconf 90' lang='lat' dir='ltr'><strong>enim</strong></span> <span class='ocrx_word' id='word_1_796' title='bbox 3619 3988 3690 4040; x_wconf 90' lang='lat' dir='ltr'><strong>ti-</strong></span> 
     </span>
    </p>
   </div>
   <div class='ocr_carea' id='block_1_101' title="bbox 2127 4079 3691 4154">
    <p class='ocr_par' dir='ltr' id='par_1_101' title="bbox 2127 4079 3691 4154">
     <span class='ocr_line' id='line_1_101' title="bbox 2127 4079 3691 4154; baseline -0.004 -14"><span class='ocrx_word' id='word_1_797' title='bbox 2127 4101 2244 4140; x_wconf 66' lang='lat' dir='ltr'><strong>mor</strong></span> <span class='ocrx_word' id='word_1_798' title='bbox 2298 4083 2662 4154; x_wconf 88' lang='lat' dir='ltr'><strong>inquisitionis</strong></span> <span class='ocrx_word' id='word_1_799' title='bbox 2710 4091 2873 4152; x_wconf 91' lang='lat' dir='ltr'><strong>atque</strong></span> <span class='ocrx_word' id='word_1_800' title='bbox 2917 4080 3107 4151; x_wconf 85' lang='lat' dir='ltr'><strong>judicii</strong></span> <span class='ocrx_word' id='word_1_801' title='bbox 3154 4079 3524 4149; x_wconf 84' lang='lat' dir='ltr'><strong>apprehendet</strong></span> <span class='ocrx_word' id='word_1_802' title='bbox 3558 4095 3691 4134; x_wconf 88' lang='lat' dir='ltr'><strong>cun-</strong></span> 
     </span>
    </p>
   </div>
   <div class='ocr_carea' id='block_1_102' title="bbox 2123 4171 3689 4233">
    <p class='ocr_par' dir='ltr' id='par_1_102' title="bbox 2123 4171 3689 4233">
     <span class='ocr_line' id='line_1_102' title="bbox 2123 4171 3689 4233; baseline -0.006 0"><span class='ocrx_word' id='word_1_803' title='bbox 2123 4186 2265 4233; x_wconf 80' lang='lat' dir='ltr'><strong>ctos.</strong></span> <span class='ocrx_word' id='word_1_804' title='bbox 2297 4176 2489 4229; x_wconf 85' lang='lat' dir='ltr'><strong>Merito</strong></span> <span class='ocrx_word' id='word_1_805' title='bbox 2525 4175 2634 4229; x_wconf 91' lang='lat' dir='ltr'><strong>illic</strong></span> <span class='ocrx_word' id='word_1_806' title='bbox 2660 4183 2745 4227; x_wconf 86' lang='lat' dir='ltr'><strong>est</strong></span> <span class='ocrx_word' id='word_1_807' title='bbox 2787 4187 2977 4227; x_wconf 88' lang='lat' dir='ltr'><strong>servus</strong></span> <span class='ocrx_word' id='word_1_808' title='bbox 3023 4187 3129 4227; x_wconf 92' lang='lat' dir='ltr'><strong>non</strong></span> <span class='ocrx_word' id='word_1_809' title='bbox 3180 4174 3375 4225; x_wconf 89' lang='lat' dir='ltr'><strong>timens</strong></span> <span class='ocrx_word' id='word_1_810' title='bbox 3411 4171 3689 4226; x_wconf 85' lang='lat' dir='ltr'><strong>dominum</strong></span> 
     </span>
    </p>
   </div>
   <div class='ocr_carea' id='block_1_103' title="bbox 2124 4263 3689 4326">
    <p class='ocr_par' dir='ltr' id='par_1_103' title="bbox 2124 4263 3689 4326">
     <span class='ocr_line' id='line_1_103' title="bbox 2124 4263 3689 4326; baseline -0.006 -1"><span class='ocrx_word' id='word_1_811' title='bbox 2124 4285 2304 4326; x_wconf 90' lang='lat' dir='ltr'><strong>suum.</strong></span> <span class='ocrx_word' id='word_1_812' title='bbox 2340 4268 2420 4322; x_wconf 87' lang='lat' dir='ltr'><strong>lbi</strong></span> <span class='ocrx_word' id='word_1_813' title='bbox 2452 4275 2538 4322; x_wconf 89' lang='lat' dir='ltr'><strong>est</strong></span> <span class='ocrx_word' id='word_1_814' title='bbox 2571 4266 2775 4319; x_wconf 81' lang='lat' dir='ltr'><strong>Abdias</strong></span> <span class='ocrx_word' id='word_1_815' title='bbox 2803 4280 2909 4319; x_wconf 92' lang='lat' dir='ltr'><strong>non</strong></span> <span class='ocrx_word' id='word_1_816' title='bbox 2947 4266 3141 4319; x_wconf 90' lang='lat' dir='ltr'><strong>timens</strong></span> <span class='ocrx_word' id='word_1_817' title='bbox 3190 4264 3377 4318; x_wconf 85' lang='lat' dir='ltr'><strong>Achab</strong></span> <span class='ocrx_word' id='word_1_818' title='bbox 3411 4263 3689 4317; x_wconf 90' lang='lat' dir='ltr'><strong>dominum</strong></span> 
     </span>
    </p>
   </div>
   <div class='ocr_carea' id='block_1_104' title="bbox 2126 4352 3688 4414">
    <p class='ocr_par' dir='ltr' id='par_1_104' title="bbox 2126 4352 3688 4414">
     <span class='ocr_line' id='line_1_104' title="bbox 2126 4352 3688 4414; baseline -0.005 0"><span class='ocrx_word' id='word_1_819' title='bbox 2126 4374 2305 4414; x_wconf 89' lang='lat' dir='ltr'><strong>suum.</strong></span> <span class='ocrx_word' id='word_1_820' title='bbox 2340 4357 2417 4410; x_wconf 92' lang='lat' dir='ltr'><strong>lbi</strong></span> <span class='ocrx_word' id='word_1_821' title='bbox 2448 4366 2535 4410; x_wconf 90' lang='lat' dir='ltr'><strong>est</strong></span> <span class='ocrx_word' id='word_1_822' title='bbox 2585 4354 2870 4411; x_wconf 81' lang='lat' dir='ltr'><strong>Onesimus</strong></span> <span class='ocrx_word' id='word_1_823' title='bbox 2924 4369 3029 4408; x_wconf 92' lang='lat' dir='ltr'><strong>non</strong></span> <span class='ocrx_word' id='word_1_824' title='bbox 3075 4356 3272 4409; x_wconf 88' lang='lat' dir='ltr'><strong>timens</strong></span> <span class='ocrx_word' id='word_1_825' title='bbox 3318 4352 3688 4409; x_wconf 85' lang='lat' dir='ltr'><strong>Philemonem</strong></span> 
     </span>
    </p>
   </div>
   <div class='ocr_carea' id='block_1_105' title="bbox 2053 4428 3689 4516">
    <p class='ocr_par' dir='ltr' id='par_1_105' title="bbox 2053 4428 3689 4516">
     <span class='ocr_line' id='line_1_105' title="bbox 2053 4428 3689 4516; baseline -0.006 -9"><span class='ocrx_word' id='word_1_826' title='bbox 2053 4428 2097 4483; x_wconf 82' lang='grc' dir='ltr'><strong>Ῑ)</strong></span> <span class='ocrx_word' id='word_1_827' title='bbox 2126 4451 2401 4506; x_wconf 86' lang='lat' dir='ltr'><strong>dominum</strong></span> <span class='ocrx_word' id='word_1_828' title='bbox 2434 4463 2610 4502; x_wconf 90' lang='lat' dir='ltr'><strong>suum.</strong></span> <span class='ocrx_word' id='word_1_829' title='bbox 2641 4446 2854 4516; x_wconf 76' lang='lat' dir='ltr'><strong>Aliique</strong></span> <span class='ocrx_word' id='word_1_830' title='bbox 2885 4446 3149 4500; x_wconf 89' lang='lat' dir='ltr'><strong>innumeri</strong></span> <span class='ocrx_word' id='word_1_831' title='bbox 3181 4446 3525 4515; x_wconf 89' lang='lat' dir='ltr'><strong>reperiuntur</strong></span> <span class='ocrx_word' id='word_1_832' title='bbox 3553 4454 3609 4499; x_wconf 92' lang='lat' dir='ltr'><strong>et</strong></span> <span class='ocrx_word' id='word_1_833' title='bbox 3632 4445 3689 4497; x_wconf 87' lang='lat' dir='ltr'><strong>in</strong></span> 
     </span>
    </p>
   </div>
   <div class='ocr_carea' id='block_1_106' title="bbox 2124 4536 3688 4610">
    <p class='ocr_par' dir='ltr' id='par_1_106' title="bbox 2124 4536 3688 4610">
     <span class='ocr_line' id='line_1_106' title="bbox 2124 4536 3688 4610; baseline -0.004 -13"><span class='ocrx_word' id='word_1_834' title='bbox 2124 4543 2247 4610; x_wconf 88' lang='lat' dir='ltr'><strong>lege</strong></span> <span class='ocrx_word' id='word_1_835' title='bbox 2272 4582 2287 4607; x_wconf 91' lang='lat'><strong>,</strong></span> <span class='ocrx_word' id='word_1_836' title='bbox 2318 4552 2373 4594; x_wconf 91' lang='lat' dir='ltr'><strong>et</strong></span> <span class='ocrx_word' id='word_1_837' title='bbox 2408 4541 2460 4593; x_wconf 91' lang='lat' dir='ltr'><strong>in</strong></span> <span class='ocrx_word' id='word_1_838' title='bbox 2498 4540 2790 4607; x_wconf 85' lang='lat' dir='ltr'><strong>Evangelio</strong></span> <span class='ocrx_word' id='word_1_839' title='bbox 2819 4539 2904 4592; x_wconf 89' lang='lat' dir='ltr'><strong>bis</strong></span> <span class='ocrx_word' id='word_1_840' title='bbox 2932 4539 3135 4594; x_wconf 87' lang='lat' dir='ltr'><strong>similes</strong></span> <span class='ocrx_word' id='word_1_841' title='bbox 3160 4577 3177 4603; x_wconf 93' lang='lat'><strong>,</strong></span> <span class='ocrx_word' id='word_1_842' title='bbox 3212 4537 3303 4608; x_wconf 92' lang='lat' dir='ltr'><strong>qui</strong></span> <span class='ocrx_word' id='word_1_843' title='bbox 3334 4536 3547 4591; x_wconf 70' lang='lat' dir='ltr'><strong>caelesti</strong></span> <span class='ocrx_word' id='word_1_844' title='bbox 3580 4536 3688 4590; x_wconf 86' lang='lat' dir='ltr'><strong>Do-</strong></span> 
     </span>
    </p>
   </div>
   <div class='ocr_carea' id='block_1_107' title="bbox 2125 4629 3689 4695">
    <p class='ocr_par' dir='ltr' id='par_1_107' title="bbox 2125 4629 3689 4695">
     <span class='ocr_line' id='line_1_107' title="bbox 2125 4629 3689 4695; baseline -0.004 -8"><span class='ocrx_word' id='word_1_845' title='bbox 2125 4633 2270 4687; x_wconf 89' lang='lat' dir='ltr'><strong>mino</strong></span> <span class='ocrx_word' id='word_1_846' title='bbox 2293 4648 2356 4687; x_wconf 91' lang='lat' dir='ltr'><strong>ac</strong></span> <span class='ocrx_word' id='word_1_847' title='bbox 2390 4632 2500 4686; x_wconf 84' lang='lat' dir='ltr'><strong>Deo</strong></span> <span class='ocrx_word' id='word_1_848' title='bbox 2527 4632 2769 4686; x_wconf 89' lang='lat' dir='ltr'><strong>omnium</strong></span> <span class='ocrx_word' id='word_1_849' title='bbox 2797 4630 3118 4695; x_wconf 85' lang='lat' dir='ltr'><strong>servientes,</strong></span> <span class='ocrx_word' id='word_1_850' title='bbox 3147 4644 3251 4684; x_wconf 91' lang='lat' dir='ltr'><strong>non</strong></span> <span class='ocrx_word' id='word_1_851' title='bbox 3282 4629 3575 4683; x_wconf 92' lang='lat' dir='ltr'><strong>timuerunt</strong></span> <span class='ocrx_word' id='word_1_852' title='bbox 3600 4642 3689 4681; x_wconf 84' lang='lat' dir='ltr'><strong>su-</strong></span> 
     </span>
    </p>
   </div>
   <div class='ocr_carea' id='block_1_108' title="bbox 2124 4721 3685 4795">
    <p class='ocr_par' dir='ltr' id='par_1_108' title="bbox 2124 4721 3685 4795">
     <span class='ocr_line' id='line_1_108' title="bbox 2124 4721 3685 4795; baseline -0.005 -16"><span class='ocrx_word' id='word_1_853' title='bbox 2124 4738 2221 4795; x_wconf 93' lang='lat' dir='ltr'><strong>per</strong></span> <span class='ocrx_word' id='word_1_854' title='bbox 2246 4734 2446 4780; x_wconf 88' lang='lat' dir='ltr'><strong>terram</strong></span> <span class='ocrx_word' id='word_1_855' title='bbox 2483 4724 2731 4780; x_wconf 91' lang='lat' dir='ltr'><strong>dominos</strong></span> <span class='ocrx_word' id='word_1_856' title='bbox 2758 4722 3005 4777; x_wconf 88' lang='lat' dir='ltr'><strong>carnales</strong></span> <span class='ocrx_word' id='word_1_857' title='bbox 3031 4723 3097 4776; x_wconf 92' lang='lat' dir='ltr'><strong>ad</strong></span> <span class='ocrx_word' id='word_1_858' title='bbox 3126 4721 3488 4776; x_wconf 81' lang='lat' dir='ltr'><strong>obedientium</strong></span> <span class='ocrx_word' id='word_1_859' title='bbox 3521 4721 3601 4775; x_wconf 90' lang='lat' dir='ltr'><strong>eis</strong></span> <span class='ocrx_word' id='word_1_860' title='bbox 3634 4721 3685 4772; x_wconf 91' lang='lat' dir='ltr'><strong>in</strong></span> 
     </span>
    </p>
   </div>
   <div class='ocr_carea' id='block_1_109' title="bbox 2126 4812 3685 4883">
    <p class='ocr_par' dir='ltr' id='par_1_109' title="bbox 2126 4812 3685 4883">
     <span class='ocr_line' id='line_1_109' title="bbox 2126 4812 3685 4883; baseline -0.004 -14"><span class='ocrx_word' id='word_1_861' title='bbox 2126 4815 2303 4882; x_wconf 89' lang='lat' dir='ltr'><strong>malis,</strong></span> <span class='ocrx_word' id='word_1_862' title='bbox 2339 4830 2512 4883; x_wconf 90' lang='lat' dir='ltr'><strong>neque</strong></span> <span class='ocrx_word' id='word_1_863' title='bbox 2544 4815 2595 4868; x_wconf 90' lang='lat' dir='ltr'><strong>in</strong></span> <span class='ocrx_word' id='word_1_864' title='bbox 2625 4814 2778 4869; x_wconf 62' lang='lat' dir='ltr'><strong>caelis</strong></span> <span class='ocrx_word' id='word_1_865' title='bbox 2804 4828 2898 4868; x_wconf 91' lang='lat' dir='ltr'><strong>eos</strong></span> <span class='ocrx_word' id='word_1_866' title='bbox 2944 4814 3136 4868; x_wconf 88' lang='lat' dir='ltr'><strong>timent</strong></span> <span class='ocrx_word' id='word_1_867' title='bbox 3165 4814 3216 4867; x_wconf 96' lang='lat' dir='ltr'><strong>in</strong></span> <span class='ocrx_word' id='word_1_868' title='bbox 3253 4821 3545 4879; x_wconf 89' lang='lat' dir='ltr'><strong>conspectu</strong></span> <span class='ocrx_word' id='word_1_869' title='bbox 3574 4812 3685 4863; x_wconf 86' lang='lat' dir='ltr'><strong>veri</strong></span> 
     </span>
    </p>
   </div>
   <div class='ocr_carea' id='block_1_110' title="bbox 2126 4902 3687 4972">
    <p class='ocr_par' dir='ltr' id='par_1_110' title="bbox 2126 4902 3687 4972">
     <span class='ocr_line' id='line_1_110' title="bbox 2126 4902 3687 4972; baseline -0.005 -11"><span class='ocrx_word' id='word_1_870' title='bbox 2126 4908 2335 4962; x_wconf 84' lang='lat' dir='ltr'><strong>Domini</strong></span> <span class='ocrx_word' id='word_1_871' title='bbox 2365 4906 2664 4972; x_wconf 69' lang='lat' dir='ltr'><strong>venientes.</strong></span> <span class='ocrx_word' id='word_1_872' title='bbox 2713 4903 2848 4959; x_wconf 85' lang='lat' dir='ltr'><strong>Nam</strong></span> <span class='ocrx_word' id='word_1_873' title='bbox 2888 4920 3011 4960; x_wconf 90' lang='lat' dir='ltr'><strong>eum</strong></span> <span class='ocrx_word' id='word_1_874' title='bbox 3052 4905 3368 4960; x_wconf 84' lang='lat' dir='ltr'><strong>servitutem</strong></span> <span class='ocrx_word' id='word_1_875' title='bbox 3412 4902 3687 4957; x_wconf 85' lang='lat' dir='ltr'><strong>carnalem</strong></span> 
     </span>
    </p>
   </div>
   <div class='ocr_carea' id='block_1_111' title="bbox 2128 4994 3690 5066">
    <p class='ocr_par' dir='ltr' id='par_1_111' title="bbox 2128 4994 3690 5066">
     <span class='ocr_line' id='line_1_111' title="bbox 2128 4994 3690 5066; baseline -0.002 -17"><span class='ocrx_word' id='word_1_876' title='bbox 2128 5011 2261 5065; x_wconf 88' lang='lat' dir='ltr'><strong>pure</strong></span> <span class='ocrx_word' id='word_1_877' title='bbox 2290 4999 2368 5052; x_wconf 92' lang='lat' dir='ltr'><strong>eis</strong></span> <span class='ocrx_word' id='word_1_878' title='bbox 2414 5008 2574 5066; x_wconf 90' lang='lat' dir='ltr'><strong>atque</strong></span> <span class='ocrx_word' id='word_1_879' title='bbox 2604 4998 2794 5053; x_wconf 87' lang='lat' dir='ltr'><strong>devote</strong></span> <span class='ocrx_word' id='word_1_880' title='bbox 2843 4996 3216 5051; x_wconf 83' lang='lat' dir='ltr'><strong>exbibuissent</strong></span> <span class='ocrx_word' id='word_1_881' title='bbox 3240 5035 3255 5059; x_wconf 96' lang='lat'><strong>,</strong></span> <span class='ocrx_word' id='word_1_882' title='bbox 3289 5010 3393 5049; x_wconf 88' lang='lat' dir='ltr'><strong>non</strong></span> <span class='ocrx_word' id='word_1_883' title='bbox 3425 4994 3690 5047; x_wconf 81' lang='lat' dir='ltr'><strong>discesse-</strong></span> 
     </span>
    </p>
   </div>
   <div class='ocr_carea' id='block_1_112' title="bbox 2130 5085 3689 5154">
    <p class='ocr_par' dir='ltr' id='par_1_112' title="bbox 2130 5085 3689 5154">
     <span class='ocr_line' id='line_1_112' title="bbox 2130 5085 3689 5154; baseline -0.004 -12"><span class='ocrx_word' id='word_1_884' title='bbox 2130 5098 2256 5143; x_wconf 90' lang='lat' dir='ltr'><strong>runt</strong></span> <span class='ocrx_word' id='word_1_885' title='bbox 2307 5104 2336 5141; x_wconf 91' lang='lat' dir='ltr'><strong>a</strong></span> <span class='ocrx_word' id='word_1_886' title='bbox 2387 5088 2664 5143; x_wconf 88' lang='lat' dir='ltr'><strong>Creatoris</strong></span> <span class='ocrx_word' id='word_1_887' title='bbox 2716 5089 2998 5144; x_wconf 88' lang='lat' dir='ltr'><strong>servitute.</strong></span> <span class='ocrx_word' id='word_1_888' title='bbox 3052 5085 3163 5140; x_wconf 83' lang='lat' dir='ltr'><strong>Hoc</strong></span> <span class='ocrx_word' id='word_1_889' title='bbox 3200 5099 3430 5154; x_wconf 90' lang='lat' dir='ltr'><strong>namque</strong></span> <span class='ocrx_word' id='word_1_890' title='bbox 3477 5090 3689 5154; x_wconf 84' lang='lat' dir='ltr'><strong>oportet</strong></span> 
     </span>
    </p>
   </div>
   <div class='ocr_carea' id='block_1_113' title="bbox 2126 5176 3686 5236">
    <p class='ocr_par' dir='ltr' id='par_1_113' title="bbox 2126 5176 3686 5236">
     <span class='ocr_line' id='line_1_113' title="bbox 2126 5176 3686 5236; baseline -0.006 -3"><span class='ocrx_word' id='word_1_891' title='bbox 2126 5181 2356 5234; x_wconf 89' lang='lat' dir='ltr'><strong>reddere</strong></span> <span class='ocrx_word' id='word_1_892' title='bbox 2404 5194 2590 5235; x_wconf 88' lang='lat' dir='ltr'><strong>servos</strong></span> <span class='ocrx_word' id='word_1_893' title='bbox 2637 5180 2946 5234; x_wconf 89' lang='lat' dir='ltr'><strong>carnalibus</strong></span> <span class='ocrx_word' id='word_1_894' title='bbox 2994 5176 3229 5233; x_wconf 90' lang='lat' dir='ltr'><strong>dominis</strong></span> <span class='ocrx_word' id='word_1_895' title='bbox 3275 5176 3426 5236; x_wconf 88' lang='lat' dir='ltr'><strong>suis,</strong></span> <span class='ocrx_word' id='word_1_896' title='bbox 3470 5185 3530 5228; x_wconf 92' lang='lat' dir='ltr'><strong>nt</strong></span> <span class='ocrx_word' id='word_1_897' title='bbox 3583 5188 3686 5227; x_wconf 90' lang='lat' dir='ltr'><strong>non</strong></span> 
     </span>
    </p>
   </div>
   <div class='ocr_carea' id='block_1_114' title="bbox 2127 5265 3692 5335">
    <p class='ocr_par' dir='ltr' id='par_1_114' title="bbox 2127 5265 3692 5335">
     <span class='ocr_line' id='line_1_114' title="bbox 2127 5265 3692 5335; baseline -0.005 -14"><span class='ocrx_word' id='word_1_898' title='bbox 2127 5268 2399 5335; x_wconf 89' lang='lat' dir='ltr'><strong>fraudent,</strong></span> <span class='ocrx_word' id='word_1_899' title='bbox 2429 5278 2617 5324; x_wconf 89' lang='lat' dir='ltr'><strong>utnon</strong></span> <span class='ocrx_word' id='word_1_900' title='bbox 2653 5267 3103 5334; x_wconf 90' lang='lat' dir='ltr'><strong>circumveniant,</strong></span> <span class='ocrx_word' id='word_1_901' title='bbox 3138 5277 3197 5321; x_wconf 90' lang='lat' dir='ltr'><strong>ut</strong></span> <span class='ocrx_word' id='word_1_902' title='bbox 3228 5281 3332 5321; x_wconf 90' lang='lat' dir='ltr'><strong>non</strong></span> <span class='ocrx_word' id='word_1_903' title='bbox 3367 5265 3692 5320; x_wconf 89' lang='lat' dir='ltr'><strong>insidientur</strong></span> 
     </span>
    </p>
   </div>
   <div class='ocr_carea' id='block_1_115' title="bbox 2128 5353 3686 5423">
    <p class='ocr_par' dir='ltr' id='par_1_115' title="bbox 2128 5353 3686 5423">
     <span class='ocr_line' id='line_1_115' title="bbox 2128 5353 3686 5423; baseline -0.009 -10"><span class='ocrx_word' id='word_1_904' title='bbox 2128 5360 2361 5414; x_wconf 71' lang='lat' dir='ltr'><strong>doininis</strong></span> <span class='ocrx_word' id='word_1_905' title='bbox 2404 5360 2516 5414; x_wconf 91' lang='lat' dir='ltr'><strong>suis</strong></span> <span class='ocrx_word' id='word_1_906' title='bbox 2546 5398 2561 5423; x_wconf 93' lang='lat'><strong>,</strong></span> <span class='ocrx_word' id='word_1_907' title='bbox 2598 5366 2658 5413; x_wconf 92' lang='lat' dir='ltr'><strong>ut</strong></span> <span class='ocrx_word' id='word_1_908' title='bbox 2695 5372 2800 5412; x_wconf 92' lang='lat' dir='ltr'><strong>non</strong></span> <span class='ocrx_word' id='word_1_909' title='bbox 2835 5356 2902 5410; x_wconf 87' lang='lat' dir='ltr'><strong>ad</strong></span> <span class='ocrx_word' id='word_1_910' title='bbox 2933 5355 3147 5411; x_wconf 91' lang='lat' dir='ltr'><strong>oculum</strong></span> <span class='ocrx_word' id='word_1_911' title='bbox 3176 5353 3414 5409; x_wconf 89' lang='lat' dir='ltr'><strong>serviant</strong></span> <span class='ocrx_word' id='word_1_912' title='bbox 3437 5390 3455 5416; x_wconf 91' lang='lat'><strong>,</strong></span> <span class='ocrx_word' id='word_1_913' title='bbox 3496 5358 3557 5403; x_wconf 90' lang='lat' dir='ltr'><strong>ut</strong></span> <span class='ocrx_word' id='word_1_914' title='bbox 3585 5362 3686 5401; x_wconf 92' lang='lat' dir='ltr'><strong>non</strong></span> 
     </span>
    </p>
   </div>
   <div class='ocr_carea' id='block_1_116' title="bbox 2128 5440 3688 5521">
    <p class='ocr_par' dir='ltr' id='par_1_116' title="bbox 2128 5440 3688 5521">
     <span class='ocr_line' id='line_1_116' title="bbox 2128 5440 3688 5521; baseline -0.009 -15"><span class='ocrx_word' id='word_1_915' title='bbox 2128 5450 2183 5506; x_wconf 91' lang='lat' dir='ltr'><strong>in</strong></span> <span class='ocrx_word' id='word_1_916' title='bbox 2230 5450 2368 5505; x_wconf 89' lang='lat' dir='ltr'><strong>facie</strong></span> <span class='ocrx_word' id='word_1_917' title='bbox 2409 5450 2651 5521; x_wconf 80' lang='lat' dir='ltr'><strong>fingant,</strong></span> <span class='ocrx_word' id='word_1_918' title='bbox 2691 5449 2782 5506; x_wconf 88' lang='lat' dir='ltr'><strong>sed</strong></span> <span class='ocrx_word' id='word_1_919' title='bbox 2838 5448 2971 5504; x_wconf 78' lang='lat' dir='ltr'><strong>foris</strong></span> <span class='ocrx_word' id='word_1_920' title='bbox 3001 5448 3068 5502; x_wconf 87' lang='lat' dir='ltr'><strong>ab</strong></span> <span class='ocrx_word' id='word_1_921' title='bbox 3100 5445 3276 5502; x_wconf 87' lang='lat' dir='ltr'><strong>oculis</strong></span> <span class='ocrx_word' id='word_1_922' title='bbox 3300 5483 3318 5511; x_wconf 91' lang='lat'><strong>,</strong></span> <span class='ocrx_word' id='word_1_923' title='bbox 3359 5442 3452 5498; x_wconf 88' lang='lat' dir='ltr'><strong>sed</strong></span> <span class='ocrx_word' id='word_1_924' title='bbox 3484 5440 3617 5495; x_wconf 90' lang='lat' dir='ltr'><strong>foris</strong></span> <span class='ocrx_word' id='word_1_925' title='bbox 3657 5453 3688 5491; x_wconf 95' lang='lat' dir='ltr'><strong>a</strong></span> 
     </span>
    </p>
   </div>
   <div class='ocr_carea' id='block_1_117' title="bbox 2227 5645 3683 5722">
    <p class='ocr_par' dir='ltr' id='par_1_117' title="bbox 2227 5645 3683 5722">
     <span class='ocr_line' id='line_1_117' title="bbox 2227 5645 3683 5722; baseline -0.01 -8"><span class='ocrx_word' id='word_1_926' title='bbox 2227 5657 2393 5713; x_wconf 73' lang='lat' dir='ltr'><strong>“Job</strong></span> <span class='ocrx_word' id='word_1_927' title='bbox 2440 5673 2518 5722; x_wconf 88' lang='grc' dir='ltr'>ιιι,</span> <span class='ocrx_word' id='word_1_928' title='bbox 2545 5656 2600 5711; x_wconf 83' lang='grc'><strong>6.</strong></span> <span class='ocrx_word' id='word_1_929' title='bbox 2675 5655 2721 5688; x_wconf 73' lang='grc'><strong>⁸⁵</strong></span> <span class='ocrx_word' id='word_1_930' title='bbox 2749 5654 2905 5709; x_wconf 82' lang='lat' dir='ltr'><strong>Rom.</strong></span> <span class='ocrx_word' id='word_1_931' title='bbox 2957 5650 3182 5721; x_wconf 74' lang='grc' dir='ltr'>ιιιι,12.</span> <span class='ocrx_word' id='word_1_932' title='bbox 3261 5649 3309 5681; x_wconf 84' lang='grc'><strong>⁸⁸</strong></span> <span class='ocrx_word' id='word_1_933' title='bbox 3336 5648 3434 5705; x_wconf 83' lang='lat' dir='ltr'><strong>Job</strong></span> <span class='ocrx_word' id='word_1_934' title='bbox 3473 5664 3559 5717; x_wconf 88' lang='lat' dir='ltr'><strong>nt,</strong></span> <span class='ocrx_word' id='word_1_935' title='bbox 3599 5645 3683 5703; x_wconf 71' lang='lat' dir='ltr'><strong>i7.</strong></span> 
     </span>
    </p>
   </div>
  </div>
