3880 6212
244 294 345 351 52!

1199 298 1541 359 APOLOGIA
1582 286 1718 359 prio
1751 301 2075 361 ORIGENE.
2119 334 2189 343 —
2230 288 2576 363 nonnum.

3395 305 3503 367 52⁸2

246 416 388 473 faeie
428 430 643 475 omnem
674 418 906 488 gratiam
940 418 1177 476 dominis
1211 422 1326 477 suis
1364 424 1673 479 ostendant.
1707 424 1816 478 llu-
1850 432 1896 487 Α
1928 425 2051 479 istic
2076 439 2172 493 per
2201 425 2446 480 ordinem
2485 466 2499 488 ,
2551 434 2605 480 et
2630 435 2825 481 cuncta
2861 442 2980 497 quae
3030 426 3083 482 in
3119 429 3285 499 priori
3314 432 3501 488 multi-

240 509 334 579 jus
360 526 594 580 namque
627 513 704 565 rei
757 512 1028 581 ingentem
1064 513 1118 567 in
1149 514 1304 573 caelis
1331 516 1605 585 accipient
1635 532 1819 571 remu-

244 603 580 660 nerationem
616 618 645 656 a
697 604 924 660 Domino
968 605 1210 659 omnium
1240 614 1405 675 atque
1444 607 1631 675 judice
1661 610 1815 663 vivo-

243 709 362 747 rum
402 701 457 748 et
496 705 856 751 mortuorum.
889 694 955 751 In
995 712 1201 751 servum
1245 700 1579 755 venundatus
1620 709 1697 755 est
1721 700 1819 755 Jo-

239 784 365 852 seph
397 784 463 848 ⁸⁸,
491 785 587 839 sed
618 786 673 839 in
707 786 849 841 malo
889 796 1054 857 atque
1084 789 1251 859 impio
1278 802 1404 845 actu
1446 808 1551 848 non
1580 796 1819 850 obedivit

237 876 470 933 dominae
499 892 627 932 sua}.
659 877 846 931 Merito
875 888 928 934 et
963 880 1013 933 in
1060 882 1221 936 terris
1259 883 1313 937 in
1344 882 1584 956 zEgypto
1612 928 1627 951 ,
1676 896 1733 941 et
1764 888 1818 941 in

240 968 400 1027 caelis
432 968 484 1021 in
520 978 781 1038 perpetuo
808 970 1181 1027 dominabitur
1213 973 1289 1028 illi
1316 1014 1331 1041 ,
1362 990 1483 1044 quae
1519 977 1711 1031 illicite
1753 979 1820 1033 ad

237 1068 451 1128 tempus
488 1060 757 1116 dominari
804 1062 921 1117 visa
970 1072 1077 1119 est.
1131 1064 1257 1121 Haec
1307 1068 1516 1124 scilicet
1567 1070 1819 1125 universa

238 1163 337 1218 pro
373 1150 637 1205 bonorum
686 1153 1112 1209 commonitione
1144 1156 1383 1212 diximus
1406 1197 1422 1220 ,
1472 1173 1501 1211 a
1532 1160 1690 1217 beato
1719 1159 1819 1219 Job

232 1242 400 1296 etiam
433 1258 532 1298 nos
563 1244 627 1299 de
662 1245 752 1301 his
785 1245 1049 1301 admoniti
1075 1288 1092 1313 ,
1123 1248 1341 1305 dicente
1371 1265 1436 1306 eo
1485 1251 1770 1310 evidenter
1801 1274 1812 1308 :

233 1333 476 1390 Pusillus
506 1348 553 1390 et
594 1355 812 1407 magnus
842 1339 917 1393 ibi
944 1351 1043 1405 est,
1085 1351 1135 1395 et
1162 1358 1338 1396 servus
1371 1360 1473 1397 non
1502 1344 1687 1400 timens
1726 1346 1817 1399 do-

235 1429 437 1480 minum
484 1444 636 1481 suum
665 1427 732 1484 ⁸⁷.
778 1428 1017 1485 Inveniet
1057 1430 1149 1501 qui
1202 1432 1485 1501 inquirere
1518 1432 1811 1495 studuerit,

233 1521 400 1575 etiam
434 1529 627 1576 caetera
652 1520 756 1575 alia
790 1521 875 1577 his
901 1523 1257 1578 consonantia
1282 1564 1299 1591 ,
1326 1534 1382 1578 et
1414 1539 1475 1579 ea
1510 1540 1631 1594 qua:
1668 1540 1812 1581 nunc

1928 515 2146 584 pliciter
2178 531 2206 568 a
2232 516 2382 584 justo
2415 516 2504 571 iilu
2537 526 2663 572 sunt
2691 518 2832 574 dicta
2866 520 2934 575 de
2967 521 3059 577 Dei
3087 525 3457 595 magnitudine
3482 564 3499 590 ,

1926 617 1982 663 et
2032 608 2100 664 de
2128 624 2224 663 sua
2260 609 2545 667 tolerantia
2574 650 2589 674 ,
2626 626 2747 682 quze
2797 614 3054 671 sustinuit
3104 616 3310 686 absque
3340 618 3497 687 culpa

1925 700 2188 756 innocens
2227 701 2278 755 in
2314 712 2605 771 conspectu
2641 702 2773 769 Dei,
2809 713 2864 759 et
2905 721 3088 764 coram
3120 709 3370 764 omnibus
3402 710 3501 764 bo-

1926 791 2161 845 minibus
2185 832 2201 858 ,
2245 808 2366 862 quae
2396 792 2656 846 sustinuit
2688 807 2811 848 cum
2846 797 3147 864 gratiarum
3190 798 3497 853 actionibus

1923 894 2087 955 atque
2118 885 2556 943 confessionibus
2603 886 2736 950 Dei,
2772 901 2891 955 quae
2935 890 3192 945 sustinuit
3219 893 3319 961 piae
3360 892 3496 946 tole-

1925 978 2115 1031 rantiae
2150 976 2379 1033 formam
2411 980 2660 1047 praebens
2693 980 2745 1033 in
2778 991 3045 1050 perpetuo
3072 984 3305 1041 cunctis.
3345 985 3495 1039 Beati

1921 1070 2014 1139 qui
2063 1078 2114 1125 te
2171 1069 2369 1126 fuerint
2426 1073 2667 1139 imitati,
2701 1075 3013 1130 beatissime
3044 1076 3165 1132 Job.
3216 1077 3367 1132 Beati
3399 1078 3494 1147 qui

1922 1170 2013 1215 tua
2064 1163 2291 1233 vestigia
2341 1163 2542 1219 fuerint
2575 1168 2771 1225 secuti.
2824 1166 2974 1223 Beati
3023 1170 3113 1238 qui
3150 1169 3404 1224 similiter
3436 1176 3496 1226 ut

1924 1261 1979 1308 tu
2023 1254 2075 1309 in
2110 1254 2215 1309 ﬁde
2240 1298 2254 1323 ,
2281 1260 2338 1311 et
2369 1258 2568 1327 pietate
2593 1300 2609 1327 ,
2645 1269 2810 1330 atque
2854 1261 2907 1315 in
2938 1262 3177 1317 omnium
3212 1264 3314 1319 sibi
3343 1266 3491 1319 acci-

1916 1346 2155 1400 dentium
2229 1349 2516 1404 tolerantia
2591 1355 2950 1407 consummati
3015 1353 3237 1410 fnerint.
3288 1355 3352 1410 Hi
3402 1371 3492 1411 re-

1913 1437 2195 1505 quiescent
2227 1440 2284 1495 in
2314 1450 2577 1510 perpetuo
2605 1446 2746 1513 apud
2784 1445 2949 1501 Deum
2993 1446 3230 1514 Patrem,
3255 1448 3340 1503 cui
3375 1448 3492 1520 glo.

1920 1528 1999 1581 ria
2027 1528 2079 1584 in
2116 1530 2315 1585 saecula
2350 1532 2695 1591 saeculorum.
2730 1536 2921 1591 Amen.

238 1667 3468 1719 Ἥ

372 1872 926 2109 orm
1021 1874 1237 2109 Αι
1330 1875 2188 2241 θιιιιιιιι
2292 1690 3469 2123 smn“

1457 2420 2273 2541 ADMONITIO

749 2648 858 2708 AD
898 2646 1526 2709 APOLOGETICUM
1570 2647 1969 2709 LIBELLUM
2016 2648 2077 2708 S.
2126 2648 2512 2710 PAMPHILI
2558 2650 2972 2712 MARTYRIS

1557 2748 1713 2809 PRO
1756 2747 1946 2809 OBIG
1957 2749 2130 2809 ENE.

303 3067 346 3134 Ι.
380 3076 493 3134 Sub
522 3078 679 3135 ﬁnem
708 3078 832 3132 anni
866 3077 1037 3147 quinti
1071 3085 1355 3133 commota:
1387 3092 1415 3131 a
1466 3078 1797 3134 Diocletiano

1911 3080 2008 3151 Γὴν
2049 3080 2106 3133 δὲ
2147 3079 2286 3150 ὑπὲρ
2345 3078 2649 3150 Ὠριγένους
2675 3077 3046 3147 Ἀπολογίαν,
3082 3077 3157 3142 ὡς
3196 3078 3426 3151 ἔφημεν,
3458 3079 3488 3137 6

221 3173 557 3241 imperatore
599 3170 862 3226 adversus
909 3168 1215 3226 Ecclesiam
1268 3170 1701 3238 persecutionis,
1748 3170 1802 3225 id

218 3274 308 3319 est
342 3263 538 3319 Christi
570 3263 695 3327 507,
738 3262 1071 3332 Pamphilus,
1110 3262 1327 3318 natione
1357 3261 1611 3327 Phoenix,
1641 3264 1802 3320 domo

220 3351 498 3423 Berytius,
550 3352 737 3417 Pierii,
785 3361 845 3406 ut
892 3351 1086 3407 scribit
1131 3348 1383 3416 Photius,
1421 3352 1803 3411 Alexandrina:

220 3443 483 3501 Ecclesiae
521 3444 823 3513 presbyteri
863 3444 1182 3515 discipulus,
1219 3443 1309 3513 qui
1346 3452 1457 3499 tum
1509 3444 1654 3500 inter
1682 3442 1801 3499 Cae-

221 3538 490 3593 sariensis
519 3537 773 3592 Ecclesiae
816 3537 1168 3609 presbyteros
1199 3538 1492 3602 eminebat,
1527 3546 1717 3608 captus
1749 3544 1805 3591 et

223 3629 282 3683 in
312 3644 586 3685 carcerem
623 3629 920 3699 coniectus,
966 3631 1175 3686 biennii
1213 3631 1444 3701 spatium
1476 3629 1533 3685 in
1578 3629 1804 3686 vinculis

220 3721 425 3790 exegit.
463 3722 537 3776 Eo
584 3731 824 3793 tempore
855 3723 1122 3779 Eusebius
1157 3724 1389 3778 amicum
1423 3730 1476 3778 et
1509 3724 1802 3779 contuber-

222 3817 402 3875 nalem
444 3832 603 3871 suum
652 3816 889 3871 invisens
940 3816 1183 3880 assidue,
1223 3832 1319 3872 seu
1369 3816 1644 3872 communi
1676 3830 1801 3877 cum

218 3924 289 3964 eo
315 3921 538 3962 carcere
569 3906 826 3969 inclusus,
872 3916 930 3960 ut
962 3907 1038 3960 ait
1074 3906 1314 3970 Pbotins,
1354 3908 1592 3977 quinque
1632 3907 1804 3963 libros

221 4000 561 4070 Defensionis
634 3997 877 4068 Origenis
932 4000 983 4052 in
1039 4014 1262 4054 carcere
1325 4014 1428 4052 una
1492 4014 1615 4055 cum
1673 3998 1800 4064 illo,

218 4104 439 4150 sextum
495 4106 624 4146 vero
666 4101 721 4145 et
780 4091 1027 4148 ultimum
1076 4091 1316 4161 ejusdem
1365 4092 1544 4158 operis
1604 4091 1801 4145 librum

219 4194 444 4239 mortuo
488 4185 700 4239 demum
754 4184 988 4243 absolvit
1037 4183 1347 4253 Pamphilo.
1420 4182 1616 4238 Totum
1666 4197 1802 4253 opus

219 4276 629 4331 confessoribus
666 4276 730 4329 ad
776 4275 991 4330 metalla
1033 4274 1334 4331 Palaestinae
1383 4275 1703 4348 degentibus
1734 4276 1800 4331 ab

219 4366 462 4423 Eusebio
489 4376 545 4421 et
580 4365 859 4435 Pamphilo
913 4376 1283 4436 nuncupatum
1307 4375 1411 4433 est,
1443 4370 1801 4435 quemadmo-

1906 3172 2190 3242 Πάμφιλος
2246 3172 2342 3225 σὺν
2394 3168 2639 3240 Εὐσεόίῳ
2666 3168 3061 3241 καθειργμένος
3098 3168 3176 3240 τῷ
3225 3171 3487 3242 οἰκήματι

1909 3262 2319 3334 συνεγράψατο,
2380 3261 2475 3315 καὶ
2532 3261 2738 3332 ταύτην
2789 3260 2924 3332 πρὸς
2982 3261 3106 3324 τοὺς
3161 3262 3219 3314 ἐν
3284 3261 3483 3332 μετάλο

1905 3356 2017 3419 λοις
2047 3355 2134 3409 διὰ
2173 3354 2403 3426 Χριστὸν
2432 3353 2978 3425 ταλαιπωρουμένους
3002 3354 3366 3425 διεπέμψατο·
3408 3347 3485 3409 ὧν

1903 3444 1972 3519 ἦν
1998 3447 2060 3501 τὸ
2092 3446 2417 3519 ἀκροθίνιον,
2472 3442 2901 3517 Πατερμούθιος,
2952 3446 2981 3498 ὁ
3008 3446 3145 3515 μετὰ
3175 3445 3348 3517 βραχὺ
3382 3445 3484 3517 τῆς

1906 3539 2191 3612 Παμφίλου
2224 3539 2564 3602 ἀναλύσεως,
2607 3537 2697 3591 διὰ
2724 3537 2895 3608 πυρὸς
2922 3538 3017 3589 καὶ
3040 3537 3203 3600 αὐτὸς
3233 3538 3329 3591 σὺν
3363 3536 3483 3590 ἐτέ-

1906 3651 2022 3706 ροις
2049 3633 2139 3687 τὸν
2189 3630 2300 3702 βίον
2337 3629 2659 3693 τελειωθείς.
2702 3648 2719 3681 ι
2758 3628 2886 3697 Ejus
2932 3642 3097 3697 porro
3145 3627 3482 3699 Apologiam,

1907 3734 1965 3780 ut
1991 3725 2250 3789 diximus,
2284 3722 2596 3790 Pamphilus
2627 3736 2732 3775 una
2772 3736 2894 3775 cum
2927 3720 3177 3784 Eusebio,
3207 3720 3482 3775 communi

1907 3833 2132 3874 carcere
2167 3816 2364 3873 inclusi
2398 3814 2861 3884 conscripserunt,
2893 3812 3250 3881 eamdemque
3278 3813 3345 3867 ad
3385 3830 3481 3869 eos

1906 3912 1997 3982 qui
2030 3926 2128 3982 pro
2152 3909 2353 3966 Christi
2385 3907 2602 3963 nomine
2631 3907 2697 3960 ad
2743 3906 2958 3961 metalla
2988 3906 3225 3961 damnati
3257 3921 3483 3962 exerce-

1905 4002 2126 4066 bantur,
2175 4000 2532 4057 consolationi
2585 3999 2884 4064 miserunt;
2950 4011 3180 4066 quorum
3228 3998 3481 4067 princeps

1906 4100 2026 4146 erat
2071 4089 2499 4154 Patermuthius.
2550 4087 2643 4159 (lui
2674 4095 2794 4155 post
2835 4084 3099 4154 Pamphili
3130 4100 3223 4154 per
3276 4096 3483 4156 marty-

1907 4178 2046 4231 rium
2120 4176 2560 4247 emigrationem,
2638 4176 2790 4230 brevi
2860 4174 3146 4245 interjecto
3214 4185 3476 4245 tempore,

1906 4267 2138 4325 ﬂammis
2176 4279 2230 4323 et
2263 4270 2376 4337 ipse
2424 4282 2547 4321 cum
2580 4266 2702 4320 aliis
2738 4266 2846 4319 vita
2884 4265 3069 4335 pulsus
3114 4274 3214 4319 est.
3253 4284 3270 4317 ι
3307 4264 3479 4336 Hujus

1905 4359 2175 4429 Apologia:
2213 4358 2472 4414 Eusebius
2516 4357 2611 4411 lib.
2648 4372 2701 4411 vr
2732 4356 2873 4411 Hist.
2927 4356 3080 4420 eccl.,
3130 4370 3253 4425 cap.
3285 4356 3375 4421 55,
3403 4357 3481 4410 sic

221 4460 352 4514 dum
378 4459 569 4513 scribit
618 4458 753 4511 idem
788 4455 1011 4511 Photius
1044 4456 1351 4510 Bibliothec.
1399 4457 1586 4510 codice
1635 4470 1801 4510 cxvm

1911 4453 2154 4507 meminit
2194 4468 2208 4506 :
2245 4452 2385 4505 Ὅσα
2435 4450 2491 4503 δὲ
2527 4451 2795 4519 ἀναγκαῖα
2823 4448 2930 4502 τῶν
2954 4449 3081 4519 περὶ
3111 4448 3273 4502 αὐτὸν
3304 4446 3481 4519 (Ὠρι-

221 4551 312 4605 his
338 4550 517 4603 verbis
550 4566 564 4601 :
606 4547 941 4618 Ἀνεγνώσθη
972 4546 1257 4617 Παμφίλου
1283 4545 1377 4599 τοῦ
1408 4545 1683 4616 μάρτυρος
1708 4546 1802 4598 καὶ

220 4641 485 4695 Εὐσεϐίου
534 4641 673 4710 ὑπὲρ
710 4640 1033 4710 Ὠριγένους·
1069 4640 1223 4709 τόμοι
1271 4637 1328 4691 δὲ
1373 4638 1432 4689 τὸ
1467 4636 1666 4707 βιϐλίον
1720 4635 1798 4703 ἒξ,

218 4728 297 4787 ὧν
321 4736 372 4787 οἱ
403 4734 500 4804 μὲν
535 4733 718 4795 πέντε,
753 4730 1021 4801 Παμφίλῳ
1043 4729 1103 4783 τὸ
1132 4729 1507 4800 δεσμωτήριον
1531 4726 1799 4790 οἰκοῦντι,

223 4827 607 4897 συμπαρόντος
662 4827 757 4879 καὶ
820 4822 1102 4885 Εὐσεϐίου,
1163 4820 1599 4891 ὲξεπονήθησανο
1651 4822 1679 4872 ὁ
1744 4819 1801 4873 δὲ

220 4922 403 4982 ἕκτος,
444 4920 566 4972 ἐπεὶ
597 4921 625 4971 ὁ
674 4917 884 4988 μάρτυς
919 4916 1059 4985 ξίφει
1086 4913 1179 4967 τοῦ
1231 4913 1327 4984 ζῇν
1367 4912 1652 4983 ἀπαχθεὶς,
1711 4912 1802 4964 ἀν-

221 5013 383 5067 έλυσε
434 5012 571 5083 πρὸς
608 5011 666 5064 ὃν
698 5009 879 5064 ἐπόθει
924 5002 1076 5072 Θεὸν,
1127 5005 1371 5076 Εὑσεδίῳ
1407 5004 1592 5058 λοιπὸν
1623 5005 1803 5073 ἀπαρ-

222 5106 453 5169 τίζεται.
487 5123 506 5156 ι
551 5103 699 5158 Lecti
728 5111 857 5156 sunt
902 5099 1169 5169 Pamphili
1213 5098 1473 5169 martyris
1506 5108 1558 5152 et
1588 5095 1803 5151 Eusebii

224 5210 327 5265 pro
360 5194 592 5264 Origene
625 5193 744 5247 libri
774 5207 892 5255 sex,
919 5206 1150 5260 quorum
1183 5190 1421 5259 quinque
1444 5199 1570 5244 sunt
1591 5205 1620 5243 a
1641 5189 1803 5243 Pam-

225 5288 377 5358 pbilo
411 5287 465 5341 in
510 5301 750 5349 carcere,
804 5292 1070 5351 praesente
1113 5283 1276 5336 etiam
1326 5281 1585 5342 Eusebio,
1615 5280 1801 5334 elabo-

227 5381 332 5435 rati
369 5394 383 5431 :
416 5388 603 5435 sextus
633 5393 761 5434 vero
790 5386 1076 5447 postquam
1116 5374 1227 5443 jam
1258 5385 1466 5445 martyr
1508 5371 1653 5426 ferro
1692 5372 1802 5441 pri-

225 5480 388 5526 vatus
414 5470 549 5534 vita,
600 5471 665 5525 ad
708 5470 866 5524 unice
898 5468 1263 5523 desideratum
1306 5466 1472 5521 Deum
1517 5464 1799 5535 migrarat,

226 5562 299 5618 ab
327 5561 558 5619 Eusebio
602 5571 687 5615 est
720 5559 1019 5616 absolutus.
1061 5578 1081 5612 ι
1126 5559 1193 5614 Et
1218 5557 1405 5628 paucis
1450 5556 1797 5626 interjectis:

247 5742 294 5775 ⁸⁸
319 5741 464 5798 Psal.
496 5756 601 5807 ειν,
636 5742 721 5796 l7.
798 5740 841 5771 ⁸⁷
872 5739 970 5794 an
1001 5755 1056 5793 III
1077 5780 1092 5803 ,
1120 5739 1203 5793 19.

431 5836 698 5894 PA'rttOL.
749 5836 863 5896 Gn.
918 5834 1112 5895 XVII.

1904 4543 2089 4617 γένην)
2141 4545 2427 4614 διαγνῶναι
2454 4540 2543 4615 ἦν,
2573 4543 2746 4596 ταῦτα
2774 4543 2866 4596 καὶ
2894 4542 2959 4595 ὲκ
2998 4542 3095 4612 τῆς
3143 4540 3285 4611 ὑπὲρ
3315 4539 3479 4594 αὑτοῦ

1907 4636 2286 4708 πεπονημένης
2311 4638 2440 4708 ἡμῖν
2463 4653 2524 4689 τε
2558 4636 2650 4689 καὶ
2679 4634 2757 4706 τῷ
2781 4632 2902 4687 καθ’
2932 4634 3079 4704 ἡμᾶς
3114 4632 3245 4702 ἱερῷ
3275 4631 3481 4703 μάρτυ-

1906 4744 1960 4798 ρι
2016 4726 2283 4798 Παμφίλῳ
2340 4726 2712 4794 Ἀπολογίας,
2766 4724 3029 4796 πάρεστιν
3083 4722 3476 4790 ἁναλέξασθαν

1904 4817 1970 4887 ἦν
2005 4816 2112 4870 τῶν
2149 4815 2426 4886 φιλαιτίων
2451 4816 2611 4869 ἕνεκα
2641 4817 3084 4888 συμπονήσαντες
3100 4816 3372 4887 ἀλλήλοις,
3394 4816 3481 4871 διὰ

1907 4907 2139 4977 σπουδῆς
2166 4908 2529 4978 πεποιήμεθα.
2571 4926 2589 4959 ι
2622 4906 2965 4977 Quaecunque
2991 4922 3122 4963 vero
3146 4921 3369 4962 necesse
3396 4917 3480 4962 est

1908 4999 1975 5053 de
2017 4998 2107 5053 illo
2141 4997 2421 5070 (Origene)
2466 5014 2779 5070 agnoscere,
2832 5013 2895 5054 ea
2952 4999 3060 5069 peti
3126 5008 3354 5067 possunt
3411 5016 3479 5053 ex

1909 5089 2243 5160 Apologetico
2301 5092 2394 5160 qui
2447 5106 2477 5143 a
2532 5090 2686 5145 nobis
2739 5099 2795 5145 et
2842 5105 2871 5143 a
2914 5098 3264 5145 sacrosancto
3305 5088 3478 5144 nostri

1912 5184 2172 5251 temporis
2230 5192 2469 5254 martyre
2506 5181 2791 5253 Pamphilo
2836 5198 2940 5253 pro
2987 5182 3131 5236 illius
3169 5180 3478 5237 defensione

1912 5276 2250 5346 conscriptus
2282 5286 2401 5343 est;
2451 5290 2610 5344 quem
2647 5276 2862 5346 quidem
2910 5290 3010 5330 nos
3050 5285 3272 5345 propter
3316 5273 3481 5329 male-

1907 5368 2061 5423 volos
2091 5369 2351 5436 quosdam
2379 5369 2775 5424 obtrectatores
2797 5369 3076 5423 communi
3104 5368 3283 5423 studio
3314 5376 3478 5435 atque

1905 5474 2070 5530 Opera
2099 5460 2326 5529 junctim
2367 5461 2786 5518 elaboravimus.
2839 5482 2858 5513 ι
2916 5462 3174 5518 Socrates
3218 5460 3347 5512 item
3380 5457 3474 5511 lib.

1909 5570 1965 5608 ιιι
2019 5550 2158 5609 Hist.
2192 5553 2400 5621 eccles.,
2450 5570 2571 5625 cap.
2618 5554 2651 5607 7
2693 5571 2708 5608 :
2767 5553 3046 5624 Ὠριγένης
3092 5551 3151 5605 δὲ
3201 5541 3478 5619 πανταχοδ

3095 5818 3221 5876 17η
