  <div class='ocr_page' id='page_1' title='image "/cluster/home/n/w/nwhite01/storage/ocr_20150623/17/nnc1.0046978615/271.png"; bbox 0 0 3884 6218; ppageno 0'>
   <div class='ocr_carea' id='block_1_1' title="bbox 426 260 529 319">
    <p class='ocr_par' dir='ltr' id='par_1_1' title="bbox 426 260 529 319">
     <span class='ocr_line' id='line_1_1' title="bbox 426 260 529 319; baseline 0.019 -3"><span class='ocrx_word' id='word_1_1' title='bbox 426 260 529 319; x_wconf 67' lang='lat'><strong>523</strong></span> 
     </span>
    </p>
   </div>
   <div class='ocr_carea' id='block_1_2' title="bbox 1627 260 2452 320">
    <p class='ocr_par' dir='ltr' id='par_1_2' title="bbox 1627 260 2452 320">
     <span class='ocr_line' id='line_1_2' title="bbox 1627 260 2452 320; baseline -0.002 0"><span class='ocrx_word' id='word_1_2' title='bbox 1627 264 1683 320; x_wconf 89' lang='lat' dir='ltr'><strong>S.</strong></span> <span class='ocrx_word' id='word_1_3' title='bbox 1726 262 2050 318; x_wconf 74' lang='lat' dir='ltr'><strong>PAMPHILI</strong></span> <span class='ocrx_word' id='word_1_4' title='bbox 2090 260 2452 319; x_wconf 74' lang='lat' dir='ltr'><strong>MABTYRIS</strong></span> 
     </span>
    </p>
   </div>
   <div class='ocr_carea' id='block_1_3' title="bbox 3573 266 3673 327">
    <p class='ocr_par' dir='ltr' id='par_1_3' title="bbox 3573 266 3673 327">
     <span class='ocr_line' id='line_1_3' title="bbox 3573 266 3673 327; baseline 0.02 -2"><span class='ocrx_word' id='word_1_5' title='bbox 3573 266 3673 327; x_wconf 69' lang='grc'><strong>524</strong></span> 
     </span>
    </p>
   </div>
   <div class='ocr_carea' id='block_1_4' title="bbox 426 357 1968 458">
    <p class='ocr_par' dir='ltr' id='par_1_4' title="bbox 426 357 1965 458">
     <span class='ocr_line' id='line_1_4' title="bbox 426 357 1965 458; baseline 0.001 -21"><span class='ocrx_word' id='word_1_6' title='bbox 426 385 523 455; x_wconf 79' lang='grc' dir='ltr'><strong>μὲν</strong></span> <span class='ocrx_word' id='word_1_7' title='bbox 556 358 621 438; x_wconf 24' lang='grc' dir='ltr'><strong>ὲν.</strong></span> <span class='ocrx_word' id='word_1_8' title='bbox 645 357 754 449; x_wconf 59' lang='grc' dir='ltr'>τοῖς</span> <span class='ocrx_word' id='word_1_9' title='bbox 809 386 1124 457; x_wconf 80' lang='grc' dir='ltr'>φερομένοις</span> <span class='ocrx_word' id='word_1_10' title='bbox 1178 385 1339 440; x_wconf 85' lang='grc' dir='ltr'>αὖτοῦ</span> <span class='ocrx_word' id='word_1_11' title='bbox 1377 386 1601 457; x_wconf 80' lang='grc' dir='ltr'>βιϐλίοις</span> <span class='ocrx_word' id='word_1_12' title='bbox 1634 386 1874 458; x_wconf 77' lang='grc' dir='ltr'>ἔμψυχον</span> <span class='ocrx_word' id='word_1_13' title='bbox 1904 386 1965 439; x_wconf 85' lang='grc' dir='ltr'><strong>τὸ</strong></span> 
     </span>
    </p>
   </div>
   <div class='ocr_carea' id='block_1_5' title="bbox 2073 357 3674 458">
    <p class='ocr_par' dir='ltr' id='par_1_5' title="bbox 2099 382 3674 455">
     <span class='ocr_line' id='line_1_5' title="bbox 2099 382 3674 455; baseline 0.003 -17"><span class='ocrx_word' id='word_1_14' title='bbox 2099 387 2361 448; x_wconf 77' lang='lat' dir='ltr'><strong>exercuit,</strong></span> <span class='ocrx_word' id='word_1_15' title='bbox 2397 385 2597 439; x_wconf 91' lang='lat' dir='ltr'><strong>nullam</strong></span> <span class='ocrx_word' id='word_1_16' title='bbox 2631 384 2683 439; x_wconf 86' lang='lat' dir='ltr'><strong>in</strong></span> <span class='ocrx_word' id='word_1_17' title='bbox 2719 398 2817 440; x_wconf 88' lang='lat' dir='ltr'><strong>suo</strong></span> <span class='ocrx_word' id='word_1_18' title='bbox 2843 382 3102 455; x_wconf 82' lang='lat' dir='ltr'><strong>Catalogo</strong></span> <span class='ocrx_word' id='word_1_19' title='bbox 3132 384 3362 440; x_wconf 85' lang='lat' dir='ltr'><strong>virorum</strong></span> <span class='ocrx_word' id='word_1_20' title='bbox 3389 386 3674 442; x_wconf 78' lang='lat' dir='ltr'><strong>illustrium</strong></span> 
     </span>
    </p>
   </div>
   <div class='ocr_carea' id='block_1_6' title="bbox 422 474 2004 549">
    <p class='ocr_par' dir='ltr' id='par_1_6' title="bbox 422 474 2004 549">
     <span class='ocr_line' id='line_1_6' title="bbox 422 474 2004 549; baseline 0 -18"><span class='ocrx_word' id='word_1_21' title='bbox 422 477 915 549; x_wconf 83' lang='grc' dir='ltr'>ἐνανθρωπήσαντα</span> <span class='ocrx_word' id='word_1_22' title='bbox 948 474 1083 531; x_wconf 80' lang='grc' dir='ltr'>οἶδεν</span> <span class='ocrx_word' id='word_1_23' title='bbox 1110 496 1123 508; x_wconf 67' lang='grc'>³</span> <span class='ocrx_word' id='word_1_24' title='bbox 1176 478 1357 542; x_wconf 77' lang='grc' dir='ltr'>ιδικῶς</span> <span class='ocrx_word' id='word_1_25' title='bbox 1400 479 1457 531; x_wconf 80' lang='grc' dir='ltr'>δὲ</span> <span class='ocrx_word' id='word_1_26' title='bbox 1498 482 1526 532; x_wconf 90' lang='grc' dir='ltr'>ὁ</span> <span class='ocrx_word' id='word_1_27' title='bbox 1577 481 1663 544; x_wconf 82' lang='grc' dir='ltr'><strong>εὶς</strong></span> <span class='ocrx_word' id='word_1_28' title='bbox 1686 479 1803 547; x_wconf 78' lang='grc' dir='ltr'><strong>τὴν</strong></span> <span class='ocrx_word' id='word_1_29' title='bbox 1829 479 2004 531; x_wconf 80' lang='grc' dir='ltr'><strong>Γένε-</strong></span> 
     </span>
    </p>
   </div>
   <div class='ocr_carea' id='block_1_7' title="bbox 421 566 2001 642">
    <p class='ocr_par' dir='ltr' id='par_1_7' title="bbox 421 566 2001 642">
     <span class='ocr_line' id='line_1_7' title="bbox 421 566 2001 642; baseline 0.002 -21"><span class='ocrx_word' id='word_1_30' title='bbox 421 584 525 621; x_wconf 82' lang='grc' dir='ltr'>σιν</span> <span class='ocrx_word' id='word_1_31' title='bbox 545 566 693 639; x_wconf 80' lang='grc' dir='ltr'>αὑτῷ</span> <span class='ocrx_word' id='word_1_32' title='bbox 719 569 1090 640; x_wconf 84' lang='grc' dir='ltr'>πεπονημένος</span> <span class='ocrx_word' id='word_1_33' title='bbox 1120 570 1337 634; x_wconf 74' lang='grc' dir='ltr'>ἕννατος</span> <span class='ocrx_word' id='word_1_34' title='bbox 1359 572 1542 641; x_wconf 84' lang='grc' dir='ltr'><strong>τόμος,</strong></span> <span class='ocrx_word' id='word_1_35' title='bbox 1573 570 1636 624; x_wconf 82' lang='grc' dir='ltr'>τὸ</span> <span class='ocrx_word' id='word_1_36' title='bbox 1660 572 1787 642; x_wconf 77' lang='grc' dir='ltr'>περὶ</span> <span class='ocrx_word' id='word_1_37' title='bbox 1812 571 2001 625; x_wconf 83' lang='grc' dir='ltr'>τούτου</span> 
     </span>
    </p>
   </div>
   <div class='ocr_carea' id='block_1_8' title="bbox 424 656 2002 732">
    <p class='ocr_par' dir='ltr' id='par_1_8' title="bbox 424 656 2002 732">
     <span class='ocr_line' id='line_1_8' title="bbox 424 656 2002 732; baseline 0.006 -27"><span class='ocrx_word' id='word_1_38' title='bbox 424 657 718 726; x_wconf 86' lang='grc' dir='ltr'>μυστήριον</span> <span class='ocrx_word' id='word_1_39' title='bbox 774 656 1136 727; x_wconf 78' lang='grc' dir='ltr'><strong>ἐφανέρωσεν,</strong></span> <span class='ocrx_word' id='word_1_40' title='bbox 1180 658 1308 712; x_wconf 77' lang='grc' dir='ltr'>ἔνθα</span> <span class='ocrx_word' id='word_1_41' title='bbox 1376 659 1544 731; x_wconf 84' lang='grc' dir='ltr'>Ἀδὰμ</span> <span class='ocrx_word' id='word_1_42' title='bbox 1600 660 1697 729; x_wconf 85' lang='grc' dir='ltr'><strong>μὲν</strong></span> <span class='ocrx_word' id='word_1_43' title='bbox 1727 660 1817 713; x_wconf 77' lang='grc' dir='ltr'><strong>τὸν</strong></span> <span class='ocrx_word' id='word_1_44' title='bbox 1870 662 2002 732; x_wconf 89' lang='grc' dir='ltr'>Χρι-</span> 
     </span>
    </p>
   </div>
   <div class='ocr_carea' id='block_1_9' title="bbox 420 749 2001 825">
    <p class='ocr_par' dir='ltr' id='par_1_9' title="bbox 420 749 2001 825">
     <span class='ocr_line' id='line_1_9' title="bbox 420 749 2001 825; baseline 0.004 -24"><span class='ocrx_word' id='word_1_45' title='bbox 420 749 563 813; x_wconf 78' lang='grc' dir='ltr'>στὸν,</span> <span class='ocrx_word' id='word_1_46' title='bbox 599 749 744 803; x_wconf 76' lang='grc' dir='ltr'>Εὔαν</span> <span class='ocrx_word' id='word_1_47' title='bbox 770 750 845 814; x_wconf 82' lang='grc' dir='ltr'><strong>δὲ,</strong></span> <span class='ocrx_word' id='word_1_48' title='bbox 865 750 962 821; x_wconf 82' lang='grc' dir='ltr'><strong>τὴν</strong></span> <span class='ocrx_word' id='word_1_49' title='bbox 994 750 1315 822; x_wconf 83' lang='grc' dir='ltr'><strong>Ἐκκλησίαν</strong></span> <span class='ocrx_word' id='word_1_50' title='bbox 1348 749 1483 805; x_wconf 79' lang='grc' dir='ltr'>εἷναι</span> <span class='ocrx_word' id='word_1_51' title='bbox 1510 752 1840 825; x_wconf 85' lang='grc' dir='ltr'>πλατύτερον</span> <span class='ocrx_word' id='word_1_52' title='bbox 1873 771 2001 808; x_wconf 88' lang='grc' dir='ltr'>κατ-</span> 
     </span>
    </p>
   </div>
   <div class='ocr_carea' id='block_1_10' title="bbox 417 840 1997 917">
    <p class='ocr_par' dir='ltr' id='par_1_10' title="bbox 417 840 1997 917">
     <span class='ocr_line' id='line_1_10' title="bbox 417 840 1997 917; baseline 0.004 -24"><span class='ocrx_word' id='word_1_53' title='bbox 417 840 712 894; x_wconf 73' lang='grc' dir='ltr'>εσκεύασεο</span> <span class='ocrx_word' id='word_1_54' title='bbox 771 844 1045 914; x_wconf 87' lang='grc' dir='ltr'>μάρτυρες</span> <span class='ocrx_word' id='word_1_55' title='bbox 1098 843 1302 897; x_wconf 83' lang='grc' dir='ltr'>τούτων</span> <span class='ocrx_word' id='word_1_56' title='bbox 1350 844 1670 909; x_wconf 81' lang='grc' dir='ltr'><strong>ἀξιόπιστοι,</strong></span> <span class='ocrx_word' id='word_1_57' title='bbox 1714 847 1822 899; x_wconf 83' lang='grc' dir='ltr'><strong>ὅτε</strong></span> <span class='ocrx_word' id='word_1_58' title='bbox 1858 847 1997 917; x_wconf 76' lang='grc' dir='ltr'>ἱερὸς</span> 
     </span>
    </p>
   </div>
   <div class='ocr_carea' id='block_1_11' title="bbox 418 932 1992 1008">
    <p class='ocr_par' dir='ltr' id='par_1_11' title="bbox 418 932 1992 1008">
     <span class='ocr_line' id='line_1_11' title="bbox 418 932 1992 1008; baseline 0.005 -24"><span class='ocrx_word' id='word_1_59' title='bbox 418 932 720 1003; x_wconf 82' lang='grc' dir='ltr'>Πάμφιλος,</span> <span class='ocrx_word' id='word_1_60' title='bbox 776 935 866 988; x_wconf 70' lang='grc' dir='ltr'>Ααὶ</span> <span class='ocrx_word' id='word_1_61' title='bbox 912 935 940 985; x_wconf 87' lang='grc' dir='ltr'>ὁ</span> <span class='ocrx_word' id='word_1_62' title='bbox 981 933 1040 999; x_wconf 79' lang='grc' dir='ltr'>ἐξ</span> <span class='ocrx_word' id='word_1_63' title='bbox 1092 936 1255 989; x_wconf 83' lang='grc' dir='ltr'>αὑτοῦ</span> <span class='ocrx_word' id='word_1_64' title='bbox 1285 936 1637 1008; x_wconf 74' lang='grc' dir='ltr'>χρηματίζων</span> <span class='ocrx_word' id='word_1_65' title='bbox 1694 939 1992 1003; x_wconf 74' lang='grc' dir='ltr'>Εὐσέϐιος·</span> 
     </span>
    </p>
   </div>
   <div class='ocr_carea' id='block_1_12' title="bbox 416 1025 1993 1101">
    <p class='ocr_par' dir='ltr' id='par_1_12' title="bbox 416 1025 1993 1101">
     <span class='ocr_line' id='line_1_12' title="bbox 416 1025 1993 1101; baseline 0.004 -23"><span class='ocrx_word' id='word_1_66' title='bbox 416 1025 582 1095; x_wconf 79' lang='grc' dir='ltr'>ἄμφω</span> <span class='ocrx_word' id='word_1_67' title='bbox 615 1025 723 1099; x_wconf 86' lang='grc' dir='ltr'>γὰρ</span> <span class='ocrx_word' id='word_1_68' title='bbox 750 1031 905 1099; x_wconf 78' lang='grc' dir='ltr'>κοινῇ</span> <span class='ocrx_word' id='word_1_69' title='bbox 934 1028 1023 1081; x_wconf 80' lang='grc' dir='ltr'><strong>τὸν</strong></span> <span class='ocrx_word' id='word_1_70' title='bbox 1068 1029 1370 1100; x_wconf 81' lang='grc' dir='ltr'>Ὠριγένους</span> <span class='ocrx_word' id='word_1_71' title='bbox 1399 1030 1818 1101; x_wconf 81' lang='grc' dir='ltr'>παρατιθέμενοι</span> <span class='ocrx_word' id='word_1_72' title='bbox 1861 1031 1993 1101; x_wconf 82' lang='grc' dir='ltr'>βίον,</span> 
     </span>
    </p>
   </div>
   <div class='ocr_carea' id='block_1_13' title="bbox 417 1116 1994 1189">
    <p class='ocr_par' dir='ltr' id='par_1_13' title="bbox 417 1116 1994 1189">
     <span class='ocr_line' id='line_1_13' title="bbox 417 1116 1994 1189; baseline 0 -21"><span class='ocrx_word' id='word_1_73' title='bbox 417 1116 510 1168; x_wconf 80' lang='grc' dir='ltr'><strong>καὶ</strong></span> <span class='ocrx_word' id='word_1_74' title='bbox 538 1116 677 1185; x_wconf 82' lang='grc' dir='ltr'>πρὸς</span> <span class='ocrx_word' id='word_1_75' title='bbox 715 1118 837 1180; x_wconf 77' lang='grc' dir='ltr'>τοὺς</span> <span class='ocrx_word' id='word_1_76' title='bbox 883 1119 946 1169; x_wconf 81' lang='grc' dir='ltr'>ἐκ</span> <span class='ocrx_word' id='word_1_77' title='bbox 1001 1116 1321 1188; x_wconf 75' lang='grc' dir='ltr'>προλήψεως</span> <span class='ocrx_word' id='word_1_78' title='bbox 1347 1117 1821 1188; x_wconf 82' lang='grc' dir='ltr'>ἀπεχθανομένους</span> <span class='ocrx_word' id='word_1_79' title='bbox 1860 1118 1994 1189; x_wconf 76' lang='grc' dir='ltr'>πρὸς</span> 
     </span>
    </p>
   </div>
   <div class='ocr_carea' id='block_1_14' title="bbox 415 1208 1992 1280">
    <p class='ocr_par' dir='ltr' id='par_1_14' title="bbox 415 1208 1992 1280">
     <span class='ocr_line' id='line_1_14' title="bbox 415 1208 1992 1280; baseline 0.001 -20"><span class='ocrx_word' id='word_1_80' title='bbox 415 1208 504 1261; x_wconf 75' lang='grc' dir='ltr'><strong>τὸν</strong></span> <span class='ocrx_word' id='word_1_81' title='bbox 538 1208 707 1280; x_wconf 81' lang='grc' dir='ltr'>ἄνδρα</span> <span class='ocrx_word' id='word_1_82' title='bbox 750 1208 1113 1272; x_wconf 84' lang='grc' dir='ltr'>ἀπαντῶντες,</span> <span class='ocrx_word' id='word_1_83' title='bbox 1168 1208 1396 1273; x_wconf 77' lang='grc' dir='ltr'>ἐνδόξοις</span> <span class='ocrx_word' id='word_1_84' title='bbox 1445 1208 1667 1278; x_wconf 77' lang='grc' dir='ltr'>βιϐλίοις</span> <span class='ocrx_word' id='word_1_85' title='bbox 1700 1210 1992 1279; x_wconf 81' lang='grc' dir='ltr'>ἀπολογίαν</span> 
     </span>
    </p>
   </div>
   <div class='ocr_carea' id='block_1_15' title="bbox 402 1300 1991 1373">
    <p class='ocr_par' dir='ltr' id='par_1_15' title="bbox 402 1300 1991 1373">
     <span class='ocr_line' id='line_1_15' title="bbox 402 1300 1991 1373; baseline 0.003 -22"><span class='ocrx_word' id='word_1_86' title='bbox 402 1300 554 1371; x_wconf 70' lang='grc' dir='ltr'>’ὑπὲρ</span> <span class='ocrx_word' id='word_1_87' title='bbox 605 1300 767 1354; x_wconf 81' lang='grc' dir='ltr'>αὐτοῦ</span> <span class='ocrx_word' id='word_1_88' title='bbox 815 1300 1145 1371; x_wconf 78' lang='grc' dir='ltr'>ποιούμενοι,</span> <span class='ocrx_word' id='word_1_89' title='bbox 1192 1300 1252 1352; x_wconf 81' lang='grc' dir='ltr'><strong>οὐ</strong></span> <span class='ocrx_word' id='word_1_90' title='bbox 1309 1300 1523 1369; x_wconf 85' lang='grc' dir='ltr'>πρῶτον</span> <span class='ocrx_word' id='word_1_91' title='bbox 1570 1302 1849 1373; x_wconf 79' lang='grc' dir='ltr'>Ὠριγένην</span> <span class='ocrx_word' id='word_1_92' title='bbox 1901 1303 1991 1356; x_wconf 78' lang='grc' dir='ltr'>ἐπὶ</span> 
     </span>
    </p>
   </div>
   <div class='ocr_carea' id='block_1_16' title="bbox 410 1393 1991 1469">
    <p class='ocr_par' dir='ltr' id='par_1_16' title="bbox 410 1393 1991 1469">
     <span class='ocr_line' id='line_1_16' title="bbox 410 1393 1991 1469; baseline 0.018 -37"><span class='ocrx_word' id='word_1_93' title='bbox 410 1393 614 1464; x_wconf 63' lang='grc' dir='ltr'><strong>ταύτην</strong></span> <span class='ocrx_word' id='word_1_94' title='bbox 640 1394 736 1465; x_wconf 71' lang='grc' dir='ltr'>τὴν</span> <span class='ocrx_word' id='word_1_95' title='bbox 765 1394 1145 1465; x_wconf 86' lang='grc' dir='ltr'>πραγματείαν</span> <span class='ocrx_word' id='word_1_96' title='bbox 1176 1395 1349 1450; x_wconf 79' lang='grc' dir='ltr'>ἐλθεῖν</span> <span class='ocrx_word' id='word_1_97' title='bbox 1387 1412 1570 1466; x_wconf 85' lang='grc' dir='ltr'>φασιν,</span> <span class='ocrx_word' id='word_1_98' title='bbox 1604 1396 1740 1451; x_wconf 83' lang='grc' dir='ltr'>ἀλλὰ</span> <span class='ocrx_word' id='word_1_99' title='bbox 1764 1397 1861 1469; x_wconf 86' lang='grc' dir='ltr'><strong>τὴν</strong></span> <span class='ocrx_word' id='word_1_100' title='bbox 1891 1399 1991 1469; x_wconf 83' lang='grc' dir='ltr'><strong>τῆς</strong></span> 
     </span>
    </p>
   </div>
   <div class='ocr_carea' id='block_1_17' title="bbox 423 1484 1985 1559">
    <p class='ocr_par' dir='ltr' id='par_1_17' title="bbox 423 1484 1985 1559">
     <span class='ocr_line' id='line_1_17' title="bbox 423 1484 1985 1559; baseline 0.004 -21"><span class='ocrx_word' id='word_1_101' title='bbox 423 1484 749 1556; x_wconf 83' lang='grc' dir='ltr'>Ἐκκλησίας</span> <span class='ocrx_word' id='word_1_102' title='bbox 794 1485 1060 1555; x_wconf 84' lang='grc' dir='ltr'>μυστικὴν</span> <span class='ocrx_word' id='word_1_103' title='bbox 1090 1486 1420 1558; x_wconf 79' lang='grc' dir='ltr'>ἑρμηνεῦσαι</span> <span class='ocrx_word' id='word_1_104' title='bbox 1447 1487 1760 1559; x_wconf 83' lang='grc' dir='ltr'>παράδοσιν.</span> <span class='ocrx_word' id='word_1_105' title='bbox 1804 1507 1822 1539; x_wconf 75' lang='grc' dir='ltr'><strong>ι</strong></span> <span class='ocrx_word' id='word_1_106' title='bbox 1861 1489 1985 1544; x_wconf 90' lang='lat' dir='ltr'><strong>Ori-</strong></span> 
     </span>
    </p>
   </div>
   <div class='ocr_carea' id='block_1_18' title="bbox 411 1575 1985 1644">
    <p class='ocr_par' dir='ltr' id='par_1_18' title="bbox 411 1575 1985 1644">
     <span class='ocr_line' id='line_1_18' title="bbox 411 1575 1985 1644; baseline 0.004 -17"><span class='ocrx_word' id='word_1_107' title='bbox 411 1589 575 1643; x_wconf 84' lang='lat' dir='ltr'><strong>genes</strong></span> <span class='ocrx_word' id='word_1_108' title='bbox 622 1589 836 1644; x_wconf 88' lang='lat' dir='ltr'><strong>quoque</strong></span> <span class='ocrx_word' id='word_1_109' title='bbox 886 1575 941 1630; x_wconf 90' lang='lat' dir='ltr'><strong>in</strong></span> <span class='ocrx_word' id='word_1_110' title='bbox 997 1578 1252 1631; x_wconf 91' lang='lat' dir='ltr'><strong>omnibus</strong></span> <span class='ocrx_word' id='word_1_111' title='bbox 1302 1576 1457 1631; x_wconf 87' lang='lat' dir='ltr'><strong>libris</strong></span> <span class='ocrx_word' id='word_1_112' title='bbox 1510 1578 1644 1643; x_wconf 87' lang='lat' dir='ltr'><strong>suis,</strong></span> <span class='ocrx_word' id='word_1_113' title='bbox 1710 1578 1985 1635; x_wconf 79' lang='lat' dir='ltr'><strong>Christum</strong></span> 
     </span>
    </p>
   </div>
   <div class='ocr_carea' id='block_1_19' title="bbox 414 1667 1980 1740">
    <p class='ocr_par' dir='ltr' id='par_1_19' title="bbox 414 1667 1980 1740">
     <span class='ocr_line' id='line_1_19' title="bbox 414 1667 1980 1740; baseline 0.003 -19"><span class='ocrx_word' id='word_1_114' title='bbox 414 1668 685 1722; x_wconf 88' lang='lat' dir='ltr'><strong>hominem</strong></span> <span class='ocrx_word' id='word_1_115' title='bbox 728 1667 928 1723; x_wconf 80' lang='lat' dir='ltr'><strong>factum</strong></span> <span class='ocrx_word' id='word_1_116' title='bbox 977 1669 1157 1722; x_wconf 85' lang='lat' dir='ltr'><strong>anitna</strong></span> <span class='ocrx_word' id='word_1_117' title='bbox 1213 1670 1493 1740; x_wconf 68' lang='lat' dir='ltr'><strong>praeditum</strong></span> <span class='ocrx_word' id='word_1_118' title='bbox 1534 1686 1654 1726; x_wconf 90' lang='lat' dir='ltr'><strong>esse</strong></span> <span class='ocrx_word' id='word_1_119' title='bbox 1689 1673 1980 1740; x_wconf 90' lang='lat' dir='ltr'><strong>agnoscit:</strong></span> 
     </span>
    </p>
   </div>
   <div class='ocr_carea' id='block_1_20' title="bbox 2108 477 2609 531">
    <p class='ocr_par' dir='ltr' id='par_1_20' title="bbox 2108 477 2609 531">
     <span class='ocr_line' id='line_1_20' title="bbox 2108 477 2609 531; baseline -0.004 -1"><span class='ocrx_word' id='word_1_120' title='bbox 2108 477 2434 531; x_wconf 82' lang='lat' dir='ltr'><strong>mentionem</strong></span> <span class='ocrx_word' id='word_1_121' title='bbox 2466 477 2609 530; x_wconf 78' lang='lat' dir='ltr'><strong>fecit.</strong></span> 
     </span>
    </p>
   </div>
   <div class='ocr_carea' id='block_1_21' title="bbox 2176 568 3668 633">
    <p class='ocr_par' dir='ltr' id='par_1_21' title="bbox 2176 568 3668 633">
     <span class='ocr_line' id='line_1_21' title="bbox 2176 568 3668 633; baseline 0.003 -12"><span class='ocrx_word' id='word_1_122' title='bbox 2176 568 2236 622; x_wconf 93' lang='lat' dir='ltr'><strong>ll.</strong></span> <span class='ocrx_word' id='word_1_123' title='bbox 2270 570 2427 623; x_wconf 85' lang='lat' dir='ltr'><strong>Anno</strong></span> <span class='ocrx_word' id='word_1_124' title='bbox 2474 568 2680 624; x_wconf 76' lang='lat' dir='ltr'><strong>Christi</strong></span> <span class='ocrx_word' id='word_1_125' title='bbox 2733 568 2857 633; x_wconf 76' lang='lat'><strong>597,</strong></span> <span class='ocrx_word' id='word_1_126' title='bbox 2894 568 3146 632; x_wconf 79' lang='lat' dir='ltr'><strong>Rufinus,</strong></span> <span class='ocrx_word' id='word_1_127' title='bbox 3200 585 3231 624; x_wconf 92' lang='lat' dir='ltr'><strong>e</strong></span> <span class='ocrx_word' id='word_1_128' title='bbox 3284 569 3565 625; x_wconf 50' lang='lat' dir='ltr'><strong>Palaestina</strong></span> <span class='ocrx_word' id='word_1_129' title='bbox 3618 573 3668 625; x_wconf 91' lang='lat' dir='ltr'><strong>in</strong></span> 
     </span>
    </p>
   </div>
   <div class='ocr_carea' id='block_1_22' title="bbox 2104 657 3672 728">
    <p class='ocr_par' dir='ltr' id='par_1_22' title="bbox 2104 657 3672 728">
     <span class='ocr_line' id='line_1_22' title="bbox 2104 657 3672 728; baseline 0.004 -16"><span class='ocrx_word' id='word_1_130' title='bbox 2104 657 2309 713; x_wconf 89' lang='lat' dir='ltr'><strong>Italiam</strong></span> <span class='ocrx_word' id='word_1_131' title='bbox 2338 675 2366 713; x_wconf 91' lang='lat' dir='ltr'><strong>a</strong></span> <span class='ocrx_word' id='word_1_132' title='bbox 2417 670 2609 714; x_wconf 89' lang='lat' dir='ltr'><strong>sancto</strong></span> <span class='ocrx_word' id='word_1_133' title='bbox 2641 659 2978 722; x_wconf 88' lang='lat' dir='ltr'><strong>Chromatio,</strong></span> <span class='ocrx_word' id='word_1_134' title='bbox 3011 659 3373 728; x_wconf 75' lang='lat' dir='ltr'><strong>Aquileiensis</strong></span> <span class='ocrx_word' id='word_1_135' title='bbox 3420 663 3672 718; x_wconf 76' lang='lat' dir='ltr'><strong>Ecclesize</strong></span> 
     </span>
    </p>
   </div>
   <div class='ocr_carea' id='block_1_23' title="bbox 2102 753 3666 824">
    <p class='ocr_par' dir='ltr' id='par_1_23' title="bbox 2102 753 3666 824">
     <span class='ocr_line' id='line_1_23' title="bbox 2102 753 3666 824; baseline 0.002 -19"><span class='ocrx_word' id='word_1_136' title='bbox 2102 753 2376 822; x_wconf 89' lang='lat' dir='ltr'><strong>episcopo,</strong></span> <span class='ocrx_word' id='word_1_137' title='bbox 2418 763 2695 817; x_wconf 72' lang='lat' dir='ltr'><strong>evocatus,</strong></span> <span class='ocrx_word' id='word_1_138' title='bbox 2732 754 2820 808; x_wconf 79' lang='lat' dir='ltr'><strong>tibi</strong></span> <span class='ocrx_word' id='word_1_139' title='bbox 2865 755 3094 809; x_wconf 77' lang='lat' dir='ltr'><strong>Romam</strong></span> <span class='ocrx_word' id='word_1_140' title='bbox 3151 754 3389 818; x_wconf 81' lang='lat' dir='ltr'><strong>advenit,</strong></span> <span class='ocrx_word' id='word_1_141' title='bbox 3438 758 3666 824; x_wconf 89' lang='lat' dir='ltr'><strong>primum</strong></span> 
     </span>
    </p>
   </div>
   <div class='ocr_carea' id='block_1_24' title="bbox 2102 844 3667 915">
    <p class='ocr_par' dir='ltr' id='par_1_24' title="bbox 2102 844 3667 915">
     <span class='ocr_line' id='line_1_24' title="bbox 2102 844 3667 915; baseline 0.005 -18"><span class='ocrx_word' id='word_1_142' title='bbox 2102 844 2261 912; x_wconf 88' lang='lat' dir='ltr'><strong>hujus</strong></span> <span class='ocrx_word' id='word_1_143' title='bbox 2290 845 2557 915; x_wconf 72' lang='lat' dir='ltr'><strong>Apologia:</strong></span> <span class='ocrx_word' id='word_1_144' title='bbox 2618 845 2814 899; x_wconf 90' lang='lat' dir='ltr'><strong>librum</strong></span> <span class='ocrx_word' id='word_1_145' title='bbox 2867 847 3061 901; x_wconf 88' lang='lat' dir='ltr'><strong>Latine</strong></span> <span class='ocrx_word' id='word_1_146' title='bbox 3110 847 3296 908; x_wconf 84' lang='lat' dir='ltr'><strong>vertit,</strong></span> <span class='ocrx_word' id='word_1_147' title='bbox 3333 855 3388 901; x_wconf 90' lang='lat' dir='ltr'><strong>et</strong></span> <span class='ocrx_word' id='word_1_148' title='bbox 3421 848 3519 901; x_wconf 89' lang='lat' dir='ltr'><strong>sub</strong></span> <span class='ocrx_word' id='word_1_149' title='bbox 3552 849 3667 905; x_wconf 89' lang='lat' dir='ltr'><strong>solo</strong></span> 
     </span>
    </p>
   </div>
   <div class='ocr_carea' id='block_1_25' title="bbox 2100 936 3662 1006">
    <p class='ocr_par' dir='ltr' id='par_1_25' title="bbox 2100 936 3662 1006">
     <span class='ocr_line' id='line_1_25' title="bbox 2100 936 3662 1006; baseline 0.004 -17"><span class='ocrx_word' id='word_1_150' title='bbox 2100 936 2352 1006; x_wconf 87' lang='lat' dir='ltr'><strong>martyris</strong></span> <span class='ocrx_word' id='word_1_151' title='bbox 2397 936 2663 1006; x_wconf 87' lang='lat' dir='ltr'><strong>Pamphili</strong></span> <span class='ocrx_word' id='word_1_152' title='bbox 2718 940 2938 992; x_wconf 91' lang='lat' dir='ltr'><strong>nomine</strong></span> <span class='ocrx_word' id='word_1_153' title='bbox 2989 937 3304 1006; x_wconf 81' lang='lat' dir='ltr'><strong>publicavit.</strong></span> <span class='ocrx_word' id='word_1_154' title='bbox 3348 938 3457 993; x_wconf 85' lang='lat' dir='ltr'><strong>Cur</strong></span> <span class='ocrx_word' id='word_1_155' title='bbox 3488 948 3662 995; x_wconf 91' lang='lat' dir='ltr'><strong>autem</strong></span> 
     </span>
    </p>
   </div>
   <div class='ocr_carea' id='block_1_26' title="bbox 2101 1027 3666 1098">
    <p class='ocr_par' dir='ltr' id='par_1_26' title="bbox 2101 1027 3666 1098">
     <span class='ocr_line' id='line_1_26' title="bbox 2101 1027 3666 1098; baseline 0.002 -18"><span class='ocrx_word' id='word_1_156' title='bbox 2101 1027 2150 1082; x_wconf 92' lang='lat' dir='ltr'><strong>id</strong></span> <span class='ocrx_word' id='word_1_157' title='bbox 2181 1028 2361 1096; x_wconf 88' lang='lat' dir='ltr'><strong>operis</strong></span> <span class='ocrx_word' id='word_1_158' title='bbox 2384 1043 2673 1097; x_wconf 82' lang='lat' dir='ltr'><strong>aggressus</strong></span> <span class='ocrx_word' id='word_1_159' title='bbox 2700 1029 2789 1091; x_wconf 91' lang='lat' dir='ltr'><strong>sit,</strong></span> <span class='ocrx_word' id='word_1_160' title='bbox 2821 1029 2899 1083; x_wconf 83' lang='lat' dir='ltr'><strong>sic.</strong></span> <span class='ocrx_word' id='word_1_161' title='bbox 2923 1029 3036 1098; x_wconf 92' lang='lat' dir='ltr'><strong>ipse</strong></span> <span class='ocrx_word' id='word_1_162' title='bbox 3067 1030 3291 1098; x_wconf 77' lang='lat' dir='ltr'><strong>exponit</strong></span> <span class='ocrx_word' id='word_1_163' title='bbox 3317 1029 3410 1082; x_wconf 89' lang='lat' dir='ltr'><strong>lib.</strong></span> <span class='ocrx_word' id='word_1_164' title='bbox 3439 1046 3453 1083; x_wconf 97' lang='lat' dir='ltr'>I</span> <span class='ocrx_word' id='word_1_165' title='bbox 3485 1031 3666 1085; x_wconf 81' lang='lat' dir='ltr'><strong>adver-</strong></span> 
     </span>
    </p>
   </div>
   <div class='ocr_carea' id='block_1_27' title="bbox 2095 1116 3662 1188">
    <p class='ocr_par' dir='ltr' id='par_1_27' title="bbox 2095 1116 3662 1188">
     <span class='ocr_line' id='line_1_27' title="bbox 2095 1116 3662 1188; baseline 0.003 -17"><span class='ocrx_word' id='word_1_166' title='bbox 2095 1134 2184 1171; x_wconf 81' lang='lat' dir='ltr'><strong>sus</strong></span> <span class='ocrx_word' id='word_1_167' title='bbox 2219 1116 2641 1188; x_wconf 73' lang='lat' dir='ltr'><strong>Hieronymum:</strong></span> <span class='ocrx_word' id='word_1_168' title='bbox 2669 1137 2687 1169; x_wconf 75' lang='grc' dir='ltr'><strong>ι</strong></span> <span class='ocrx_word' id='word_1_169' title='bbox 2721 1116 2817 1172; x_wconf 81' lang='lat' dir='ltr'><strong>Vir</strong></span> <span class='ocrx_word' id='word_1_170' title='bbox 2849 1119 2970 1185; x_wconf 85' lang='lat' dir='ltr'><strong>ﬁde,</strong></span> <span class='ocrx_word' id='word_1_171' title='bbox 3003 1120 3330 1183; x_wconf 89' lang='lat' dir='ltr'><strong>eruditione,</strong></span> <span class='ocrx_word' id='word_1_172' title='bbox 3362 1119 3662 1185; x_wconf 84' lang='lat' dir='ltr'><strong>nobilitate,</strong></span> 
     </span>
    </p>
   </div>
   <div class='ocr_carea' id='block_1_28' title="bbox 2095 1208 3662 1279">
    <p class='ocr_par' dir='ltr' id='par_1_28' title="bbox 2095 1208 3662 1279">
     <span class='ocr_line' id='line_1_28' title="bbox 2095 1208 3662 1279; baseline 0.004 -19"><span class='ocrx_word' id='word_1_173' title='bbox 2095 1209 2200 1261; x_wconf 86' lang='lat' dir='ltr'><strong>vita</strong></span> <span class='ocrx_word' id='word_1_174' title='bbox 2231 1208 2412 1263; x_wconf 90' lang='lat' dir='ltr'><strong>clarus</strong></span> <span class='ocrx_word' id='word_1_175' title='bbox 2439 1208 2707 1266; x_wconf 85' lang='lat' dir='ltr'><strong>Macarius</strong></span> <span class='ocrx_word' id='word_1_176' title='bbox 2744 1225 2864 1265; x_wconf 92' lang='lat' dir='ltr'><strong>cum</strong></span> <span class='ocrx_word' id='word_1_177' title='bbox 2913 1210 3168 1279; x_wconf 88' lang='lat' dir='ltr'><strong>opuscula</strong></span> <span class='ocrx_word' id='word_1_178' title='bbox 3202 1211 3462 1266; x_wconf 89' lang='lat' dir='ltr'><strong>adversus</strong></span> <span class='ocrx_word' id='word_1_179' title='bbox 3495 1212 3662 1266; x_wconf 81' lang='lat' dir='ltr'><strong>fatum</strong></span> 
     </span>
    </p>
   </div>
   <div class='ocr_carea' id='block_1_29' title="bbox 2093 1300 3663 1371">
    <p class='ocr_par' dir='ltr' id='par_1_29' title="bbox 2093 1300 3663 1371">
     <span class='ocr_line' id='line_1_29' title="bbox 2093 1300 3663 1371; baseline 0.004 -19"><span class='ocrx_word' id='word_1_180' title='bbox 2093 1300 2175 1355; x_wconf 90' lang='lat' dir='ltr'><strong>vel</strong></span> <span class='ocrx_word' id='word_1_181' title='bbox 2207 1301 2487 1355; x_wconf 84' lang='lat' dir='ltr'><strong>mathesim</strong></span> <span class='ocrx_word' id='word_1_182' title='bbox 2525 1302 2750 1356; x_wconf 80' lang='lat' dir='ltr'><strong>haberet</strong></span> <span class='ocrx_word' id='word_1_183' title='bbox 2786 1302 2840 1357; x_wconf 93' lang='lat' dir='ltr'><strong>in</strong></span> <span class='ocrx_word' id='word_1_184' title='bbox 2895 1302 3167 1367; x_wconf 91' lang='lat' dir='ltr'><strong>manibus,</strong></span> <span class='ocrx_word' id='word_1_185' title='bbox 3228 1317 3402 1371; x_wconf 90' lang='lat' dir='ltr'><strong>eaque</strong></span> <span class='ocrx_word' id='word_1_186' title='bbox 3434 1305 3551 1359; x_wconf 89' lang='lat' dir='ltr'><strong>utili</strong></span> <span class='ocrx_word' id='word_1_187' title='bbox 3606 1314 3663 1360; x_wconf 86' lang='lat' dir='ltr'><strong>et</strong></span> 
     </span>
    </p>
   </div>
   <div class='ocr_carea' id='block_1_30' title="bbox 2092 1386 3662 1463">
    <p class='ocr_par' dir='ltr' id='par_1_30' title="bbox 2092 1386 3662 1463">
     <span class='ocr_line' id='line_1_30' title="bbox 2092 1386 3662 1463; baseline 0.003 -16"><span class='ocrx_word' id='word_1_188' title='bbox 2092 1394 2498 1461; x_wconf 89' lang='lat' dir='ltr'><strong>pernecessario</strong></span> <span class='ocrx_word' id='word_1_189' title='bbox 2548 1386 2749 1449; x_wconf 86' lang='lat' dir='ltr'><strong>sudore</strong></span> <span class='ocrx_word' id='word_1_190' title='bbox 2799 1405 3150 1463; x_wconf 85' lang='lat' dir='ltr'><strong>componeret</strong></span> <span class='ocrx_word' id='word_1_191' title='bbox 3202 1413 3215 1450; x_wconf 91' lang='lat'><strong>:</strong></span> <span class='ocrx_word' id='word_1_192' title='bbox 3270 1396 3321 1449; x_wconf 92' lang='lat' dir='ltr'><strong>in</strong></span> <span class='ocrx_word' id='word_1_193' title='bbox 3375 1396 3662 1463; x_wconf 83' lang='lat' dir='ltr'><strong>aliquantis</strong></span> 
     </span>
    </p>
   </div>
   <div class='ocr_carea' id='block_1_31' title="bbox 2088 1486 3662 1557">
    <p class='ocr_par' dir='ltr' id='par_1_31' title="bbox 2088 1486 3662 1557">
     <span class='ocr_line' id='line_1_31' title="bbox 2088 1486 3662 1557; baseline 0.004 -18"><span class='ocrx_word' id='word_1_194' title='bbox 2088 1500 2238 1550; x_wconf 87' lang='lat' dir='ltr'><strong>vero,</strong></span> <span class='ocrx_word' id='word_1_195' title='bbox 2265 1486 2389 1554; x_wconf 88' lang='lat' dir='ltr'><strong>quia</strong></span> <span class='ocrx_word' id='word_1_196' title='bbox 2423 1495 2544 1541; x_wconf 91' lang='lat' dir='ltr'><strong>erat</strong></span> <span class='ocrx_word' id='word_1_197' title='bbox 2574 1486 2902 1557; x_wconf 70' lang='lat' dir='ltr'><strong>perdifﬁcilis</strong></span> <span class='ocrx_word' id='word_1_198' title='bbox 2936 1490 3186 1551; x_wconf 88' lang='lat' dir='ltr'><strong>materia,</strong></span> <span class='ocrx_word' id='word_1_199' title='bbox 3215 1489 3281 1544; x_wconf 93' lang='lat' dir='ltr'><strong>de</strong></span> <span class='ocrx_word' id='word_1_200' title='bbox 3313 1489 3509 1545; x_wconf 64' lang='lat' dir='ltr'><strong>divinae</strong></span> <span class='ocrx_word' id='word_1_201' title='bbox 3536 1489 3662 1545; x_wconf 85' lang='lat' dir='ltr'><strong>Pro-</strong></span> 
     </span>
    </p>
   </div>
   <div class='ocr_carea' id='block_1_32' title="bbox 2087 1578 3659 1650">
    <p class='ocr_par' dir='ltr' id='par_1_32' title="bbox 2087 1578 3659 1650">
     <span class='ocr_line' id='line_1_32' title="bbox 2087 1578 3659 1650; baseline 0.004 -20"><span class='ocrx_word' id='word_1_202' title='bbox 2087 1578 2339 1633; x_wconf 64' lang='lat' dir='ltr'><strong>videntiae</strong></span> <span class='ocrx_word' id='word_1_203' title='bbox 2391 1578 2883 1649; x_wconf 90' lang='lat' dir='ltr'><strong>dispensationibus</strong></span> <span class='ocrx_word' id='word_1_204' title='bbox 2929 1578 3229 1646; x_wconf 68' lang='lat' dir='ltr'><strong>haesitaret,</strong></span> <span class='ocrx_word' id='word_1_205' title='bbox 3288 1595 3383 1648; x_wconf 90' lang='lat' dir='ltr'><strong>per</strong></span> <span class='ocrx_word' id='word_1_206' title='bbox 3412 1596 3659 1650; x_wconf 83' lang='lat' dir='ltr'><strong>sOporcm</strong></span> 
     </span>
    </p>
   </div>
   <div class='ocr_carea' id='block_1_33' title="bbox 2088 1669 3659 1742">
    <p class='ocr_par' dir='ltr' id='par_1_33' title="bbox 2088 1669 3659 1742">
     <span class='ocr_line' id='line_1_33' title="bbox 2088 1669 3659 1742; baseline 0.004 -20"><span class='ocrx_word' id='word_1_207' title='bbox 2088 1669 2189 1723; x_wconf 92' lang='lat' dir='ltr'><strong>sibi</strong></span> <span class='ocrx_word' id='word_1_208' title='bbox 2222 1684 2251 1723; x_wconf 87' lang='lat' dir='ltr'><strong>a</strong></span> <span class='ocrx_word' id='word_1_209' title='bbox 2280 1670 2509 1724; x_wconf 89' lang='lat' dir='ltr'><strong>Domino</strong></span> <span class='ocrx_word' id='word_1_210' title='bbox 2537 1670 2642 1725; x_wconf 89' lang='lat' dir='ltr'><strong>tale</strong></span> <span class='ocrx_word' id='word_1_211' title='bbox 2671 1671 2871 1741; x_wconf 90' lang='lat' dir='ltr'><strong>aliquid</strong></span> <span class='ocrx_word' id='word_1_212' title='bbox 2897 1672 3115 1726; x_wconf 88' lang='lat' dir='ltr'><strong>dicebat</strong></span> <span class='ocrx_word' id='word_1_213' title='bbox 3146 1681 3427 1726; x_wconf 88' lang='lat' dir='ltr'><strong>ostensum</strong></span> <span class='ocrx_word' id='word_1_214' title='bbox 3457 1690 3472 1725; x_wconf 85' lang='lat'><strong>:</strong></span> <span class='ocrx_word' id='word_1_215' title='bbox 3515 1675 3659 1742; x_wconf 88' lang='lat' dir='ltr'><strong>quod</strong></span> 
     </span>
    </p>
   </div>
   <div class='ocr_carea' id='block_1_34' title="bbox 412 1735 3661 1834">
    <p class='ocr_par' dir='ltr' id='par_1_34' title="bbox 412 1735 3661 1834">
     <span class='ocr_line' id='line_1_34' title="bbox 412 1735 3661 1834; baseline 0.004 -28"><span class='ocrx_word' id='word_1_216' title='bbox 412 1760 503 1814; x_wconf 74' lang='lat' dir='ltr'><strong>sed</strong></span> <span class='ocrx_word' id='word_1_217' title='bbox 539 1760 845 1829; x_wconf 68' lang='lat' dir='ltr'><strong>specialiter</strong></span> <span class='ocrx_word' id='word_1_218' title='bbox 874 1761 924 1815; x_wconf 79' lang='lat' dir='ltr'><strong>in</strong></span> <span class='ocrx_word' id='word_1_219' title='bbox 957 1777 1099 1816; x_wconf 78' lang='lat' dir='ltr'><strong>nono</strong></span> <span class='ocrx_word' id='word_1_220' title='bbox 1130 1770 1276 1817; x_wconf 80' lang='grc' dir='ltr'>ιοηιο</span> <span class='ocrx_word' id='word_1_221' title='bbox 1313 1762 1824 1817; x_wconf 61' lang='lat' dir='ltr'><strong>Commentariorum</strong></span> <span class='ocrx_word' id='word_1_222' title='bbox 1849 1780 1983 1834; x_wconf 78' lang='lat' dir='ltr'><strong>quos</strong></span> <span class='ocrx_word' id='word_1_223' title='bbox 2019 1735 2059 1793; x_wconf 79' lang='grc' dir='ltr'><strong>Β</strong></span> <span class='ocrx_word' id='word_1_224' title='bbox 2090 1757 2241 1833; x_wconf 86' lang='lat' dir='ltr'><strong>navis</strong></span> <span class='ocrx_word' id='word_1_225' title='bbox 2270 1758 2318 1813; x_wconf 91' lang='lat' dir='ltr'><strong>ei</strong></span> <span class='ocrx_word' id='word_1_226' title='bbox 2351 1760 2596 1828; x_wconf 68' lang='lat' dir='ltr'><strong>quaedam</strong></span> <span class='ocrx_word' id='word_1_227' title='bbox 2633 1761 3098 1817; x_wconf 88' lang='lat' dir='ltr'><strong>demonstraretur</strong></span> <span class='ocrx_word' id='word_1_228' title='bbox 3125 1764 3340 1818; x_wconf 88' lang='lat' dir='ltr'><strong>eminus</strong></span> <span class='ocrx_word' id='word_1_229' title='bbox 3370 1764 3661 1819; x_wconf 86' lang='lat' dir='ltr'><strong>adventare</strong></span> 
     </span>
    </p>
   </div>
   <div class='ocr_carea' id='block_1_35' title="bbox 410 1851 1984 1927">
    <p class='ocr_par' dir='ltr' id='par_1_35' title="bbox 410 1851 1984 1927">
     <span class='ocr_line' id='line_1_35' title="bbox 410 1851 1984 1927; baseline 0.004 -21"><span class='ocrx_word' id='word_1_230' title='bbox 410 1852 632 1921; x_wconf 83' lang='lat' dir='ltr'><strong>scripsit</strong></span> <span class='ocrx_word' id='word_1_231' title='bbox 661 1854 714 1905; x_wconf 84' lang='lat' dir='ltr'><strong>in</strong></span> <span class='ocrx_word' id='word_1_232' title='bbox 756 1851 1019 1916; x_wconf 83' lang='lat' dir='ltr'><strong>Genesim,</strong></span> <span class='ocrx_word' id='word_1_233' title='bbox 1059 1855 1219 1925; x_wconf 88' lang='lat' dir='ltr'><strong>hujus</strong></span> <span class='ocrx_word' id='word_1_234' title='bbox 1275 1856 1351 1910; x_wconf 91' lang='lat' dir='ltr'><strong>rei</strong></span> <span class='ocrx_word' id='word_1_235' title='bbox 1389 1866 1786 1911; x_wconf 88' lang='lat' dir='ltr'><strong>sacramentum</strong></span> <span class='ocrx_word' id='word_1_236' title='bbox 1818 1873 1984 1927; x_wconf 87' lang='lat' dir='ltr'><strong>expo-</strong></span> 
     </span>
    </p>
   </div>
   <div class='ocr_carea' id='block_1_36' title="bbox 409 1943 1985 2013">
    <p class='ocr_par' dir='ltr' id='par_1_36' title="bbox 409 1943 1985 2013">
     <span class='ocr_line' id='line_1_36' title="bbox 409 1943 1985 2013; baseline 0.004 -18"><span class='ocrx_word' id='word_1_237' title='bbox 409 1943 487 1995; x_wconf 90' lang='lat' dir='ltr'><strong>nit</strong></span> <span class='ocrx_word' id='word_1_238' title='bbox 519 1957 533 1994; x_wconf 90' lang='lat'><strong>:</strong></span> <span class='ocrx_word' id='word_1_239' title='bbox 566 1958 673 2011; x_wconf 92' lang='lat' dir='ltr'><strong>quo</strong></span> <span class='ocrx_word' id='word_1_240' title='bbox 714 1943 831 1998; x_wconf 87' lang='lat' dir='ltr'><strong>loco</strong></span> <span class='ocrx_word' id='word_1_241' title='bbox 870 1943 1133 1999; x_wconf 85' lang='lat' dir='ltr'><strong>Adamum</strong></span> <span class='ocrx_word' id='word_1_242' title='bbox 1174 1945 1390 2013; x_wconf 90' lang='lat' dir='ltr'><strong>quidem</strong></span> <span class='ocrx_word' id='word_1_243' title='bbox 1423 1944 1645 2010; x_wconf 83' lang='lat' dir='ltr'><strong>Christi,</strong></span> <span class='ocrx_word' id='word_1_244' title='bbox 1702 1947 1866 2002; x_wconf 86' lang='lat' dir='ltr'><strong>Evam</strong></span> <span class='ocrx_word' id='word_1_245' title='bbox 1894 1964 1985 2002; x_wconf 87' lang='lat' dir='ltr'><strong>au-</strong></span> 
     </span>
    </p>
   </div>
   <div class='ocr_carea' id='block_1_37' title="bbox 410 2033 1977 2106">
    <p class='ocr_par' dir='ltr' id='par_1_37' title="bbox 410 2033 1977 2106">
     <span class='ocr_line' id='line_1_37' title="bbox 410 2033 1977 2106; baseline 0.003 -18"><span class='ocrx_word' id='word_1_246' title='bbox 410 2045 512 2089; x_wconf 91' lang='lat' dir='ltr'><strong>tem</strong></span> <span class='ocrx_word' id='word_1_247' title='bbox 540 2033 794 2089; x_wconf 68' lang='lat' dir='ltr'><strong>Ecclesia:</strong></span> <span class='ocrx_word' id='word_1_248' title='bbox 823 2044 1009 2105; x_wconf 82' lang='lat' dir='ltr'><strong>typum</strong></span> <span class='ocrx_word' id='word_1_249' title='bbox 1038 2050 1225 2106; x_wconf 81' lang='lat' dir='ltr'><strong>gerere</strong></span> <span class='ocrx_word' id='word_1_250' title='bbox 1248 2037 1495 2104; x_wconf 87' lang='lat' dir='ltr'><strong>pluribus</strong></span> <span class='ocrx_word' id='word_1_251' title='bbox 1516 2038 1694 2092; x_wconf 87' lang='lat' dir='ltr'><strong>verbis</strong></span> <span class='ocrx_word' id='word_1_252' title='bbox 1721 2040 1977 2095; x_wconf 90' lang='lat' dir='ltr'><strong>asseruit.</strong></span> 
     </span>
    </p>
   </div>
   <div class='ocr_carea' id='block_1_38' title="bbox 406 2122 1980 2198">
    <p class='ocr_par' dir='ltr' id='par_1_38' title="bbox 406 2122 1980 2198">
     <span class='ocr_line' id='line_1_38' title="bbox 406 2122 1980 2198; baseline 0.003 -20"><span class='ocrx_word' id='word_1_253' title='bbox 406 2122 573 2191; x_wconf 82' lang='lat' dir='ltr'><strong>Hujus</strong></span> <span class='ocrx_word' id='word_1_254' title='bbox 600 2125 676 2178; x_wconf 88' lang='lat' dir='ltr'><strong>rei</strong></span> <span class='ocrx_word' id='word_1_255' title='bbox 713 2134 876 2181; x_wconf 86' lang='lat' dir='ltr'><strong>testes</strong></span> <span class='ocrx_word' id='word_1_256' title='bbox 930 2135 1057 2179; x_wconf 92' lang='lat' dir='ltr'><strong>sunt</strong></span> <span class='ocrx_word' id='word_1_257' title='bbox 1097 2125 1508 2194; x_wconf 89' lang='lat' dir='ltr'><strong>locupletissimi</strong></span> <span class='ocrx_word' id='word_1_258' title='bbox 1563 2128 1623 2184; x_wconf 90' lang='lat' dir='ltr'><strong>S.</strong></span> <span class='ocrx_word' id='word_1_259' title='bbox 1665 2126 1980 2198; x_wconf 84' lang='lat' dir='ltr'><strong>Pamphilus</strong></span> 
     </span>
    </p>
   </div>
   <div class='ocr_carea' id='block_1_39' title="bbox 402 2216 1977 2286">
    <p class='ocr_par' dir='ltr' id='par_1_39' title="bbox 402 2216 1977 2286">
     <span class='ocr_line' id='line_1_39' title="bbox 402 2216 1977 2286; baseline 0.006 -18"><span class='ocrx_word' id='word_1_260' title='bbox 402 2226 478 2284; x_wconf 87' lang='lat' dir='ltr'><strong>et,</strong></span> <span class='ocrx_word' id='word_1_261' title='bbox 506 2217 594 2286; x_wconf 87' lang='lat' dir='ltr'><strong>qtti</strong></span> <span class='ocrx_word' id='word_1_262' title='bbox 623 2217 691 2271; x_wconf 92' lang='lat' dir='ltr'><strong>ab</strong></span> <span class='ocrx_word' id='word_1_263' title='bbox 732 2216 822 2271; x_wconf 92' lang='lat' dir='ltr'><strong>illo</strong></span> <span class='ocrx_word' id='word_1_264' title='bbox 862 2233 1059 2272; x_wconf 90' lang='lat' dir='ltr'><strong>nomen</strong></span> <span class='ocrx_word' id='word_1_265' title='bbox 1096 2220 1283 2285; x_wconf 84' lang='lat' dir='ltr'><strong>traxit,</strong></span> <span class='ocrx_word' id='word_1_266' title='bbox 1313 2218 1598 2276; x_wconf 88' lang='lat' dir='ltr'><strong>Eusebius.</strong></span> <span class='ocrx_word' id='word_1_267' title='bbox 1629 2222 1804 2277; x_wconf 88' lang='lat' dir='ltr'><strong>Ambo</strong></span> <span class='ocrx_word' id='word_1_268' title='bbox 1835 2224 1977 2277; x_wconf 90' lang='lat' dir='ltr'><strong>enim</strong></span> 
     </span>
    </p>
   </div>
   <div class='ocr_carea' id='block_1_40' title="bbox 402 2307 1979 2379">
    <p class='ocr_par' dir='ltr' id='par_1_40' title="bbox 402 2307 1979 2379">
     <span class='ocr_line' id='line_1_40' title="bbox 402 2307 1979 2379; baseline 0.004 -19"><span class='ocrx_word' id='word_1_269' title='bbox 402 2322 523 2361; x_wconf 91' lang='lat' dir='ltr'><strong>cum</strong></span> <span class='ocrx_word' id='word_1_270' title='bbox 558 2307 719 2361; x_wconf 91' lang='lat' dir='ltr'><strong>simul</strong></span> <span class='ocrx_word' id='word_1_271' title='bbox 750 2308 922 2377; x_wconf 91' lang='lat' dir='ltr'><strong>juncti</strong></span> <span class='ocrx_word' id='word_1_272' title='bbox 961 2308 1125 2362; x_wconf 87' lang='lat' dir='ltr'><strong>vitant</strong></span> <span class='ocrx_word' id='word_1_273' title='bbox 1174 2307 1424 2379; x_wconf 84' lang='lat' dir='ltr'><strong>Origenis</strong></span> <span class='ocrx_word' id='word_1_274' title='bbox 1455 2311 1886 2379; x_wconf 81' lang='lat' dir='ltr'><strong>conscriberent,</strong></span> <span class='ocrx_word' id='word_1_275' title='bbox 1923 2323 1979 2369; x_wconf 89' lang='lat' dir='ltr'><strong>et</strong></span> 
     </span>
    </p>
   </div>
   <div class='ocr_carea' id='block_1_41' title="bbox 403 2406 1976 2478">
    <p class='ocr_par' dir='ltr' id='par_1_41' title="bbox 403 2406 1976 2478">
     <span class='ocr_line' id='line_1_41' title="bbox 403 2406 1976 2478; baseline 0.004 -18"><span class='ocrx_word' id='word_1_276' title='bbox 403 2407 471 2462; x_wconf 90' lang='lat' dir='ltr'><strong>iis</strong></span> <span class='ocrx_word' id='word_1_277' title='bbox 493 2406 583 2477; x_wconf 90' lang='lat' dir='ltr'><strong>qui</strong></span> <span class='ocrx_word' id='word_1_278' title='bbox 623 2422 689 2461; x_wconf 79' lang='lat' dir='ltr'><strong>ex</strong></span> <span class='ocrx_word' id='word_1_279' title='bbox 724 2408 1017 2477; x_wconf 85' lang='lat' dir='ltr'><strong>anticipata</strong></span> <span class='ocrx_word' id='word_1_280' title='bbox 1073 2407 1308 2476; x_wconf 88' lang='lat' dir='ltr'><strong>quadam</strong></span> <span class='ocrx_word' id='word_1_281' title='bbox 1344 2409 1602 2478; x_wconf 86' lang='lat' dir='ltr'><strong>opinione</strong></span> <span class='ocrx_word' id='word_1_282' title='bbox 1647 2425 1768 2465; x_wconf 91' lang='lat' dir='ltr'><strong>cum</strong></span> <span class='ocrx_word' id='word_1_283' title='bbox 1804 2427 1976 2467; x_wconf 10' lang='lat' dir='ltr'><strong>raver-</strong></span> 
     </span>
    </p>
   </div>
   <div class='ocr_carea' id='block_1_42' title="bbox 402 2499 1976 2573">
    <p class='ocr_par' dir='ltr' id='par_1_42' title="bbox 402 2499 1976 2573">
     <span class='ocr_line' id='line_1_42' title="bbox 402 2499 1976 2573; baseline 0.003 -19"><span class='ocrx_word' id='word_1_284' title='bbox 402 2502 679 2562; x_wconf 87' lang='lat' dir='ltr'><strong>sabantur,</strong></span> <span class='ocrx_word' id='word_1_285' title='bbox 713 2500 1121 2569; x_wconf 86' lang='lat' dir='ltr'><strong>responderent,</strong></span> <span class='ocrx_word' id='word_1_286' title='bbox 1152 2499 1205 2553; x_wconf 93' lang='lat' dir='ltr'><strong>in</strong></span> <span class='ocrx_word' id='word_1_287' title='bbox 1233 2500 1507 2569; x_wconf 68' lang='lat' dir='ltr'><strong>praeclaris</strong></span> <span class='ocrx_word' id='word_1_288' title='bbox 1540 2501 1647 2557; x_wconf 91' lang='lat' dir='ltr'><strong>illis</strong></span> <span class='ocrx_word' id='word_1_289' title='bbox 1670 2502 1821 2558; x_wconf 91' lang='lat' dir='ltr'><strong>libris</strong></span> <span class='ocrx_word' id='word_1_290' title='bbox 1840 2519 1976 2573; x_wconf 89' lang='lat' dir='ltr'><strong>quos</strong></span> 
     </span>
    </p>
   </div>
   <div class='ocr_carea' id='block_1_43' title="bbox 402 2591 1971 2665">
    <p class='ocr_par' dir='ltr' id='par_1_43' title="bbox 402 2591 1971 2665">
     <span class='ocr_line' id='line_1_43' title="bbox 402 2591 1971 2665; baseline 0.003 -19"><span class='ocrx_word' id='word_1_291' title='bbox 402 2607 499 2659; x_wconf 91' lang='lat' dir='ltr'><strong>pro</strong></span> <span class='ocrx_word' id='word_1_292' title='bbox 546 2593 661 2663; x_wconf 91' lang='lat' dir='ltr'><strong>ejus</strong></span> <span class='ocrx_word' id='word_1_293' title='bbox 702 2591 1015 2646; x_wconf 79' lang='lat' dir='ltr'><strong>defensione</strong></span> <span class='ocrx_word' id='word_1_294' title='bbox 1056 2591 1479 2658; x_wconf 90' lang='lat' dir='ltr'><strong>elucubrarunt,</strong></span> <span class='ocrx_word' id='word_1_295' title='bbox 1526 2593 1812 2665; x_wconf 87' lang='lat' dir='ltr'><strong>Origeuem</strong></span> <span class='ocrx_word' id='word_1_296' title='bbox 1862 2611 1971 2652; x_wconf 92' lang='lat' dir='ltr'><strong>non</strong></span> 
     </span>
    </p>
   </div>
   <div class='ocr_carea' id='block_1_44' title="bbox 400 2687 1970 2758">
    <p class='ocr_par' dir='ltr' id='par_1_44' title="bbox 400 2687 1970 2758">
     <span class='ocr_line' id='line_1_44' title="bbox 400 2687 1970 2758; baseline 0.006 -23"><span class='ocrx_word' id='word_1_297' title='bbox 400 2687 632 2754; x_wconf 78' lang='lat' dir='ltr'><strong>primum</strong></span> <span class='ocrx_word' id='word_1_298' title='bbox 680 2688 732 2741; x_wconf 92' lang='lat' dir='ltr'><strong>in</strong></span> <span class='ocrx_word' id='word_1_299' title='bbox 770 2688 870 2742; x_wconf 90' lang='lat' dir='ltr'><strong>hoc</strong></span> <span class='ocrx_word' id='word_1_300' title='bbox 910 2696 1226 2758; x_wconf 89' lang='lat' dir='ltr'><strong>argumento</strong></span> <span class='ocrx_word' id='word_1_301' title='bbox 1262 2697 1536 2744; x_wconf 83' lang='lat' dir='ltr'><strong>versatum</strong></span> <span class='ocrx_word' id='word_1_302' title='bbox 1600 2705 1721 2745; x_wconf 91' lang='lat' dir='ltr'><strong>esse</strong></span> <span class='ocrx_word' id='word_1_303' title='bbox 1764 2691 1970 2757; x_wconf 91' lang='lat' dir='ltr'><strong>dicunt,</strong></span> 
     </span>
    </p>
   </div>
   <div class='ocr_carea' id='block_1_45' title="bbox 399 2780 1973 2852">
    <p class='ocr_par' dir='ltr' id='par_1_45' title="bbox 399 2780 1973 2852">
     <span class='ocr_line' id='line_1_45' title="bbox 399 2780 1973 2852; baseline 0.003 -19"><span class='ocrx_word' id='word_1_304' title='bbox 399 2781 492 2834; x_wconf 87' lang='lat' dir='ltr'><strong>sed</strong></span> <span class='ocrx_word' id='word_1_305' title='bbox 520 2780 803 2850; x_wconf 87' lang='lat' dir='ltr'><strong>mysticam</strong></span> <span class='ocrx_word' id='word_1_306' title='bbox 834 2781 1088 2835; x_wconf 64' lang='lat' dir='ltr'><strong>Ecclesia:</strong></span> <span class='ocrx_word' id='word_1_307' title='bbox 1118 2780 1462 2836; x_wconf 90' lang='lat' dir='ltr'><strong>traditionem</strong></span> <span class='ocrx_word' id='word_1_308' title='bbox 1494 2797 1612 2837; x_wconf 89' lang='lat' dir='ltr'><strong>esse</strong></span> <span class='ocrx_word' id='word_1_309' title='bbox 1643 2782 1973 2852; x_wconf 83' lang='lat' dir='ltr'><strong>interpreta-</strong></span> 
     </span>
    </p>
   </div>
   <div class='ocr_carea' id='block_1_46' title="bbox 404 2873 1967 2945">
    <p class='ocr_par' dir='ltr' id='par_1_46' title="bbox 404 2873 1967 2945">
     <span class='ocr_line' id='line_1_46' title="bbox 404 2873 1967 2945; baseline 0.004 -19"><span class='ocrx_word' id='word_1_310' title='bbox 404 2886 534 2928; x_wconf 90' lang='lat' dir='ltr'><strong>tum.</strong></span> <span class='ocrx_word' id='word_1_311' title='bbox 569 2893 587 2925; x_wconf 80' lang='grc' dir='ltr'><strong>ι</strong></span> <span class='ocrx_word' id='word_1_312' title='bbox 624 2873 908 2928; x_wconf 83' lang='lat' dir='ltr'><strong>Socratem</strong></span> <span class='ocrx_word' id='word_1_313' title='bbox 937 2875 1182 2945; x_wconf 90' lang='lat' dir='ltr'><strong>sequitur</strong></span> <span class='ocrx_word' id='word_1_314' title='bbox 1213 2875 1552 2945; x_wconf 78' lang='lat' dir='ltr'><strong>Nicephorus</strong></span> <span class='ocrx_word' id='word_1_315' title='bbox 1583 2875 1836 2932; x_wconf 87' lang='lat' dir='ltr'><strong>Callistus</strong></span> <span class='ocrx_word' id='word_1_316' title='bbox 1872 2876 1967 2933; x_wconf 91' lang='lat' dir='ltr'><strong>lib.</strong></span> 
     </span>
    </p>
   </div>
   <div class='ocr_carea' id='block_1_47' title="bbox 399 2967 1970 3039">
    <p class='ocr_par' dir='ltr' id='par_1_47' title="bbox 399 2967 1970 3039">
     <span class='ocr_line' id='line_1_47' title="bbox 399 2967 1970 3039; baseline 0.003 -18"><span class='ocrx_word' id='word_1_317' title='bbox 399 2985 455 3033; x_wconf 80' lang='grc' dir='ltr'><strong>χ,</strong></span> <span class='ocrx_word' id='word_1_318' title='bbox 486 2983 607 3037; x_wconf 86' lang='lat' dir='ltr'><strong>cap.</strong></span> <span class='ocrx_word' id='word_1_319' title='bbox 654 2967 744 3022; x_wconf 75' lang='lat' dir='ltr'><strong>M.</strong></span> <span class='ocrx_word' id='word_1_320' title='bbox 789 2968 1106 3037; x_wconf 88' lang='lat' dir='ltr'><strong>Anonymus</strong></span> <span class='ocrx_word' id='word_1_321' title='bbox 1155 2979 1369 3035; x_wconf 88' lang='lat' dir='ltr'><strong>auctor,</strong></span> <span class='ocrx_word' id='word_1_322' title='bbox 1414 2970 1506 3039; x_wconf 90' lang='lat' dir='ltr'><strong>qui</strong></span> <span class='ocrx_word' id='word_1_323' title='bbox 1563 2980 1714 3024; x_wconf 82' lang='lat' dir='ltr'><strong>sexto</strong></span> <span class='ocrx_word' id='word_1_324' title='bbox 1774 2970 1970 3025; x_wconf 66' lang='lat' dir='ltr'><strong>saeculo</strong></span> 
     </span>
    </p>
   </div>
   <div class='ocr_carea' id='block_1_48' title="bbox 396 3057 2039 3145">
    <p class='ocr_par' dir='ltr' id='par_1_48' title="bbox 396 3057 2039 3145">
     <span class='ocr_line' id='line_1_48' title="bbox 396 3057 2039 3145; baseline 0.004 -37"><span class='ocrx_word' id='word_1_325' title='bbox 396 3059 653 3129; x_wconf 79' lang='lat' dir='ltr'><strong>epistolas</strong></span> <span class='ocrx_word' id='word_1_326' title='bbox 680 3059 969 3130; x_wconf 86' lang='lat' dir='ltr'><strong>synodicas</strong></span> <span class='ocrx_word' id='word_1_327' title='bbox 1022 3073 1051 3113; x_wconf 88' lang='lat' dir='ltr'><strong>a</strong></span> <span class='ocrx_word' id='word_1_328' title='bbox 1086 3057 1152 3115; x_wconf 78' lang='grc' dir='ltr'><strong>Β.</strong></span> <span class='ocrx_word' id='word_1_329' title='bbox 1188 3058 1245 3113; x_wconf 88' lang='grc' dir='ltr'><strong>Ρ.</strong></span> <span class='ocrx_word' id='word_1_330' title='bbox 1276 3058 1427 3129; x_wconf 92' lang='lat' dir='ltr'><strong>Lupo</strong></span> <span class='ocrx_word' id='word_1_331' title='bbox 1454 3060 1624 3113; x_wconf 86' lang='lat' dir='ltr'><strong>editas</strong></span> <span class='ocrx_word' id='word_1_332' title='bbox 1646 3059 1882 3130; x_wconf 82' lang='lat' dir='ltr'><strong>collegit,</strong></span> <span class='ocrx_word' id='word_1_333' title='bbox 1914 3061 1966 3115; x_wconf 94' lang='lat' dir='ltr'><strong>in</strong></span> <span class='ocrx_word' id='word_1_334' title='bbox 1996 3088 2039 3145; x_wconf 63' lang='grc' dir='ltr'><strong>ρ</strong></span> 
     </span>
    </p>
   </div>
   <div class='ocr_carea' id='block_1_49' title="bbox 396 3149 1964 3221">
    <p class='ocr_par' dir='ltr' id='par_1_49' title="bbox 396 3149 1964 3221">
     <span class='ocr_line' id='line_1_49' title="bbox 396 3149 1964 3221; baseline 0.001 -17"><span class='ocrx_word' id='word_1_335' title='bbox 396 3152 509 3206; x_wconf 91' lang='lat' dir='ltr'><strong>suis</strong></span> <span class='ocrx_word' id='word_1_336' title='bbox 539 3152 603 3205; x_wconf 91' lang='lat' dir='ltr'><strong>ad</strong></span> <span class='ocrx_word' id='word_1_337' title='bbox 634 3151 917 3221; x_wconf 88' lang='lat' dir='ltr'><strong>epistolam</strong></span> <span class='ocrx_word' id='word_1_338' title='bbox 968 3149 1067 3205; x_wconf 78' lang='grc'><strong>198</strong></span> <span class='ocrx_word' id='word_1_339' title='bbox 1099 3149 1576 3207; x_wconf 89' lang='lat' dir='ltr'><strong>observationibus</strong></span> <span class='ocrx_word' id='word_1_340' title='bbox 1609 3152 1771 3221; x_wconf 89' lang='lat' dir='ltr'><strong>hujus</strong></span> <span class='ocrx_word' id='word_1_341' title='bbox 1801 3154 1964 3207; x_wconf 90' lang='lat' dir='ltr'><strong>etiam</strong></span> 
     </span>
    </p>
   </div>
   <div class='ocr_carea' id='block_1_50' title="bbox 396 3246 1967 3316">
    <p class='ocr_par' dir='ltr' id='par_1_50' title="bbox 396 3246 1967 3316">
     <span class='ocr_line' id='line_1_50' title="bbox 396 3246 1967 3316; baseline 0.003 -19"><span class='ocrx_word' id='word_1_342' title='bbox 396 3247 474 3300; x_wconf 87' lang='lat' dir='ltr'><strong>sic</strong></span> <span class='ocrx_word' id='word_1_343' title='bbox 510 3246 791 3300; x_wconf 89' lang='lat' dir='ltr'><strong>meminit:</strong></span> <span class='ocrx_word' id='word_1_344' title='bbox 828 3264 847 3296; x_wconf 76' lang='grc' dir='ltr'><strong>ι</strong></span> <span class='ocrx_word' id='word_1_345' title='bbox 895 3246 1159 3301; x_wconf 88' lang='lat' dir='ltr'><strong>Eusebius</strong></span> <span class='ocrx_word' id='word_1_346' title='bbox 1201 3247 1251 3299; x_wconf 95' lang='lat' dir='ltr'><strong>in</strong></span> <span class='ocrx_word' id='word_1_347' title='bbox 1293 3259 1457 3316; x_wconf 84' lang='lat' dir='ltr'><strong>Opere</strong></span> <span class='ocrx_word' id='word_1_348' title='bbox 1489 3246 1826 3316; x_wconf 89' lang='lat' dir='ltr'><strong>apologetico</strong></span> <span class='ocrx_word' id='word_1_349' title='bbox 1868 3262 1967 3315; x_wconf 92' lang='lat' dir='ltr'><strong>pro</strong></span> 
     </span>
    </p>
   </div>
   <div class='ocr_carea' id='block_1_51' title="bbox 396 3338 1965 3410">
    <p class='ocr_par' dir='ltr' id='par_1_51' title="bbox 396 3338 1965 3410">
     <span class='ocr_line' id='line_1_51' title="bbox 396 3338 1965 3410; baseline -0.001 -15"><span class='ocrx_word' id='word_1_350' title='bbox 396 3339 624 3410; x_wconf 78' lang='lat' dir='ltr'><strong>Origene</strong></span> <span class='ocrx_word' id='word_1_351' title='bbox 652 3349 705 3392; x_wconf 87' lang='lat' dir='ltr'><strong>et</strong></span> <span class='ocrx_word' id='word_1_352' title='bbox 728 3339 1067 3409; x_wconf 89' lang='lat' dir='ltr'><strong>dogmatibus</strong></span> <span class='ocrx_word' id='word_1_353' title='bbox 1085 3338 1222 3407; x_wconf 83' lang='lat' dir='ltr'><strong>ejus,</strong></span> <span class='ocrx_word' id='word_1_354' title='bbox 1252 3339 1303 3393; x_wconf 93' lang='lat' dir='ltr'><strong>id</strong></span> <span class='ocrx_word' id='word_1_355' title='bbox 1327 3349 1431 3405; x_wconf 88' lang='lat' dir='ltr'><strong>est,</strong></span> <span class='ocrx_word' id='word_1_356' title='bbox 1453 3354 1547 3408; x_wconf 92' lang='lat' dir='ltr'><strong>pro</strong></span> <span class='ocrx_word' id='word_1_357' title='bbox 1582 3341 1965 3408; x_wconf 83' lang='lat' dir='ltr'><strong>praeexsisten-</strong></span> 
     </span>
    </p>
   </div>
   <div class='ocr_carea' id='block_1_52' title="bbox 398 3429 1965 3501">
    <p class='ocr_par' dir='ltr' id='par_1_52' title="bbox 398 3429 1965 3501">
     <span class='ocr_line' id='line_1_52' title="bbox 398 3429 1965 3501; baseline 0.002 -20"><span class='ocrx_word' id='word_1_358' title='bbox 398 3432 469 3485; x_wconf 77' lang='lat' dir='ltr'><strong>tia</strong></span> <span class='ocrx_word' id='word_1_359' title='bbox 523 3439 579 3483; x_wconf 91' lang='lat' dir='ltr'><strong>ct</strong></span> <span class='ocrx_word' id='word_1_360' title='bbox 633 3430 975 3485; x_wconf 88' lang='lat' dir='ltr'><strong>restitutione</strong></span> <span class='ocrx_word' id='word_1_361' title='bbox 1027 3429 1351 3499; x_wconf 89' lang='lat' dir='ltr'><strong>composito,</strong></span> <span class='ocrx_word' id='word_1_362' title='bbox 1404 3432 1547 3498; x_wconf 87' lang='lat' dir='ltr'><strong>quod</strong></span> <span class='ocrx_word' id='word_1_363' title='bbox 1602 3432 1856 3501; x_wconf 74' lang='lat' dir='ltr'><strong>martyris</strong></span> <span class='ocrx_word' id='word_1_364' title='bbox 1913 3446 1965 3486; x_wconf 87' lang='lat' dir='ltr'><strong>et</strong></span> 
     </span>
    </p>
   </div>
   <div class='ocr_carea' id='block_1_53' title="bbox 397 3521 1959 3591">
    <p class='ocr_par' dir='ltr' id='par_1_53' title="bbox 397 3521 1959 3591">
     <span class='ocr_line' id='line_1_53' title="bbox 397 3521 1959 3591; baseline 0.003 -18"><span class='ocrx_word' id='word_1_365' title='bbox 397 3524 560 3589; x_wconf 70' lang='lat' dir='ltr'><strong>ipsius</strong></span> <span class='ocrx_word' id='word_1_366' title='bbox 599 3521 813 3576; x_wconf 87' lang='lat' dir='ltr'><strong>Eusebii</strong></span> <span class='ocrx_word' id='word_1_367' title='bbox 856 3521 1204 3576; x_wconf 64' lang='lat' dir='ltr'><strong>Cmsarieusis</strong></span> <span class='ocrx_word' id='word_1_368' title='bbox 1256 3522 1561 3576; x_wconf 90' lang='lat' dir='ltr'><strong>nominibus</strong></span> <span class='ocrx_word' id='word_1_369' title='bbox 1606 3532 1959 3591; x_wconf 56' lang='lat' dir='ltr'><strong>praenotatur,</strong></span> 
     </span>
    </p>
   </div>
   <div class='ocr_carea' id='block_1_54' title="bbox 395 3613 1963 3684">
    <p class='ocr_par' dir='ltr' id='par_1_54' title="bbox 395 3613 1963 3684">
     <span class='ocr_line' id='line_1_54' title="bbox 395 3613 1963 3684; baseline 0.004 -18"><span class='ocrx_word' id='word_1_370' title='bbox 395 3614 576 3668; x_wconf 79' lang='lat' dir='ltr'><strong>multis</strong></span> <span class='ocrx_word' id='word_1_371' title='bbox 606 3614 759 3669; x_wconf 84' lang='lat' dir='ltr'><strong>valde</strong></span> <span class='ocrx_word' id='word_1_372' title='bbox 789 3613 1203 3684; x_wconf 69' lang='lat' dir='ltr'><strong>praecedentium</strong></span> <span class='ocrx_word' id='word_1_373' title='bbox 1226 3613 1451 3668; x_wconf 86' lang='lat' dir='ltr'><strong>Patrum</strong></span> <span class='ocrx_word' id='word_1_374' title='bbox 1481 3616 1808 3672; x_wconf 78' lang='lat' dir='ltr'><strong>testimoniis</strong></span> <span class='ocrx_word' id='word_1_375' title='bbox 1834 3632 1963 3672; x_wconf 88' lang='lat' dir='ltr'><strong>usus</strong></span> 
     </span>
    </p>
   </div>
   <div class='ocr_carea' id='block_1_55' title="bbox 392 3706 1963 3775">
    <p class='ocr_par' dir='ltr' id='par_1_55' title="bbox 392 3706 1963 3775">
     <span class='ocr_line' id='line_1_55' title="bbox 392 3706 1963 3775; baseline 0.003 -18"><span class='ocrx_word' id='word_1_376' title='bbox 392 3717 473 3759; x_wconf 70' lang='lat' dir='ltr'><strong>est</strong></span> <span class='ocrx_word' id='word_1_377' title='bbox 507 3721 603 3775; x_wconf 88' lang='lat' dir='ltr'><strong>pro</strong></span> <span class='ocrx_word' id='word_1_378' title='bbox 634 3706 905 3774; x_wconf 71' lang='lat' dir='ltr'><strong>praedictis</strong></span> <span class='ocrx_word' id='word_1_379' title='bbox 942 3707 1238 3762; x_wconf 87' lang='lat' dir='ltr'><strong>erroribus.</strong></span> <span class='ocrx_word' id='word_1_380' title='bbox 1281 3726 1298 3758; x_wconf 82' lang='grc' dir='ltr'><strong>ι</strong></span> <span class='ocrx_word' id='word_1_381' title='bbox 1334 3707 1487 3773; x_wconf 88' lang='lat' dir='ltr'><strong>Quod</strong></span> <span class='ocrx_word' id='word_1_382' title='bbox 1533 3717 1712 3762; x_wconf 86' lang='lat' dir='ltr'><strong>autem</strong></span> <span class='ocrx_word' id='word_1_383' title='bbox 1745 3710 1821 3764; x_wconf 91' lang='lat' dir='ltr'><strong>ait</strong></span> <span class='ocrx_word' id='word_1_384' title='bbox 1854 3710 1963 3763; x_wconf 88' lang='lat' dir='ltr'><strong>Eu-</strong></span> 
     </span>
    </p>
   </div>
   <div class='ocr_carea' id='block_1_56' title="bbox 390 3798 1960 3875">
    <p class='ocr_par' dir='ltr' id='par_1_56' title="bbox 390 3798 1960 3875">
     <span class='ocr_line' id='line_1_56' title="bbox 390 3798 1960 3875; baseline 0.001 -22"><span class='ocrx_word' id='word_1_385' title='bbox 390 3798 569 3853; x_wconf 83' lang='lat' dir='ltr'><strong>sebius</strong></span> <span class='ocrx_word' id='word_1_386' title='bbox 598 3798 735 3853; x_wconf 90' lang='lat' dir='ltr'><strong>hanc</strong></span> <span class='ocrx_word' id='word_1_387' title='bbox 759 3813 787 3852; x_wconf 90' lang='lat' dir='ltr'><strong>a</strong></span> <span class='ocrx_word' id='word_1_388' title='bbox 810 3812 867 3853; x_wconf 90' lang='lat' dir='ltr'><strong>se</strong></span> <span class='ocrx_word' id='word_1_389' title='bbox 892 3808 946 3853; x_wconf 92' lang='lat' dir='ltr'><strong>et</strong></span> <span class='ocrx_word' id='word_1_390' title='bbox 973 3813 1000 3851; x_wconf 89' lang='lat' dir='ltr'><strong>a</strong></span> <span class='ocrx_word' id='word_1_391' title='bbox 1029 3806 1268 3875; x_wconf 86' lang='lat' dir='ltr'><strong>martyre</strong></span> <span class='ocrx_word' id='word_1_392' title='bbox 1291 3798 1572 3870; x_wconf 86' lang='lat' dir='ltr'><strong>Pamphilo</strong></span> <span class='ocrx_word' id='word_1_393' title='bbox 1598 3800 1960 3870; x_wconf 77' lang='lat' dir='ltr'><strong>Defensionem</strong></span> 
     </span>
    </p>
   </div>
   <div class='ocr_carea' id='block_1_57' title="bbox 390 3884 1959 3961">
    <p class='ocr_par' dir='ltr' id='par_1_57' title="bbox 390 3884 1959 3961">
     <span class='ocr_line' id='line_1_57' title="bbox 390 3884 1959 3961; baseline 0.003 -18"><span class='ocrx_word' id='word_1_394' title='bbox 390 3884 630 3960; x_wconf 73' lang='lat' dir='ltr'><strong>Origenis</strong></span> <span class='ocrx_word' id='word_1_395' title='bbox 678 3890 842 3946; x_wconf 81' lang='lat' dir='ltr'><strong>fuisse</strong></span> <span class='ocrx_word' id='word_1_396' title='bbox 891 3890 1259 3961; x_wconf 90' lang='lat' dir='ltr'><strong>conscriptam</strong></span> <span class='ocrx_word' id='word_1_397' title='bbox 1314 3910 1333 3944; x_wconf 78' lang='grc' dir='ltr'><strong>ι</strong></span> <span class='ocrx_word' id='word_1_398' title='bbox 1392 3900 1611 3960; x_wconf 88' lang='lat' dir='ltr'><strong>propter</strong></span> <span class='ocrx_word' id='word_1_399' title='bbox 1668 3892 1959 3948; x_wconf 88' lang='lat' dir='ltr'><strong>malevolos</strong></span> 
     </span>
    </p>
   </div>
   <div class='ocr_carea' id='block_1_58' title="bbox 386 3982 1956 4054">
    <p class='ocr_par' dir='ltr' id='par_1_58' title="bbox 386 3982 1956 4054">
     <span class='ocr_line' id='line_1_58' title="bbox 386 3982 1956 4054; baseline 0.004 -23"><span class='ocrx_word' id='word_1_400' title='bbox 386 3982 647 4041; x_wconf 79' lang='lat' dir='ltr'><strong>quosdam</strong></span> <span class='ocrx_word' id='word_1_401' title='bbox 678 3984 1094 4046; x_wconf 88' lang='lat' dir='ltr'><strong>obtrectatores,</strong></span> <span class='ocrx_word' id='word_1_402' title='bbox 1131 4002 1149 4036; x_wconf 82' lang='grc' dir='ltr'><strong>ι</strong></span> <span class='ocrx_word' id='word_1_403' title='bbox 1189 3983 1329 4037; x_wconf 90' lang='lat' dir='ltr'><strong>haud</strong></span> <span class='ocrx_word' id='word_1_404' title='bbox 1376 3984 1490 4038; x_wconf 92' lang='lat' dir='ltr'><strong>scio</strong></span> <span class='ocrx_word' id='word_1_405' title='bbox 1525 4000 1589 4037; x_wconf 89' lang='lat' dir='ltr'><strong>an</strong></span> <span class='ocrx_word' id='word_1_406' title='bbox 1625 3998 1731 4038; x_wconf 92' lang='lat' dir='ltr'><strong>non</strong></span> <span class='ocrx_word' id='word_1_407' title='bbox 1769 3986 1956 4054; x_wconf 82' lang='lat' dir='ltr'><strong>praeci-</strong></span> 
     </span>
    </p>
   </div>
   <div class='ocr_carea' id='block_1_59' title="bbox 388 4074 1957 4146">
    <p class='ocr_par' dir='ltr' id='par_1_59' title="bbox 388 4074 1957 4146">
     <span class='ocr_line' id='line_1_59' title="bbox 388 4074 1957 4146; baseline 0.004 -22"><span class='ocrx_word' id='word_1_408' title='bbox 388 4090 489 4141; x_wconf 89' lang='lat' dir='ltr'><strong>pue</strong></span> <span class='ocrx_word' id='word_1_409' title='bbox 512 4074 778 4143; x_wconf 76' lang='lat' dir='ltr'><strong>respiciat</strong></span> <span class='ocrx_word' id='word_1_410' title='bbox 820 4074 1167 4142; x_wconf 81' lang='lat' dir='ltr'><strong>Methodium,</strong></span> <span class='ocrx_word' id='word_1_411' title='bbox 1197 4076 1405 4145; x_wconf 87' lang='lat' dir='ltr'><strong>Olympi</strong></span> <span class='ocrx_word' id='word_1_412' title='bbox 1442 4075 1493 4129; x_wconf 91' lang='lat' dir='ltr'><strong>in</strong></span> <span class='ocrx_word' id='word_1_413' title='bbox 1550 4074 1715 4146; x_wconf 88' lang='lat' dir='ltr'><strong>Lycia</strong></span> <span class='ocrx_word' id='word_1_414' title='bbox 1742 4076 1957 4145; x_wconf 85' lang='lat' dir='ltr'><strong>episco-</strong></span> 
     </span>
    </p>
   </div>
   <div class='ocr_carea' id='block_1_60' title="bbox 384 4166 1953 4235">
    <p class='ocr_par' dir='ltr' id='par_1_60' title="bbox 384 4166 1953 4235">
     <span class='ocr_line' id='line_1_60' title="bbox 384 4166 1953 4235; baseline 0.001 -16"><span class='ocrx_word' id='word_1_415' title='bbox 384 4182 531 4235; x_wconf 90' lang='lat' dir='ltr'><strong>pum,</strong></span> <span class='ocrx_word' id='word_1_416' title='bbox 569 4168 658 4235; x_wconf 90' lang='lat' dir='ltr'><strong>qui</strong></span> <span class='ocrx_word' id='word_1_417' title='bbox 702 4178 813 4220; x_wconf 92' lang='lat' dir='ltr'><strong>tum</strong></span> <span class='ocrx_word' id='word_1_418' title='bbox 857 4168 1162 4222; x_wconf 88' lang='lat' dir='ltr'><strong>eruditione</strong></span> <span class='ocrx_word' id='word_1_419' title='bbox 1206 4167 1597 4223; x_wconf 90' lang='lat' dir='ltr'><strong>celeberrimus</strong></span> <span class='ocrx_word' id='word_1_420' title='bbox 1641 4179 1779 4222; x_wconf 90' lang='lat' dir='ltr'><strong>erat.</strong></span> <span class='ocrx_word' id='word_1_421' title='bbox 1821 4166 1953 4222; x_wconf 84' lang='lat' dir='ltr'><strong>Nam</strong></span> 
     </span>
    </p>
   </div>
   <div class='ocr_carea' id='block_1_61' title="bbox 388 4236 1954 4331">
    <p class='ocr_par' dir='ltr' id='par_1_61' title="bbox 388 4236 1954 4331">
     <span class='ocr_line' id='line_1_61' title="bbox 388 4236 1954 4331; baseline 0.005 -24"><span class='ocrx_word' id='word_1_422' title='bbox 388 4236 1057 4328; x_wconf 61' lang='lat' dir='ltr'><strong>:{EusehiusCmsaricnsis</strong></span> <span class='ocrx_word' id='word_1_423' title='bbox 1091 4259 1375 4329; x_wconf 91' lang='lat' dir='ltr'><strong>episcopus</strong></span> <span class='ocrx_word' id='word_1_424' title='bbox 1400 4278 1419 4310; x_wconf 79' lang='grc' dir='ltr'><strong>ι</strong></span> <span class='ocrx_word' id='word_1_425' title='bbox 1454 4260 1643 4331; x_wconf 87' lang='lat' dir='ltr'><strong>(verba</strong></span> <span class='ocrx_word' id='word_1_426' title='bbox 1671 4272 1797 4315; x_wconf 91' lang='lat' dir='ltr'><strong>sunt</strong></span> <span class='ocrx_word' id='word_1_427' title='bbox 1828 4261 1954 4315; x_wconf 82' lang='lat' dir='ltr'><strong>Ilie-</strong></span> 
     </span>
    </p>
   </div>
   <div class='ocr_carea' id='block_1_62' title="bbox 384 4349 1953 4422">
    <p class='ocr_par' dir='ltr' id='par_1_62' title="bbox 384 4349 1953 4422">
     <span class='ocr_line' id='line_1_62' title="bbox 384 4349 1953 4422; baseline 0.002 -19"><span class='ocrx_word' id='word_1_428' title='bbox 384 4351 592 4421; x_wconf 86' lang='lat' dir='ltr'><strong>ronytni</strong></span> <span class='ocrx_word' id='word_1_429' title='bbox 626 4350 719 4405; x_wconf 86' lang='lat' dir='ltr'><strong>lib.</strong></span> <span class='ocrx_word' id='word_1_430' title='bbox 750 4366 765 4403; x_wconf 95' lang='lat' dir='ltr'><strong>t</strong></span> <span class='ocrx_word' id='word_1_431' title='bbox 793 4350 1061 4420; x_wconf 61' lang='lat' dir='ltr'><strong>Apologia;</strong></span> <span class='ocrx_word' id='word_1_432' title='bbox 1093 4350 1344 4404; x_wconf 78' lang='lat' dir='ltr'><strong>adversus</strong></span> <span class='ocrx_word' id='word_1_433' title='bbox 1377 4349 1653 4422; x_wconf 84' lang='lat' dir='ltr'><strong>Ruﬁnum)</strong></span> <span class='ocrx_word' id='word_1_434' title='bbox 1692 4352 1745 4406; x_wconf 90' lang='lat' dir='ltr'><strong>in</strong></span> <span class='ocrx_word' id='word_1_435' title='bbox 1797 4363 1953 4406; x_wconf 82' lang='lat' dir='ltr'><strong>sexto</strong></span> 
     </span>
    </p>
   </div>
   <div class='ocr_carea' id='block_1_63' title="bbox 2086 1850 3659 1924">
    <p class='ocr_par' dir='ltr' id='par_1_63' title="bbox 2086 1850 3659 1924">
     <span class='ocr_line' id='line_1_63' title="bbox 2086 1850 3659 1924; baseline 0.006 -23"><span class='ocrx_word' id='word_1_436' title='bbox 2086 1863 2182 1917; x_wconf 89' lang='lat' dir='ltr'><strong>per</strong></span> <span class='ocrx_word' id='word_1_437' title='bbox 2226 1850 2468 1919; x_wconf 81' lang='lat' dir='ltr'><strong>pelagus,</strong></span> <span class='ocrx_word' id='word_1_438' title='bbox 2524 1866 2645 1921; x_wconf 65' lang='lat' dir='ltr'><strong>quae</strong></span> <span class='ocrx_word' id='word_1_439' title='bbox 2704 1867 2826 1907; x_wconf 90' lang='lat' dir='ltr'><strong>cum</strong></span> <span class='ocrx_word' id='word_1_440' title='bbox 2881 1862 3093 1921; x_wconf 92' lang='lat' dir='ltr'><strong>portum</strong></span> <span class='ocrx_word' id='word_1_441' title='bbox 3137 1853 3333 1908; x_wconf 81' lang='lat' dir='ltr'><strong>fuisset</strong></span> <span class='ocrx_word' id='word_1_442' title='bbox 3389 1854 3659 1924; x_wconf 83' lang='lat' dir='ltr'><strong>ingressa,</strong></span> 
     </span>
    </p>
   </div>
   <div class='ocr_carea' id='block_1_64' title="bbox 2082 1943 3654 2016">
    <p class='ocr_par' dir='ltr' id='par_1_64' title="bbox 2082 1943 3654 2016">
     <span class='ocr_line' id='line_1_64' title="bbox 2082 1943 3654 2016; baseline 0.004 -21"><span class='ocrx_word' id='word_1_443' title='bbox 2082 1943 2256 1996; x_wconf 86' lang='lat' dir='ltr'><strong>nodos</strong></span> <span class='ocrx_word' id='word_1_444' title='bbox 2280 1957 2391 1996; x_wconf 67' lang='lat' dir='ltr'><strong>sua:</strong></span> <span class='ocrx_word' id='word_1_445' title='bbox 2420 1943 2777 1999; x_wconf 69' lang='lat' dir='ltr'><strong>haasitationis</strong></span> <span class='ocrx_word' id='word_1_446' title='bbox 2802 1945 3128 2000; x_wconf 88' lang='lat' dir='ltr'><strong>absolveret.</strong></span> <span class='ocrx_word' id='word_1_447' title='bbox 3166 1946 3476 2016; x_wconf 73' lang='lat' dir='ltr'><strong>Exsurgens</strong></span> <span class='ocrx_word' id='word_1_448' title='bbox 3501 1962 3654 2012; x_wconf 86' lang='lat' dir='ltr'><strong>vero,</strong></span> 
     </span>
    </p>
   </div>
   <div class='ocr_carea' id='block_1_65' title="bbox 2082 2033 3660 2106">
    <p class='ocr_par' dir='ltr' id='par_1_65' title="bbox 2082 2033 3660 2106">
     <span class='ocr_line' id='line_1_65' title="bbox 2082 2033 3660 2106; baseline 0.003 -20"><span class='ocrx_word' id='word_1_449' title='bbox 2082 2048 2203 2086; x_wconf 92' lang='lat' dir='ltr'><strong>cum</strong></span> <span class='ocrx_word' id='word_1_450' title='bbox 2233 2033 2301 2087; x_wconf 94' lang='lat' dir='ltr'><strong>de</strong></span> <span class='ocrx_word' id='word_1_451' title='bbox 2331 2033 2449 2088; x_wconf 90' lang='lat' dir='ltr'><strong>visu</strong></span> <span class='ocrx_word' id='word_1_452' title='bbox 2497 2034 2763 2091; x_wconf 90' lang='lat' dir='ltr'><strong>sollicitus</strong></span> <span class='ocrx_word' id='word_1_453' title='bbox 2800 2037 3087 2105; x_wconf 85' lang='lat' dir='ltr'><strong>cogitaret,</strong></span> <span class='ocrx_word' id='word_1_454' title='bbox 3134 2052 3232 2090; x_wconf 89' lang='lat' dir='ltr'><strong>nos</strong></span> <span class='ocrx_word' id='word_1_455' title='bbox 3280 2039 3660 2106; x_wconf 85' lang='lat' dir='ltr'><strong>supervenisse</strong></span> 
     </span>
    </p>
   </div>
   <div class='ocr_carea' id='block_1_66' title="bbox 2081 2124 3660 2197">
    <p class='ocr_par' dir='ltr' id='par_1_66' title="bbox 2081 2124 3660 2197">
     <span class='ocr_line' id='line_1_66' title="bbox 2081 2124 3660 2197; baseline 0.003 -19"><span class='ocrx_word' id='word_1_456' title='bbox 2081 2124 2261 2179; x_wconf 87' lang='lat' dir='ltr'><strong>aiebat</strong></span> <span class='ocrx_word' id='word_1_457' title='bbox 2283 2124 2337 2179; x_wconf 89' lang='lat' dir='ltr'><strong>in</strong></span> <span class='ocrx_word' id='word_1_458' title='bbox 2364 2134 2637 2196; x_wconf 89' lang='lat' dir='ltr'><strong>tempore:</strong></span> <span class='ocrx_word' id='word_1_459' title='bbox 2666 2128 2863 2197; x_wconf 90' lang='lat' dir='ltr'><strong>quibus</strong></span> <span class='ocrx_word' id='word_1_460' title='bbox 2887 2129 3146 2183; x_wconf 91' lang='lat' dir='ltr'><strong>continuo</strong></span> <span class='ocrx_word' id='word_1_461' title='bbox 3167 2139 3220 2183; x_wconf 90' lang='lat' dir='ltr'><strong>et</strong></span> <span class='ocrx_word' id='word_1_462' title='bbox 3249 2128 3508 2197; x_wconf 79' lang='lat' dir='ltr'><strong>opuscula</strong></span> <span class='ocrx_word' id='word_1_463' title='bbox 3534 2144 3660 2196; x_wconf 89' lang='lat' dir='ltr'><strong>sua,</strong></span> 
     </span>
    </p>
   </div>
   <div class='ocr_carea' id='block_1_67' title="bbox 2079 2217 3660 2289">
    <p class='ocr_par' dir='ltr' id='par_1_67' title="bbox 2079 2217 3660 2289">
     <span class='ocr_line' id='line_1_67' title="bbox 2079 2217 3660 2289; baseline 0.001 -17"><span class='ocrx_word' id='word_1_464' title='bbox 2079 2228 2135 2273; x_wconf 89' lang='lat' dir='ltr'><strong>ct</strong></span> <span class='ocrx_word' id='word_1_465' title='bbox 2181 2217 2586 2289; x_wconf 84' lang='lat' dir='ltr'><strong>ambiguitatem</strong></span> <span class='ocrx_word' id='word_1_466' title='bbox 2634 2221 2915 2287; x_wconf 85' lang='lat' dir='ltr'><strong>indicavit,</strong></span> <span class='ocrx_word' id='word_1_467' title='bbox 2966 2231 3021 2275; x_wconf 89' lang='lat' dir='ltr'><strong>et</strong></span> <span class='ocrx_word' id='word_1_468' title='bbox 3063 2221 3261 2274; x_wconf 89' lang='lat' dir='ltr'><strong>visum.</strong></span> <span class='ocrx_word' id='word_1_469' title='bbox 3311 2221 3448 2287; x_wconf 88' lang='lat' dir='ltr'><strong>Quid</strong></span> <span class='ocrx_word' id='word_1_470' title='bbox 3493 2235 3660 2288; x_wconf 89' lang='lat' dir='ltr'><strong>porro</strong></span> 
     </span>
    </p>
   </div>
   <div class='ocr_carea' id='block_1_68' title="bbox 2078 2311 3660 2384">
    <p class='ocr_par' dir='ltr' id='par_1_68' title="bbox 2078 2311 3660 2384">
     <span class='ocr_line' id='line_1_68' title="bbox 2078 2311 3660 2384; baseline 0.001 -19"><span class='ocrx_word' id='word_1_471' title='bbox 2078 2313 2357 2380; x_wconf 88' lang='lat' dir='ltr'><strong>Origenes,</strong></span> <span class='ocrx_word' id='word_1_472' title='bbox 2382 2327 2541 2380; x_wconf 91' lang='lat' dir='ltr'><strong>quem</strong></span> <span class='ocrx_word' id='word_1_473' title='bbox 2578 2314 3019 2381; x_wconf 89' lang='lat' dir='ltr'><strong>opinatissitnum</strong></span> <span class='ocrx_word' id='word_1_474' title='bbox 3047 2314 3187 2384; x_wconf 90' lang='lat' dir='ltr'><strong>apud</strong></span> <span class='ocrx_word' id='word_1_475' title='bbox 3216 2311 3435 2368; x_wconf 75' lang='lat' dir='ltr'><strong>Graecos</strong></span> <span class='ocrx_word' id='word_1_476' title='bbox 3471 2312 3660 2367; x_wconf 89' lang='lat' dir='ltr'><strong>audie-</strong></span> 
     </span>
    </p>
   </div>
   <div class='ocr_carea' id='block_1_69' title="bbox 2080 2404 3660 2475">
    <p class='ocr_par' dir='ltr' id='par_1_69' title="bbox 2080 2404 3660 2475">
     <span class='ocr_line' id='line_1_69' title="bbox 2080 2404 3660 2475; baseline 0.004 -18"><span class='ocrx_word' id='word_1_477' title='bbox 2080 2414 2185 2469; x_wconf 90' lang='lat' dir='ltr'><strong>rat,</strong></span> <span class='ocrx_word' id='word_1_478' title='bbox 2224 2404 2453 2459; x_wconf 85' lang='lat' dir='ltr'><strong>sentiret</strong></span> <span class='ocrx_word' id='word_1_479' title='bbox 2489 2404 2557 2460; x_wconf 89' lang='lat' dir='ltr'><strong>de</strong></span> <span class='ocrx_word' id='word_1_480' title='bbox 2608 2406 2803 2460; x_wconf 84' lang='lat' dir='ltr'><strong>talibus</strong></span> <span class='ocrx_word' id='word_1_481' title='bbox 2846 2414 3255 2475; x_wconf 87' lang='lat' dir='ltr'><strong>percunctatur,</strong></span> <span class='ocrx_word' id='word_1_482' title='bbox 3307 2406 3660 2475; x_wconf 83' lang='lat' dir='ltr'><strong>breviterque</strong></span> 
     </span>
    </p>
   </div>
   <div class='ocr_carea' id='block_1_70' title="bbox 2076 2489 3659 2569">
    <p class='ocr_par' dir='ltr' id='par_1_70' title="bbox 2076 2489 3659 2569">
     <span class='ocr_line' id='line_1_70' title="bbox 2076 2489 3659 2569; baseline 0.004 -19"><span class='ocrx_word' id='word_1_483' title='bbox 2076 2497 2179 2552; x_wconf 89' lang='lat' dir='ltr'><strong>sibi</strong></span> <span class='ocrx_word' id='word_1_484' title='bbox 2235 2489 2351 2564; x_wconf 85' lang='lat' dir='ltr'><strong>ejus</strong></span> <span class='ocrx_word' id='word_1_485' title='bbox 2407 2497 2474 2552; x_wconf 85' lang='lat' dir='ltr'><strong>de</strong></span> <span class='ocrx_word' id='word_1_486' title='bbox 2534 2498 2765 2569; x_wconf 83' lang='lat' dir='ltr'><strong>singulis</strong></span> <span class='ocrx_word' id='word_1_487' title='bbox 2818 2498 3125 2569; x_wconf 85' lang='lat' dir='ltr'><strong>quibusque</strong></span> <span class='ocrx_word' id='word_1_488' title='bbox 3169 2501 3469 2556; x_wconf 88' lang='lat' dir='ltr'><strong>sententias</strong></span> <span class='ocrx_word' id='word_1_489' title='bbox 3529 2510 3659 2556; x_wconf 87' lang='lat' dir='ltr'><strong>orat</strong></span> 
     </span>
    </p>
   </div>
   <div class='ocr_carea' id='block_1_71' title="bbox 2075 2589 3656 2661">
    <p class='ocr_par' dir='ltr' id='par_1_71' title="bbox 2075 2589 3656 2661">
     <span class='ocr_line' id='line_1_71' title="bbox 2075 2589 3656 2661; baseline 0.003 -19"><span class='ocrx_word' id='word_1_490' title='bbox 2075 2591 2291 2659; x_wconf 81' lang='lat' dir='ltr'><strong>exponi.</strong></span> <span class='ocrx_word' id='word_1_491' title='bbox 2322 2589 2432 2661; x_wconf 87' lang='lat' dir='ltr'><strong>Ego</strong></span> <span class='ocrx_word' id='word_1_492' title='bbox 2479 2606 2594 2646; x_wconf 82' lang='lat' dir='ltr'><strong>rent</strong></span> <span class='ocrx_word' id='word_1_493' title='bbox 2652 2592 2889 2659; x_wconf 91' lang='lat' dir='ltr'><strong>primum</strong></span> <span class='ocrx_word' id='word_1_494' title='bbox 2920 2593 3166 2648; x_wconf 87' lang='lat' dir='ltr'><strong>dicebam</strong></span> <span class='ocrx_word' id='word_1_495' title='bbox 3205 2594 3348 2649; x_wconf 78' lang='lat' dir='ltr'><strong>factu</strong></span> <span class='ocrx_word' id='word_1_496' title='bbox 3376 2609 3496 2649; x_wconf 89' lang='lat' dir='ltr'><strong>esse</strong></span> <span class='ocrx_word' id='word_1_497' title='bbox 3517 2594 3656 2650; x_wconf 76' lang='lat' dir='ltr'><strong>ditii-</strong></span> 
     </span>
    </p>
   </div>
   <div class='ocr_carea' id='block_1_72' title="bbox 2075 2682 3655 2758">
    <p class='ocr_par' dir='ltr' id='par_1_72' title="bbox 2075 2682 3655 2758">
     <span class='ocr_line' id='line_1_72' title="bbox 2075 2682 3655 2758; baseline 0.004 -23"><span class='ocrx_word' id='word_1_498' title='bbox 2075 2682 2264 2747; x_wconf 87' lang='lat' dir='ltr'><strong>cilem;</strong></span> <span class='ocrx_word' id='word_1_499' title='bbox 2316 2693 2562 2737; x_wconf 88' lang='lat' dir='ltr'><strong>sanctutn</strong></span> <span class='ocrx_word' id='word_1_500' title='bbox 2598 2693 2775 2739; x_wconf 86' lang='lat' dir='ltr'><strong>tamen</strong></span> <span class='ocrx_word' id='word_1_501' title='bbox 2812 2686 3152 2755; x_wconf 89' lang='lat' dir='ltr'><strong>Pamphilum</strong></span> <span class='ocrx_word' id='word_1_502' title='bbox 3188 2696 3482 2758; x_wconf 90' lang='lat' dir='ltr'><strong>martyrem</strong></span> <span class='ocrx_word' id='word_1_503' title='bbox 3535 2687 3655 2741; x_wconf 81' lang='lat' dir='ltr'><strong>dixi</strong></span> 
     </span>
    </p>
   </div>
   <div class='ocr_carea' id='block_1_73' title="bbox 2074 2775 3655 2848">
    <p class='ocr_par' dir='ltr' id='par_1_73' title="bbox 2074 2775 3655 2848">
     <span class='ocr_line' id='line_1_73' title="bbox 2074 2775 3655 2848; baseline 0.006 -23"><span class='ocrx_word' id='word_1_504' title='bbox 2074 2776 2305 2842; x_wconf 86' lang='lat' dir='ltr'><strong>quadam</strong></span> <span class='ocrx_word' id='word_1_505' title='bbox 2346 2790 2410 2829; x_wconf 78' lang='lat' dir='ltr'><strong>ex</strong></span> <span class='ocrx_word' id='word_1_506' title='bbox 2452 2785 2605 2844; x_wconf 87' lang='lat' dir='ltr'><strong>parte</strong></span> <span class='ocrx_word' id='word_1_507' title='bbox 2637 2775 2744 2830; x_wconf 86' lang='lat' dir='ltr'><strong>tale</strong></span> <span class='ocrx_word' id='word_1_508' title='bbox 2788 2776 2993 2846; x_wconf 90' lang='lat' dir='ltr'><strong>aliquid</strong></span> <span class='ocrx_word' id='word_1_509' title='bbox 3029 2778 3210 2847; x_wconf 90' lang='lat' dir='ltr'><strong>operis</strong></span> <span class='ocrx_word' id='word_1_510' title='bbox 3256 2780 3655 2848; x_wconf 84' lang='lat' dir='ltr'><strong>conscripsisse</strong></span> 
     </span>
    </p>
   </div>
   <div class='ocr_carea' id='block_1_74' title="bbox 2073 2865 3653 2938">
    <p class='ocr_par' dir='ltr' id='par_1_74' title="bbox 2073 2865 3653 2938">
     <span class='ocr_line' id='line_1_74' title="bbox 2073 2865 3653 2938; baseline 0.004 -20"><span class='ocrx_word' id='word_1_511' title='bbox 2073 2865 2126 2919; x_wconf 92' lang='lat' dir='ltr'><strong>in</strong></span> <span class='ocrx_word' id='word_1_512' title='bbox 2162 2866 2499 2935; x_wconf 81' lang='lat' dir='ltr'><strong>Apologetico</strong></span> <span class='ocrx_word' id='word_1_513' title='bbox 2532 2882 2650 2921; x_wconf 88' lang='lat' dir='ltr'><strong>suo.</strong></span> <span class='ocrx_word' id='word_1_514' title='bbox 2683 2866 2957 2923; x_wconf 88' lang='lat' dir='ltr'><strong>Continuo</strong></span> <span class='ocrx_word' id='word_1_515' title='bbox 2998 2869 3048 2923; x_wconf 91' lang='lat' dir='ltr'><strong>id</strong></span> <span class='ocrx_word' id='word_1_516' title='bbox 3078 2869 3179 2924; x_wconf 91' lang='lat' dir='ltr'><strong>sibi</strong></span> <span class='ocrx_word' id='word_1_517' title='bbox 3209 2872 3383 2938; x_wconf 91' lang='lat' dir='ltr'><strong>poscit</strong></span> <span class='ocrx_word' id='word_1_518' title='bbox 3413 2871 3465 2923; x_wconf 92' lang='lat' dir='ltr'><strong>in</strong></span> <span class='ocrx_word' id='word_1_519' title='bbox 3494 2869 3653 2925; x_wconf 86' lang='lat' dir='ltr'><strong>Lati-</strong></span> 
     </span>
    </p>
   </div>
   <div class='ocr_carea' id='block_1_75' title="bbox 2075 2958 3652 3029">
    <p class='ocr_par' dir='ltr' id='par_1_75' title="bbox 2075 2958 3652 3029">
     <span class='ocr_line' id='line_1_75' title="bbox 2075 2958 3652 3029; baseline 0.006 -20"><span class='ocrx_word' id='word_1_520' title='bbox 2075 2973 2199 3010; x_wconf 92' lang='lat' dir='ltr'><strong>unm</strong></span> <span class='ocrx_word' id='word_1_521' title='bbox 2238 2959 2395 3012; x_wconf 92' lang='lat' dir='ltr'><strong>verti.</strong></span> <span class='ocrx_word' id='word_1_522' title='bbox 2436 2958 2647 3014; x_wconf 76' lang='lat' dir='ltr'><strong>Nullum</strong></span> <span class='ocrx_word' id='word_1_523' title='bbox 2672 2959 2917 3014; x_wconf 91' lang='lat' dir='ltr'><strong>dicebam</strong></span> <span class='ocrx_word' id='word_1_524' title='bbox 2973 2976 3058 3015; x_wconf 90' lang='lat' dir='ltr'><strong>me</strong></span> <span class='ocrx_word' id='word_1_525' title='bbox 3092 2975 3245 3014; x_wconf 91' lang='lat' dir='ltr'><strong>usum</strong></span> <span class='ocrx_word' id='word_1_526' title='bbox 3272 2960 3652 3029; x_wconf 86' lang='lat' dir='ltr'><strong>hujuscemodi</strong></span> 
     </span>
    </p>
   </div>
   <div class='ocr_carea' id='block_1_76' title="bbox 2072 3049 3653 3117">
    <p class='ocr_par' dir='ltr' id='par_1_76' title="bbox 2072 3049 3653 3117">
     <span class='ocr_line' id='line_1_76' title="bbox 2072 3049 3653 3117; baseline 0.004 -14"><span class='ocrx_word' id='word_1_527' title='bbox 2072 3049 2251 3117; x_wconf 90' lang='lat' dir='ltr'><strong>operis</strong></span> <span class='ocrx_word' id='word_1_528' title='bbox 2279 3050 2549 3116; x_wconf 86' lang='lat' dir='ltr'><strong>habuisse,</strong></span> <span class='ocrx_word' id='word_1_529' title='bbox 2575 3060 2628 3106; x_wconf 90' lang='lat' dir='ltr'><strong>et</strong></span> <span class='ocrx_word' id='word_1_530' title='bbox 2653 3053 2719 3106; x_wconf 90' lang='lat' dir='ltr'><strong>ad</strong></span> <span class='ocrx_word' id='word_1_531' title='bbox 2751 3051 3000 3107; x_wconf 89' lang='lat' dir='ltr'><strong>Latinum</strong></span> <span class='ocrx_word' id='word_1_532' title='bbox 3026 3068 3331 3108; x_wconf 90' lang='lat' dir='ltr'><strong>sermonem</strong></span> <span class='ocrx_word' id='word_1_533' title='bbox 3363 3055 3653 3110; x_wconf 83' lang='lat' dir='ltr'><strong>tricennali</strong></span> 
     </span>
    </p>
   </div>
   <div class='ocr_carea' id='block_1_77' title="bbox 2070 3141 3652 3215">
    <p class='ocr_par' dir='ltr' id='par_1_77' title="bbox 2070 3141 3652 3215">
     <span class='ocr_line' id='line_1_77' title="bbox 2070 3141 3652 3215; baseline 0.005 -21"><span class='ocrx_word' id='word_1_534' title='bbox 2070 3141 2179 3210; x_wconf 87' lang='lat' dir='ltr'><strong>jam</strong></span> <span class='ocrx_word' id='word_1_535' title='bbox 2213 3155 2349 3211; x_wconf 91' lang='lat' dir='ltr'><strong>pene</strong></span> <span class='ocrx_word' id='word_1_536' title='bbox 2378 3143 2587 3198; x_wconf 89' lang='lat' dir='ltr'><strong>incuria</strong></span> <span class='ocrx_word' id='word_1_537' title='bbox 2627 3145 2917 3215; x_wconf 89' lang='lat' dir='ltr'><strong>torpuisse.</strong></span> <span class='ocrx_word' id='word_1_538' title='bbox 2952 3144 3200 3200; x_wconf 89' lang='lat' dir='ltr'><strong>Perstitit</strong></span> <span class='ocrx_word' id='word_1_539' title='bbox 3248 3155 3426 3201; x_wconf 89' lang='lat' dir='ltr'><strong>tamen</strong></span> <span class='ocrx_word' id='word_1_540' title='bbox 3450 3145 3652 3215; x_wconf 62' lang='lat' dir='ltr'><strong>depreo</strong></span> 
     </span>
    </p>
   </div>
   <div class='ocr_carea' id='block_1_78' title="bbox 2069 3236 3649 3305">
    <p class='ocr_par' dir='ltr' id='par_1_78' title="bbox 2069 3236 3649 3305">
     <span class='ocr_line' id='line_1_78' title="bbox 2069 3236 3649 3305; baseline 0.001 -16"><span class='ocrx_word' id='word_1_541' title='bbox 2069 3249 2199 3289; x_wconf 88' lang='lat' dir='ltr'><strong>cans</strong></span> <span class='ocrx_word' id='word_1_542' title='bbox 2226 3236 2591 3305; x_wconf 86' lang='lat' dir='ltr'><strong>qualicunque</strong></span> <span class='ocrx_word' id='word_1_543' title='bbox 2617 3251 2873 3292; x_wconf 88' lang='lat' dir='ltr'><strong>sermone</strong></span> <span class='ocrx_word' id='word_1_544' title='bbox 2905 3238 3153 3291; x_wconf 89' lang='lat' dir='ltr'><strong>notitiam</strong></span> <span class='ocrx_word' id='word_1_545' title='bbox 3177 3238 3278 3293; x_wconf 90' lang='lat' dir='ltr'><strong>sibi</strong></span> <span class='ocrx_word' id='word_1_546' title='bbox 3314 3248 3520 3292; x_wconf 88' lang='lat' dir='ltr'><strong>tantutu</strong></span> <span class='ocrx_word' id='word_1_547' title='bbox 3543 3255 3649 3293; x_wconf 85' lang='lat' dir='ltr'><strong>eo-</strong></span> 
     </span>
    </p>
   </div>
   <div class='ocr_carea' id='block_1_79' title="bbox 2071 3329 3646 3402">
    <p class='ocr_par' dir='ltr' id='par_1_79' title="bbox 2071 3329 3646 3402">
     <span class='ocr_line' id='line_1_79' title="bbox 2071 3329 3646 3402; baseline 0.006 -24"><span class='ocrx_word' id='word_1_548' title='bbox 2071 3341 2187 3379; x_wconf 90' lang='lat' dir='ltr'><strong>rum</strong></span> <span class='ocrx_word' id='word_1_549' title='bbox 2221 3342 2339 3396; x_wconf 80' lang='lat' dir='ltr'><strong>quae</strong></span> <span class='ocrx_word' id='word_1_550' title='bbox 2387 3329 2660 3396; x_wconf 90' lang='lat' dir='ltr'><strong>cupiebat,</strong></span> <span class='ocrx_word' id='word_1_551' title='bbox 2692 3329 2927 3384; x_wconf 91' lang='lat' dir='ltr'><strong>ostendi.</strong></span> <span class='ocrx_word' id='word_1_552' title='bbox 2984 3329 3227 3400; x_wconf 89' lang='lat' dir='ltr'><strong>Cumque</strong></span> <span class='ocrx_word' id='word_1_553' title='bbox 3280 3331 3331 3385; x_wconf 93' lang='lat' dir='ltr'><strong>id</strong></span> <span class='ocrx_word' id='word_1_554' title='bbox 3359 3345 3464 3401; x_wconf 90' lang='lat' dir='ltr'><strong>quo</strong></span> <span class='ocrx_word' id='word_1_555' title='bbox 3486 3334 3646 3402; x_wconf 90' lang='lat' dir='ltr'><strong>potui</strong></span> 
     </span>
    </p>
   </div>
   <div class='ocr_carea' id='block_1_80' title="bbox 2065 3418 3648 3487">
    <p class='ocr_par' dir='ltr' id='par_1_80' title="bbox 2065 3418 3648 3487">
     <span class='ocr_line' id='line_1_80' title="bbox 2065 3418 3648 3487; baseline 0.005 -15"><span class='ocrx_word' id='word_1_556' title='bbox 2065 3433 2317 3473; x_wconf 90' lang='lat' dir='ltr'><strong>sermone</strong></span> <span class='ocrx_word' id='word_1_557' title='bbox 2355 3418 2627 3483; x_wconf 85' lang='lat' dir='ltr'><strong>fecissem,</strong></span> <span class='ocrx_word' id='word_1_558' title='bbox 2674 3420 2863 3487; x_wconf 88' lang='lat' dir='ltr'><strong>majori</strong></span> <span class='ocrx_word' id='word_1_559' title='bbox 2908 3422 3176 3477; x_wconf 91' lang='lat' dir='ltr'><strong>desiderio</strong></span> <span class='ocrx_word' id='word_1_560' title='bbox 3238 3438 3502 3479; x_wconf 90' lang='lat' dir='ltr'><strong>accensus</strong></span> <span class='ocrx_word' id='word_1_561' title='bbox 3553 3436 3648 3481; x_wconf 80' lang='lat' dir='ltr'><strong>est</strong></span> 
     </span>
    </p>
   </div>
   <div class='ocr_carea' id='block_1_81' title="bbox 2064 3510 3643 3585">
    <p class='ocr_par' dir='ltr' id='par_1_81' title="bbox 2064 3510 3643 3585">
     <span class='ocr_line' id='line_1_81' title="bbox 2064 3510 3643 3585; baseline 0.005 -22"><span class='ocrx_word' id='word_1_562' title='bbox 2064 3511 2130 3564; x_wconf 90' lang='lat' dir='ltr'><strong>ad</strong></span> <span class='ocrx_word' id='word_1_563' title='bbox 2179 3510 2268 3564; x_wconf 90' lang='lat' dir='ltr'><strong>illa</strong></span> <span class='ocrx_word' id='word_1_564' title='bbox 2315 3511 2431 3580; x_wconf 91' lang='lat' dir='ltr'><strong>ipsa</strong></span> <span class='ocrx_word' id='word_1_565' title='bbox 2483 3512 2693 3581; x_wconf 83' lang='lat' dir='ltr'><strong>plenius</strong></span> <span class='ocrx_word' id='word_1_566' title='bbox 2736 3517 3135 3583; x_wconf 86' lang='lat' dir='ltr'><strong>cognoscenda,</strong></span> <span class='ocrx_word' id='word_1_567' title='bbox 3178 3529 3209 3569; x_wconf 91' lang='lat' dir='ltr'><strong>e</strong></span> <span class='ocrx_word' id='word_1_568' title='bbox 3237 3516 3434 3583; x_wconf 82' lang='lat' dir='ltr'><strong>quibus</strong></span> <span class='ocrx_word' id='word_1_569' title='bbox 3465 3532 3643 3585; x_wconf 86' lang='lat' dir='ltr'><strong>pauca</strong></span> 
     </span>
    </p>
   </div>
   <div class='ocr_carea' id='block_1_82' title="bbox 2064 3603 3647 3677">
    <p class='ocr_par' dir='ltr' id='par_1_82' title="bbox 2064 3603 3647 3677">
     <span class='ocr_line' id='line_1_82' title="bbox 2064 3603 3647 3677; baseline 0.005 -22"><span class='ocrx_word' id='word_1_570' title='bbox 2064 3603 2153 3656; x_wconf 90' lang='lat' dir='ltr'><strong>illa</strong></span> <span class='ocrx_word' id='word_1_571' title='bbox 2183 3617 2302 3672; x_wconf 71' lang='lat' dir='ltr'><strong>quae</strong></span> <span class='ocrx_word' id='word_1_572' title='bbox 2351 3604 2732 3658; x_wconf 86' lang='lat' dir='ltr'><strong>transtuleram</strong></span> <span class='ocrx_word' id='word_1_573' title='bbox 2775 3605 3100 3660; x_wconf 89' lang='lat' dir='ltr'><strong>videbantur</strong></span> <span class='ocrx_word' id='word_1_574' title='bbox 3132 3621 3429 3677; x_wconf 88' lang='lat' dir='ltr'><strong>assumpta.</strong></span> <span class='ocrx_word' id='word_1_575' title='bbox 3466 3609 3647 3663; x_wconf 80' lang='lat' dir='ltr'><strong>Excu-</strong></span> 
     </span>
    </p>
   </div>
   <div class='ocr_carea' id='block_1_83' title="bbox 2063 3699 3642 3770">
    <p class='ocr_par' dir='ltr' id='par_1_83' title="bbox 2063 3699 3642 3770">
     <span class='ocr_line' id='line_1_83' title="bbox 2063 3699 3642 3770; baseline 0.006 -22"><span class='ocrx_word' id='word_1_576' title='bbox 2063 3704 2271 3749; x_wconf 90' lang='lat' dir='ltr'><strong>santem</strong></span> <span class='ocrx_word' id='word_1_577' title='bbox 2309 3711 2395 3749; x_wconf 88' lang='lat' dir='ltr'><strong>me</strong></span> <span class='ocrx_word' id='word_1_578' title='bbox 2430 3709 2626 3765; x_wconf 89' lang='lat' dir='ltr'><strong>urgere</strong></span> <span class='ocrx_word' id='word_1_579' title='bbox 2655 3699 3034 3753; x_wconf 87' lang='lat' dir='ltr'><strong>vehementius</strong></span> <span class='ocrx_word' id='word_1_580' title='bbox 3074 3700 3266 3770; x_wconf 71' lang='lat' dir='ltr'><strong>coapit,</strong></span> <span class='ocrx_word' id='word_1_581' title='bbox 3317 3713 3371 3753; x_wconf 92' lang='lat' dir='ltr'><strong>et</strong></span> <span class='ocrx_word' id='word_1_582' title='bbox 3399 3702 3499 3755; x_wconf 84' lang='lat' dir='ltr'><strong>sub</strong></span> <span class='ocrx_word' id='word_1_583' title='bbox 3539 3702 3642 3758; x_wconf 88' lang='lat' dir='ltr'><strong>Del</strong></span> 
     </span>
    </p>
   </div>
   <div class='ocr_carea' id='block_1_84' title="bbox 2065 3787 3644 3862">
    <p class='ocr_par' dir='ltr' id='par_1_84' title="bbox 2065 3787 3644 3862">
     <span class='ocr_line' id='line_1_84' title="bbox 2065 3787 3644 3862; baseline 0.006 -21"><span class='ocrx_word' id='word_1_584' title='bbox 2065 3787 2370 3842; x_wconf 88' lang='lat' dir='ltr'><strong>testimonio</strong></span> <span class='ocrx_word' id='word_1_585' title='bbox 2397 3789 2688 3843; x_wconf 88' lang='lat' dir='ltr'><strong>convenire</strong></span> <span class='ocrx_word' id='word_1_586' title='bbox 2718 3805 2784 3843; x_wconf 91' lang='lat' dir='ltr'><strong>ne</strong></span> <span class='ocrx_word' id='word_1_587' title='bbox 2808 3788 2911 3844; x_wconf 91' lang='lat' dir='ltr'><strong>sibi</strong></span> <span class='ocrx_word' id='word_1_588' title='bbox 2939 3793 3005 3844; x_wconf 86' lang='lat' dir='ltr'><strong>ad</strong></span> <span class='ocrx_word' id='word_1_589' title='bbox 3033 3805 3166 3861; x_wconf 89' lang='lat' dir='ltr'><strong>opus</strong></span> <span class='ocrx_word' id='word_1_590' title='bbox 3194 3792 3394 3846; x_wconf 90' lang='lat' dir='ltr'><strong>bonum</strong></span> <span class='ocrx_word' id='word_1_591' title='bbox 3426 3808 3545 3862; x_wconf 75' lang='lat' dir='ltr'><strong>qua:</strong></span> <span class='ocrx_word' id='word_1_592' title='bbox 3576 3810 3644 3850; x_wconf 87' lang='lat' dir='ltr'><strong>se</strong></span> 
     </span>
    </p>
   </div>
   <div class='ocr_carea' id='block_1_85' title="bbox 2062 3880 3644 3954">
    <p class='ocr_par' dir='ltr' id='par_1_85' title="bbox 2062 3880 3644 3954">
     <span class='ocr_line' id='line_1_85' title="bbox 2062 3880 3644 3954; baseline 0.006 -21"><span class='ocrx_word' id='word_1_593' title='bbox 2062 3880 2254 3933; x_wconf 85' lang='lat' dir='ltr'><strong>auxilia</strong></span> <span class='ocrx_word' id='word_1_594' title='bbox 2298 3881 2492 3949; x_wconf 91' lang='lat' dir='ltr'><strong>juvare</strong></span> <span class='ocrx_word' id='word_1_595' title='bbox 2545 3891 2767 3951; x_wconf 91' lang='lat' dir='ltr'><strong>possent</strong></span> <span class='ocrx_word' id='word_1_596' title='bbox 2820 3883 3165 3954; x_wconf 85' lang='lat' dir='ltr'><strong>denegarem.</strong></span> <span class='ocrx_word' id='word_1_597' title='bbox 3195 3884 3438 3954; x_wconf 90' lang='lat' dir='ltr'><strong>Cumque</strong></span> <span class='ocrx_word' id='word_1_598' title='bbox 3476 3886 3644 3942; x_wconf 51' lang='lat' dir='ltr'><strong>vehe.</strong></span> 
     </span>
    </p>
   </div>
   <div class='ocr_carea' id='block_1_86' title="bbox 2059 3974 3641 4044">
    <p class='ocr_par' dir='ltr' id='par_1_86' title="bbox 2059 3974 3641 4044">
     <span class='ocr_line' id='line_1_86' title="bbox 2059 3974 3641 4044; baseline 0.004 -17"><span class='ocrx_word' id='word_1_599' title='bbox 2059 3974 2292 4027; x_wconf 87' lang='lat' dir='ltr'><strong>tnentius</strong></span> <span class='ocrx_word' id='word_1_600' title='bbox 2323 3974 2623 4042; x_wconf 86' lang='lat' dir='ltr'><strong>insisteret,</strong></span> <span class='ocrx_word' id='word_1_601' title='bbox 2681 3983 2737 4029; x_wconf 91' lang='lat' dir='ltr'><strong>et</strong></span> <span class='ocrx_word' id='word_1_602' title='bbox 2785 3974 3115 4030; x_wconf 88' lang='lat' dir='ltr'><strong>desiderium</strong></span> <span class='ocrx_word' id='word_1_603' title='bbox 3167 3975 3283 4044; x_wconf 90' lang='lat' dir='ltr'><strong>ejus</strong></span> <span class='ocrx_word' id='word_1_604' title='bbox 3333 3980 3641 4034; x_wconf 88' lang='lat' dir='ltr'><strong>secundum</strong></span> 
     </span>
    </p>
   </div>
   <div class='ocr_carea' id='block_1_87' title="bbox 2060 4064 3644 4136">
    <p class='ocr_par' dir='ltr' id='par_1_87' title="bbox 2060 4064 3644 4136">
     <span class='ocr_line' id='line_1_87' title="bbox 2060 4064 3644 4136; baseline 0.005 -20"><span class='ocrx_word' id='word_1_605' title='bbox 2060 4064 2229 4118; x_wconf 86' lang='lat' dir='ltr'><strong>Deum</strong></span> <span class='ocrx_word' id='word_1_606' title='bbox 2255 4080 2374 4121; x_wconf 90' lang='lat' dir='ltr'><strong>esse</strong></span> <span class='ocrx_word' id='word_1_607' title='bbox 2402 4068 2797 4135; x_wconf 83' lang='lat' dir='ltr'><strong>perspicerem,</strong></span> <span class='ocrx_word' id='word_1_608' title='bbox 2829 4067 3077 4136; x_wconf 87' lang='lat' dir='ltr'><strong>acquievi</strong></span> <span class='ocrx_word' id='word_1_609' title='bbox 3106 4069 3344 4133; x_wconf 87' lang='lat' dir='ltr'><strong>tandem,</strong></span> <span class='ocrx_word' id='word_1_610' title='bbox 3377 4081 3430 4125; x_wconf 92' lang='lat' dir='ltr'><strong>et</strong></span> <span class='ocrx_word' id='word_1_611' title='bbox 3462 4070 3644 4124; x_wconf 86' lang='lat' dir='ltr'><strong>inter-</strong></span> 
     </span>
    </p>
   </div>
   <div class='ocr_carea' id='block_1_88' title="bbox 2057 4156 3637 4229">
    <p class='ocr_par' dir='ltr' id='par_1_88' title="bbox 2057 4156 3637 4229">
     <span class='ocr_line' id='line_1_88' title="bbox 2057 4156 3637 4229; baseline 0.005 -21"><span class='ocrx_word' id='word_1_612' title='bbox 2057 4166 2300 4227; x_wconf 85' lang='lat' dir='ltr'><strong>pretatus</strong></span> <span class='ocrx_word' id='word_1_613' title='bbox 2332 4174 2474 4214; x_wconf 90' lang='lat' dir='ltr'><strong>sum.</strong></span> <span class='ocrx_word' id='word_1_614' title='bbox 2514 4176 2532 4208; x_wconf 79' lang='grc' dir='ltr'><strong>ι</strong></span> <span class='ocrx_word' id='word_1_615' title='bbox 2569 4158 2639 4211; x_wconf 88' lang='lat' dir='ltr'><strong>At</strong></span> <span class='ocrx_word' id='word_1_616' title='bbox 2664 4174 2789 4211; x_wconf 88' lang='lat' dir='ltr'><strong>vero</strong></span> <span class='ocrx_word' id='word_1_617' title='bbox 2816 4156 3177 4229; x_wconf 87' lang='lat' dir='ltr'><strong>Hieronymus</strong></span> <span class='ocrx_word' id='word_1_618' title='bbox 3210 4160 3302 4215; x_wconf 91' lang='lat' dir='ltr'><strong>lib.</strong></span> <span class='ocrx_word' id='word_1_619' title='bbox 3346 4178 3405 4215; x_wconf 93' lang='grc' dir='ltr'><strong>ιιι</strong></span> <span class='ocrx_word' id='word_1_620' title='bbox 3440 4163 3637 4217; x_wconf 80' lang='lat' dir='ltr'><strong>adrer-</strong></span> 
     </span>
    </p>
   </div>
   <div class='ocr_carea' id='block_1_89' title="bbox 2054 4247 3638 4318">
    <p class='ocr_par' dir='ltr' id='par_1_89' title="bbox 2054 4247 3638 4318">
     <span class='ocr_line' id='line_1_89' title="bbox 2054 4247 3638 4318; baseline 0.005 -17"><span class='ocrx_word' id='word_1_621' title='bbox 2054 4265 2143 4302; x_wconf 80' lang='lat' dir='ltr'><strong>sus</strong></span> <span class='ocrx_word' id='word_1_622' title='bbox 2180 4247 2430 4318; x_wconf 81' lang='lat' dir='ltr'><strong>Ruﬁnum</strong></span> <span class='ocrx_word' id='word_1_623' title='bbox 2461 4251 2539 4306; x_wconf 92' lang='lat' dir='ltr'><strong>sic</strong></span> <span class='ocrx_word' id='word_1_624' title='bbox 2568 4251 2782 4305; x_wconf 90' lang='lat' dir='ltr'><strong>deridet</strong></span> <span class='ocrx_word' id='word_1_625' title='bbox 2824 4251 2965 4305; x_wconf 86' lang='lat' dir='ltr'><strong>hanc</strong></span> <span class='ocrx_word' id='word_1_626' title='bbox 3004 4251 3181 4306; x_wconf 78' lang='lat' dir='ltr'><strong>Ruﬁni</strong></span> <span class='ocrx_word' id='word_1_627' title='bbox 3214 4254 3590 4309; x_wconf 88' lang='lat' dir='ltr'><strong>narrationem</strong></span> <span class='ocrx_word' id='word_1_628' title='bbox 3620 4274 3638 4311; x_wconf 91' lang='lat'><strong>:</strong></span> 
     </span>
    </p>
   </div>
   <div class='ocr_carea' id='block_1_90' title="bbox 2059 4341 3641 4414">
    <p class='ocr_par' dir='ltr' id='par_1_90' title="bbox 2059 4341 3641 4414">
     <span class='ocr_line' id='line_1_90' title="bbox 2059 4341 3641 4414; baseline 0.006 -22"><span class='ocrx_word' id='word_1_629' title='bbox 2059 4360 2077 4392; x_wconf 79' lang='grc' dir='ltr'><strong>ι</strong></span> <span class='ocrx_word' id='word_1_630' title='bbox 2123 4341 2168 4396; x_wconf 91' lang='grc' dir='ltr'><strong>Ο</strong></span> <span class='ocrx_word' id='word_1_631' title='bbox 2200 4343 2500 4405; x_wconf 89' lang='lat' dir='ltr'><strong>triremem,</strong></span> <span class='ocrx_word' id='word_1_632' title='bbox 2538 4344 2731 4412; x_wconf 92' lang='lat' dir='ltr'><strong>inquit,</strong></span> <span class='ocrx_word' id='word_1_633' title='bbox 2761 4342 3264 4413; x_wconf 88' lang='lat' dir='ltr'><strong>locupletissimam,</strong></span> <span class='ocrx_word' id='word_1_634' title='bbox 3292 4361 3411 4414; x_wconf 68' lang='lat' dir='ltr'><strong>quae</strong></span> <span class='ocrx_word' id='word_1_635' title='bbox 3436 4344 3641 4401; x_wconf 89' lang='lat' dir='ltr'><strong>Orien-</strong></span> 
     </span>
    </p>
   </div>
   <div class='ocr_carea' id='block_1_91' title="bbox 383 4430 3643 4510">
    <p class='ocr_par' dir='ltr' id='par_1_91' title="bbox 383 4430 3643 4510">
     <span class='ocr_line' id='line_1_91' title="bbox 383 4430 3643 4510; baseline 0.003 -23"><span class='ocrx_word' id='word_1_636' title='bbox 383 4442 518 4495; x_wconf 72' lang='lat' dir='ltr'><strong>liln&#39;o</strong></span> <span class='ocrx_word' id='word_1_637' title='bbox 566 4430 667 4509; x_wconf 63' lang='grc' dir='ltr'><strong>τῆς</strong></span> <span class='ocrx_word' id='word_1_638' title='bbox 717 4440 1061 4510; x_wconf 78' lang='grc' dir='ltr'>Ἀπολογίας</span> <span class='ocrx_word' id='word_1_639' title='bbox 1117 4440 1365 4510; x_wconf 81' lang='lat' dir='ltr'><strong>Origeuis</strong></span> <span class='ocrx_word' id='word_1_640' title='bbox 1432 4442 1533 4495; x_wconf 84' lang='lat' dir='ltr'><strong>hoc</strong></span> <span class='ocrx_word' id='word_1_641' title='bbox 1588 4440 1727 4496; x_wconf 88' lang='lat' dir='ltr'><strong>idem</strong></span> <span class='ocrx_word' id='word_1_642' title='bbox 1766 4442 1950 4510; x_wconf 68' lang='lat' dir='ltr'><strong>objicit</strong></span> <span class='ocrx_word' id='word_1_643' title='bbox 1981 4445 2025 4499; x_wconf 84' lang='lat'><strong>1)</strong></span> <span class='ocrx_word' id='word_1_644' title='bbox 2057 4434 2252 4490; x_wconf 91' lang='lat' dir='ltr'><strong>talibus</strong></span> <span class='ocrx_word' id='word_1_645' title='bbox 2281 4444 2335 4490; x_wconf 90' lang='lat' dir='ltr'><strong>et</strong></span> <span class='ocrx_word' id='word_1_646' title='bbox 2356 4433 2627 4505; x_wconf 62' lang='lat' dir='ltr'><strong>[Egyptiis</strong></span> <span class='ocrx_word' id='word_1_647' title='bbox 2664 4436 2939 4489; x_wconf 84' lang='lat' dir='ltr'><strong>mercibus</strong></span> <span class='ocrx_word' id='word_1_648' title='bbox 2982 4435 3235 4491; x_wconf 77' lang='lat' dir='ltr'><strong>Romana:</strong></span> <span class='ocrx_word' id='word_1_649' title='bbox 3266 4439 3416 4493; x_wconf 90' lang='lat' dir='ltr'><strong>urbis</strong></span> <span class='ocrx_word' id='word_1_650' title='bbox 3450 4439 3643 4497; x_wconf 85' lang='lat' dir='ltr'><strong>ditare</strong></span> 
     </span>
    </p>
   </div>
   <div class='ocr_carea' id='block_1_92' title="bbox 381 4532 1951 4603">
    <p class='ocr_par' dir='ltr' id='par_1_92' title="bbox 381 4532 1951 4603">
     <span class='ocr_line' id='line_1_92' title="bbox 381 4532 1951 4603; baseline 0.002 -19"><span class='ocrx_word' id='word_1_651' title='bbox 381 4532 648 4587; x_wconf 67' lang='lat' dir='ltr'><strong>Methsiin</strong></span> <span class='ocrx_word' id='word_1_652' title='bbox 673 4532 925 4600; x_wconf 85' lang='lat' dir='ltr'><strong>episcopo</strong></span> <span class='ocrx_word' id='word_1_653' title='bbox 947 4540 1001 4586; x_wconf 91' lang='lat' dir='ltr'><strong>et</strong></span> <span class='ocrx_word' id='word_1_654' title='bbox 1034 4533 1277 4603; x_wconf 88' lang='lat' dir='ltr'><strong>martyri,</strong></span> <span class='ocrx_word' id='word_1_655' title='bbox 1302 4532 1445 4601; x_wconf 89' lang='lat' dir='ltr'><strong>quod</strong></span> <span class='ocrx_word' id='word_1_656' title='bbox 1486 4542 1540 4586; x_wconf 89' lang='lat' dir='ltr'><strong>tu</strong></span> <span class='ocrx_word' id='word_1_657' title='bbox 1576 4533 1630 4587; x_wconf 93' lang='lat' dir='ltr'><strong>in</strong></span> <span class='ocrx_word' id='word_1_658' title='bbox 1673 4533 1808 4588; x_wconf 90' lang='lat' dir='ltr'><strong>meis</strong></span> <span class='ocrx_word' id='word_1_659' title='bbox 1838 4534 1951 4587; x_wconf 86' lang='lat' dir='ltr'><strong>lau-</strong></span> 
     </span>
    </p>
   </div>
   <div class='ocr_carea' id='block_1_93' title="bbox 379 4624 1951 4691">
    <p class='ocr_par' dir='ltr' id='par_1_93' title="bbox 379 4624 1951 4691">
     <span class='ocr_line' id='line_1_93' title="bbox 379 4624 1951 4691; baseline 0.001 -12"><span class='ocrx_word' id='word_1_660' title='bbox 379 4627 534 4680; x_wconf 79' lang='lat' dir='ltr'><strong>dibus</strong></span> <span class='ocrx_word' id='word_1_661' title='bbox 576 4624 919 4690; x_wconf 71' lang='lat' dir='ltr'><strong>criminaris;</strong></span> <span class='ocrx_word' id='word_1_662' title='bbox 952 4634 1007 4679; x_wconf 94' lang='lat' dir='ltr'><strong>et</strong></span> <span class='ocrx_word' id='word_1_663' title='bbox 1041 4625 1221 4679; x_wconf 81' lang='lat' dir='ltr'><strong>dicit:</strong></span> <span class='ocrx_word' id='word_1_664' title='bbox 1265 4643 1283 4677; x_wconf 80' lang='grc' dir='ltr'><strong>ι</strong></span> <span class='ocrx_word' id='word_1_665' title='bbox 1326 4626 1606 4691; x_wconf 82' lang='lat' dir='ltr'><strong>Quomodo</strong></span> <span class='ocrx_word' id='word_1_666' title='bbox 1656 4643 1821 4681; x_wconf 87' lang='lat' dir='ltr'><strong>ausus</strong></span> <span class='ocrx_word' id='word_1_667' title='bbox 1870 4637 1951 4681; x_wconf 90' lang='lat' dir='ltr'><strong>est</strong></span> 
     </span>
    </p>
   </div>
   <div class='ocr_carea' id='block_1_94' title="bbox 376 4718 1951 4788">
    <p class='ocr_par' dir='ltr' id='par_1_94' title="bbox 376 4718 1951 4788">
     <span class='ocr_line' id='line_1_94' title="bbox 376 4718 1951 4788; baseline 0.001 -16"><span class='ocrx_word' id='word_1_668' title='bbox 376 4719 677 4774; x_wconf 80' lang='lat' dir='ltr'><strong>Melltodius</strong></span> <span class='ocrx_word' id='word_1_669' title='bbox 714 4735 853 4774; x_wconf 91' lang='lat' dir='ltr'><strong>nunc</strong></span> <span class='ocrx_word' id='word_1_670' title='bbox 882 4730 1067 4774; x_wconf 88' lang='lat' dir='ltr'><strong>contra</strong></span> <span class='ocrx_word' id='word_1_671' title='bbox 1097 4718 1383 4788; x_wconf 86' lang='lat' dir='ltr'><strong>Origenem</strong></span> <span class='ocrx_word' id='word_1_672' title='bbox 1412 4718 1670 4783; x_wconf 80' lang='lat' dir='ltr'><strong>scribere,</strong></span> <span class='ocrx_word' id='word_1_673' title='bbox 1712 4719 1803 4787; x_wconf 92' lang='lat' dir='ltr'><strong>qui</strong></span> <span class='ocrx_word' id='word_1_674' title='bbox 1839 4719 1951 4773; x_wconf 73' lang='lat' dir='ltr'><strong>haec</strong></span> 
     </span>
    </p>
   </div>
   <div class='ocr_carea' id='block_1_95' title="bbox 375 4810 1950 4882">
    <p class='ocr_par' dir='ltr' id='par_1_95' title="bbox 375 4810 1950 4882">
     <span class='ocr_line' id='line_1_95' title="bbox 375 4810 1950 4882; baseline -0.001 -17"><span class='ocrx_word' id='word_1_675' title='bbox 375 4824 430 4865; x_wconf 88' lang='lat' dir='ltr'><strong>et</strong></span> <span class='ocrx_word' id='word_1_676' title='bbox 461 4815 575 4867; x_wconf 63' lang='lat' dir='ltr'><strong>hac</strong></span> <span class='ocrx_word' id='word_1_677' title='bbox 605 4815 670 4866; x_wconf 83' lang='lat' dir='ltr'><strong>tle</strong></span> <span class='ocrx_word' id='word_1_678' title='bbox 699 4811 945 4882; x_wconf 85' lang='lat' dir='ltr'><strong>Origenis</strong></span> <span class='ocrx_word' id='word_1_679' title='bbox 999 4811 1212 4865; x_wconf 90' lang='lat' dir='ltr'><strong>locutus</strong></span> <span class='ocrx_word' id='word_1_680' title='bbox 1248 4819 1330 4865; x_wconf 92' lang='lat' dir='ltr'><strong>est</strong></span> <span class='ocrx_word' id='word_1_681' title='bbox 1379 4810 1764 4878; x_wconf 81' lang='lat' dir='ltr'><strong>dogmatibus?</strong></span> <span class='ocrx_word' id='word_1_682' title='bbox 1803 4830 1820 4862; x_wconf 81' lang='grc' dir='ltr'><strong>ι</strong></span> <span class='ocrx_word' id='word_1_683' title='bbox 1865 4810 1950 4864; x_wconf 87' lang='lat' dir='ltr'><strong>Li-</strong></span> 
     </span>
    </p>
   </div>
   <div class='ocr_carea' id='block_1_96' title="bbox 377 4902 1946 4973">
    <p class='ocr_par' dir='ltr' id='par_1_96' title="bbox 377 4902 1946 4973">
     <span class='ocr_line' id='line_1_96' title="bbox 377 4902 1946 4973; baseline 0.001 -16"><span class='ocrx_word' id='word_1_684' title='bbox 377 4905 533 4957; x_wconf 90' lang='lat' dir='ltr'><strong>brum</strong></span> <span class='ocrx_word' id='word_1_685' title='bbox 565 4904 639 4957; x_wconf 88' lang='lat' dir='ltr'><strong>De</strong></span> <span class='ocrx_word' id='word_1_686' title='bbox 681 4904 1060 4958; x_wconf 76' lang='lat' dir='ltr'><strong>resurrectione</strong></span> <span class='ocrx_word' id='word_1_687' title='bbox 1103 4904 1324 4973; x_wconf 89' lang='lat' dir='ltr'><strong>scripsit</strong></span> <span class='ocrx_word' id='word_1_688' title='bbox 1350 4902 1653 4957; x_wconf 83' lang='lat' dir='ltr'><strong>Methodius</strong></span> <span class='ocrx_word' id='word_1_689' title='bbox 1685 4904 1946 4958; x_wconf 88' lang='lat' dir='ltr'><strong>adversus</strong></span> 
     </span>
    </p>
   </div>
   <div class='ocr_carea' id='block_1_97' title="bbox 374 5008 1948 5081">
    <p class='ocr_par' dir='ltr' id='par_1_97' title="bbox 374 5008 1948 5081">
     <span class='ocr_line' id='line_1_97' title="bbox 374 5008 1948 5081; baseline -0.002 -16"><span class='ocrx_word' id='word_1_690' title='bbox 374 5011 686 5081; x_wconf 88' lang='lat' dir='ltr'><strong>Origeneut,</strong></span> <span class='ocrx_word' id='word_1_691' title='bbox 724 5011 949 5065; x_wconf 84' lang='lat' dir='ltr'><strong>testibus</strong></span> <span class='ocrx_word' id='word_1_692' title='bbox 978 5008 1307 5077; x_wconf 81' lang='lat' dir='ltr'><strong>Hieronymo</strong></span> <span class='ocrx_word' id='word_1_693' title='bbox 1338 5018 1389 5064; x_wconf 93' lang='lat' dir='ltr'><strong>et</strong></span> <span class='ocrx_word' id='word_1_694' title='bbox 1411 5009 1713 5079; x_wconf 85' lang='lat' dir='ltr'><strong>Epiphanio</strong></span> <span class='ocrx_word' id='word_1_695' title='bbox 1741 5026 1753 5062; x_wconf 93' lang='lat'><strong>:</strong></span> <span class='ocrx_word' id='word_1_696' title='bbox 1784 5020 1948 5076; x_wconf 90' lang='lat' dir='ltr'><strong>atque</strong></span> 
     </span>
    </p>
   </div>
   <div class='ocr_carea' id='block_1_98' title="bbox 375 5100 1947 5158">
    <p class='ocr_par' dir='ltr' id='par_1_98' title="bbox 375 5100 1947 5158">
     <span class='ocr_line' id='line_1_98' title="bbox 375 5100 1947 5158; baseline -0.001 -2"><span class='ocrx_word' id='word_1_697' title='bbox 375 5108 488 5157; x_wconf 70' lang='lat' dir='ltr'><strong>hasc</strong></span> <span class='ocrx_word' id='word_1_698' title='bbox 516 5118 678 5158; x_wconf 86' lang='lat' dir='ltr'><strong>causa</strong></span> <span class='ocrx_word' id='word_1_699' title='bbox 708 5103 873 5156; x_wconf 81' lang='lat' dir='ltr'><strong>fuisse</strong></span> <span class='ocrx_word' id='word_1_700' title='bbox 898 5101 1112 5156; x_wconf 90' lang='lat' dir='ltr'><strong>videtur</strong></span> <span class='ocrx_word' id='word_1_701' title='bbox 1132 5118 1232 5156; x_wconf 90' lang='lat' dir='ltr'><strong>cur</strong></span> <span class='ocrx_word' id='word_1_702' title='bbox 1257 5101 1524 5156; x_wconf 90' lang='lat' dir='ltr'><strong>Eusebius</strong></span> <span class='ocrx_word' id='word_1_703' title='bbox 1550 5102 1599 5154; x_wconf 93' lang='lat' dir='ltr'><strong>in</strong></span> <span class='ocrx_word' id='word_1_704' title='bbox 1629 5101 1740 5155; x_wconf 88' lang='lat' dir='ltr'><strong>suis</strong></span> <span class='ocrx_word' id='word_1_705' title='bbox 1770 5100 1947 5155; x_wconf 82' lang='lat' dir='ltr'><strong>Histo-</strong></span> 
     </span>
    </p>
   </div>
   <div class='ocr_carea' id='block_1_99' title="bbox 372 5200 1947 5269">
    <p class='ocr_par' dir='ltr' id='par_1_99' title="bbox 372 5200 1947 5269">
     <span class='ocr_line' id='line_1_99' title="bbox 372 5200 1947 5269; baseline -0.001 -13"><span class='ocrx_word' id='word_1_706' title='bbox 372 5206 468 5258; x_wconf 80' lang='lat' dir='ltr'><strong>ria:</strong></span> <span class='ocrx_word' id='word_1_707' title='bbox 490 5204 858 5257; x_wconf 79' lang='lat' dir='ltr'><strong>ecclesiastica:</strong></span> <span class='ocrx_word' id='word_1_708' title='bbox 891 5202 1047 5256; x_wconf 75' lang='lat' dir='ltr'><strong>libris</strong></span> <span class='ocrx_word' id='word_1_709' title='bbox 1089 5201 1288 5254; x_wconf 91' lang='lat' dir='ltr'><strong>nullam</strong></span> <span class='ocrx_word' id='word_1_710' title='bbox 1339 5200 1458 5269; x_wconf 88' lang='lat' dir='ltr'><strong>ejus</strong></span> <span class='ocrx_word' id='word_1_711' title='bbox 1493 5200 1826 5255; x_wconf 89' lang='lat' dir='ltr'><strong>mentionem</strong></span> <span class='ocrx_word' id='word_1_712' title='bbox 1873 5201 1947 5255; x_wconf 82' lang='lat' dir='ltr'><strong>fe-</strong></span> 
     </span>
    </p>
   </div>
   <div class='ocr_carea' id='block_1_100' title="bbox 370 5304 1940 5372">
    <p class='ocr_par' dir='ltr' id='par_1_100' title="bbox 370 5304 1940 5372">
     <span class='ocr_line' id='line_1_100' title="bbox 370 5304 1940 5372; baseline -0.002 -10"><span class='ocrx_word' id='word_1_713' title='bbox 370 5309 526 5362; x_wconf 88' lang='lat' dir='ltr'><strong>cerit.</strong></span> <span class='ocrx_word' id='word_1_714' title='bbox 561 5307 691 5360; x_wconf 84' lang='lat' dir='ltr'><strong>Nam</strong></span> <span class='ocrx_word' id='word_1_715' title='bbox 721 5322 843 5360; x_wconf 91' lang='lat' dir='ltr'><strong>cum</strong></span> <span class='ocrx_word' id='word_1_716' title='bbox 876 5318 1064 5359; x_wconf 87' lang='lat' dir='ltr'><strong>omnes</strong></span> <span class='ocrx_word' id='word_1_717' title='bbox 1096 5304 1208 5358; x_wconf 79' lang='lat' dir='ltr'><strong>fere</strong></span> <span class='ocrx_word' id='word_1_718' title='bbox 1258 5304 1656 5359; x_wconf 84' lang='lat' dir='ltr'><strong>ecclesiasticos</strong></span> <span class='ocrx_word' id='word_1_719' title='bbox 1707 5304 1940 5372; x_wconf 81' lang='lat' dir='ltr'><strong>Scripto-</strong></span> 
     </span>
    </p>
   </div>
   <div class='ocr_carea' id='block_1_101' title="bbox 373 5409 1941 5479">
    <p class='ocr_par' dir='ltr' id='par_1_101' title="bbox 373 5409 1941 5479">
     <span class='ocr_line' id='line_1_101' title="bbox 373 5409 1941 5479; baseline -0.001 -14"><span class='ocrx_word' id='word_1_720' title='bbox 373 5428 458 5467; x_wconf 90' lang='lat' dir='ltr'><strong>res</strong></span> <span class='ocrx_word' id='word_1_721' title='bbox 482 5412 535 5465; x_wconf 92' lang='lat' dir='ltr'><strong>in</strong></span> <span class='ocrx_word' id='word_1_722' title='bbox 567 5412 669 5465; x_wconf 91' lang='lat' dir='ltr'><strong>hoc</strong></span> <span class='ocrx_word' id='word_1_723' title='bbox 696 5424 860 5479; x_wconf 87' lang='lat' dir='ltr'><strong>opere</strong></span> <span class='ocrx_word' id='word_1_724' title='bbox 886 5420 1140 5464; x_wconf 86' lang='lat' dir='ltr'><strong>accurate</strong></span> <span class='ocrx_word' id='word_1_725' title='bbox 1171 5409 1703 5475; x_wconf 87' lang='lat' dir='ltr'><strong>commemoraverit,</strong></span> <span class='ocrx_word' id='word_1_726' title='bbox 1731 5409 1941 5464; x_wconf 81' lang='lat' dir='ltr'><strong>Metho-</strong></span> 
     </span>
    </p>
   </div>
   <div class='ocr_carea' id='block_1_102' title="bbox 370 5508 1944 5580">
    <p class='ocr_par' dir='ltr' id='par_1_102' title="bbox 370 5508 1944 5580">
     <span class='ocr_line' id='line_1_102' title="bbox 370 5508 1944 5580; baseline 0.001 -19"><span class='ocrx_word' id='word_1_727' title='bbox 370 5512 514 5570; x_wconf 85' lang='lat' dir='ltr'><strong>diutn</strong></span> <span class='ocrx_word' id='word_1_728' title='bbox 544 5520 720 5563; x_wconf 86' lang='lat' dir='ltr'><strong>tamen</strong></span> <span class='ocrx_word' id='word_1_729' title='bbox 762 5508 830 5562; x_wconf 92' lang='lat' dir='ltr'><strong>de</strong></span> <span class='ocrx_word' id='word_1_730' title='bbox 855 5508 1117 5563; x_wconf 91' lang='lat' dir='ltr'><strong>industria</strong></span> <span class='ocrx_word' id='word_1_731' title='bbox 1153 5508 1528 5580; x_wconf 63' lang='lat' dir='ltr'><strong>praetermisit,</strong></span> <span class='ocrx_word' id='word_1_732' title='bbox 1554 5522 1620 5563; x_wconf 92' lang='lat' dir='ltr'><strong>eo</strong></span> <span class='ocrx_word' id='word_1_733' title='bbox 1646 5509 1788 5577; x_wconf 90' lang='lat' dir='ltr'><strong>quod</strong></span> <span class='ocrx_word' id='word_1_734' title='bbox 1819 5509 1944 5564; x_wconf 84' lang='lat' dir='ltr'><strong>Ori-</strong></span> 
     </span>
    </p>
   </div>
   <div class='ocr_carea' id='block_1_103' title="bbox 370 5608 1940 5681">
    <p class='ocr_par' dir='ltr' id='par_1_103' title="bbox 370 5608 1940 5681">
     <span class='ocr_line' id='line_1_103' title="bbox 370 5608 1940 5681; baseline -0.003 -15"><span class='ocrx_word' id='word_1_735' title='bbox 370 5626 580 5681; x_wconf 83' lang='lat' dir='ltr'><strong>genem,</strong></span> <span class='ocrx_word' id='word_1_736' title='bbox 616 5626 774 5681; x_wconf 86' lang='lat' dir='ltr'><strong>quem</strong></span> <span class='ocrx_word' id='word_1_737' title='bbox 804 5610 916 5679; x_wconf 88' lang='lat' dir='ltr'><strong>ipse</strong></span> <span class='ocrx_word' id='word_1_738' title='bbox 960 5608 1230 5678; x_wconf 68' lang='lat' dir='ltr'><strong>prmcipne</strong></span> <span class='ocrx_word' id='word_1_739' title='bbox 1284 5608 1610 5675; x_wconf 83' lang='lat' dir='ltr'><strong>mirabatur,</strong></span> <span class='ocrx_word' id='word_1_740' title='bbox 1659 5609 1940 5677; x_wconf 79' lang='lat' dir='ltr'><strong>impugna-</strong></span> 
     </span>
    </p>
   </div>
   <div class='ocr_carea' id='block_1_104' title="bbox 371 5714 1934 5791">
    <p class='ocr_par' dir='ltr' id='par_1_104' title="bbox 371 5714 1934 5791">
     <span class='ocr_line' id='line_1_104' title="bbox 371 5714 1934 5791; baseline 0.001 -21"><span class='ocrx_word' id='word_1_741' title='bbox 371 5716 553 5773; x_wconf 89' lang='lat' dir='ltr'><strong>visset.</strong></span> <span class='ocrx_word' id='word_1_742' title='bbox 591 5718 689 5791; x_wconf 82' lang='lat' dir='ltr'><strong>Sic</strong></span> <span class='ocrx_word' id='word_1_743' title='bbox 726 5717 1083 5788; x_wconf 82' lang='lat' dir='ltr'><strong>Hieronymus</strong></span> <span class='ocrx_word' id='word_1_744' title='bbox 1118 5715 1322 5782; x_wconf 84' lang='lat' dir='ltr'><strong>Rulini,</strong></span> <span class='ocrx_word' id='word_1_745' title='bbox 1362 5714 1579 5785; x_wconf 90' lang='lat' dir='ltr'><strong>quicum</strong></span> <span class='ocrx_word' id='word_1_746' title='bbox 1630 5716 1934 5771; x_wconf 85' lang='lat' dir='ltr'><strong>simultates</strong></span> 
     </span>
    </p>
   </div>
   <div class='ocr_carea' id='block_1_105' title="bbox 2056 4530 2716 4597">
    <p class='ocr_par' dir='ltr' id='par_1_105' title="bbox 2056 4530 2716 4597">
     <span class='ocr_line' id='line_1_105' title="bbox 2056 4530 2716 4597; baseline 0.003 -18"><span class='ocrx_word' id='word_1_747' title='bbox 2056 4536 2278 4581; x_wconf 91' lang='lat' dir='ltr'><strong>venerat</strong></span> <span class='ocrx_word' id='word_1_748' title='bbox 2306 4537 2676 4597; x_wconf 87' lang='lat' dir='ltr'><strong>paupertatem</strong></span> <span class='ocrx_word' id='word_1_749' title='bbox 2704 4530 2716 4581; x_wconf 86' lang='lat'>!</span> 
     </span>
    </p>
   </div>
   <div class='ocr_carea' id='block_1_106' title="bbox 2760 4619 3340 4690">
    <p class='ocr_par' dir='ltr' id='par_1_106' title="bbox 2760 4619 3340 4690">
     <span class='ocr_line' id='line_1_106' title="bbox 2760 4619 3340 4690; baseline 0.007 -17"><span class='ocrx_word' id='word_1_750' title='bbox 2760 4619 2837 4673; x_wconf 88' lang='lat' dir='ltr'><strong>Tu</strong></span> <span class='ocrx_word' id='word_1_751' title='bbox 2864 4622 3122 4675; x_wconf 76' lang='lat' dir='ltr'><strong>maximus</strong></span> <span class='ocrx_word' id='word_1_752' title='bbox 3144 4621 3235 4676; x_wconf 80' lang='lat' dir='ltr'><strong>ille</strong></span> <span class='ocrx_word' id='word_1_753' title='bbox 3268 4639 3340 4690; x_wconf 76' lang='lat' dir='ltr'><strong>es,</strong></span> 
     </span>
    </p>
   </div>
   <div class='ocr_carea' id='block_1_107' title="bbox 2197 4707 3384 4780">
    <p class='ocr_par' dir='ltr' id='par_1_107' title="bbox 2197 4707 3384 4780">
     <span class='ocr_line' id='line_1_107' title="bbox 2197 4707 3384 4780; baseline 0.004 -19"><span class='ocrx_word' id='word_1_754' title='bbox 2197 4707 2342 4763; x_wconf 83' lang='lat' dir='ltr'><strong>Unus</strong></span> <span class='ocrx_word' id='word_1_755' title='bbox 2371 4711 2461 4780; x_wconf 74' lang='lat' dir='ltr'><strong>qui</strong></span> <span class='ocrx_word' id='word_1_756' title='bbox 2492 4712 2637 4765; x_wconf 78' lang='lat' dir='ltr'><strong>nobis</strong></span> <span class='ocrx_word' id='word_1_757' title='bbox 2680 4712 2953 4766; x_wconf 80' lang='lat' dir='ltr'><strong>scribenda</strong></span> <span class='ocrx_word' id='word_1_758' title='bbox 2983 4714 3218 4767; x_wconf 78' lang='lat' dir='ltr'><strong>restituis</strong></span> <span class='ocrx_word' id='word_1_759' title='bbox 3253 4730 3384 4767; x_wconf 84' lang='lat' dir='ltr'><strong>rem.</strong></span> 
     </span>
    </p>
   </div>
   <div class='ocr_carea' id='block_1_108' title="bbox 2052 4798 3640 4871">
    <p class='ocr_par' dir='ltr' id='par_1_108' title="bbox 2052 4798 3640 4871">
     <span class='ocr_line' id='line_1_108' title="bbox 2052 4798 3640 4871; baseline 0.004 -17"><span class='ocrx_word' id='word_1_760' title='bbox 2052 4798 2192 4871; x_wconf 88' lang='lat' dir='ltr'><strong>Ergo</strong></span> <span class='ocrx_word' id='word_1_761' title='bbox 2228 4803 2330 4856; x_wconf 89' lang='lat' dir='ltr'><strong>nisi</strong></span> <span class='ocrx_word' id='word_1_762' title='bbox 2375 4804 2441 4857; x_wconf 91' lang='lat' dir='ltr'><strong>de</strong></span> <span class='ocrx_word' id='word_1_763' title='bbox 2490 4802 2711 4858; x_wconf 89' lang='lat' dir='ltr'><strong>Oriente</strong></span> <span class='ocrx_word' id='word_1_764' title='bbox 2768 4805 3005 4858; x_wconf 83' lang='lat' dir='ltr'><strong>venisses</strong></span> <span class='ocrx_word' id='word_1_765' title='bbox 3038 4845 3052 4868; x_wconf 95' lang='lat'><strong>,</strong></span> <span class='ocrx_word' id='word_1_766' title='bbox 3103 4806 3499 4860; x_wconf 89' lang='lat' dir='ltr'><strong>eruditissimus</strong></span> <span class='ocrx_word' id='word_1_767' title='bbox 3544 4809 3640 4861; x_wconf 84' lang='lat' dir='ltr'><strong>vir</strong></span> 
     </span>
    </p>
   </div>
   <div class='ocr_carea' id='block_1_109' title="bbox 2053 4896 3637 4962">
    <p class='ocr_par' dir='ltr' id='par_1_109' title="bbox 2053 4896 3637 4962">
     <span class='ocr_line' id='line_1_109' title="bbox 2053 4896 3637 4962; baseline 0.004 -16"><span class='ocrx_word' id='word_1_768' title='bbox 2053 4896 2283 4948; x_wconf 65' lang='lat' dir='ltr'><strong>haereret</strong></span> <span class='ocrx_word' id='word_1_769' title='bbox 2336 4896 2513 4950; x_wconf 87' lang='lat' dir='ltr'><strong>adhuc</strong></span> <span class='ocrx_word' id='word_1_770' title='bbox 2576 4898 2714 4951; x_wconf 91' lang='lat' dir='ltr'><strong>inter</strong></span> <span class='ocrx_word' id='word_1_771' title='bbox 2779 4898 3211 4962; x_wconf 90' lang='lat' dir='ltr'><strong>mathematicos,</strong></span> <span class='ocrx_word' id='word_1_772' title='bbox 3270 4909 3323 4952; x_wconf 90' lang='lat' dir='ltr'><strong>et</strong></span> <span class='ocrx_word' id='word_1_773' title='bbox 3378 4900 3637 4953; x_wconf 81' lang='lat' dir='ltr'><strong>homines</strong></span> 
     </span>
    </p>
   </div>
   <div class='ocr_carea' id='block_1_110' title="bbox 2050 4986 3636 5059">
    <p class='ocr_par' dir='ltr' id='par_1_110' title="bbox 2050 4986 3636 5059">
     <span class='ocr_line' id='line_1_110' title="bbox 2050 4986 3636 5059; baseline 0.001 -18"><span class='ocrx_word' id='word_1_774' title='bbox 2050 4986 2371 5052; x_wconf 84' lang='lat' dir='ltr'><strong>Christiani,</strong></span> <span class='ocrx_word' id='word_1_775' title='bbox 2407 4989 2534 5056; x_wconf 91' lang='lat' dir='ltr'><strong>qttid</strong></span> <span class='ocrx_word' id='word_1_776' title='bbox 2589 5000 2777 5043; x_wconf 87' lang='lat' dir='ltr'><strong>contra</strong></span> <span class='ocrx_word' id='word_1_777' title='bbox 2823 4988 2988 5042; x_wconf 76' lang='lat' dir='ltr'><strong>fatum</strong></span> <span class='ocrx_word' id='word_1_778' title='bbox 3022 4990 3371 5055; x_wconf 85' lang='lat' dir='ltr'><strong>dissererent,</strong></span> <span class='ocrx_word' id='word_1_779' title='bbox 3406 4991 3636 5059; x_wconf 80' lang='lat' dir='ltr'><strong>ignora—</strong></span> 
     </span>
    </p>
   </div>
   <div class='ocr_carea' id='block_1_111' title="bbox 2048 5079 3631 5139">
    <p class='ocr_par' dir='ltr' id='par_1_111' title="bbox 2048 5079 3631 5139">
     <span class='ocr_line' id='line_1_111' title="bbox 2048 5079 3631 5139; baseline 0.001 -6"><span class='ocrx_word' id='word_1_780' title='bbox 2048 5090 2189 5133; x_wconf 86' lang='lat' dir='ltr'><strong>rent.</strong></span> <span class='ocrx_word' id='word_1_781' title='bbox 2231 5099 2249 5132; x_wconf 84' lang='grc' dir='ltr'><strong>ι</strong></span> <span class='ocrx_word' id='word_1_782' title='bbox 2286 5080 2766 5135; x_wconf 89' lang='lat' dir='ltr'><strong>Etninentissimus</strong></span> <span class='ocrx_word' id='word_1_783' title='bbox 2797 5080 3091 5135; x_wconf 87' lang='lat' dir='ltr'><strong>cardinalis</strong></span> <span class='ocrx_word' id='word_1_784' title='bbox 3118 5079 3365 5135; x_wconf 82' lang='lat' dir='ltr'><strong>NOI&#39;iSiuS</strong></span> <span class='ocrx_word' id='word_1_785' title='bbox 3397 5082 3631 5139; x_wconf 77' lang='lat' dir='ltr'><strong>Dissert.</strong></span> 
     </span>
    </p>
   </div>
   <div class='ocr_carea' id='block_1_112' title="bbox 2047 5171 3633 5243">
    <p class='ocr_par' dir='ltr' id='par_1_112' title="bbox 2047 5171 3633 5243">
     <span class='ocr_line' id='line_1_112' title="bbox 2047 5171 3633 5243; baseline 0.002 -19"><span class='ocrx_word' id='word_1_786' title='bbox 2047 5173 2234 5227; x_wconf 83' lang='lat' dir='ltr'><strong>histor.</strong></span> <span class='ocrx_word' id='word_1_787' title='bbox 2270 5175 2332 5226; x_wconf 88' lang='lat' dir='ltr'><strong>de</strong></span> <span class='ocrx_word' id='word_1_788' title='bbox 2374 5173 2561 5241; x_wconf 84' lang='lat' dir='ltr'><strong>synod.</strong></span> <span class='ocrx_word' id='word_1_789' title='bbox 2607 5188 2672 5233; x_wconf 89' lang='lat' dir='ltr'><strong>v,</strong></span> <span class='ocrx_word' id='word_1_790' title='bbox 2719 5188 2838 5243; x_wconf 91' lang='lat' dir='ltr'><strong>cap.</strong></span> <span class='ocrx_word' id='word_1_791' title='bbox 2883 5171 2982 5238; x_wconf 82' lang='grc'><strong>15,</strong></span> <span class='ocrx_word' id='word_1_792' title='bbox 3032 5181 3089 5226; x_wconf 80' lang='grc' dir='ltr'><strong>ιιι</strong></span> <span class='ocrx_word' id='word_1_793' title='bbox 3134 5173 3303 5241; x_wconf 88' lang='lat' dir='ltr'><strong>aperti</strong></span> <span class='ocrx_word' id='word_1_794' title='bbox 3353 5174 3633 5227; x_wconf 82' lang='lat' dir='ltr'><strong>mendacii</strong></span> 
     </span>
    </p>
   </div>
   <div class='ocr_carea' id='block_1_113' title="bbox 2051 5264 3635 5334">
    <p class='ocr_par' dir='ltr' id='par_1_113' title="bbox 2051 5264 3635 5334">
     <span class='ocr_line' id='line_1_113' title="bbox 2051 5264 3635 5334; baseline 0.004 -20"><span class='ocrx_word' id='word_1_795' title='bbox 2051 5264 2300 5317; x_wconf 75' lang='lat' dir='ltr'><strong>Itniinum</strong></span> <span class='ocrx_word' id='word_1_796' title='bbox 2347 5275 2559 5334; x_wconf 89' lang='lat' dir='ltr'><strong>arguat,</strong></span> <span class='ocrx_word' id='word_1_797' title='bbox 2596 5264 2789 5331; x_wconf 87' lang='lat' dir='ltr'><strong>objicit</strong></span> <span class='ocrx_word' id='word_1_798' title='bbox 2824 5264 2875 5317; x_wconf 87' lang='lat' dir='ltr'><strong>itt</strong></span> <span class='ocrx_word' id='word_1_799' title='bbox 2916 5266 3019 5319; x_wconf 88' lang='lat' dir='ltr'><strong>hoc</strong></span> <span class='ocrx_word' id='word_1_800' title='bbox 3053 5265 3402 5333; x_wconf 84' lang='lat' dir='ltr'><strong>Apologetico</strong></span> <span class='ocrx_word' id='word_1_801' title='bbox 3436 5266 3635 5321; x_wconf 84' lang='lat' dir='ltr'><strong>libello</strong></span> 
     </span>
    </p>
   </div>
   <div class='ocr_carea' id='block_1_114' title="bbox 2046 5356 3634 5426">
    <p class='ocr_par' dir='ltr' id='par_1_114' title="bbox 2046 5356 3634 5426">
     <span class='ocr_line' id='line_1_114' title="bbox 2046 5356 3634 5426; baseline 0.001 -17"><span class='ocrx_word' id='word_1_802' title='bbox 2046 5372 2204 5424; x_wconf 88' lang='lat' dir='ltr'><strong>quem</strong></span> <span class='ocrx_word' id='word_1_803' title='bbox 2241 5358 2340 5410; x_wconf 90' lang='lat' dir='ltr'><strong>sub</strong></span> <span class='ocrx_word' id='word_1_804' title='bbox 2375 5358 2594 5410; x_wconf 87' lang='lat' dir='ltr'><strong>nomine</strong></span> <span class='ocrx_word' id='word_1_805' title='bbox 2638 5356 2900 5426; x_wconf 84' lang='lat' dir='ltr'><strong>Pamphili</strong></span> <span class='ocrx_word' id='word_1_806' title='bbox 2939 5358 3194 5426; x_wconf 89' lang='lat' dir='ltr'><strong>martyris</strong></span> <span class='ocrx_word' id='word_1_807' title='bbox 3237 5357 3441 5422; x_wconf 76' lang='lat' dir='ltr'><strong>edidit&quot;,</strong></span> <span class='ocrx_word' id='word_1_808' title='bbox 3484 5360 3634 5411; x_wconf 87' lang='lat' dir='ltr'><strong>nihil</strong></span> 
     </span>
    </p>
   </div>
   <div class='ocr_carea' id='block_1_115' title="bbox 2046 5447 3631 5517">
    <p class='ocr_par' dir='ltr' id='par_1_115' title="bbox 2046 5447 3631 5517">
     <span class='ocr_line' id='line_1_115' title="bbox 2046 5447 3631 5517; baseline -0.001 -18"><span class='ocrx_word' id='word_1_809' title='bbox 2046 5447 2330 5517; x_wconf 83' lang='lat' dir='ltr'><strong>probatum</strong></span> <span class='ocrx_word' id='word_1_810' title='bbox 2370 5447 2472 5517; x_wconf 87' lang='lat' dir='ltr'><strong>legi</strong></span> <span class='ocrx_word' id='word_1_811' title='bbox 2519 5456 2710 5499; x_wconf 85' lang='lat' dir='ltr'><strong>contra</strong></span> <span class='ocrx_word' id='word_1_812' title='bbox 2745 5448 3158 5501; x_wconf 87' lang='lat' dir='ltr'><strong>mathematicos</strong></span> <span class='ocrx_word' id='word_1_813' title='bbox 3184 5447 3266 5498; x_wconf 87' lang='lat' dir='ltr'><strong>vel</strong></span> <span class='ocrx_word' id='word_1_814' title='bbox 3302 5447 3396 5498; x_wconf 82' lang='lat' dir='ltr'><strong>fati</strong></span> <span class='ocrx_word' id='word_1_815' title='bbox 3439 5461 3631 5500; x_wconf 83' lang='lat' dir='ltr'><strong>asser-</strong></span> 
     </span>
    </p>
   </div>
   <div class='ocr_carea' id='block_1_116' title="bbox 2049 5538 3633 5605">
    <p class='ocr_par' dir='ltr' id='par_1_116' title="bbox 2049 5538 3633 5605">
     <span class='ocr_line' id='line_1_116' title="bbox 2049 5538 3633 5605; baseline 0.002 -13"><span class='ocrx_word' id='word_1_816' title='bbox 2049 5549 2221 5604; x_wconf 92' lang='lat' dir='ltr'><strong>tores;</strong></span> <span class='ocrx_word' id='word_1_817' title='bbox 2256 5538 2348 5593; x_wconf 90' lang='lat' dir='ltr'><strong>sed</strong></span> <span class='ocrx_word' id='word_1_818' title='bbox 2381 5547 2586 5593; x_wconf 88' lang='lat' dir='ltr'><strong>tantum</strong></span> <span class='ocrx_word' id='word_1_819' title='bbox 2620 5540 2684 5594; x_wconf 92' lang='lat' dir='ltr'><strong>de</strong></span> <span class='ocrx_word' id='word_1_820' title='bbox 2722 5539 2903 5605; x_wconf 82' lang='lat' dir='ltr'><strong>Patre,</strong></span> <span class='ocrx_word' id='word_1_821' title='bbox 2937 5539 3002 5594; x_wconf 90' lang='lat' dir='ltr'><strong>de</strong></span> <span class='ocrx_word' id='word_1_822' title='bbox 3044 5538 3164 5592; x_wconf 83' lang='lat' dir='ltr'><strong>Filii</strong></span> <span class='ocrx_word' id='word_1_823' title='bbox 3201 5541 3528 5599; x_wconf 65' lang='lat' dir='ltr'><strong>aeternitate,</strong></span> <span class='ocrx_word' id='word_1_824' title='bbox 3560 5543 3633 5595; x_wconf 67' lang='lat' dir='ltr'><strong>de</strong></span> 
     </span>
    </p>
   </div>
   <div class='ocr_carea' id='block_1_117' title="bbox 2046 5629 3627 5697">
    <p class='ocr_par' dir='ltr' id='par_1_117' title="bbox 2046 5629 3627 5697">
     <span class='ocr_line' id='line_1_117' title="bbox 2046 5629 3627 5697; baseline 0.001 -15"><span class='ocrx_word' id='word_1_825' title='bbox 2046 5629 2281 5697; x_wconf 87' lang='lat' dir='ltr'><strong>Spiritus</strong></span> <span class='ocrx_word' id='word_1_826' title='bbox 2310 5630 2482 5685; x_wconf 87' lang='lat' dir='ltr'><strong>sancti</strong></span> <span class='ocrx_word' id='word_1_827' title='bbox 2520 5630 2835 5693; x_wconf 89' lang='lat' dir='ltr'><strong>divinitate,</strong></span> <span class='ocrx_word' id='word_1_828' title='bbox 2890 5630 2957 5684; x_wconf 90' lang='lat' dir='ltr'><strong>de</strong></span> <span class='ocrx_word' id='word_1_829' title='bbox 3000 5631 3158 5685; x_wconf 85' lang='lat' dir='ltr'><strong>Verbi</strong></span> <span class='ocrx_word' id='word_1_830' title='bbox 3204 5631 3627 5697; x_wconf 79' lang='lat' dir='ltr'><strong>incarnatione,</strong></span> 
     </span>
    </p>
   </div>
   <div class='ocr_carea' id='block_1_118' title="bbox 2045 5723 3627 5794">
    <p class='ocr_par' dir='ltr' id='par_1_118' title="bbox 2045 5723 3627 5794">
     <span class='ocr_line' id='line_1_118' title="bbox 2045 5723 3627 5794; baseline 0.003 -20"><span class='ocrx_word' id='word_1_831' title='bbox 2045 5739 2107 5775; x_wconf 86' lang='lat' dir='ltr'><strong>ac</strong></span> <span class='ocrx_word' id='word_1_832' title='bbox 2162 5723 2375 5777; x_wconf 76' lang='lat' dir='ltr'><strong>Christo</strong></span> <span class='ocrx_word' id='word_1_833' title='bbox 2415 5724 2670 5791; x_wconf 84' lang='lat' dir='ltr'><strong>Domino,</strong></span> <span class='ocrx_word' id='word_1_834' title='bbox 2721 5724 2786 5778; x_wconf 92' lang='lat' dir='ltr'><strong>de</strong></span> <span class='ocrx_word' id='word_1_835' title='bbox 2823 5723 2999 5794; x_wconf 73' lang='lat' dir='ltr'><strong>pCBlliS</strong></span> <span class='ocrx_word' id='word_1_836' title='bbox 3043 5724 3447 5789; x_wconf 86' lang='lat' dir='ltr'><strong>damnatorum,</strong></span> <span class='ocrx_word' id='word_1_837' title='bbox 3502 5736 3627 5778; x_wconf 86' lang='lat' dir='ltr'><strong>etc.</strong></span> 
     </span>
    </p>
   </div>
  </div>
