3880 6212
220 305 329 362 5‘25

1173 309 1516 367 APOLOGIA
1554 309 1691 367 PRO
1727 306 2045 365 ORIGENE.
2086 339 2154 350 —
2193 307 2530 365 MONITUM.

3373 313 3476 370 526

228 440 247 472 ι
284 420 569 490 Quodnam
603 422 793 492 igitur,
842 422 1037 494 inquit,
1076 438 1214 495 opus
1263 434 1452 481 contra
1496 424 1799 479 mathema-
1828 440 1875 496 Α
1907 422 2038 476 leris
2068 436 2097 475 a
2128 431 2179 477 te
2208 421 2656 491 posse-contingi.
2688 420 2881 477 Postea
2919 438 3046 479 vero
3081 439 3178 494 per
3208 426 3475 498 interpre-

223 514 360 568 ticos
400 512 715 583 Pamphilus
758 514 1021 584 scripsit?
1060 535 1079 568 ι
1128 515 1234 570 Sed
1289 518 1573 586 responsio
1620 516 1797 570 facilis

221 616 322 661 est.
358 604 428 661 Ut
456 608 599 662 enim
638 607 824 661 darem
858 606 911 661 in
945 608 1120 676 primo
1166 608 1439 680 Apologia:
1486 609 1624 665 libro
1662 610 1795 664 nihil

222 708 409 751 contra
442 698 859 754 mathematicos
887 698 1082 763 fuisse,
1108 711 1164 754 at
1191 711 1418 757 caeteros
1455 702 1596 757 forte
1626 701 1794 757 libros

220 800 529 861 sequentes,
566 791 620 845 in
648 791 844 859 quibus
872 791 1067 846 alicubi
1092 792 1325 849 forsitan
1359 793 1459 849 fati
1490 802 1791 849 assertores

218 882 662 949 confutabantur,
707 882 898 939 Latine
938 885 1174 941 reddere
1207 885 1260 941 in
1297 887 1478 941 animo
1525 896 1646 940 erat
1676 885 1789 940 Ru—

219 976 352 1041 ﬁno,
386 991 547 1046 quem
593 978 662 1031 ab
702 977 807 1032 hoc
855 976 1039 1034 labore
1076 978 1339 1033 deterruit
1390 978 1537 1034 solus
1610 977 1790 1033 Maca-

218 1070 332 1125 rius
355 1069 522 1125 libros
549 1070 689 1139 Hepl
718 1069 919 1141 ἀρχῶν
948 1073 1160 1128 videndi
1206 1075 1457 1144 cupidus.
1495 1075 1591 1129 Hic
1620 1076 1785 1139 enim,

218 1169 358 1215 teste
378 1160 575 1215 Ruﬁno
605 1160 700 1215 lib.
730 1177 747 1215 t
786 1162 1058 1232 Apologia:
1085 1163 1339 1218 adversus
1369 1163 1779 1235 Hieronymum,

214 1252 353 1309 lecta
384 1255 503 1311 libri
536 1256 692 1325 primi
728 1256 1058 1328 Apologetici
1092 1261 1365 1327 versione,
1407 1279 1427 1312 ι
1466 1261 1656 1330 majori
1689 1261 1785 1315 de-

214 1344 417 1402 siderio
461 1360 725 1402 accensus
759 1356 842 1403 est
895 1350 961 1401 ad
1018 1348 1132 1417 ipsa
1194 1350 1284 1404 illa
1333 1331 1546 1420 plenius
1584 1366 1786 1422 cogno-

212 1437 430 1500 scenda,
462 1454 493 1494 e
519 1439 715 1509 quibus
744 1456 911 1509 pauca
943 1440 1054 1509 illa,
1087 1457 1209 1511 quae
1239 1462 1258 1495 ι
1294 1444 1646 1499 transtulerat
1675 1444 1785 1499 Ru-

212 1528 376 1593 finus,
414 1547 433 1580 ι
472 1530 796 1586 videbantur
820 1543 1123 1603 assumpta.
1158 1554 1177 1587 ι
1213 1534 1652 1591 Translationem
1681 1537 1784 1592 ita-

208 1635 318 1689 que
354 1621 613 1677 librorum
647 1623 788 1693 Περὶ
813 1623 1016 1695 ἀρχῶν
1053 1626 1269 1695 aggredi
1305 1636 1525 1682 coactus
1557 1636 1640 1684 est
1671 1628 1783 1683 Ru-

210 1711 373 1766 finus.

1906 514 2164 568 tationem
2191 525 2334 567 tuam
2364 514 2663 584 quazstione
2685 525 2875 570 contra
2902 515 3189 585 Origenem
3214 529 3325 575 toto
3342 524 3473 576 orbe

1901 618 2197 671 commata,
2250 607 2301 660 in
2351 607 2661 675 qumrendis
2712 608 3114 677 exemplaribus
3160 612 3471 680 diligentior

1901 690 2002 759 fui,
2034 705 2090 751 et
2125 696 2178 750 in
2214 697 2532 753 Ctesariensi
2578 698 2906 755 bibliotheca
2940 700 3158 756 Eusebii
3189 717 3284 757 sex
3320 705 3472 758 volu-

1900 788 2044 841 mina
2075 790 2253 857 reperi
2279 790 2625 859 Ἀπολογίας
2640 792 2791 858 ὑπὲρ
2817 788 3170 861 Ὠριγένους.
3191 793 3320 861 Quae
3344 811 3465 849 cum

1899 878 2175 950 legissem,
2217 882 2451 951 primum
2489 898 2613 937 eum
2668 883 2866 937 librum
2902 884 3271 953 deprehendi,
3306 902 3467 955 quem

1898 980 1953 1025 tu
1986 964 2135 1027 solus
2169 975 2268 1029 sub
2304 976 2521 1029 nomine
2562 975 2819 1044 martyris
2854 976 3093 1038 edidisti,
3137 978 3204 1030 de
3238 970 3375 1032 Filio
3410 991 3465 1033 et

1899 1063 2105 1133 Spiritu
2151 1076 2340 1119 sancto
2368 1065 2421 1119 in
2453 1066 2649 1119 bonam
2682 1078 2890 1135 partem
2919 1069 3188 1139 plerisque
3212 1070 3465 1142 blasphe-

1894 1154 2020 1209 miis
2058 1158 2421 1212 commutatis.
2456 1176 2474 1209 ι
2507 1154 2651 1213 Idem
2712 1158 2873 1214 habet
2907 1162 2999 1215 lib.
3033 1178 3046 1215 ι
3075 1165 3341 1233 Apologia:
3374 1170 3464 1219 all-

1894 1262 2067 1301 versus
2114 1246 2407 1315 Ruﬁnum:
2450 1267 2469 1300 ι
2522 1249 2629 1304 Sex
2675 1250 2864 1316 libros,
2901 1262 2959 1306 ut
3003 1263 3131 1308 ante
3162 1255 3275 1324 jam
3317 1255 3461 1321 dixi,

1893 1335 2160 1394 Eusebius
2189 1338 2546 1396 Caesariensis
2587 1342 2896 1413 episc0pus,
2936 1344 3153 1401 Arianae
3185 1348 3459 1417 quondam

1892 1429 2119 1500 signifer
2153 1430 2430 1498 factionis,
2462 1449 2561 1503 pro
2590 1433 2827 1506 Origene
2863 1437 3104 1507 scripsit,
3136 1434 3457 1495 latissimum

1891 1531 1944 1577 et
1977 1522 2315 1579 elaboratum
2342 1540 2497 1594 opus,
2532 1536 2587 1582 et
2618 1528 2800 1583 multis
2836 1529 3159 1585 testimoniis
3184 1536 3456 1602 approba-

1892 1615 1968 1669 vit
1988 1614 2277 1686 Origenem
2304 1617 2457 1687 juxta
2486 1633 2545 1673 se
2576 1617 2925 1685 catholicum,
2962 1623 3010 1675 id
3040 1631 3146 1688 est,
3174 1622 3331 1692 juxta
3359 1642 3459 1681 nos

1885 1700 2147 1761 Arianum
2189 1722 2329 1763 esse.
2388 1708 2593 1764 Horum
2650 1718 2707 1764 tu
2761 1711 2994 1781 prinmm
3054 1712 3252 1769 librum
3290 1718 3457 1773 vertis

280 1800 367 1855 ΙΙΙ,
404 1801 786 1875 Hieronymus,
820 1806 1026 1861 codicis
1066 1805 1277 1874 Graci,
1309 1823 1470 1878 quem
1519 1824 1549 1862 a
1588 1809 1785 1864 Ruﬁno
1815 1809 1857 1864 Β
1887 1798 1986 1853 Sllb
2024 1800 2245 1855 nomine
2281 1802 2541 1872 martyris
2578 1842 2593 1855 .
2630 1843 2645 1858 .
2681 1844 2697 1859 .
2735 1842 2750 1855 .
2782 1804 3079 1874 palmisque
3128 1806 3457 1865 testimoniis

207 1903 493 1948 mutuatus
514 1903 653 1960 erat,
687 1895 844 1951 titulo
876 1897 1037 1952 fidem
1080 1896 1363 1963 adhibens,
1396 1900 1626 1969 primum
1661 1915 1783 1955 cre-

205 1983 423 2037 diderat
446 1984 810 2055 Defensioncm
840 1986 1082 2057 Origenis
1127 1989 1227 2043 sub
1263 1990 1481 2045 nomine
1512 1990 1777 2059 Pamphili

206 2074 501 2146 vulgatam,
537 2091 674 2144 opus
721 2094 842 2133 esse
889 2080 1164 2135 diversum
1207 2096 1236 2135 a
1288 2096 1387 2137 sex
1419 2081 1687 2148 Pamphili
1726 2093 1782 2138 et

206 2164 426 2221 Eusebii
459 2167 615 2224 libris
645 2184 741 2238 pro
767 2170 1003 2239 Origene
1036 2170 1353 2241 elaboratis,
1391 2174 1780 2244 propriumque

202 2258 377 2314 solius
430 2258 735 2331 Pamphili,
795 2264 891 2317 sed
948 2265 1053 2321 hac
1100 2266 1445 2335 postmodum
1494 2266 1778 2337 Pamphilo

204 2350 474 2417 detracta,
511 2366 677 2405 unum
711 2366 832 2408 esse
864 2368 929 2410 ac
958 2356 1207 2411 eumdem
1237 2356 1404 2412 solius
1443 2357 1661 2415 Eusebii
1700 2361 1778 2417 fe-

204 2448 320 2494 tum
372 2443 572 2497 acriter
624 2447 925 2503 contendit.
968 2465 987 2499 ι
1032 2447 1186 2503 Nunc
1238 2459 1487 2520 tantum,
1529 2472 1549 2506 ι
1604 2454 1777 2524 inquit

202 2530 301 2587 lib.
341 2547 381 2588 ιι
423 2536 672 2589 adversus
726 2536 1000 2607 Ruﬁnum,
1036 2558 1055 2590 ι
1096 2540 1202 2596 tuis
1242 2543 1635 2600 assertionibus
1678 2544 1777 2600 ob~

204 2624 380 2680 viasse
412 2625 662 2693 sufﬁciat,
699 2637 752 2684 et
795 2630 896 2684 hoc
928 2631 1171 2686 breviter
1211 2634 1533 2701 prudentem
1569 2634 1777 2690 instru-

201 2715 351 2770 xisse
380 2715 657 2784 lectorem,
694 2733 779 2774 me
814 2720 977 2774 istum
1030 2719 1250 2787 librum,
1288 2723 1378 2791 qui
1414 2724 1515 2778 sub
1553 2725 1774 2783 nomine

198 2806 468 2878 Pamphili
506 2808 808 2878 ferebatur,
862 2812 1067 2867 vidisse
1116 2813 1347 2882 primum
1403 2814 1662 2884 scriptum
1719 2816 1772 2871 in

195 2899 392 2954 codice
423 2909 541 2964 tuo;
582 2909 638 2955 et
672 2901 799 2971 quia
844 2916 955 2957 non
996 2912 1116 2958 erat
1152 2903 1280 2958 mihi
1318 2919 1462 2961 cura;
1502 2906 1632 2976 quid
1674 2921 1773 2976 pro

198 2989 463 3046 lmretico
490 2990 783 3059 diceretur,
819 2993 899 3049 sic
928 3008 1143 3063 semper
1173 2994 1465 3060 habuisse,
1496 2997 1655 3067 quasi
1684 2997 1770 3051 di-

194 3095 419 3139 versum
479 3092 627 3139 esset
676 3099 814 3156 epus
857 3085 1127 3157 Pamphili
1169 3097 1225 3143 et
1270 3086 1527 3143 Eusebii:
1579 3101 1768 3155 postea

1885 1890 1953 1944 de
1996 1880 2136 1945 Filio
2183 1892 2275 1946 Dei
2317 1902 2373 1947 et
2422 1892 2631 1963 Spiritu
2678 1906 2869 1950 sancto
2924 1899 3296 1963 commutatis,
3335 1917 3456 1970 qua:

1882 1980 2096 2040 sciebas
2150 1985 2492 2056 displicitura
2552 1987 2848 2053 Romanis,
2903 2000 3100 2045 caetera
3159 2009 3328 2064 usque
3386 1995 3455 2050 ad

1883 2070 2044 2129 finem
2079 2077 2286 2146 integra
2324 2078 2601 2134 dimisisti.
2651 2097 2671 2131 ι
2717 2082 2782 2136 At
2809 2096 2938 2135 vero
2969 2094 3191 2139 sanctus
3239 2084 3451 2150 doctor,

1881 2166 1973 2237 qui
2004 2176 2325 2223 constanter
2356 2168 2489 2224 locis
2530 2171 2691 2225 modo
2733 2171 2918 2228 citatis
2947 2184 3225 2229 asseverat
3253 2176 3451 2231 librum

1881 2258 2029 2315 hunc
2056 2274 2085 2313 a
2119 2258 2313 2315 Rufino
2339 2259 2531 2315 Latine
2565 2261 2911 2328 translatum,
2937 2278 3059 2319 esse
3089 2266 3325 2334 primum
3355 2282 3451 2325 sex

1878 2349 2214 2405 voluminum
2254 2349 2471 2406 Eusebii
2517 2350 2873 2423 Ἀπολογίας
2909 2354 3061 2423 ὑπὲρ
3084 2358 3445 2427 Ὠριγένους,

1877 2444 2210 2498 contrarium
2240 2444 2485 2511 omnino,
2517 2461 2711 2513 nempe
2744 2447 2881 2500 sexti
2915 2447 3040 2502 libri
3080 2462 3203 2505 esse
3236 2450 3444 2521 princi-

1877 2534 2048 2605 pium,
2086 2545 2282 2590 ctetera
2311 2550 2442 2590 vero
2506 2538 2748 2591 membra
2814 2553 2844 2591 a
2888 2537 3114 2610 Didyme
3156 2540 3240 2595 vel
3274 2541 3342 2595 ab
3371 2543 3449 2595 al-

1879 2635 1996 2680 tero
2017 2626 2258 2696 quolibet
2290 2628 2471 2683 addita
2500 2627 2671 2683 fuisse
2697 2628 2881 2683 dicere
2914 2630 3129 2685 videtur
3157 2632 3256 2687 sub
3284 2633 3443 2690 finem

1875 2718 2040 2788 epist.
2072 2718 2163 2784 M,
2196 2718 2330 2773 alias
2358 2718 2451 2781 65,
2479 2720 2545 2774 ad
2583 2718 2993 2775 Pammachium
3027 2731 3084 2777 et
3128 2722 3441 2780 Oceanum:

1881 2827 1901 2860 ι
1933 2807 2088 2863 Sexti
2120 2809 2242 2864 libri
2269 2805 2483 2865 Eusebii
2508 2826 2669 2879 super
2689 2806 2931 2881 Origenis
2958 2812 3272 2878 Defensione
3294 2819 3447 2888 priu-

1874 2901 2073 2970 cipium
2107 2916 2280 2971 usque
2310 2902 2377 2956 ad
2411 2902 2556 2957 mille
2587 2904 2756 2958 ferme
2800 2919 2989 2960 versus
3023 2906 3164 2961 liber
3195 2907 3319 2971 iste,
3348 2922 3442 2979 qut

1873 2991 2138 3061 Pamphili
2171 2994 2394 3062 dicitur,
2436 2995 2699 3061 continet,
2751 3006 2806 3049 et
2849 2997 2901 3049 in
2952 2997 3176 3067 reliquis
3204 3000 3444 3069 scriptor

1875 3085 2111 3152 ejusdem
2141 3087 2321 3154 operis
2371 3086 2580 3156 profert
2629 3084 2957 3151 testimonia,
3009 3089 3205 3158 quibus
3252 3091 3444 3147 nititur

196 3189 353 3241 vero,
388 3177 685 3246 quaestione
712 3150 873 3231 -mota
894 3218 911 3244 ,
958 3150 1177 3248 scriptis
1216 3194 1406 3234 eorum
1441 3182 1770 3251 respondere
1798 3150 1843 3210 Ο
1875 3174 2175 3246 approbare
2201 3174 2487 3245 Origenem
2517 3176 2689 3232 fuisse
2716 3178 3065 3235 catholicum.
3088 3180 3355 3238 Eusebius
3387 3195 3443 3239 et

192 3267 457 3335 voluisse,
488 3278 546 3324 et
578 3270 647 3325 ob
696 3270 837 3325 hanc
868 3286 1090 3325 causam
1122 3271 1320 3339 legisse
1344 3273 1477 3342 quid
1509 3288 1608 3342 pro
1646 3272 1770 3327 Ori-

191 3373 337 3429 gene
385 3363 756 3432 unusquisque
810 3363 1069 3427 sentiret;
1127 3362 1517 3434 perspicueque
1568 3361 1765 3433 depre-

195 3451 476 3518 hendisse,
510 3454 655 3523 quod
690 3455 899 3524 primus
934 3455 1070 3509 liber
1090 3467 1187 3509 sex
1221 3454 1550 3509 voluminum
1590 3453 1766 3511 Euse-

191 3543 271 3598 bii
307 3544 426 3613 ipse
466 3553 645 3611 esset,
680 3546 772 3615 qui
813 3560 951 3601 unus
990 3544 1090 3599 sub
1138 3544 1356 3600 nomine
1398 3543 1663 3615 Pamphili
1736 3562 1768 3600 a

192 3644 253 3690 te
278 3636 455 3690 editus
484 3644 571 3690 est
605 3644 713 3690 tam
751 3636 937 3691 Greece
978 3652 1140 3706 quam
1191 3634 1423 3704 Latine,
1464 3637 1767 3693 immutatis

192 3728 467 3783 duntaxat
504 3728 753 3783 sensibus
793 3728 861 3783 de
886 3727 1027 3783 Filio
1063 3738 1118 3783 et
1160 3727 1365 3797 Spiritu
1410 3739 1621 3797 sancto,
1672 3730 1763 3800 qui

189 3829 444 3887 apertam
490 3819 887 3889 blasphemiam
944 3820 1332 3890 praferebant.
1393 3822 1546 3878 Unde
1597 3822 1761 3876 etiam

189 3920 324 3964 ante
374 3926 546 3967 annos
593 3911 767 3967 ferme
808 3913 1033 3979 decem,
1098 3928 1221 3968 cum
1300 3915 1496 3968 Dexter
1555 3912 1764 3966 amicus

188 4018 372 4068 meus,
408 4004 500 4073 qui
536 4003 914 4074 praefecturam
942 4005 1349 4059 administravit
1380 4003 1643 4071 praetorii,
1678 4017 1763 4056 me

191 4104 446 4164 rogasset
480 4106 538 4150 ut
578 4104 859 4151 auctorum
894 4107 1094 4151 nostra;
1134 4095 1414 4165 religionis
1445 4094 1494 4149 ei
1526 4096 1759 4150 indicem

188 4198 457 4253 texe‘rem,
496 4186 639 4241 inter
680 4194 907 4241 caeteros
956 4195 1279 4241 tractatores
1320 4186 1476 4256 posui
1526 4195 1579 4241 et
1618 4188 1761 4242 hunc

186 4278 391 4333 librum
434 4294 465 4332 a
507 4277 811 4347 Pamphilo,
864 4278 937 4332 ita
983 4287 1180 4346 putans
1218 4293 1340 4332 esse
1378 4289 1435 4333 ut
1474 4294 1504 4332 a
1547 4288 1596 4333 te
1630 4289 1682 4333 et
1730 4294 1759 4332 a

185 4371 301 4425 tuis
346 4369 625 4439 discipulis
676 4368 856 4424 fuerat
914 4368 1267 4438 divulgatum.
1320 4367 1426 4423 Sed
1471 4384 1595 4424 cum
1646 4372 1760 4440 ipse

1872 3265 2183 3336 Pamphilus
2218 3277 2420 3321 tantam
2455 3268 2595 3323 inter
2625 3282 2685 3323 se
2718 3268 2955 3327 habuere
2985 3275 3353 3341 concordiam,
3383 3284 3443 3331 ut

1871 3358 2034 3413 unius
2073 3358 2271 3413 anima:
2303 3359 2557 3416 homines
2600 3372 2780 3429 putes,
2829 3370 2883 3417 et
2912 3362 2979 3417 ab
3024 3378 3133 3418 uno
3160 3364 3299 3421 alter
3338 3384 3436 3420 uo-

1870 3465 1991 3504 men
2023 3452 2314 3521 acceperit.
2357 3450 2641 3519 Quomodo
2676 3453 2842 3523 igitur
2886 3455 3029 3511 inter
3062 3468 3123 3510 se
3149 3456 3438 3514 dissentire

1869 3550 2181 3611 potuerunt,
2214 3554 2271 3598 ut
2304 3544 2571 3602 Eusebius
2604 3546 2657 3599 in
2691 3555 2804 3601 toto
2830 3562 2995 3619 opere
3021 3564 3118 3603 suo
3147 3549 3433 3620 Origenem

1866 3633 2053 3688 Ariani
2080 3637 2272 3705 probet
2308 3637 2596 3708 dogmatis,
2645 3647 2701 3692 et
2734 3636 3046 3709 Pamphilus
3076 3640 3307 3699 Nicaeum
3336 3660 3431 3715 sy-

1869 3726 2016 3791 nodi,
2060 3742 2180 3796 qua:
2222 3726 2323 3782 fuit
2352 3739 2563 3797 postea,
2605 3729 2942 3786 defensorem
2966 3732 2989 3785 ?
3018 3732 3095 3787 Ex
3120 3748 3226 3803 quo
3250 3745 3438 3791 osten-

1866 3817 2017 3871 ditur
2040 3818 2123 3873 vel
2155 3819 2392 3889 Didymi,
2424 3820 2507 3875 vel
2534 3819 2821 3889 cujuslibet
2860 3822 3086 3879 alterius
3123 3839 3243 3881 esse
3271 3843 3432 3895 opus-

1865 3909 2069 3975 culum,
2111 3911 2225 3980 qui,
2266 3912 2405 3967 sexti
2463 3912 2582 3967 libri
2629 3915 2801 3983 capite
2838 3914 3188 3980 detruncata,
3240 3930 3433 3973 cmtera

1868 4003 2106 4056 membra
2156 4004 2399 4058 sociarit.
2460 4023 2479 4057 ι
2534 4004 2603 4060 Ut
2653 4004 2874 4059 tollatur
2910 4017 3097 4073 aperta
3140 4010 3428 4065 verborum

1867 4095 2219 4164 repugnantia
2249 4136 2264 4159 ,
2320 4094 2783 4149 eminentissimus
2834 4098 3131 4156 cardinalis
3183 4100 3429 4159 Norisius

1866 4183 2085 4240 Dissert.
2137 4187 2392 4240 historica
2423 4188 2486 4241 de
2535 4192 2732 4256 synodo
2771 4188 2981 4255 quinta,
3026 4206 3147 4259 cap.
3182 4192 3269 4259 15,
3307 4211 3425 4248 ea»:

1864 4276 2038 4345 rejicit
2086 4277 2137 4331 in
2178 4279 2589 4334 amauuensium
2628 4294 2894 4342 errorem,
2933 4282 3025 4349 qui
3068 4298 3190 4336 cum
3223 4284 3275 4337 in
3326 4288 3427 4339 hac

1860 4372 1927 4423 ad
1976 4368 2381 4424 Pammachium
2415 4381 2469 4425 et
2496 4366 2771 4425 Oceanum
2800 4371 3026 4442 epistola
3060 4372 3300 4443 legerent
3324 4378 3423 4431 ab-

185 4463 337 4518 dicat
379 4460 642 4516 Eusebius
685 4460 1024 4530 Pamphilum
1072 4460 1209 4515 nihil
1254 4461 1560 4532 scripsisse,
1592 4477 1757 4517 exce-
1791 4494 1838 4553 υ
1864 4458 2135 4515 breviatas
2166 4461 2329 4516 hasce
2362 4471 2542 4517 notas:
2584 4482 2602 4514 ι
2646 4479 2695 4516 vi
2736 4456 2828 4517 lib.
2863 4463 3078 4518 Eusebii
3112 4481 3271 4534 super
3303 4466 3424 4523 Ori-

184 4553 296 4620 ptis
336 4550 592 4606 brevibus
642 4552 890 4621 epistolis
930 4552 995 4605 ad
1046 4553 1288 4619 amicos,
1330 4562 1387 4607 et
1429 4554 1638 4623 primus
1682 4555 1752 4609 li-

184 4644 286 4699 ber
319 4658 413 4698 sex
442 4643 776 4698 voluminum
812 4644 953 4698 illius
995 4643 1185 4698 eadem
1223 4654 1278 4698 et
1320 4645 1521 4699 eisdem
1578 4646 1758 4699 verbis

185 4736 465 4791 contineat
487 4752 608 4804 qua:
638 4736 738 4791 sub
765 4737 984 4790 nomine
1013 4735 1282 4805 Pamphili
1314 4751 1342 4789 a
1373 4746 1423 4789 te
1453 4737 1577 4791 ficta
1605 4746 1757 4802 sunt,

187 4828 535 4895 perspicuum
568 4837 652 4882 est
684 4838 733 4881 te
763 4828 969 4882 idcirco
994 4827 1190 4881 librqu
1220 4829 1365 4881 hunc
1398 4828 1757 4883 disseminarc

185 4919 445 4984 voluisse,
484 4927 543 4972 ut
576 4921 676 4973 sub
709 4934 939 4988 persona
997 4920 1253 4989 martyris
1299 4918 1550 4974 haeresim
1586 4922 1755 4974 intro-

184 5011 433 5068 duceres.
476 5031 495 5064 ι
530 5011 672 5067 idem
708 5022 893 5066 narrat
937 5010 1033 5066 lib.
1068 5027 1123 5066 ιιι
1177 5011 1428 5066 adversus
1464 5010 1752 5079 Ruﬁnum:

190 5120 212 5155 ι
251 5104 327 5158 De
352 5102 613 5174 Pamphili
650 5104 788 5160 libro
831 5119 938 5159 non
978 5103 1289 5168 ridiculosa,
1338 5113 1396 5158 ut
1427 5112 1481 5157 tu
1533 5104 1750 5169 scribis,
1784 5182 1791 5187 .

184 5196 280 5250 sed
323 5196 552 5251 ridicula
589 5196 718 5251 mihi
767 5196 909 5251 forte
959 5211 1047 5251 res
1094 5195 1322 5261 accidit;
1364 5204 1423 5249 ut
1464 5206 1750 5265 postquam

183 5287 405 5345 Eusebii
452 5289 779 5363 asseruerim
809 5304 950 5353 esse,
989 5303 1096 5343 non
1132 5286 1424 5357 Pamphili,
1462 5289 1529 5342 ad
1563 5298 1749 5343 extre-

185 5395 333 5433 mum
363 5380 615 5445 dixerim,
648 5382 813 5435 etiam
860 5396 946 5435 me
990 5396 1166 5436 annos
1200 5380 1466 5451 plurimos
1499 5381 1601 5434 hoc
1653 5395 1753 5449 pu-

186 5482 351 5539 tasse,
390 5475 532 5543 quod
564 5472 826 5543 Pamphili
857 5472 1044 5538 fuerit,
1091 5482 1147 5527 et
1176 5488 1207 5527 a
1240 5481 1293 5526 te
1324 5471 1601 5540 exemplar
1648 5473 1751 5525 ιιυ-

182 5561 268 5629 ius
298 5564 591 5619 voluminis
622 5573 923 5619 mutuatum
959 5601 972 5618 .
1008 5603 1023 5618 .
1062 5603 1075 5618 .
1118 5601 1135 5618 .
1168 5602 1183 5619 .
1224 5600 1237 5617 .
1275 5604 1288 5617 .
1322 5564 1398 5617 De
1430 5572 1522 5617 tuo
1564 5565 1750 5618 codice

182 5658 339 5723 quasi
376 5655 636 5726 Pamphili
674 5656 948 5726 exemplar
973 5657 1303 5725 accepimus.
1337 5654 1553 5711 Credidi
1582 5655 1744 5710 Chri-

181 5748 380 5813 stiano,
401 5756 458 5801 et
481 5746 686 5804 credidi
708 5749 1010 5805 monacho:
1044 5763 1151 5805 non
1178 5746 1361 5818 putavi
1388 5755 1598 5801 tantum
1630 5762 1747 5801 scc-

1862 4552 2012 4620 genis
2044 4551 2362 4607 defensione
2403 4554 2748 4623 principium,
2790 4555 2927 4608 sexti
2966 4556 3086 4610 libri
3147 4558 3359 4614 Eusebii
3401 4580 3418 4611 ο

1862 4642 2230 4709 reddiderunt,
2264 4658 2385 4699 cum
2410 4661 2429 4693 ι
2454 4659 2547 4699 sex
2574 4636 2835 4700 librorum
2870 4647 3084 4701 Eusebii
3104 4663 3265 4716 super
3297 4652 3421 4706 Ori-

1860 4733 2012 4801 genis
2038 4732 2351 4789 defensione
2376 4735 2724 4805 principium,
2764 4756 2781 4789 ι
2817 4736 3053 4795 scribere
3083 4740 3420 4799 debuissent.

1862 4824 1950 4877 Sic
1971 4823 2133 4877 etiam
2168 4824 2325 4893 paulo
2357 4834 2476 4893 post
2504 4824 2805 4895 legentibus
2832 4845 2843 4879 :
2884 4845 2902 4877 ι
2926 4828 3013 4895 qui
3044 4844 3093 4882 νι
3125 4828 3218 4885 lib.
3247 4833 3424 4900 capite

1859 4918 2195 4975 detruncato,
2214 4932 2231 4965 ι
2254 4930 2359 4969 non
2372 4917 2785 4971 exscribendum
2804 4918 2883 4972 eis
2900 4928 3039 4983 erat,
3053 4938 3070 4970 ι
3083 4922 3219 4976 sexti
3237 4922 3383 4987 libri,
3396 4946 3416 4980 ι

1858 5006 1971 5068 sed,
2001 5022 2019 5055 ι
2046 5019 2140 5059 sex
2171 5004 2448 5062 librorum.
2477 5005 2664 5081 iQtiod
2678 5018 2853 5061 autem
2874 5008 3020 5063 addit
3039 5009 3421 5084 Hieronymus,

1862 5118 1881 5151 ι
1922 5102 2005 5156 vel
2035 5099 2269 5171 Didymi,
2308 5097 2391 5154 vel
2436 5101 2723 5169 cujuslibet
2768 5105 2992 5160 alterius
3026 5122 3144 5161 esse
3182 5122 3419 5175 opuscu-

1857 5191 1991 5253 lum,
2025 5192 2137 5261 qui,
2169 5206 2263 5247 sex
2292 5191 2552 5246 librorum
2598 5193 2771 5261 capite
2809 5195 3132 5251 detruncata
3157 5237 3172 5261 ,
3222 5207 3417 5253 caetera

1860 5284 2099 5338 membra
2139 5283 2388 5345 sociarit,
2429 5303 2448 5335 ι
2481 5299 2583 5337 non
2614 5284 2684 5338 ita
2718 5285 3086 5355 accipiendum
3119 5297 3222 5351 est,
3265 5291 3419 5355 quasi

1854 5376 1983 5429 velit
2011 5375 2321 5446 Apologiam
2354 5392 2447 5444 pro
2491 5374 2716 5445 Origene
2750 5392 2779 5431 a
2822 5377 3018 5432 Rufino
3056 5382 3155 5433 sub
3202 5382 3419 5435 nomine

1855 5466 2118 5537 Pamphili
2166 5469 2401 5535 editam,
2443 5484 2628 5524 revera
2662 5484 2781 5524 esse
2826 5471 3073 5541 Didymi;
3118 5473 3210 5526 sed
3243 5474 3418 5542 expli-

1855 5561 2082 5615 candum
2127 5560 2269 5616 istud
2299 5571 2379 5616 est
2401 5576 2464 5614 ex
2493 5562 2598 5617 alio
2632 5562 2751 5617 loco
2781 5579 2941 5635 supra
2982 5564 3142 5618 allato
3169 5579 3199 5619 e
3233 5564 3325 5618 lib.
3359 5581 3416 5618 ιιι

1853 5651 2125 5721 Apologia
2173 5652 2422 5707 adversus
2464 5651 2732 5721 Ruﬁnum,
2786 5654 2870 5709 ubi
2921 5664 3207 5724 postquam
3254 5655 3416 5708 dixit:

1859 5764 1875 5795 ι
1912 5744 2100 5799 Postea
2138 5759 2265 5821 vero
2296 5760 2391 5812 per
2416 5744 2913 5811 interpretationem
2952 5756 3096 5800 tuam
3122 5744 3423 5815 quzestioa'a
