3884 6218
1706 302 1763 357 S.
1808 302 2130 358 PAMPHILI
2174 303 2532 360 MARTYRIS

3618 308 3704 365 528

480 434 667 479 contra
700 421 985 492 Origenem
1023 431 1132 477 toto
1161 422 1292 478 orbe
1338 436 1627 489 commOta,
1668 425 1717 480 in
1747 428 2056 496 quaerendis
2086 433 2129 487 Λ
2158 427 2262 480 dici
2312 442 2417 481 non
2465 427 2670 490 debuit,
2718 441 2875 497 quem
2931 426 3174 491 alterius,
3235 442 3428 499 nempe
3473 429 3702 493 Eusebii,

481 516 884 585 exemplaribus
910 517 1223 586 diligentior
1260 517 1358 581 fui,
1402 527 1457 572 et
1495 518 1547 572 in
1593 517 1908 573 Caesariensi
1966 521 2049 574 bi-

483 609 747 663 bliotheca
782 608 995 663 Eusebii
1031 624 1125 663 sex
1167 610 1437 664 volumina
1483 611 1657 679 reperi
1695 611 2051 681 Ἀπολογίας

483 704 635 770 ὑπὲρ
668 702 1021 771 Ὠριγὲνους.
1045 701 1176 768 Quae
1205 719 1325 758 cum
1357 703 1625 773 legissem,
1656 707 1886 774 primum
1925 720 2047 759 eum

481 794 678 846 librum
708 794 1035 861 deprehendi
1069 809 1227 863 quem
1266 805 1318 849 tu
1353 795 1497 849 solus
1527 798 1624 850 sub
1660 799 1873 851 nomine
1898 812 2045 850 mar-

484 884 618 953 tyris
647 882 891 946 edidisti,
923 883 989 936 de
1029 882 1165 937 Filio
1208 894 1261 937 et
1296 883 1498 953 Spiritu
1532 895 1721 939 sancto
1754 885 1803 937 in
1852 885 2044 939 bonam

476 984 687 1044 partem
720 974 988 1043 plerisque
1018 972 1369 1043 blasphemiis
1395 975 1765 1040 commutatis,
1795 995 1813 1026 ι
1854 976 2003 1030 addit
2028 991 2041 1028 :

483 1085 503 1119 α
532 1066 596 1120 Ει
630 1067 733 1122 hoc
764 1068 846 1122 vel
878 1067 1189 1138 Didymum,
1223 1070 1307 1125 vel
1329 1079 1403 1135 te,
1426 1070 1507 1125 vel
1537 1072 1701 1125 alium
1730 1071 1920 1126 fecisse
1953 1087 2045 1126 ne-

478 1161 592 1214 scio
616 1174 796 1230 quem,
820 1162 960 1229 quod
994 1171 1048 1215 tu
1067 1162 1408 1231 apertissime
1430 1163 1481 1215 in
1508 1162 1657 1217 libris
1679 1164 1817 1232 Περὶ
1842 1164 2043 1233 ἀρχῶν

480 1252 673 1307 fecisse
702 1254 1065 1308 convinceris.
1100 1274 1120 1307 ι
1163 1254 1219 1308 ld
1249 1269 1378 1326 ergo
1410 1272 1573 1309 unum
1605 1257 1896 1326 utrobique
1938 1257 2038 1311 sibi

473 1344 592 1398 vult
622 1343 1006 1415 Hieronymus,
1046 1345 1128 1400 vel
1178 1346 1482 1417 Didymum,
1517 1347 1599 1399 vel
1637 1346 1886 1402 Ruﬁnum
1910 1388 1925 1413 ,
1958 1349 2040 1401 vel

479 1443 639 1499 alium
677 1444 859 1496 nescio
901 1458 1063 1511 quem
1101 1443 1153 1495 in
1201 1443 1394 1496 bonam
1446 1452 1649 1511 partem
1702 1453 1810 1496 tam
1857 1442 2043 1498 Graece

481 1547 639 1601 quam
673 1529 864 1584 Latine
916 1532 1201 1601 plerasque
1261 1532 1630 1601 blasphemias
1680 1543 2040 1587 commutasse

472 1638 599 1692 qua:
644 1623 695 1675 in
752 1620 966 1675 Eusebii
1022 1631 1169 1675 textu
1218 1622 1620 1690 comparebant.
1663 1620 1812 1687 Quod
1857 1630 2036 1675 utrum

478 1715 780 1768 verisimile
810 1714 910 1774 sit.
954 1728 1076 1766 mox
1113 1713 1375 1781 indagare
1410 1714 1754 1767 tentabimus.

549 1804 642 1862 1V.
670 1805 787 1860 Jam
814 1821 945 1860 vero
972 1816 1029 1859 ut
1048 1806 1233 1875 probet
1257 1806 1613 1877 Hieronymus
1637 1806 2036 1876 Apologeticum
2064 1800 2065 1803 “

480 1900 644 1954 istum
680 1897 916 1951 libellum
951 1911 1050 1964 pro
1086 1896 1337 1966 Origene,
1372 1913 1476 1951 non
1508 1897 1792 1966 Pamphili,
1824 1899 1918 1953 sed
1952 1912 2039 1952 so-

489 1990 593 2046 lius
624 1989 839 2043 Eusebii
874 2004 1012 2053 esse,
1036 1989 1151 2043 haec
1177 1997 1303 2042 sunt
1332 1987 1445 2056 ejus
1462 1998 1778 2058 argumenta
1805 2006 1819 2042 :
1854 1990 1908 2043 1ο
1930 2009 1947 2040 ι
1979 1988 2035 2044 Si

478 2084 581 2135 iste
602 2079 871 2150 Pamphili
900 2080 1036 2134 liber
1053 2089 1157 2146 est,
1188 2098 1206 2130 ι
1237 2080 1520 2149 inquitlib.
1554 2081 1802 2151 IApolog.
1831 2082 2033 2136 advers.

477 2172 745 2241 Ruﬁnum,
780 2190 798 2223 ι
838 2172 905 2226 de
934 2186 1026 2226 sex
1053 2172 1207 2227 libris
1231 2172 1322 2242 qui
1352 2173 1457 2227 erit
1480 2173 1685 2242 primus
1730 2172 1946 2227 Eusebii
1969 2174 1992 2226 ?
2013 2191 2032 2225 ι

479 2265 778 2335 Responsio
805 2263 978 2317 facilis
1008 2274 1110 2318 est.
1155 2263 1273 2318 Erit
1316 2265 1520 2333 primus
1561 2263 1825 2333 Pamphili
1874 2264 2035 2319 simul

477 2368 530 2410 et
562 2356 813 2418 Eusebii;
846 2354 903 2408 2ο
958 2357 1121 2409 instat
1171 2357 1365 2410 ibidem
1396 2374 1408 2408 :
1443 2374 1462 2407 ι
1498 2355 1554 2408 ln
1597 2356 1712 2425 ipso
1742 2356 2035 2421 volumine,

477 2449 619 2517 quod
666 2458 720 2501 tu
772 2447 1036 2517 Pamphili
1093 2449 1342 2510 simulas,
1386 2448 1724 2516 sequentium
1779 2447 2034 2501 librorum

474 2539 612 2593 facta
639 2541 841 2594 mentio
874 2548 977 2593 est.
1008 2538 1064 2592 In
1094 2540 1330 2593 secundo
1362 2554 1577 2607 quoque
1612 2548 1665 2591 et
1706 2538 1924 2607 reliquis
1957 2538 2035 2591 di-

473 2634 547 2685 cit
582 2631 845 2686 Eusebius
870 2632 1015 2700 quod
1064 2631 1117 2684 in
1149 2632 1323 2701 primo
1360 2631 1499 2686 libro
1539 2641 1694 2685 antea
1726 2632 1955 2693 dixerat,
1984 2640 2038 2683 et

470 2725 613 2793 quod
645 2724 834 2777 eadem
862 2732 1107 2792 repetere
1130 2738 1236 2777 non
1273 2723 1485 2777 debeat.
1520 2743 1538 2774 ι
1584 2721 1777 2776 Nullibi
1807 2722 1858 2775 in
1898 2721 2036 2777 libro

469 2817 645 2887 primo
684 2817 750 2870 de
778 2817 989 2870 caneris
1039 2818 1366 2870 mentionem
1408 2815 1522 2869 ﬁeri
1568 2817 1907 2883 reperimus:
1942 2815 2034 2868 sed

468 2921 588 2964 esto
631 2911 681 2963 in
720 2908 907 2963 Grmco
958 2907 1096 2961 facta
1142 2907 1324 2969 fuerit,
1370 2907 1497 2977 quid
1544 2906 1785 2959 mirum?
1826 2904 2035 2974 Nempe

469 3003 710 3072 quinque
738 3000 947 3068 priores
975 3016 1003 3052 a
1048 2998 1331 3067 Pamphilo
1363 2998 1521 3052 simul
1555 3008 1607 3052 et
1645 2998 1875 3052 Ensebio
1919 2998 2032 3049 eol-

2151 534 2311 588 opera
2350 519 2564 587 adjutus
2589 519 2909 573 elaboravit.
2946 519 3061 574 Huc
3094 521 3232 575 adde
3276 522 3417 589 quod
3450 532 3594 579 totus
3629 523 3703 578 ille

2150 620 2364 666 constat
2396 612 2531 667 locis
2552 609 2811 683 ‘Origenis
2856 626 2921 667 ex
2959 612 3128 667 variis
3175 612 3294 679 eius
3323 614 3580 681 operibus
3620 629 3701 669 ex-

2149 704 2371 772 cerptis,
2419 703 2461 757 si
2520 705 2680 757 modo
2732 703 3014 773 exceperis
3062 701 3300 767 initium,
3354 705 3494 772 quod
3532 705 3701 773 aliquo

2150 797 2308 851 modo
2334 795 2467 849 nihil
2502 795 2645 849 aliud
2675 803 2759 849 est
2806 810 2963 863 quam
2996 794 3220 862 epistola
3272 794 3337 849 ad
3380 795 3699 851 confessores

2148 889 2213 941 ad
2242 887 2453 941 metalla
2479 890 2760 941 damnatos
2795 908 2805 941 :
2837 902 2900 940 ac
2933 887 3156 956 proinde
3190 888 3524 956 potestinter
3550 888 3696 941 Pam-

2147 977 2278 1045 phili
2321 978 2577 1046 epistolas
2606 978 2782 1033 locum
2813 980 3094 1044 obtinere;
3127 979 3186 1033 5°
3221 998 3240 1030 ι
3289 978 3443 1042 Date,
3478 999 3496 1031 ι
3539 980 3699 1049 inquit

2142 1068 2507 1140 Hieronymus
2529 1071 2687 1140 epist.
2707 1070 2798 1133 65,
2819 1072 2882 1124 ad
2906 1070 3312 1125 Pammachium
3332 1081 3387 1126 et
3413 1071 3695 1136 Oceanum,

2148 1181 2168 1213 ι
2208 1164 2480 1231 quodlibet
2515 1163 2659 1215 aliud
2681 1178 2815 1232 opus
2844 1162 3133 1232 Pamphili.
3164 1162 3437 1232 Nusquam
3477 1166 3697 1231 reperie-

2147 1254 2231 1307 tis.
2263 1252 2375 1306 Hoc
2410 1268 2575 1306 unum
2617 1263 2725 1307 est.
2779 1251 2931 1308 Unde
2973 1255 3135 1323 igitur
3158 1254 3334 1308 sciam
3369 1256 3511 1323 quod
3549 1255 3697 1310 Pam-

2142 1344 2273 1412 phili
2298 1344 2416 1398 sit?
2446 1344 2707 1399 Videlicet
2738 1345 2908 1414 stylus
2940 1353 2993 1398 et
3018 1345 3186 1399 saliva
3239 1346 3437 1402 docere
3476 1362 3561 1401 me
3605 1363 3692 1417 po-

2144 1436 2315 1493 terit?
2342 1456 2360 1489 ι
2382 1436 2426 1489 Ε
2448 1437 2586 1508 ston
2606 1437 2818 1505 quidem
2842 1452 2939 1492 nos
2956 1438 3118 1492 hodie
3140 1436 3436 1506 dijudicare
3448 1455 3557 1493 non
3575 1455 3693 1510 pos-

2141 1544 2330 1583 sumus
2356 1543 2423 1582 an
2454 1526 2723 1597 Pamphili
2771 1543 2905 1598 opus
2954 1529 3057 1592 sit;
3088 1544 3275 1584 verum
3310 1530 3363 1584 id
3396 1530 3555 1586 facile
3585 1541 3694 1587 erat

2141 1622 2232 1687 iis,
2266 1622 2464 1691 quibus
2498 1621 2629 1675 illud
2661 1636 2784 1676 cum
2820 1620 2937 1689 ejus
2961 1621 3228 1691 epistolis,
3250 1637 3372 1692 qua:
3409 1623 3587 1677 adhuc
3612 1638 3694 1678 sn-

2138 1713 2679 1781 pererant,conferre
2708 1713 2975 1784 integrum
3003 1722 3141 1768 erat.
3175 1713 3292 1782 Ipse
3321 1714 3691 1785 Hieronymus,

2140 1804 2229 1870 qui
2277 1805 2504 1873 idipsum
2536 1804 2781 1872 profecto
2836 1804 3085 1870 contulit,
3115 1819 3362 1860 asserere
3396 1821 3501 1860 non
3534 1822 3701 1863 ausus

2138 1907 2224 1950 est
2252 1897 2498 1950 eumdem
2525 1910 2646 1949 esse
2672 1895 2797 1950 libri
2822 1895 2985 1963 hujus
3024 1894 3360 1964 Eusebiique
3384 1898 3613 1969 stylum;
3643 1905 3698 1951 et

2136 1989 2317 2057 reipsa
2349 1989 2416 2043 ab
2466 1987 2682 2043 Eusebii
2717 1988 2883 2043 saliva
2944 1987 3220 2058 paululum
3258 1990 3511 2044 diversus
3546 1988 3703 2043 abire

2135 2080 2369 2133 Videtur.

2208 2171 2276 2225 ν.
2327 2169 2528 2239 Objicit
2558 2182 2819 2242 praeterea
2871 2171 3232 2244 Hieronymus
3278 2171 3370 2226 lib.
3414 2187 3456 2226 ιι
3493 2172 3695 2226 πάνετες

2140 2262 2414 2331 Ruﬁnum,
2460 2263 2632 2316 virum
2677 2264 3051 2318 doctissimum
3097 2263 3389 2318 Eusebium
3432 2264 3700 2334 (doctissi-

2130 2368 2305 2421 mum,
2341 2368 2449 2409 non
2494 2354 2844 2423 catholicum)
2879 2372 2900 2406 ο
2959 2370 3055 2424 per
3107 2370 3203 2410 sex
3252 2355 3520 2411 volumina
3572 2356 3700 2409 nihil

2137 2445 2281 2499 aliud
2308 2461 2491 2515 agere,
2524 2447 2629 2502 nisi
2676 2456 2734 2501 ut
2776 2447 3070 2517 Origenem
3112 2461 3224 2503 suae
3268 2448 3518 2501 ostendat
3554 2448 3699 2511 ﬁdei,

2130 2539 2189 2593 id
2214 2547 2295 2592 est
2321 2540 2534 2592 Arianae
2574 2539 2852 2604 perﬁdiae;
2885 2557 2907 2591 ι
2934 2539 3138 2592 nulla'm
3164 2553 3297 2609 ergo
3325 2539 3481 2607 hujus
3514 2540 3699 2609 operis
3742 2536 3747 2551 '

2136 2638 2345 2698 partem
2393 2632 2459 2683 ad
2498 2628 2843 2699 Pamphilum
2880 2632 3173 2703 martyrem
3220 2632 3511 2700 pertinere,
3545 2631 3701 2700 cujus

2138 2721 2295 2776 ﬁdem
2334 2720 2531 2791 probat
2557 2723 2820 2778 Ecclesia.
2874 2722 3075 2777 Eadem
3112 2724 3309 2792 repetit
3357 2723 3493 2778 locis
3537 2738 3697 2792 supra

2136 2814 2333 2878 citatis,
2364 2824 2419 2869 et
2450 2815 2575 2869 al.bi
2610 2816 2839 2884 passim,
2874 2815 3017 2870 unde
3054 2815 3328 2871 concludit
3369 2814 3572 2869 librum
3603 2815 3699 2869 sub

2128 2904 2397 2974 Pamphili
2460 2907 2676 2962 nomine
2724 2907 2951 2971 editum,
2993 2908 3061 2960 ab
3105 2907 3285 2976 aliquo
3339 2906 3393 2961 in
3426 2904 3697 2960 Trinitate

2136 2998 2400 3051 catholico
2424 2997 2587 3052 fuisse
2614 2998 2975 3065 emendatum,
3004 2998 3096 3068 qui
3118 2998 3408 3068 plerasque
3438 2999 3700 3069 ’blasphe-

471 3094 579 3147 lata
606 3108 766 3161 opera
800 3092 1010 3145 fuerant
1048 3090 1340 3155 elaborati;
1369 3091 1431 3143 5°
1453 3090 1626 3159 pergit
1654 3090 1848 3143 ibidem
1882 3107 1895 3141 :
1926 3108 1942 3138 ι
1974 3088 2028 3143 Si
2054 3112 2099 3169 ρ
2136 3088 2273 3142 mias
2311 3090 2377 3142 de
2404 3087 2541 3144 Filio
2573 3099 2627 3143 et
2673 3089 2878 3158 Spiritu
2927 3099 3120 3144 sancto
3170 3098 3280 3144 tam
3312 3089 3503 3146 Graece
3530 3104 3695 3159 quam

468 3194 639 3238 totum
672 3199 807 3252 opus
847 3182 1110 3252 Pamphili
1144 3190 1247 3247 est,
1284 3196 1382 3235 cur
1431 3181 1665 3249 reliquos
1712 3181 1884 3235 libros
1924 3197 2030 3234 non

469 3275 771 3329 transfers?
810 3296 826 3325 ι
869 3273 1094 3331 Scilicet
1132 3272 1308 3327 obfuit
1337 3271 1555 3327 Macarii
1597 3272 1947 3333 desiderium,
1976 3285 2032 3325 ut

461 3366 572 3433 jam
604 3367 836 3420 diximus
884 3385 899 3419 :
944 3366 1025 3421 vel
1067 3366 1245 3433 potius
1281 3365 1425 3419 nulla
1477 3366 1577 3418 alia
1621 3366 1833 3418 videtur
1866 3364 2031 3419 fuisse

468 3474 652 3519 causa,
685 3473 846 3527 quam
876 3458 1017 3527 quod
1051 3455 1227 3511 Ruﬁni
1256 3455 1423 3511 codex
1456 3456 1673 3509 unicum
1704 3454 1863 3521 hujus
1891 3456 2031 3525 Apo-

466 3549 620 3617 logia:
656 3549 851 3601 librum
888 3551 1121 3618 primum
1172 3546 1273 3602 sub
1320 3548 1535 3602 nomine
1568 3547 1838 3618 Pamphili
1886 3563 2031 3601 mar-

468 3642 605 3713 tyris
635 3641 960 3695 contineret.
984 3639 1143 3694 Certe
1168 3638 1261 3692 lib.
1293 3654 1330 3693 ιι
1366 3639 1569 3693 advers.
1601 3637 1847 3708 Ruﬁnum
1890 3639 2029 3694 fate-

466 3742 554 3786 tur
595 3733 707 3802 ipse
758 3731 1121 3801 Hieronymus
1167 3746 1225 3785 se
1258 3749 1278 3781 ι
1319 3733 1479 3785 istum
1518 3732 1749 3797 ‘librum,
1799 3732 1889 3801 qui
1932 3733 2030 3787 sub

466 3826 681 3879 nomine
708 3823 972 3892 Pamphili
1026 3824 1320 3888 ferebatur,
1360 3823 1557 3879 vidisse
1608 3824 1840 3894 primum
1888 3826 2028 3879 scri-

462 3926 612 3985 ptum
664 3916 715 3969 in
767 3916 953 3971 codice
986 3915 1188 3977 Ruﬁni,
1223 3927 1279 3970 et
1307 3916 1433 3984 quia
1482 3930 1586 3970 non
1629 3926 1750 3969 erat
1785 3917 1833 3969 ei
1886 3929 2028 3969 cura“:

461 4009 591 4077 quid
634 4023 731 4076 pro
777 4009 1029 4062 hazretico
1065 4010 1361 4069 diceretur,
1407 4007 1484 4059 sic
1524 4021 1740 4073 semper
1768 4007 2028 4062 habuisse

461 4102 614 4169 quasl
649 4100 921 4155 diversum
944 4108 1086 4155 esset
1108 4115 1242 4167 opus
1265 4097 1526 4165 Pamphili
1557 4109 1611 4152 et
1645 4096 1893 4163 Eusebii;
1929 4117 1949 4149 ι
1973 4111 2027 4154 et.

460 4191 552 4246 lib.
595 4206 655 4246 ιιι
685 4192 761 4245 ait
794 4206 852 4245 se
879 4207 905 4243 a
928 4189 1119 4244 Ruﬁno
1147 4210 1164 4241 ι
1198 4189 1470 4258 exemplar
1492 4189 1650 4258 hujus
1680 4188 2019 4254 voluminis”

461 4284 587 4352 (non
610 4298 702 4338 sex
733 4282 1081 4355 voluminum)
1110 4281 1277 4336 fuisse
1301 4298 1319 4331 ι
1358 4290 1693 4344 mutuatum;
1726 4299 1745 4332 ι
1780 4281 1841 4334 ιο
1873 4279 2019 4350 Obji-

457 4379 532 4430 cit
569 4373 930 4445 Hieronymus
988 4373 1120 4427 nihil
1183 4373 1386 4442 proprii
1442 4372 1622 4440 aperis
1678 4370 2016 4439 Pamphilum

2136 3180 2325 3234 Latine
2359 3181 2409 3233 in
2458 3182 2655 3235 bonam
2688 3190 2895 3249 partem
2931 3183 3299 3236 commutarit.
3337 3201 3355 3233 ι
3388 3182 3499 3237 Sed
3534 3184 3698 3238 ﬁdem

2126 3272 2221 3325 hic
2246 3271 2571 3341 Hieronymo
2604 3272 2911 3327 habendam
2945 3287 3051 3325 non
3076 3285 3199 3327 esse
3230 3272 3581 3328 validissimis
3608 3289 3693 3327 ar-

2132 3365 2402 3433 gumentis
2439 3365 2614 3419 evinci
2669 3374 2845 3433 potest
2893 3363 3091 3434 (inquit
3122 3364 3303 3419 Bullus
3346 3364 3423 3420 De
3455 3363 3705 3435 Ἐξιξίτῷ

2131 3456 2418 3527 ὁμοουσίῳ,
2440 3472 2562 3526 cap.
2586 3456 2642 3520 9,
2673 3464 2777 3511 art.
2801 3455 2917 3523 20).
2945 3456 3079 3510 Nam
3105 3476 3118 3512 :
3159 3457 3210 3509 1ο
3252 3456 3474 3511 Photius
3501 3458 3696 3513 codice

2129 3563 2295 3604 cxvnt
2325 3558 2558 3603 testatur
2586 3562 2646 3602 se
2676 3549 2726 3601 in
2766 3546 2957 3603 ϐτί-ποθ
3004 3549 3200 3616 legisse
3231 3547 3495 3617 Pamphili
3551 3563 3700 3602 mar-

2132 3641 2268 3711 tyris
2292 3650 2343 3695 et
2366 3639 2587 3694 Eusebii
2617 3640 2784 3695 libros
2808 3655 2926 3704 sex,
2959 3640 3011 3693 in
3056 3639 3254 3708 quibus
3294 3640 3440 3694 nulla
3473 3642 3701 3695 Arians

2128 3732 2367 3801 perﬁdiae
2394 3732 2615 3802 vestigia
2648 3740 2799 3786 notat
2836 3746 3057 3787 severus
3081 3732 3405 3797 ille'censor,
3437 3733 3531 3801 qui
3558 3733 3698 3786 alio-

2127 3824 2218 3893 qui
2259 3824 2313 3878 in
2358 3823 2585 3877 aliorum
2636 3823 2855 3892 scriptis
2919 3832 3233 3878 constanter
3274 3823 3413 3879 solet
3462 3823 3703 3878 minima-

2127 3930 2352 3985 qnaeque
2386 3916 2805 3984 reprehendere,
2833 3930 2953 3983 qua;
2993 3915 3079 3969 vel
3127 3917 3360 3985 speciem
3390 3914 3698 3969 Arianismi

2128 4021 2238 4075 pra:
2270 4022 2328 4061 se
2368 4006 2544 4061 ferant
2571 4024 2585 4071 ;
2616 4008 2677 4059 2·
2700 4006 2839 4062 idem
2866 4006 3089 4063 PhOtius
3124 4008 3242 4063 eod.
3278 4023 3421 4064 cxvn
3450 4018 3699 4063 veterem

2125 4098 2411 4166 quemdam
2452 4106 2728 4151 auctorem
2752 4113 3078 4169 anonymum
3118 4114 3559 4155 commemorans
3598 4101 3707 4167 qui

2124 4189 2431 4258 Apologiam
2483 4191 2665 4243 itidem
2715 4206 2809 4260 pro
2871 4189 3095 4259 Origene
3139 4193 3568 4260 conscripserat,
3623 4191 3704 4245 ait

2104 4284 2400 4335 auctorem
2446 4280 2595 4334 illum
2624 4282 2677 4335 in
2717 4282 2968 4352 Apologia
3012 4298 3109 4338 sua
3146 4299 3241 4352 pro
3278 4282 3509 4353 Brigene
3545 4283 3705 4351 ejus-

2124 4388 2229 4443 que
2277 4373 2564 4428 sententiis
2609 4389 2885 4444 pugnasse
2927 4374 3248 4430 auctoritate
3286 4385 3405 4428 tum
3453 4375 3700 4430 aliorum

458 4468 799 4537 scripsisset
831 4466 895 4520 Et
931 4466 1047 4536 ipse
1073 4464 1286 4534 quidem
1312 4463 1513 4533 proprii
1551 4463 1753 4530 operis,
1786 4483 1805 4515 ι
1837 4464 2015 4534 inquit
2049 4460 2098 4514 Β
2120 4465 2480 4532 antiquiorum
2529 4466 2876 4535 scriptorum,
2931 4475 3043 4519 tum
3098 4467 3364 4535 imprimis
3416 4466 3701 4535 Pamphili

456 4558 553 4613 lib.
598 4576 615 4612 ι
659 4559 862 4612 advers.
902 4556 1170 4625 Ruﬁnum,
1236 4574 1255 4607 ι
1308 4555 1440 4609 nihil
1500 4555 1723 4609 Omnino
1770 4556 2016 4626 scripsit,

451 4654 691 4719 exceptis
752 4650 1017 4718 epistolis.
1073 4662 1209 4715 quas
1259 4648 1322 4701 ad
1385 4648 1591 4700 amicos
1644 4646 1786 4701 forte
1839 4649 2017 4703 mitte-

449 4743 543 4797 bat
572 4741 669 4813 (5),
697 4742 749 4795 in
779 4750 984 4795 tantum
1017 4755 1076 4793 se
1106 4738 1410 4792 humilitate
1442 4739 1731 4807 dejecerat.
1761 4739 2013 4794 Veterum

451 4844 628 4887 autem
659 4842 925 4886 tractatus
965 4830 1293 4899 scriptorum
1342 4828 1549 4897 legebat
1592 4831 2006 4897 studiosissime,

446 4937 502 4979 et
530 4928 580 4978 in
608 4939 795 4978 eorum
824 4922 1176 4977 meditatione
1208 4920 1408 4990 jugiter
1436 4920 1775 4975 versabatur.
1818 4922 2015 4977 Defen-

446 5033 539 5072 sor
568 5017 835 5086 Origenis,
867 5026 920 5070 et
950 5015 1193 5069 laudator
1218 5013 1479 5084 Pamphili
1522 5014 1654 5068 dicit
1677 5014 2012 5083 Pamphilum

448 5110 577 5164 nihil
609 5110 829 5164 omnino
852 5109 1155 5176 scripsisse,
1186 5123 1284 5163 nec
1310 5106 1516 5177 proprii
1544 5108 1837 5174 quidquam
1887 5122 2014 5162 con-

445 5202 646 5257 didisse
669 5200 933 5254 sermonis
970 5216 981 5250 :
1012 5208 1066 5253 et
1100 5200 1200 5252 hoc
1228 5199 1380 5261 dicit,
1410 5198 1520 5261 jam
1560 5197 1842 5265 Pamphilo
1870 5212 2013 5252 mar.

446 5292 586 5365 tyrio
610 5301 884 5355 coronato,
924 5307 989 5345 ne
1017 5291 1217 5345 habeas
1246 5287 1537 5357 suffugium
1574 5298 1691 5358 post
1729 5289 1905 5342 editos
1940 5289 2006 5343 ab

447 5384 675 5438 Eusebio
726 5382 893 5437 libros
944 5383 1044 5435 hoc
1088 5378 1426 5446 Pamphilum
1479 5378 1785 5447 scripsisse.
1841 5399 1857 5431 ι
1898 5382 2003 5436 Sed

445 5476 614 5529 nodus
655 5476 741 5530 hic
763 5491 1021 5544 perquam
1073 5472 1234 5526 facile
1271 5482 1481 5541 poterat
1523 5486 1552 5524 a
1606 5470 1798 5524 Ruﬁno
1845 5473 2001 5527 solvi.

442 5568 649 5636 Quippe
702 5568 971 5636 proprium
1016 5563 1281 5634 Pamphili
1326 5561 1858 5659 opus‘Apologeticus
1912 5562 2005 5618 ille

510 5741 588 5812 (β)
618 5743 812 5798 Euseb.
848 5742 940 5795 lib.
969 5756 1025 5794 ιιι
1067 5739 1141 5793 De
1173 5740 1275 5793 vita
1306 5735 1603 5807 Pamphili.

2117 4557 2370 4625 martyris
2396 4565 2449 4609 et
2475 4556 2692 4611 Eusebii
2728 4556 3092 4611 Caesariensis.
3129 4557 3347 4611 Μᾶλλον
3374 4557 3453 4621 δὲ,
3485 4558 3699 4626 inquit,

2110 4647 2217 4699 τῶν
2254 4646 2423 4700 ἄλλων
2448 4648 2721 4712 ἁπάντων,
2766 4649 3035 4720 Παμφίλῳ
3087 4667 3147 4702 τε
3197 4650 3276 4721 τῷ
3313 4651 3560 4723 μάρτυρι
3596 4654 3704 4706 ὲπ-

2110 4736 2368 4807 ερείδεται
2402 4739 2495 4790 καὶ
2525 4738 2603 4808 τῷ
2628 4738 2889 4809 Εὐσεὸίῳ,
2930 4740 2979 4793 id
3010 4750 3111 4804 cst,
3142 4760 3159 4792 ι
3188 4756 3297 4810 pra:
3318 4743 3532 4797 caeteris
3568 4759 3702 4799 vero

2111 4826 2388 4896 Pamphilo
2406 4832 2632 4898 martyri
2660 4831 2905 4884 innititur
2920 4843 2969 4885 et
2991 4832 3246 4897 Eusebio,
3279 4852 3297 4885 ι
3328 4835 3701 4890 utindubium

2122 4920 2252 4973 mihi
2306 4922 2554 4974 videatur
2606 4936 2933 4992 anonymum
2980 4923 3127 4977 illum
3165 4925 3411 4979 eamdem
3454 4940 3703 4995 prorsus

2118 5026 2237 5066 cum
2262 5010 2551 5080 Pamphilo
2574 5023 2628 5067 et
2654 5014 2886 5069 Eusebio
2911 5013 3196 5083 Origenem
3228 5016 3561 5071 defendendi
3602 5033 3702 5071 ra-

2111 5103 2308 5157 tionem
2344 5112 2591 5158 secutum
2628 5119 2771 5159 esse.
2834 5104 3084 5174 Nunquid
3130 5122 3256 5161 vero
3305 5108 3547 5162 Arianus
3597 5109 3703 5163 fuit

2110 5196 2460 5264 apologista?
2504 5195 2647 5250 Nihil
2701 5195 2898 5251 minus.
2939 5197 3074 5252 Nam
3118 5199 3229 5267 ipse
3280 5199 3537 5265 Photins,
3601 5204 3701 5272 qui

2112 5287 2310 5356 alioqui
2355 5287 2640 5357 plerosque
2670 5288 2934 5359 iOrigenis
2964 5305 3191 5345 errores
3239 5287 3314 5345 illi
3360 5293 3583 5357 tribuit,
3617 5295 3702 5349 di-

2112 5388 2253 5432 serte
2284 5378 2431 5442 dicit,
2460 5382 2599 5447 quod
2632 5382 2760 5450 περὶ
2802 5380 2901 5449 τῆς
2933 5380 3091 5449 ἁγίας
3124 5382 3352 5452 Τριάδος
3378 5383 3547 5437 οὐδὲν
3577 5385 3701 5441 τῶν

2109 5468 2457 5538 ἐσφαλμένων
2486 5469 2654 5538 λέγει’
2690 5490 2707 5521 ι
2744 5470 2810 5525 de
2835 5474 2893 5526 S.
2924 5470 3188 5528 Trinitate
3215 5475 3346 5531 nihil
3366 5490 3697 5533 erratur-um

2110 5560 2283 5616 affert.
2312 5582 2332 5613 ›
2362 5561 2640 5629 Quomodo
2667 5574 2844 5619 autem
2865 5563 3152 5637 Origenem
3180 5567 3703 5626 defenditauctor?
