3884 6218
214 315 323 368 529

1165 313 1511 371 APOLOGIA
1542 316 1677 372 PRO
1710 316 2027 377 ORIGENE.
2068 354 2133 365 —
2174 322 2510 379 MONITUM.

3356 325 3463 381 550

213 433 355 502 Φησὶ
379 432 459 495 δὲ,
514 432 688 500 inquit
734 432 982 499 Photius,
1032 437 1125 489 καὶ
1168 439 1300 509 περὶ
1343 438 1435 492 τοῦ
1486 440 1786 510 Ὠριγένους

1892 444 2077 511 fuisse,
2109 446 2347 517 nunquid
2372 447 2497 500 inde
2525 455 2846 515 sequeretur
2879 459 2984 499 non
3012 445 3178 501 fuisse
3204 453 3463 517 martyris

219 523 387 595 μηδὲν
412 522 569 577 αὐτὸν
599 523 737 578 κατὰ
766 524 923 589 δόξαν
949 526 1210 595 ἐσφάλθαι
1231 530 1359 599 περὶ
1394 530 1491 600 τῆς
1530 531 1754 601 Τριάδος
1772 550 1784 563 ’

1894 536 2193 607 Pamphili?
2223 538 2440 594 Minime
2478 537 2740 601 omnium,
2767 536 2853 591 vel
2885 538 3112 607 ipsemet
3136 536 3460 609 Hieronymo

223 635 243 665 ι
284 615 416 684 quin
468 616 632 669 etiam
679 616 783 670 hoc
823 618 1020 673 asserit
1058 618 1127 673 de
1173 618 1430 688 Origene,
1488 620 1620 675 nihil
1667 636 1788 675 eum
1885 628 2113 694 judice.t
2143 629 2245 684 Sed
2272 631 2707 684 concedamus’ex
2734 626 3055 698 superﬂuo.»
3091 629 3268 697 inquit
3295 629 3455 697 epist.

218 707 361 775 quod
375 708 589 775 quidem
609 709 676 762 ad
695 708 887 778 dogma
913 711 979 763 de
999 710 1264 766 Trinitate
1287 712 1501 778 attinet,
1520 727 1750 768 errasse.
1766 734 1785 766 ι

216 799 308 851 Ait
338 814 460 853 mox
496 799 721 855 Photius
748 803 1072 869 scriptorem
1102 802 1251 857 illum
1276 803 1585 873 quindecim
1614 805 1789 875 capita

214 888 439 960 Origeni
466 889 702 959 objecta,
731 908 967 961 quorum
1013 893 1112 947 tria
1144 893 1338 962 prima,
1371 895 1641 953 decimum
1680 904 1792 951 ter-

220 981 355 1033 tium
395 992 451 1035 et
485 982 734 1035 ultimum
782 985 847 1036 ad
884 983 1171 1037 articulum
1207 986 1271 1040 de
1320 983 1584 1039 Trinitate
1620 988 1787 1055 perti—

216 1081 372 1136 nent,
410 1075 672 1141 probasse
705 1074 955 1139 διαϐολὰς
1004 1071 1168 1139 εἶναι,
1225 1078 1291 1129 ὲκ
1334 1076 1444 1131 τῶν
1478 1077 1574 1130 τοῦ
1627 1078 1788 1132 αὐτοῦ

214 1165 429 1217 ἐκείνου
473 1167 916 1237 συγγραμμάτων
963 1168 1283 1239 ποιούμενον
1332 1170 1457 1234 τοὺς
1499 1169 1783 1241 ἐλέγχους·

223 1276 243 1309 ί
287 1272 465 1311 meras
522 1272 643 1313 esse
685 1259 1017 1323 calumnias,
1058 1275 1122 1315 ex
1177 1261 1459 1328 ipsiusmet
1497 1261 1791 1335 (Origenis)

215 1350 438 1417 scriptis
473 1349 650 1404 allatis
672 1351 1029 1419 argumentis.
1064 1369 1081 1402 ι
1121 1350 1380 1405 Eantdem
1424 1353 1586 1421 plane
1626 1353 1790 1407 ratio-

218 1456 344 1495 nem
380 1456 443 1495 ac
477 1440 786 1496 methodum
834 1452 1016 1495 servat
1068 1442 1325 1513 Apologia
1382 1444 1481 1497 sub
1522 1442 1787 1512 Pamphili

218 1532 444 1587 nomine
492 1547 521 1587 a
552 1534 749 1589 Ruﬁno
779 1533 947 1589 edita.
994 1532 1140 1588 Sane
1165 1548 1232 1587 ex
1278 1534 1364 1588 his
1412 1534 1542 1588 illud
1599 1534 1789 1589 saltem

212 1620 470 1686 elﬁcitur,
500 1638 527 1676 a
555 1622 745 1679 Graeco
771 1624 1037 1693 scriptore
1059 1625 1228 1680 veteri
1263 1626 1354 1694 qui
1386 1625 1440 1680 in
1469 1627 1695 1681 articulo
1724 1628 1790 1682 de

218 1716 279 1768 S.
308 1713 598 1782 Trinitate,
625 1717 711 1772 vel
742 1717 939 1772 Photio
973 1717 1182 1786 judice,
1212 1718 1523 1773 catholicus
1558 1718 1681 1785 fuit,
1712 1721 1789 1774 al-

1891 721 1977 780 65,
1998 723 2063 776 ad
2096 722 2499 777 Pammachium
2532 733 2585 777 et
2612 721 2908 785 Oceanum,
2930 742 2947 772 ε
2984 731 3040 773 ιιι
3069 721 3329 788 Pamphili
3354 723 3455 785 sit;

1892 815 1983 869 sed
2034 818 2263 870 necdum
2321 818 2595 887 martyris.
2647 820 2786 871 Ante
2835 817 2977 869 enim
3026 816 3246 883 scripsit
3292 831 3456 884 quam

1892 903 2207 972 martyrium
2268 913 2657 972 perpeterctur.
2727 904 2788 956 Et
2850 904 3139 971 quomodo,
3220 901 3452 971 inquies,

1892 994 2154 1063 martyrio
2196 994 2391 1065 dignus
2420 995 2562 1049 Fuit?
2602 996 2822 1051 Scilicet
2868 1006 2924 1046 nt
2964 995 3226 1064 martyrio
3255 994 3459 1047 deleret

1889 1101 2154 1153 errorem,
2189 1094 2245 1139 ut
2283 1104 2445 1142 unam
2495 1088 2705 1157 culpam
2759 1088 3034 1159 sanguinis
3075 1087 3155 1141 sui
3197 1084 3456 1141 effusione

1891 1189 2163 1245 purgaret.
2207 1177 2402 1243 Quanti
2441 1179 2492 1232 in
2526 1180 2657 1233 orbe
2691 1190 2976 1248 nuirtyres,
3012 1188 3297 1245 antequam
3352 1192 3455 1229 (σιρ-

1888 1267 2165 1333 derentur,
2236 1271 2403 1324 variis
2451 1268 2768 1337 snhjacuere
2822 1271 3092 1338 peccatis!
3167 1289 3184 1319 ι
3250 1268 3457 1334 Quibus

1888 1359 2068 1415 verbis
2104 1368 2359 1429 tanquam
2392 1360 2622 1432 sulTugio
2675 1363 2846 1415 utitur
2890 1361 3271 1431 Hieronymus.
3303 1367 3359 1411 ut
3409 1358 3453 1409 si

1890 1451 2066 1502 minus
2130 1451 2287 1505 ﬁdem
2344 1450 2651 1520 famamque
2712 1452 2891 1507 Ruﬁni
2951 1452 3208 1516 elevaret,
3266 1450 3456 1503 saltem

1887 1540 2156 1610 Pamphili
2191 1543 2477 1612 martyris,
2506 1558 2666 1611 quem
2709 1543 2865 1614 hujus
2888 1543 3157 1612 Apologia:
3184 1552 3457 1595 auctorem

1890 1649 1995 1691 non
2022 1634 2244 1688 omnino
2272 1634 2484 1690 dilIiteri
2519 1637 2703 1701 audet,
2744 1638 3129 1691 auctoritatem
3166 1635 3454 1689 minueret.

1890 1725 1995 1781 Sed
2028 1741 2092 1781 eo
2129 1726 2397 1782 inﬁrmius
2428 1727 2547 1797 ejus
2582 1737 2664 1782 est
2699 1738 3098 1799 argumentum,
3148 1729 3291 1795 quod
3349 1735 3458 1780 tor—

218 1807 329 1861 lata
360 1806 529 1865 fuisse
582 1824 650 1863 ex
693 1810 828 1878 ipsis
879 1809 1132 1880 Origenis
1173 1810 1411 1880 scriptis,
1463 1821 1627 1881 prout
1676 1824 1784 1867 tum
1818 1801 1861 1855 Β
1892 1829 2069 1873 menta
2101 1818 2327 1887 plurima
2361 1820 2509 1887 prius
2538 1835 2731 1890 passus
2758 1829 2899 1874 esset
2930 1820 3263 1893 Pamphilus,
3298 1834 3456 1886 quam

210 1901 405 1956 Graece
442 1911 745 1969 exstarent,
798 1902 1131 1970 testimonia,
1170 1917 1289 1972 qua:
1322 1904 1642 1959 catholicum
1692 1919 1787 1974 pa-

214 1994 353 2047 riter
395 1993 564 2049 tuisse
593 1994 649 2047 in
698 1994 887 2049 eodem
929 1994 1157 2050 articulo
1196 1996 1483 2065 Origenem
1539 1996 1789 2051 ostende-

215 2093 362 2152 rent,
408 2095 573 2155 atque
617 2085 721 2139 hoc
765 2084 963 2140 fecisse
1009 2096 1287 2141 auctorem
1328 2087 1475 2141 illum
1522 2085 1787 2156 Pamphili

215 2177 471 2249 martyris
517 2185 572 2233 et
620 2178 834 2233 Eusebii
886 2179 1157 2251 exemplo,
1204 2195 1500 2249 eorumque
1546 2179 1787 2247 vestigiis

215 2271 582 2325 insistentem.
631 2289 654 2322 ι
685 2271 742 2325 5°
781 2269 1086 2326 Verisimile
1144 2287 1250 2325 non
1304 2280 1387 2326 est
1433 2272 1544 2341 jam
1578 2280 1690 2325 tum
1719 2272 1786 2325 ad

213 2363 477 2417 Arianam
506 2363 753 2417 haeresim
788 2361 1055 2418 defecisse
1080 2363 1394 2430 Eusebium,
1422 2379 1543 2418 eum
1585 2363 1638 2418 in
1665 2379 1787 2432 gra-

214 2454 347 2509 tiam
381 2454 630 2523 Origenis
684 2454 971 2509 scriberet.
1015 2454 1148 2521 Quis
1176 2454 1320 2508 enim
1353 2456 1562 2521 credat,
1599 2455 1644 2508 si
1673 2455 1785 2523 jam

216 2557 333 2601 tum
369 2545 561 2600 fuisset
589 2547 847 2610 Arianus,
878 2546 930 2600 id
959 2561 1018 2601 se
1049 2546 1150 2600 sibi
1206 2547 1541 2614 probandum
1600 2560 1788 2601 susce-

215 2639 363 2707 pisse
394 2638 462 2693 ab
500 2636 730 2708 Origene
767 2638 932 2691 statui
982 2656 1001 2688 (
1046 2637 1187 2706 quod
1221 2638 1442 2706 aequalis
1494 2637 1566 2692 sit
1608 2635 1787 2690 Trini-

217 2737 302 2782 tas
339 2747 353 2782 :
390 2734 533 2797 quod
563 2744 667 2782 non
704 2743 872 2798 purus
900 2729 1083 2794 homo,
1113 2728 1207 2783 sed
1239 2729 1435 2783 divinae
1476 2739 1685 2784 naturae
1713 2728 1785 2782 sit

212 2818 513 2875 Christus:
552 2819 698 2885 quod
732 2829 890 2873 extra
931 2818 1101 2873 ullum
1142 2818 1355 2875 initium
1398 2819 1468 2873 sit
1511 2819 1786 2889 generatio

217 2910 345 2969 Filii
379 2910 472 2964 Dei
502 2927 515 2963 :
547 2912 690 2979 quod
724 2924 831 2964 non
856 2911 930 2967 sit
961 2908 1123 2964 Pater
1150 2913 1439 2977 antequam
1467 2909 1663 2974 Filius,
1694 2912 1785 2971 sed

210 3012 525 3058 coazternus
559 3002 629 3057 sit
654 3001 825 3056 Filius
860 3000 1046 3055 Patri:
1080 3001 1223 3071 quod
1252 3017 1358 3056 non
1400 3017 1491 3072 per
1523 3002 1786 3073 prolatio-

1889 1912 2189 1976 seriberet;
2225 1912 2467 1979 adeoque
2504 1910 2615 1986 jam
2648 1922 2776 1967 tunc
2804 1927 2931 1966 vere
2963 1921 3080 1966 erat
3112 1921 3340 1981 martyr,
3369 1927 3457 1965 se-

1890 2002 2121 2057 cundum
2154 2002 2426 2072 vulgarem
2458 2004 2574 2072 ejus
2604 2005 2861 2072 temporis
2907 2004 3159 2072 loquendi
3214 2004 3453 2058 modum.

1888 2091 2216 2165 Hieronymo
2283 2103 2460 2149 autem
2517 2095 2595 2150 sic
2650 2096 2941 2164 respondet
2998 2095 3224 2151 Ruﬁnus
3262 2094 3455 2151 Invect.

1887 2183 1980 2240 lib.
2012 2201 2050 2239 ιι
2080 2203 2093 2237 :
2121 2202 2141 2236 t
2179 2184 2236 2239 Si
2266 2184 2320 2238 in
2358 2195 2565 2239 tantum
2595 2186 2812 2241 volebas
2842 2186 3061 2249 audere,
3079 2196 3137 2239 ut
3166 2196 3455 2258 martyrem

1886 2277 2337 2347 reprehenderes,
2374 2277 2515 2331 dicta
2558 2278 2694 2347 ipsa,
2732 2293 2851 2344 qnze
2883 2278 2975 2333 tibi
3017 2278 3337 2331 videbantur
3371 2293 3457 2332 re-

1887 2366 2291 2435 prehensibilia,
2321 2368 2373 2419 in
2400 2366 2634 2421 medium
2673 2365 2911 2434 proferre
2928 2366 3219 2430 debueras;
3250 2375 3301 2420 et
3334 2376 3460 2419 tunc

1890 2457 2264 2527 unusquisque
2296 2456 2584 2525 legentium
2601 2456 2819 2510 vidisset
2844 2457 2972 2524 quid
3000 2456 3068 2510 ibi
3096 2466 3238 2511 esset
3267 2457 3456 2510 absur-

1888 2547 2035 2608 dum,
2092 2547 2221 2616 quid
2276 2560 2641 2614 consequens,
2678 2546 2805 2614 quid
2846 2546 3117 2614 iniquum,
3152 2546 3279 2614 quid
3310 2555 3458 2600 certe

1887 2647 2073 2693 contra
2108 2638 2433 2707 apostolicus
2464 2638 2675 2707 regulas
2706 2655 2719 2691 :
2750 2638 2844 2692 sed
2873 2646 3078 2690 tantum
3115 2638 3299 2691 nescio
3330 2638 3456 2707 quid

1888 2730 2203 2799 impietatis,
2238 2746 2335 2800 pro
2380 2746 2507 2800 quo,
2540 2729 2778 2793 utdicis,
2830 2730 3100 2798 expiando
3142 2731 3454 2798 sanguinem

1888 2840 2044 2879 suum
2078 2822 2278 2878 fuderit
2307 2834 2535 2893 martyr.
2561 2822 2674 2896 Ipsa
2708 2822 2796 2875 illa
2835 2824 2994 2877 verba
3035 2823 3079 2876 si
3114 2821 3457 2893 legeret,jam

1890 2929 1995 2969 non
2026 2922 2137 2979 tua,
2164 2915 2258 2970 sed
2292 2929 2386 2969 sua
2435 2915 2734 2978 sententia,
2761 2924 2853 2966 aut
2886 2927 3102 2968 errasse
3135 2923 3452 2982 martyrem,

1892 3010 1986 3057 aut
2021 3002 2240 3057 nomine
2264 3004 2521 3074 martyris
2541 3003 2831 3056 absurdam
2860 3014 2916 3057 et
2949 3002 3167 3066 impiam
3214 3001 3455 3055 conseri-

215 3108 343 3149 nem
373 3103 532 3149 natus
555 3095 626 3148 sit
652 3093 822 3149 Filius
852 3112 864 3148 :
889 3094 1030 3162 quod
1049 3093 1423 3162 inseparabilis
1448 3094 1518 3148 sit
1543 3093 1782 3150 aPatre:
1813 3137 1855 3192 Ο
1893 3097 2135 3167 ptionem
2178 3096 2246 3152 ab
2300 3095 2407 3149 alio
2460 3096 2667 3149 diceret
2712 3111 2833 3150 esse
2862 3093 3240 3162 compositam.
3308 3092 3459 3147 Nunc

215 3187 363 3254 quod
396 3187 586 3241 eadem
615 3186 687 3240 sit
719 3185 1205 3240 inconvertibilitas
1230 3185 1430 3252 Patris,
1459 3198 1514 3241 et
1558 3185 1700 3252 Filii,
1735 3200 1788 3242 et

213 3277 455 3346 Spiritus
492 3278 664 3332 sancti
703 3295 717 3332 :
754 3278 895 3347 quod
927 3278 1067 3333 sicut
1099 3276 1261 3331 Pater
1292 3277 1442 3332 novit
1488 3278 1639 3335 initia
1673 3294 1788 3333 om-

217 3370 372 3424 nium
409 3380 463 3425 et
498 3371 657 3435 ﬁnes,
687 3371 769 3426 sic
790 3380 843 3424 et
870 3370 1061 3434 Filius,
1090 3371 1169 3425 sic
1188 3381 1243 3424 et
1269 3368 1504 3437 Spiritus
1534 3381 1784 3426 sanctus:

212 3465 363 3533 quod
383 3479 450 3519 ex
481 3463 591 3517 Deo
617 3463 777 3517 Patre
810 3472 965 3516 natus
987 3464 1057 3516 sit
1083 3461 1275 3528 Filius,
1301 3476 1368 3516 ac
1387 3463 1545 3517 unius
1568 3472 1621 3518 et
1640 3462 1786 3531 ejus-

210 3560 339 3611 dem
373 3571 496 3610 cum
542 3555 705 3610 Patre
753 3556 1105 3621 substantiae;
1163 3555 1376 3611 alienus
1419 3570 1549 3611 vero
1602 3572 1630 3610 a
1658 3559 1779 3611 sub-

214 3651 434 3706 stantiis
472 3659 871 3713 creaturarum,
918 3668 937 3701 ι
976 3659 1108 3713 etc.,
1141 3664 1264 3718 quae
1302 3664 1333 3703 e
1363 3650 1630 3704 diametro
1670 3649 1786 3705 hat-

218 3740 328 3796 resi
384 3740 601 3795 Arianae
654 3739 1052 3794 adversantur?
1119 3739 1252 3805 Quis
1302 3739 1406 3794 sibi
1465 3740 1790 3809 persuadeat

214 3845 365 3895 eum,
395 3830 521 3884 dum
575 3830 990 3900 pneclarissiiua
1040 3829 1133 3883 illa
1180 3827 1429 3897 Origenis
1479 3830 1786 3884 testimonia

212 3931 541 3991 excerperet
569 3923 711 3977 unde
752 3922 988 3975 Arianus
1021 3936 1176 3975 error
1220 3920 1553 3987 confoditur,
1585 3922 1786 3976 Ariana

216 4018 353 4087 ipsis
375 4015 691 4072 infersisse?
720 4015 775 4068 4ο
820 4014 1020 4069 lnvicte
1059 4015 1401 4069 demonstrat
1439 4014 1789 4071 doctissimus

212 4118 409 4163 noster
430 4107 659 4162 domnus
697 4105 1032 4163 Prudentius
1060 4105 1246 4159 Maran
1276 4105 1330 4159 in
1360 4121 1457 4159 suo
1486 4105 1563 4160 De
1594 4107 1787 4160 divini-

214 4210 326 4255 tate
382 4199 574 4254 Christi
614 4198 708 4253 lib.
762 4213 837 4258 IV,
880 4212 1001 4267 cap.
1056 4197 1242 4260 M-lii,
1303 4206 1360 4251 et
1400 4196 1529 4253 alibi
1562 4198 1786 4266 passim,

214 4293 436 4350 Arianae
465 4290 656 4346 haeresi
702 4290 1009 4346 nullatenus
1036 4288 1219 4345 favere
1249 4288 1537 4357 Origenem
1569 4290 1669 4362 (4),
1695 4293 1787 4345 sed

212 4400 247 4440 e
275 4384 553 4441 contrario
599 4384 921 4455 scriptorem
969 4382 1300 4436 catholicum
1344 4383 1787 4452 acerrimumque

1890 3202 2018 3242 vero
2060 3187 2239 3242 sciens
2270 3187 2395 3257 quia
2430 3188 2472 3241 si
2528 3187 2779 3255 legantur
2810 3201 2871 3241 ea
2912 3201 3033 3256 quae
3082 3186 3454 3254 reprehendis,

1890 3288 2018 3332 nota
2067 3278 2465 3347 retorquebitur
2509 3278 2559 3330 in
2610 3293 2734 3331 eum
2788 3278 2878 3348 qui
2924 3277 3106 3347 culpat
3138 3277 3355 3346 injuste,
3392 3290 3456 3330 ea

1890 3368 2105 3438 quidem
2135 3384 2256 3439 quae
2288 3370 2640 3437 reprehendis
2696 3388 2799 3424 non
2848 3350 3078 3439 profers.
3115 3388 3133 3420 ι
3169 3369 3231 3422 Ει
3282 3369 3457 3437 reipsa

1890 3459 2025 3514 nihil
2057 3457 2158 3513 nisi
2186 3461 2486 3529 generatim
2528 3461 2752 3530 protulit
2786 3459 3147 3530 Hieronymus
3199 3461 3457 3512 adversus

1892 3555 2030 3609 hanc
2070 3553 2400 3625 Apologiam.
2448 3552 2559 3607 lmo
2613 3554 2943 3621 promiserat
2993 3552 3085 3605 lib.
3119 3567 3157 3606 ιι
3207 3552 3455 3604 adversus

1892 3644 2161 3712 Ruﬁnum,
2189 3659 2248 3698 se
2273 3644 2323 3697 in
2365 3644 2714 3714 Sequentibus
2748 3654 2936 3696 contra
2996 3641 3163 3709 ipsam
3214 3640 3454 3709 scriptu-

1893 3752 2031 3799 rum,
2052 3735 2097 3789 si
2124 3735 2360 3790 dictandi
2388 3736 2617 3803 spatium
2640 3744 2804 3796 esset,
2838 3748 2936 3788 nec
2954 3742 3129 3786 tamen
3166 3734 3454 3801 quidquam

1889 3828 2172 3897 scripsisse
2232 3827 2497 3891 novimus,
2556 3828 2800 3895 quamvis
2840 3826 3015 3894 plures
3058 3840 3225 3878 annos
3270 3834 3455 3893 pestca

1890 3921 2102 3973 vixerit.

1960 4009 2046 4064 Vl.
2076 4010 2181 4065 Sed
2213 4019 2391 4064 tamen
2426 4020 2482 4062 ut
2516 4010 2900 4081 Hieronymum
2930 4025 3049 4063 cum
3095 4011 3275 4081 seipse
3328 4026 3460 4067 con-

1890 4102 2088 4166 ciliem,
2115 4116 2220 4155 non
2250 4101 2458 4155 inﬁcias
2491 4101 2643 4154 ierim
2669 4103 2838 4155 videri
2865 4103 3084 4171 quidem
3111 4102 3454 4172 Pamphilum

1891 4204 1944 4246 et
1969 4178 2256 4248 Eusebium
2294 4194 2346 4246 in
2388 4192 2694 4260 Defensione
2730 4192 2817 4245 illa
2850 4195 3093 4260 quaedam
3125 4195 3368 4249 attulisse
3389 4210 3456 4248 cx

1891 4284 2123 4356 Origene
2148 4284 2478 4347 testimonia,
2498 4284 2695 4354 quibus
2718 4284 2925 4339 voculae
2947 4297 3002 4338 et
3027 4286 3168 4340 dieta
3198 4286 3455 4339 nonnulla

1891 4378 2118 4430 admista
2150 4384 2369 4441 essent,
2406 4391 2524 4446 quae
2554 4374 2843 4431 catholicis
2886 4376 3110 4430 auribus
3145 4374 3456 4445 Hieronymi

214 4472 360 4528 sacri
386 4472 454 4528 de
486 4470 756 4528 Trinitate
783 4472 1050 4542 dogmatis
1075 4472 1418 4528 defensorem
1452 4473 1649 4529 haberi
1692 4473 1787 4526 de-
1817 4477 1864 4535 ι)
1889 4478 2046 4523 aetate
2077 4469 2255 4523 minus
2286 4469 2631 4538 placuerunt,
2670 4479 2855 4538 utpote
2886 4469 2952 4523 ab
2984 4469 3201 4521 Arianis
3252 4477 3361 4519 tum
3392 4469 3456 4518 ad

214 4567 384 4631 bere;
419 4574 474 4620 et
525 4580 644 4635 quae
693 4565 1049 4633 objiciuntur,
1083 4578 1177 4619 aut
1209 4564 1331 4620 ﬁcta
1386 4580 1509 4620 esse
1534 4574 1588 4618 et
1624 4564 1693 4619 ab
1720 4579 1785 4619 eo

213 4655 423 4722 aliena,
460 4665 555 4710 aut
585 4656 782 4724 partim
822 4654 1298 4725 praeclarissimam
1332 4654 1536 4710 habere
1566 4664 1785 4710 senten-

215 4746 374 4813 tiam,
402 4749 448 4801 si
482 4757 628 4802 recte
662 4747 1059 4817 interpreteris,
1100 4747 1296 4815 partim
1330 4762 1436 4801 non
1486 4746 1785 4802 incommo-

214 4837 368 4900 dam,
399 4837 444 4891 si
492 4853 614 4891 eum
666 4836 786 4891 aliis
828 4836 947 4906 ejus
1003 4836 1281 4906 principiis
1327 4847 1454 4907 apte
1501 4838 1783 4895 concilies.

214 4926 501 4993 Quomodo
550 4926 713 4996 igitur
754 4927 1021 4983 Eusebius
1068 4929 1121 4982 in
1171 4929 1644 4998 praestantissimis
1677 4929 1786 4983 illis

213 5020 583 5085 eontextihus,
615 5020 810 5088 quibus
844 5020 1097 5090 Origenis
1151 5022 1452 5077 doctrinam
1488 5020 1555 5074 ab
1583 5025 1786 5076 Ariana

216 5109 340 5165 labe
365 5110 627 5176 vindicat,
662 5110 963 5179 approbare
988 5112 1255 5178 potuisset
1285 5115 1459 5183 ipsum
1498 5113 1783 5183 Origenem

215 5204 386 5257 fuisse
425 5203 727 5257 Ariannm?
780 5202 927 5269 Quas
966 5203 1329 5273 hlasphemias
1369 5204 1694 5269 inl‘ersisset,
1737 5204 1785 5258 si

212 5296 352 5351 nihil
382 5296 456 5351 sit
485 5296 537 5349 in
569 5295 957 5365 Origenequod
994 5297 1059 5349 ad
1091 5297 1339 5352 literesim
1363 5299 1620 5352 Arianam
1645 5300 1783 5353 trahi

212 5388 411 5443 merito
436 5388 635 5456 queat?
660 5386 928 5442 Caeterum
964 5388 1110 5457 dato,
1155 5406 1259 5443 non
1294 5400 1472 5445 autem
1501 5404 1781 5455 concesso,

213 5479 628 5548 Apologeticum
658 5478 895 5531 libellum
932 5480 1031 5533 sub
1067 5480 1286 5534 nomine
1315 5479 1576 5549 Pamphili
1612 5496 1640 5532 a
1672 5479 1784 5531 Ru-

208 5568 327 5628 ﬁno
350 5572 577 5637 editum,
607 5571 811 5626 Ariano
835 5586 1041 5626 veneno
1066 5571 1119 5625 in
1146 5581 1290 5627 textu
1306 5572 1493 5628 Grazco
1531 5572 1784 5627 infectum

1891 4562 2138 4616 liaaresim
2172 4577 2323 4617 suam
2363 4566 2761 4631 propagandam
2795 4569 3089 4630 usurpata:
3124 4574 3259 4630 quas
3292 4574 3458 4611 Vocu-

1890 4652 2005 4719 las,
2031 4652 2116 4707 vel
2146 4667 2264 4719 qua:
2306 4652 2443 4706 dicta
2494 4661 2775 4723 propterea
2831 4652 3130 4705 resecuisse
3176 4650 3388 4702 videtur
3432 4664 3456 4701 ι

1890 4760 1987 4799 sua
2014 4745 2260 4798 versione
2284 4743 2531 4807 Ruﬁnus,
2555 4752 2608 4797 et
2639 4744 2956 4813 quibusdam
2990 4742 3206 4805 additis,
3230 4742 3454 4810 quibus-

1892 4836 2015 4891 dam
2062 4836 2317 4890 detractis
2359 4836 2648 4898 emollisse,
2684 4844 2740 4887 ut
2789 4832 3109 4888 catholicam
3153 4833 3454 4886 doctrinam

1892 4927 2071 4981 verbis
2103 4927 2259 4997 plane
2307 4926 2587 4980 catholicis
2624 4927 2879 4980 traderet.
2917 4923 3070 4989 Quod
3105 4925 3329 4977 innuere
3377 4924 3456 4976 vi-

1892 5019 2048 5073 detur
2080 5019 2194 5087 ipse
2230 5017 2457 5072 Ruﬁnus
2482 5059 2496 5083 ,
2531 5034 2649 5072 eum
2689 5021 2738 5070 in
2776 5018 2989 5086 epilogo
3034 5017 3099 5070 ad
3146 5016 3457 5070 translatiu-

1890 5126 2011 5165 nem
2042 5126 2194 5166 suam
2221 5112 2286 5164 ad
2311 5112 2608 5173 Macarium
2645 5112 2719 5164 ait
2750 5127 2809 5164 se
2847 5131 2864 5161 ‹
2903 5109 3299 5179 Apologeticum
3328 5125 3455 5163 san—

1889 5204 1961 5259 eti
2000 5206 2247 5274 martyris
2290 5203 2551 5271 Pamphili
2579 5245 2594 5267 ,
2623 5214 2779 5272 prout
2816 5205 3022 5268 potuit,
3050 5203 3137 5257 vel
3170 5220 3253 5256 res
3283 5218 3453 5272 popo-

1888 5296 2012 5361 scit,
2055 5295 2245 5349 Latino
2276 5310 2524 5350 sermone
2550 5299 2867 5364 digessisse.
2904 5316 2921 5347 ι
2960 5295 3273 5367 Hujusmodi
3310 5309 3450 5348 rese-

1889 5386 2082 5441 ctionis
2156 5387 2451 5441 etiamnum
2532 5388 2811 5457 vestigium
2885 5396 3082 5439 exstat.
3138 5382 3453 5452 Pamphilus

1892 5482 2047 5551 hujus
2060 5481 2326 5553 Apologiw
2342 5496 2460 5551 cap.
2481 5486 2534 5546 4,
2559 5480 2629 5534 De
2647 5479 2843 5549 Spiritu
2861 5490 3058 5539 sancto,
3088 5476 3452 5530 testimonium

1892 5572 2106 5627 adducit
2134 5589 2164 5628 e
2194 5588 2310 5644 cap.
2345 5573 2379 5626 3
2447 5572 2564 5625 libri
2596 5585 2611 5623 ι
2638 5611 2653 5639 ,
2681 5570 2816 5639 Περὶ
2863 5568 3063 5639 ἀρχῶν
3086 5608 3103 5636 ,
3145 5565 3296 5635 cujus
3342 5563 3454 5618 fra-

290 5751 371 5825 (4)
417 5749 550 5806 Vide
581 5750 721 5806 intra
754 5759 906 5809 notas
943 5751 999 5808 in
1031 5751 1338 5821 Origeuiau.
1362 5749 1451 5807 lib.
1483 5767 1544 5820 ιι,
1580 5766 1695 5823 cap.
1722 5750 1776 5819 2,
1805 5758 1991 5820 qumst.
2026 5749 2077 5802 9..
