3880 6212
456 313 556 370 551

1608 290 1613 293 ’
1655 314 1711 370 s.
1753 311 2079 367 PAMPHILI
2120 308 2473 365 MARTYRIS

3577 302 3664 365 533

455 432 995 505 gmentumGrtecum
1030 434 1249 488 exhibet
1270 435 1564 503 imperator
1590 432 1927 499 Justinianus
1957 432 2023 485 ad
2057 439 2098 494 Α
2128 430 2220 485 lib.
2247 446 2262 485 t
2306 429 2513 483 advers.
2536 427 2783 495 Ruﬁnum
2811 425 2892 481 his
2911 426 3089 480 verbis
3119 447 3131 481 :
3161 444 3181 479 ι
3214 424 3510 495 Paucisque
3533 427 3662 482 teSti-

457 524 661 579 calcem
689 523 929 593 epistolae
955 524 1021 577 ad
1058 522 1293 585 Menam,
1317 524 1459 593 quod
1492 538 1595 578 non
1628 538 1814 593 parum
1842 522 2025 576 crimi-

456 625 655 669 nantur
682 614 800 683 ipse
828 613 1170 669 Justiniauus
1190 655 1206 677 ,
1238 615 1568 677 Athanasius
1609 614 1665 669 in
1693 612 1888 668 Matth.
1921 629 2019 678 xu,

454 707 557 774 32;
593 706 923 776 Theophilus
947 708 997 761 in
1030 710 1180 773 epist.
1214 714 1237 761 1
1275 708 1545 775 paschali;
1582 707 1938 777 Hieronymus
1971 707 2022 760 in

454 800 615 867 epist.
672 802 736 851 ad
788 799 1046 865 Avitum,
1094 808 1149 852 et
1194 799 1420 852 Photius
1455 799 1705 852 Biblioth.
1752 800 1873 856 cod.
1902 815 2019 854 vm.

454 889 532 941 En
568 886 662 940 tibi
704 888 931 956 ipsainet
969 888 1128 940 verba
1158 905 1171 941 :
1206 888 1327 941 Ὅτι
1355 891 1383 959 ὁ
1417 890 1515 960 μὲν
1549 889 1679 953 Θεὸς
1707 888 1798 941 καὶ
1832 889 2022 959 Πατὴρ

454 980 691 1049 συνέχων
718 980 785 1032 τὰ
818 981 992 1033 πάντα
1018 979 1206 1049 φθάνει
1234 982 1313 1043 εἰς
1344 980 1569 1034 ἕκαστον
1594 980 1701 1033 τῶν
1718 980 1902 1040 ὄντων,
1930 998 2023 1050 με-

450 1074 692 1136 ταδιδοὺς
712 1073 928 1142 ἑκάστῳ
946 1053 1053 1126 ἀπὸ
1073 1071 1165 1125 τοῦ
1195 1072 1323 1125 ἰδίου
1347 1074 1407 1125 τὸ
1430 1069 1566 1126 εἶναι
1587 1089 1599 1101 '
1627 1071 1704 1125 ὢν
1724 1073 1830 1142 γάρ
1852 1074 2016 1125 ἐστιν.

462 1165 726 1219 Ἐλάττων
754 1165 809 1218 δὲ
832 1166 967 1236 πρὸς
993 1166 1085 1218 τὸν
1106 1167 1320 1236 Πατέρα
1343 1167 1372 1218 ὁ
1392 1164 1519 1228 Υἱὸς
1535 1164 1749 1233 φθάνων
1771 1164 1863 1216 ἐπὶ
1886 1163 2022 1233 μόνα

448 1258 516 1309 τὰ
567 1258 785 1325 λογικὰ’
817 1257 1066 1329 δεύτερος
1118 1260 1226 1329 γάρ
1266 1259 1379 1310 ἐστι
1416 1256 1508 1310 τοῦ
1554 1256 1764 1327 Πατρός
1789 1273 1801 1285 ·
1844 1254 1923 1307 ἔτι
1964 1255 2020 1308 δὲ

446 1347 607 1421 ἦττον
640 1351 700 1403 τὸ
728 1350 951 1421 Πνεῦμα
982 1350 1043 1403 τὸ
1090 1350 1243 1418 ἅγιον
1288 1349 1379 1402 ἐπὶ
1428 1349 1619 1419 μόνους
1663 1349 1787 1411 τοὺς
1833 1347 2019 1415 ἁγίους

446 1441 835 1512 διικνούμενον.
856 1444 1017 1505 Ὥστε
1043 1441 1181 1495 κατὰ
1206 1440 1362 1493 τοῦτο
1393 1441 1590 1511 μείζων
1617 1443 1648 1511 ἠ
1677 1440 1899 1511 δύναμις
1924 1438 2017 1493 τοῦ

446 1532 657 1604 [ἰατρὸς
703 1535 852 1606 παρὰ
891 1534 983 1587 τὸν
1036 1534 1161 1587 Υἶὺν
1206 1534 1299 1586 καὶ
1344 1531 1404 1586 τὸ
1451 1531 1672 1603 Πνεῦμα
1727 1533 1786 1585 τὸ
1845 1533 2015 1601 ἅγιον.

446 1622 652 1676 Πλείων
685 1624 796 1694 δὲὴ
828 1624 920 1677 τοῦ
950 1622 1078 1676 Tim")
1109 1623 1259 1695 παρὰ
1286 1623 1345 1676 τὸ
1378 1622 1599 1692 Πνεῦμα
1621 1622 1681 1674 τὸ
1710 1622 1861 1689 ἅγιον
1882 1639 1893 1650 ·
1929 1621 2020 1674 καὶ

445 1715 606 1768 πάλιν
631 1716 959 1787 διαφέρουσα
990 1715 1186 1785 μᾶλλον
1216 1714 1307 1768 τοῦ
1335 1714 1486 1784 ἁγίου
1518 1714 1829 1785 Πνεύματος
1862 1716 1895 1785 ἡ
1923 1714 2017 1767 δύ-

2127 522 2324 577 moniis
2351 521 2718 585 commutatis,
2737 533 2855 589 quae
2881 518 3094 575 sciebas
3122 517 3457 587 displicitura
3493 518 3662 573 Roma-

2124 616 2244 679 nis,
2291 626 2484 669 caetera
2536 612 2679 676 (libri
2726 612 2886 682 primi
2939 610 3180 680 EuseLii)
3226 625 3401 680 usque
3434 612 3497 664 ad
3526 610 3661 667 finem

2123 707 2332 775 integra
2361 703 2635 759 dimisisti.
2669 723 2687 755 ι
2728 702 2872 757 idem
2907 702 3148 773 apertius
3181 701 3360 756 innuit
3394 702 3447 756 in
3463 701 3663 771 epistola

2123 801 2189 855 ad
2220 796 2629 853 Pammachium
2663 806 2715 850 et
2743 795 3037 851 Oceanum.
3069 792 3181 849 lmo
3213 794 3303 848 vix
3335 795 3597 850 continere
3612 810 3664 851 se

2122 902 2297 964 potest
2322 891 2373 945 in
2420 890 2519 944 hac
2553 890 2740 943 eadem
2771 887 2995 957 epistola
3016 927 3031 952 ,
3066 886 3195 955 quin
3229 885 3298 940 ab
3324 886 3429 940 alio
3454 885 3665 955 quolibet

2121 985 2389 1054 scriptore
2415 997 2574 1051 quam
2611 980 2882 1046 Eusebio,
2917 978 3126 1033 scilicet
3172 977 3255 1032 vel
3298 977 3554 1046 Didymo.
3590 977 3663 1033 vel

2121 1078 2352 1151 ipsomet
2402 1074 2639 1138 Rufino,
2688 1082 2854 1126 totum
2895 1071 3039 1125 hunc
3081 1069 3274 1124 librum
3326 1068 3469 1123 dicat
3518 1068 3666 1125 fuisse

2121 1168 2498 1239 compositum.
2538 1186 2556 1218 (
2591 1167 2780 1228 Porro,
2801 1164 2995 1232 inquit,
3027 1161 3167 1232 quod
3200 1160 3533 1232 Pamphilum
3559 1176 3667 1231 ιιι-οη

2118 1262 2303 1317 ferunt
2328 1262 2663 1315 laudatorem
2694 1256 2812 1327 ejus
2844 1255 3138 1328 (Origenis)
3159 1294 3174 1320 ,
3212 1255 3415 1325 gratias
3449 1254 3551 1310 illis
3579 1268 3667 1325 ago

2119 1369 2241 1409 meo
2272 1353 2489 1408 nomine
2513 1392 2528 1416 ,
2557 1352 2701 1421 quod
2735 1351 2955 1420 dignum
3002 1364 3088 1403 me
3132 1358 3496 1417 putaverunt,
3524 1362 3667 1417 quem

2118 1459 2239 1498 cum
2268 1452 2509 1513 martyre
2544 1442 3028 1496 calumniarentur.
3067 1438 3121 1493 Si
3153 1440 3296 1494 enim
3336 1440 3404 1492 ab
3450 1438 3670 1495 inimicis

2117 1536 2368 1606 Origenis
2393 1536 2560 1590 libros
2595 1534 2713 1599 ejus
2745 1534 2925 1589 dicitis
2951 1548 3074 1589 esse
3108 1532 3338 1588 violatos
3370 1542 3427 1586 ut
3458 1534 3670 1589 infama-

2118 1638 2326 1691 rentur,
2359 1642 2528 1696 quare
2559 1627 2686 1681 mihi
2720 1641 2824 1680 non
2854 1625 3016 1681 liceat
3048 1626 3231 1680 dicere
3261 1624 3327 1680 ab
3350 1626 3539 1690 amicis
3563 1626 3670 1694 ejus

2116 1729 2170 1775 et
2202 1718 2572 1775 sectatoribus
2603 1718 2962 1786 compositum
2992 1731 3115 1772 esse
3144 1717 3242 1771 sub
3283 1716 3499 1770 nomine
3526 1717 3671 1771 Pam-

444 1824 606 1877 ναμις
636 1808 787 1880 παρὰ
824 1808 892 1860 τὰ
919 1807 1051 1862 ἄλλα
1081 1808 1233 1876 ἅγια.
1269 1827 1287 1859 ι
1326 1807 1477 1875 Quod
1520 1806 1662 1861 Deus
1703 1806 1916 1887 quidem
1962 1820 1991 1859 e

2125 1811 2255 1880 phili
2288 1810 2563 1876 volumen,
2599 1809 2741 1878 quod
2774 1808 2921 1862 illum
2972 1809 3284 1863 testimonio
3326 1809 3577 1879 martyris
3606 1810 3671 1864 ab

442 1894 607 1951 Pater
639 1900 820 1953 omnia
854 1909 1140 1954 continens
1170 1901 1235 1953 ad
1278 1913 1716 1968 unumquemque
1747 1898 2008 1966 pervenit,

442 2004 563 2043 esse
608 1990 898 2057 unicuique
950 1990 1263 2059 impertiens
1296 1990 1363 2044 de
1409 2004 1545 2044 suo:
1588 1989 1702 2057 ipse
1748 1989 1891 2043 enim
1931 1999 2014 2043 est

440 2081 529 2147 qui
565 2090 668 2135 est.
701 2082 855 2149 Quod
898 2098 1024 2138 vero
1075 2092 1271 2151 prteter
1306 2080 1524 2135 Patrem
1579 2080 1742 2134 Filius
1786 2081 1854 2135 ad
1898 2079 2009 2134 sola

442 2156 782 2229 rationabilia
816 2176 1095 2251 pervenit,
1126 2185 1208 2230 est
1246 2174 1389 2228 enim
1431 2173 1701 2229 secundus
1745 2188 1774 2226 a
1806 2172 2005 2227 Patre:

436 2264 615 2320 adhuc
647 2276 829 2321 autem
881 2270 1057 2323 minor
1099 2268 1334 2339 Spiritus
1371 2279 1593 2329 sanctus
1625 2269 1691 2321 ad
1718 2266 1860 2321 solos
1888 2282 2009 2319 san-

434 2364 556 2412 ctos
581 2359 861 2429 pertingit.
890 2358 967 2413 lta
1002 2375 1067 2415 ex
1101 2360 1201 2414 hoc
1230 2359 1401 2428 major
1420 2368 1502 2413 est
1536 2367 1776 2428 potestas
1805 2357 2006 2435 Patris,

434 2462 598 2516 quam
620 2447 743 2503 Filii
766 2459 821 2504 et
854 2450 1089 2519 Spiritus
1117 2451 1314 2505 sancti.
1341 2452 1585 2521 Atnplior
1610 2452 1740 2507 item
1767 2460 2007 2519 potestas

431 2540 559 2595 Filii
613 2556 726 2611 prae
779 2539 983 2612 Spiritu
1030 2553 1261 2611 sancto;
1308 2558 1372 2597 ac
1426 2558 1615 2597 rursus
1661 2542 2008 2614 praestantior

433 2634 605 2690 sancti
654 2634 894 2705 Spiritus
937 2636 1147 2702 virtus,
1199 2651 1362 2704 quam
1411 2636 1639 2690 aliorum
1688 2643 2004 2697 sanctorum

430 2726 659 2783 entium.
691 2745 710 2777 ι
753 2725 911 2801 Hzec,
947 2729 1197 2797 quamvis
1243 2726 1552 2783 duriuscula
1598 2728 1771 2796 prima
1826 2725 2005 2781 fronte

432 2816 739 2879 videantur,
764 2816 807 2869 si
832 2820 955 2883 quis
984 2827 1163 2872 tamen
1196 2817 1261 2872 ad
1296 2828 1529 2872 mentem
1556 2816 1734 2887 potius
1757 2817 2003 2887 Origenis

430 2924 595 2977 quam
625 2908 691 2961 ad
716 2907 876 2961 verba
909 2909 1218 2975 attenderit,
1246 2924 1437 2964 sanum
1469 2910 1732 2979 recipient
1761 2924 2001 2972 sensum,

427 3008 482 3055 et
536 2998 603 3051 ab
652 2999 880 3066 ipsemet
926 2999 1121 3054 Huetio
1176 3010 1506 3055 excusantur
1563 2999 2001 3075 Origenianorum

428 3092 522 3145 lib.
574 3105 634 3144 ιι.
665 3104 783 3157 cap.
820 3090 888 3153 2,
924 3100 1113 3161 quaest.
1148 3092 1211 3157 2,
1251 3108 1401 3159 num.
1428 3092 1494 3145 27
1527 3101 1581 3146 et
1625 3092 1715 3146 28.
1747 3093 1823 3147 lbi
1856 3093 1998 3145 enim

427 3181 609 3250 agitur
651 3151 968 3241 de‘ratione
1006 3151 1257 3251 principii
1282 3224 1296 3247 ,
1320 3156 1493 3238 fontis
1529 3194 1583 3238 et
1614 3184 1861 3253 originis.
1894 3184 1999 3238 Sed
2028 3151 2069 3209 Ο

426 3288 490 3325 ea
516 3270 769 3352 Rufinus,
786 3274 913 3341 quia
937 3289 1032 3329 sua
1057 3285 1217 3329 aetate
1251 3275 1425 3329 minus
1448 3274 1754 3344 placebant,
1779 3278 2002 3345 quibus-

426 3363 549 3417 dam
599 3364 833 3430 additis,
884 3367 1205 3435 quibusdam
1253 3367 1512 3431 resectis,
1563 3368 1636 3421 ita
1689 3376 1744 3422 et
1790 3368 1842 3422 in
1898 3370 2000 3423 hac

425 3457 684 3528 Apologia
704 3500 719 3523 ,
745 3471 798 3516 et
822 3462 876 3515 in
910 3460 1050 3514 libro
1080 3476 1095 3515 ι
1122 3460 1264 3533 Περὶ
1288 3458 1490 3530 ἀρχῶν
1515 3460 1774 3517 emollivit
1805 3477 1818 3513 :
1844 3481 1862 3513 ‹
1898 3462 1999 3517 Ar-

430 3547 603 3603 bitror
627 3549 791 3618 igitur
819 3551 1189 3621 Operationem
1218 3551 1433 3620 quidem
1466 3566 1584 3606 esse
1610 3551 1788 3608 Patris
1818 3562 1871 3607 et
1903 3552 1995 3607 Fi—

423 3640 481 3694 lii
515 3652 620 3695 tam
651 3642 705 3695 in
737 3643 941 3698 sanctis
964 3658 1124 3713 quam
1150 3643 1201 3696 in
1232 3644 1646 3716 peccatoribus;
1674 3646 1727 3700 in
1758 3646 1995 3699 rationa-

427 3732 627 3801 bilibus
654 3733 964 3789 hominibus
986 3776 1002 3801 ,
1036 3744 1091 3789 et
1122 3735 1175 3789 in
1213 3737 1376 3791 mutis
1409 3736 1771 3801 animalibus;
1802 3738 1895 3792 sed
1940 3745 1995 3790 et

422 3825 476 3877 in
522 3825 605 3879 his
643 3840 766 3895 quae
816 3826 1065 3879 exanima
1098 3834 1263 3892 sunt,
1290 3835 1346 3880 et
1389 3827 1442 3880 in
1487 3827 1741 3883 omnibus
1771 3828 1991 3883 omnino

418 3934 541 3984 quia
565 3927 726 3972 sunt:
752 3918 1121 3985 operationem
1155 3932 1285 3971 vero
1316 3918 1551 3988 Spiritus
1585 3920 1757 3973 sancti
1788 3936 1993 3989 nequa-

418 4025 579 4078 quam
611 4024 831 4071 prorsus
868 4009 1105 4063 incidere
1134 4009 1217 4063 vel
1250 4009 1301 4062 in
1329 4024 1392 4064 ea
1424 4026 1543 4079 quae
1564 4010 1813 4066 exanima
1840 4022 1986 4077 sunt,

416 4100 502 4155 vel
531 4101 582 4155 in
625 4115 687 4155 ea
719 4116 839 4171 quae
875 4101 1170 4156 animantia
1210 4102 1431 4170 quidem
1461 4142 1476 4168 ,
1506 4104 1598 4157 sed
1647 4114 1793 4165 muta
1824 4116 1984 4159 sunt:

415 4194 510 4253 sed
535 4209 601 4248 ne
636 4194 687 4247 in
720 4194 824 4249 illis
850 4195 1067 4264 quidem
1107 4194 1339 4250 inveniri
1368 4197 1461 4263 qui
1490 4197 1838 4252 rationabiles
1861 4198 1985 4266 qui-

414 4289 534 4341 dem
587 4295 746 4349 sunt,
796 4286 889 4343 sed
936 4286 989 4342 in
1026 4286 1229 4340 malitia
1274 4286 1478 4355 positi,
1518 4302 1623 4342 nec
1662 4288 1883 4342 omnino
1918 4290 1984 4344 ad

413 4372 638 4426 meliora
672 4374 944 4428 conversi.
984 4373 1040 4428 ln
1077 4373 1182 4428 illis
1218 4386 1395 4430 autem
1428 4376 1555 4431 solis
1600 4378 1837 4431 arbitror
1864 4394 1984 4433 esse

2116 1900 2335 1955 infamia
2372 1899 2668 1953 vindicaret
2688 1900 2711 1952 τ
2735 1900 2871 1954 Ecce
2910 1914 3004 1955 vos
3027 1899 3328 1954 emendatis
3354 1900 3407 1953 in
3435 1898 3672 1969 Origenis

2112 1988 2267 2044 libris
2296 1989 2437 2058 quod
2486 1988 2574 2041 ille
2623 2002 2729 2042 non
2761 1988 3018 2058 scripsit;
3062 1997 3115 2042 et
3148 1987 3419 2043 miramini
3464 1989 3508 2042 si
3555 1992 3673 2045 edat

2111 2079 2305 2149 aliquis
2335 2079 2556 2145 librum,
2586 2095 2747 2150 quem
2795 2079 2885 2135 ille
2921 2095 3027 2136 non
3074 2080 3280 2135 edidit?
3307 2081 3415 2136 Vos
3452 2081 3506 2135 in
3534 2082 3674 2137 edito

2110 2187 2275 2241 opere
2307 2174 2529 2244 potestis
2565 2172 2852 2244 redargui:
2890 2172 2980 2228 ille
3009 2172 3100 2241 qui
3134 2172 3271 2227 nihil
3318 2172 3461 2228 aliud
3490 2174 3672 2240 edidit,

2110 2262 2323 2318 facilius
2349 2271 2493 2332 patet
2542 2264 2847 2318 calumniae.
2892 2262 3028 2318 Date
3056 2263 3332 2331 quodlibet
3362 2264 3507 2319 aliud
3543 2250 3675 2335 opus

2110 2355 2397 2427 Pamphili.
2427 2354 2699 2426 Nusquam
2728 2356 3033 2425 reperietis.
3064 2354 3176 2411 Hoc
3206 2372 3372 2411 unum
3393 2368 3496 2412 est.
3525 2356 3677 2412 Unde

2109 2446 2273 2516 igitur
2304 2446 2495 2511 sciam,
2520 2449 2662 2516 quod
2693 2446 2954 2517 Pamphili
2983 2448 3099 2503 sit?
3140 2446 3402 2503 Videlicet
3430 2448 3598 2520 stylus
3620 2457 3673 2502 et

2107 2538 2277 2608 saliva
2305 2540 2504 2594 docere
2552 2553 2637 2593 me
2674 2539 2917 2607 poterit?
2947 2539 3229 2610 Nunquam
3276 2541 3496 2596 credam
3533 2544 3675 2610 quod

2105 2630 2297 2686 doctus
2321 2632 2406 2686 vir
2444 2631 2648 2701 primos
2682 2631 2881 2701 ingenii
2925 2631 3005 2686 sui
3052 2631 3261 2686 fructus
3290 2633 3675 2701 quaestionibus

2106 2732 2159 2777 et
2183 2720 2417 2776 infamiae
2445 2721 2746 2776 dedicarit.
2781 2760 2797 2777 .
2831 2763 2843 2778 .
2877 2722 3049 2779 Unum
3092 2738 3231 2777 nunc
3260 2723 3559 2793 proferam,
3585 2725 3675 2782 cui

2108 2815 2484 2881 contradicere
2508 2814 2591 2869 vel
2639 2814 2790 2869 stulti
2824 2816 2896 2869 sit
2921 2853 2936 2880 ,
2962 2814 3048 2870 vel
3083 2815 3434 2886 impudentis.
3469 2814 3577 2873 Sex
3605 2816 3676 2872 li-

2103 2906 2325 2960 brorum
2357 2906 2573 2961 Eusebii
2612 2922 2775 2977 super
2816 2905 3061 2978 Origenis
3110 2907 3425 2977 Defensione
3471 2910 3678 2980 princi-

2103 2999 2250 3077 pium
2286 3013 2456 3069 usque
2509 2999 2576 3053 ad
2630 2998 2775 3055 inille
2798 3013 2987 3056 versus
3033 2999 3169 3057 liber
3222 3001 3344 3065 iste,
3380 3003 3473 3072 qui
3511 3001 3676 3057 Pam-

2103 3089 2232 3158 phili
2283 3077 2517 3157 dicitur,
2575 3092 2854 3155 continet,
2901 3101 2957 3146 et
3004 3092 3057 3147 in
3109 3092 3332 3163 reliquis
3374 3094 3676 3167 (versibus)

2104 3182 2341 3250 scriptor
2366 3183 2603 3252 ejusdem
2639 3185 2819 3253 operis
2862 3184 3066 3255 profert
3096 3186 3402 3241 testimonia
3424 3227 3440 3253 ,
3475 3190 3679 3256 quibus

2104 3273 2294 3327 nititur
2322 3277 2621 3344 approbare
2654 3276 2949 3345 Origenem
2977 3276 3148 3349 fuisse
3180 3277 3535 3334 catholicum.
3572 3280 3679 3334 Eu-

2101 3364 2283 3420 sebius
2314 3378 2370 3421 et
2410 3365 2725 3438 Pamphilus
2760 3378 2965 3422 tantam
3003 3368 3145 3423 inter
3176 3384 3237 3426 se
3265 3370 3509 3427 habuere
3537 3387 3679 3426 con-

2100 3455 2367 3522 cordiam,
2405 3468 2462 3511 ut
2490 3449 2647 3514 unius
2674 3459 2867 3514 animae
2892 3460 3140 3516 homines
3167 3469 3346 3531 putes,
3380 3471 3435 3517 et
3468 3464 3538 3517 ab
3565 3478 3680 3517 uno

2100 3546 2235 3601 alter
2284 3563 2477 3603 nomen
2528 3551 2822 3620 acceperit.
2862 3550 3143 3618 Quomodo
3200 3553 3371 3622 igitur
3416 3554 3566 3609 inter
3617 3570 3681 3609 se

2097 3641 2388 3696 dissentire
2420 3650 2729 3713 potuerunt,
2766 3652 2823 3696 ut
2855 3643 3118 3698 Eusebius
3151 3644 3206 3699 in
3232 3654 3344 3700 toto
3371 3659 3540 3716 opere
3575 3662 3681 3705 suo

2096 3729 2385 3801 Origenem
2426 3731 2612 3785 Ariani
2660 3734 2851 3803 probet
2901 3734 3207 3803 dogmatis,
3250 3745 3305 3791 et
3347 3735 3681 3805 Pamphilus

2095 3821 2326 3877 Nicaenae
2353 3823 2538 3892 synodi
2568 3864 2583 3889 ,
2620 3816 2739 3891 qna:
2766 3824 2868 3878 fuit
2907 3835 3093 3895 postea
3122 3866 3138 3891 ,
3175 3827 3520 3883 defensorem
3539 3829 3566 3883 ἲ
3594 3829 3678 3884 Ex

2094 3930 2202 3985 quo
2230 3916 2533 3970 ostenditur
2563 3916 2646 3969 vel
2692 3916 2941 3988 Didymi,
2979 3917 3063 3971 vel
3115 3917 3406 3985 cujuslibet
3439 3920 3681 3975 alterius

2093 4020 2213 4060 esse
2240 4009 2583 4075 opusculum,
2601 4009 2689 4076 qui
2712 4022 2807 4081 sex
2832 3994 3087 4063 librarum
3111 4009 3287 4077 capite
3313 4009 3678 4078 detruncato,

2089 4113 2284 4156 caetera
2316 4100 2559 4154 membra
2595 4101 2835 4171 sociarit.
2870 4120 2889 4153 ι
2930 4100 3129 4156 Verum
3160 4100 3264 4156 sibi
3312 4118 3418 4156 non
3449 4113 3684 4157 constat

2088 4192 2463 4262 Hieronymus.
2491 4190 2622 4245 Nam
2658 4191 2987 4245 contrarium
3012 4192 3236 4247 omnino
3264 4195 3460 4249 statuit
3495 4194 3605 4249 lib'.
3635 4211 3680 4250 ιι

2088 4284 2335 4338 adversus
2383 4282 2650 4351 Ruﬁnum,
2706 4282 2796 4337 ubi
2855 4291 3085 4337 testatur
3138 4284 3373 4354 primum
3424 4286 3684 4350 Eusebii

2087 4380 2284 4433 librum
2334 4380 2524 4433 eadem
2561 4386 2613 4432 et
2643 4377 2831 4432 iisdem
2873 4376 3055 4432 verbis
3093 4378 3377 4433 continere
3407 4394 3531 4449 quae
3569 4381 3683 4435 sub

409 4477 544 4532 opus
570 4463 805 4533 Spiritus
835 4468 1035 4528 sancti,
1066 4470 1157 4535 qui
1180 4466 1293 4537 jam
1323 4482 1381 4521 se
1406 4468 1471 4521 ad
1502 4469 1725 4523 meliora
1754 4485 1982 4524 conver-
2012 4509 2060 4566 Β
2089 4471 2308 4526 nomine
2346 4469 2611 4538 Pamphili
2649 4483 2677 4521 a
2712 4467 2907 4524 Rufino
2941 4470 3083 4524 edita
3118 4479 3278 4536 sunt,
3307 4481 3363 4525 et
3402 4470 3684 4525 Rufinum

415 4566 550 4617 tunt,
584 4566 639 4610 et
669 4572 766 4625 per
794 4558 909 4611 vias
937 4556 1063 4612 .lesu
1094 4558 1299 4619 Christi
1327 4560 1605 4623 incedunt,
1645 4561 1696 4615 id
1735 4569 1818 4616 est
1839 4604 1853 4627 ,
1887 4564 1977 4631 qui

410 4657 533 4701 sunt
560 4648 611 4700 in
646 4650 796 4703 novis
828 4651 1038 4704 actibus
1070 4650 1379 4719 incedentes
1405 4691 1420 4716 ,
1445 4663 1499 4716 et
1544 4654 1597 4704 in
1630 4652 1740 4707 Deo
1765 4667 1981 4722 perma-

411 4747 622 4791 nentes.
660 4757 679 4788 ι
714 4736 814 4791 Vix
841 4739 1061 4794 dubium
1091 4751 1175 4796 est
1204 4742 1332 4810 quin
1366 4744 1431 4795 ad
1480 4743 1620 4815 hunc
1640 4751 1978 4819 contextum,

358 4852 361 4855 <
409 4835 464 4879 et
511 4828 577 4881 ad
625 4843 826 4896 paucos
863 4834 1126 4899 quosdam
1170 4832 1405 4887 fortasse
1440 4833 1646 4887 similes
1685 4834 1980 4889 attenderit

408 4915 770 4988 Hieronymus
795 4962 810 4985 ,
847 4936 968 4975 cum
1003 4923 1081 4978 ait
1130 4924 1380 4978 Rufinum
1411 4924 1699 4999 plerasque
1731 4924 1978 5001 blasphe-

407 5002 570 5067 mias,
607 5020 728 5073 quae
775 5009 839 5063 de
893 5010 1031 5066 Filio
1078 5022 1133 5066 et
1175 5014 1375 5081 Spiritu
1419 5025 1606 5069 sancto
1658 5016 1709 5068 in
1759 5006 1975 5085 Eusebii

411 5101 557 5146 textu
590 5100 995 5166 comparebant,
1022 5101 1340 5167 detraxisse,
1376 5112 1431 5158 et
1466 5106 1517 5157 in
1543 5105 1737 5177 bonam
1767 5117 1973 5174 partem

406 5195 791 5240 commutasse.
823 5187 1071 5245 Forsitan
1109 5193 1257 5249 dicas
1289 5196 1404 5249 ﬁeri
1450 5212 1607 5265 posse
1635 5207 1689 5250 ut
1718 5196 1972 5266 Pamphi-

407 5274 490 5327 lus
516 5283 572 5327 et
602 5274 891 5343 Eusebius,
926 5283 1165 5337 nomium
1214 5286 1601 5354 quaestionibus
1653 5288 1721 5342 de
1751 5287 1888 5343 Filio
1922 5298 1975 5343 et

406 5366 612 5435 Spiritu
641 5379 830 5422 sancto
864 5381 1143 5441 tantopere
1174 5393 1269 5430 sua
1300 5388 1459 5432 :etate
1486 5380 1704 5448 agitatis
1728 5420 1742 5445 ,
1772 5380 1971 5435 clario-

404 5472 494 5511 res
513 5462 989 5531 expressioresque
1017 5464 1268 5536 Origenis
1296 5469 1363 5523 de
1387 5469 1654 5525 Trinitatc
1689 5481 1971 5528 contextus

403 5563 509 5601 non
543 5553 898 5621 extraxerint,
936 5570 1164 5624 quorum
1202 5561 1321 5615 loco
1347 5563 1481 5616 alios
1507 5566 1822 5631 expressius
1845 5582 1969 5622 con-

403 5640 912 5700 substantialitatem
942 5650 1230 5717 probantes
1253 5652 1480 5708 Ruﬁnus
1510 5653 1648 5709 forte
1672 5657 1969 5713 substitue-

407 5727 494 5793 tit,
519 5728 694 5801 Atque
725 5733 776 5788 id
814 5737 1028 5819 quidem
1076 5743 1317 5815 indicare
1357 5744 1569 5800 videtur
1604 5744 1967 5818 Hieronymus

2084 4579 2276 4619 sensus
2322 4565 2583 4618 duntaxat
2620 4565 2688 4619 de
2728 4565 2865 4619 Filio
2911 4576 2964 4620 et
3005 4563 3212 4634 Spiritu
3244 4564 3686 4618 sanctoimmu-

2084 4669 2230 4710 tasse
2285 4670 2381 4710 seu
2428 4657 2796 4726 pervertisse,
2828 4656 2919 4726 qui
2969 4664 3211 4724 apertam
3260 4653 3685 4724 blasphemiam

2080 4742 2459 4812 praeferebant.
2492 4764 2509 4796 ι
2551 4743 2947 4815 Perspicueque
2985 4764 3004 4796 ι
3054 4744 3423 4814 deprehendi,
3457 4745 3687 4817 inquit,

2085 4835 2277 4907 (quod
2336 4836 2543 4905 primus
2580 4836 2717 4890 liber
2752 4851 2844 4890 sex
2888 4836 3222 4890 voluminum
3269 4834 3493 4890 Eusebii
3552 4834 3688 4907 ipse

2078 4936 2243 4990 esset,
2264 4929 2353 4997 qui
2382 4943 2521 4981 unus
2542 4929 2641 4983 sub
2668 4929 2881 4983 nomine
2922 4926 3186 4998 Pamphili
3217 4943 3248 4981 a
3281 4937 3334 4983 te
3361 4928 3552 4983 editus
3590 4938 3690 4985 est

2081 5026 2188 5070 tam
2222 5016 2410 5073 Graece
2442 5034 2603 5088 quam
2648 5017 2857 5085 Latine,
2893 5018 3196 5072 immutatis
3228 5019 3500 5073 duntaxat
3540 5035 3690 5075 sen-

2079 5111 2230 5166 sihus
2262 5112 2329 5165 de
2363 5110 2499 5165 Filio
2531 5122 2586 5165 et
2625 5110 2829 5182 Spiritu
2863 5120 3073 5175 sancto,
3118 5110 3209 5180 qui
3252 5120 3499 5181 apertam
3552 5113 3691 5167 bla-

2076 5202 2763 5272 sphemiam,prazferebant
2782 5239 2799 5255 .
2820 5244 2833 5257 .
2859 5242 2873 5256 .
2904 5200 2969 5255 Et
2993 5217 3112 5256 cum
3142 5202 3353 5272 primus
3381 5201 3527 5258 liber
3570 5220 3687 5258 sex

2074 5295 2408 5349 voluminum
2451 5293 2593 5348 illius
2619 5292 2879 5364 (Eusebii)
2926 5295 3115 5347 eadem
3150 5303 3205 5348 et
3246 5295 3445 5349 iisdem
3474 5297 3689 5351 verbis

2075 5384 2347 5438 contineat
2373 5398 2493 5452 quae
2518 5382 2616 5438 sub
2663 5385 2885 5439 nomine
2919 5382 3184 5454 Pamphili
3219 5399 3251 5437 a
3284 5394 3338 5439 te
3366 5385 3496 5439 ticta
3536 5397 3689 5441 sunt

2077 5518 2090 5530 .
2125 5514 2139 5529 .
2174 5515 2187 5528 .
2216 5491 2446 5546 cumque
2481 5475 2546 5530 de
2592 5476 2694 5530 hoc
2724 5476 2840 5545 ipso
2872 5474 3045 5540 libro,
3079 5489 3242 5545 quem
3273 5475 3563 5547 Pamphili
3596 5480 3688 5532 si-

2072 5564 2271 5629 mulas,
2295 5564 2465 5618 multa
2497 5565 2849 5634 perverteris,
2882 5574 2938 5619 et
2965 5564 3126 5620 aliter
3156 5565 3210 5619 in
3238 5563 3459 5631 Caeco,
3492 5567 3686 5623 aliter

2070 5658 2123 5727 in
2154 5656 2349 5712 Latino
2378 5657 2487 5721 sit,
2528 5674 2547 5707 ι
2581 5666 2685 5711 etc.
2732 5655 2938 5711 Sensus
2970 5658 3240 5711 duntaxat
3279 5657 3359 5712 ait
3390 5658 3683 5713 Rufinum

2072 5748 2417 5830 pervertisse,
2448 5747 2705 5810 nimirum
2740 5748 2960 5806 verbula
2987 5750 3267 5835 quaedam,
3300 5764 3428 5823 quae
3459 5751 3684 5807 Hiero—
