3880 6212
268 298 379 356 5‘65

1222 299 1567 356 AI’OLOGIA
1607 299 1741 356 PRO
1779 301 2099 356 ORIGENE.
2145 331 2210 338 υ-
2248 299 2583 355 MONITUM.

3424 303 3526 356 55f

274 436 471 490 nymus
506 418 556 471 in
601 416 794 470 malam
844 427 1051 484 partem
1088 419 1361 482 trahebat,
1392 419 1715 488 quibusdam
1749 421 1843 472 ad-
1877 426 1918 479 Α
1952 418 2137 481 nolim,
2176 417 2317 487 quod
2368 427 2492 471 ante
2523 427 2571 471 et
2615 424 2733 484 post
2768 415 3054 468 concilium
3109 416 3378 470 Nica'uum
3436 436 3527 474 ca~

272 511 401 565 ditis
422 549 437 572 ,
476 506 797 576 quibusdam
837 509 1062 561 resectis
1085 548 1099 571 ,
1130 508 1195 561 ad
1238 510 1431 564 bonam
1466 513 1801 565 convertisse
1829 528 1842 575 ;

275 616 383 653 non
416 600 654 666 integros
687 605 975 651 contextus
1012 599 1353 654 subtraxisse
1384 609 1437 653 et
1478 601 1613 655 alios
1642 602 1841 655 substi-

274 694 463 748 tuisse.
495 692 558 744 Et
587 692 724 745 hanc
758 705 882 747 esse
905 692 1220 763 llicronymi
1255 705 1487 751 mentem
1521 696 1844 767 intelligitur

273 800 343 838 ex
378 785 469 837 lih.
501 799 557 838 Ill
594 786 845 837 adversus
883 784 1152 853 Ruﬁnum,
1189 786 1277 841 ubi
1311 788 1386 841 ait
1414 788 1495 843 vel
1535 789 1842 859 Didymum,

271 874 360 930 vel
396 873 670 938 Ruﬁnum,
707 873 790 929 vel
820 875 984 928 alium
1020 876 1201 930 nescio
1224 892 1383 946 quem
1420 880 1471 932 in
1497 878 1692 932 bonam
1724 896 1845 949 par-

278 975 384 1017 tem
410 972 518 1017 tam
547 962 733 1017 Grazce
762 978 924 1032 quam
954 962 1144 1017 Latine
1180 964 1462 1035 plerasque
1485 966 1847 1035 blasphemias

274 1064 675 1119 commutasse,
710 1070 831 1125 qute
881 1055 934 1109 in
984 1055 1203 1110 Eusebii
1240 1065 1389 1111 textu
1437 1062 1841 1128 comparebant.

272 1148 429 1213 Quod
477 1161 580 1200 non
626 1146 770 1200 aliud
816 1146 1091 1216 signiﬁcat
1148 1162 1308 1218 quam
1359 1165 1480 1219 qua:
1531 1150 1845 1222 blaSphema

274 1240 605 1311 Hieronymo
630 1240 973 1304 videbantur,
1000 1239 1116 1295 solo
1144 1242 1431 1296 verborum
1456 1258 1615 1296 sensu
1651 1246 1847 1298 immu-

274 1342 409 1396 tato,
453 1333 519 1384 ad
564 1331 896 1386 catholicum
930 1346 1148 1385 sensum
1176 1333 1489 1390 adduxisse.
1536 1336 1668 1390 Rem
1699 1339 1843 1392 enim

273 1423 507 1492 aliquam
560 1424 611 1477 in
654 1423 847 1478 bonam
893 1436 1101 1493 partem
1137 1437 1507 1492 commutare,
1554 1440 1636 1484 est
1674 1431 1842 1500 ipsam

272 1517 625 1585 eamdemque
664 1531 796 1580 rem,
826 1532 945 1586 quae
988 1518 1125 1571 mala
1159 1518 1239 1572 vel
1268 1529 1406 1585 erat,
1444 1521 1523 1577 vel
1550 1537 1667 1575 esse
1699 1523 1845 1585 vide-

274 1610 458 1670 batur,
483 1610 547 1661 ad
573 1609 772 1663 bonum
806 1621 1148 1665 convertere.
1178 1609 1281 1665 Res
1311 1611 1497 1666 eadem
1524 1626 1803 1682 permanet
1828 1633 1842 1681 ;

271 1710 445 1754 status
471 1702 546 1755 rei
580 1717 684 1755 non
719 1701 883 1755 idem.

1958 512 2153 566 tholice
2188 512 2389 564 dictum
2424 519 2544 575 est;
2583 510 2726 577 quod
2764 509 3095 577 Theophilus
3129 510 3523 575 Antiocheuus,

1954 605 2096 670 quod
2131 600 2405 669 Justinus,
2452 602 2594 671 quod
2630 601 2884 664 lrenacus,
2925 602 3065 669 quod
3114 600 3419 657 Orientales
3468 605 3523 657 in

1954 698 2205 766 exemplo
2253 697 2373 750 ﬁdei
2429 705 2614 749 contra
2648 694 2964 759 Pltotinum,
2998 696 3251 764 quodque
3286 695 3525 749 llilarius

1954 803 2007 845 et
2030 790 2359 845 Athanasius
2388 789 2604 842 Ariame
2637 789 2859 842 haeresis
2895 788 3149 841 acerrimi
3180 788 3526 859 impugnatu-

1958 899 2065 946 res,
2099 897 2163 935 eo
2188 896 2350 935 sensu
2382 895 2489 949 quo
2517 879 2804 948 Origenes,
2830 878 3101 942 dixerunt,
3129 886 3187 931 ut
3218 877 3354 932 infra
3378 879 3527 933 vide-

1955 975 2131 1027 bimus
2161 975 2212 1025 iu
2246 972 2559 1039 Origeuiau.
2592 970 2687 1024 lib.
2723 986 2783 1037 υ,
2811 985 2929 1040 cap.
2980 970 3037 1032 9.,
3068 979 3260 1038 quast.
3286 969 3341 1034 2,
3376 986 3523 1024 num.

1956 1068 2043 1122 Η.
2068 1066 2219 1132 Quod
2252 1074 2430 1117 autem
2453 1064 2529 1116 ait
2560 1063 2942 1133 Hieronymus,
2968 1062 3233 1132 Spiritum
3278 1074 3525 1119 sanctum

1956 1159 2008 1211 iu
2033 1173 2097 1211 eo
2137 1156 2412 1209 volumine
2446 1170 2551 1209 non
2592 1155 2658 1208 dc
2696 1155 2888 1208 eadem
2917 1152 3100 1207 Patris
3139 1152 3369 1224 Filiique
3400 1156 3528 1209 sub-

1953 1250 2146 1307 stantia
2173 1247 2301 1309 dici,
2329 1248 2380 1300 id
2411 1261 2672 1315 nusquam
2713 1244 2871 1298 hodie
2904 1244 3190 1312 reperitur,
3223 1259 3320 1299 nec
3350 1254 3526 1298 tamen

1954 1338 2077 1393 inde
2123 1338 2552 1393 concludendum
2616 1352 2759 1397 reor,
2812 1337 3269 1405 quemadmodum
3304 1336 3528 1406 conjicit

1957 1429 2179 1483 Huetius
2209 1430 2309 1499 (5),
2335 1445 2405 1493 ea
2444 1428 2612 1484 fuisse
2646 1444 2673 1480 a
2722 1426 2917 1481 Rufino
2947 1444 3122 1495 erasa,
3158 1444 3267 1497 quo
3312 1445 3525 1484 omnem

1953 1521 2199 1590 quaarela:
2223 1535 2410 1575 ansam
2442 1520 2782 1591 praeciderat.
2819 1518 3067 1588 Nunquid
3100 1520 3244 1573 enim
3278 1519 3524 1582 Ruﬁnus,

1952 1614 2043 1682 qui
2101 1614 2153 1668 in
2194 1612 2283 1667 illo
2332 1613 2447 1682 ipso
2496 1613 2635 1667 libro
2681 1611 2930 1681 religiose
2978 1611 3283 1679 prolitetur,
3320 1627 3341 1662 ε
3383 1613 3527 1678 quod

1954 1715 2137 1761 sancta
2193 1705 2432 1760 Trinitas
2478 1716 2752 1760 coaeterna
2821 1704 2913 1767 sit,
2964 1712 3018 1757 et
3081 1704 3242 1756 unius
3296 1711 3525 1764 naturae,

348 1791 456 1845 VII.
490 1792 593 1845 Sed
626 1794 854 1846 necdum
882 1792 964 1847 his
994 1802 1284 1848 contentus
1314 1810 1433 1864 qua:
1459 1812 1619 1865 supra
1647 1797 1847 1866 objecit
1882 1791 1921 1844 Β
1949 1798 2215 1865 uniusque
2252 1797 2471 1851 virtutis
2493 1807 2545 1851 et
2577 1796 2928 1861 substantia',
2980 1813 2997 1845 ι
3048 1803 3209 1861 atque
3240 1792 3397 1847 aliter
3432 1794 3527 1847 do-

274 1883 636 1955 Hieronymus
688 1885 753 1938 ad
805 1885 1111 1955 Apologiam
1169 1887 1311 1941 hanc
1366 1899 1555 1943 sancto
1619 1896 1846 1961 martyri

272 1973 555 2043 Pamphilo
573 1976 1004 2045 abjudicandam,
1028 1978 1222 2031 iterum
1258 1979 1427 2034 instat
1449 1980 1542 2035 lib.
1570 1997 1606 2035 ιι
1639 1984 1844 2037 advers.

272 2067 525 2137 Ruﬁnum
576 2072 660 2126 ltis
698 2072 919 2125 verbis:
962 2088 979 2122 ι
1018 2071 1277 2137 Quamvis
1322 2074 1388 2127 de
1435 2073 1654 2129 Eusebii
1706 2075 1848 2131 libro

277 2162 445 2214 nudta
481 2164 834 2227 subtraxerit,
869 2172 923 2216 et
960 2163 1013 2216 in
1047 2164 1245 2216 bonam
1274 2173 1482 2231 partem
1520 2164 1584 2218 de
1616 2163 1756 2220 Filio
1796 2175 1851 2220 et

275 2256 344 2306 de
376 2253 577 2322 Spiritu
604 2264 794 2309 sancto
819 2256 967 2309 uisus
998 2254 1069 2309 sit
1099 2266 1455 2321 commutare,
1478 2265 1655 2311 tamen
1683 2257 1849 2313 multa

273 2345 329 2397 iu
370 2346 461 2399 illo
489 2346 743 2401 scandala
777 2346 1121 2415 reperiuntur
1145 2356 1199 2403 et
1230 2350 1582 2418 apertissima:
1602 2349 1851 2419 blasphe-

279 2438 423 2501 miae,
460 2453 579 2506 quae
630 2436 733 2492 iste
782 2453 881 2492 sua
933 2456 1133 2510 negare
1184 2457 1290 2495 non
1328 2443 1550 2511 poterit,
1582 2443 1848 2497 catholica

277 2544 402 2583 esse
448 2530 828 2598 pronuntians.
880 2529 1022 2584 Dicit
1058 2532 1338 2598 Eusebius,
1378 2532 1507 2596 imo,
1555 2544 1611 2587 ut
1657 2542 1710 2586 tu
1743 2533 1848 2596 vis,

276 2621 591 2690 Pamphilus
651 2622 701 2675 in
756 2623 860 2678 isto
902 2624 1174 2679 volumine
1223 2624 1418 2679 Filium
1463 2625 1643 2681 Patris
1687 2628 1849 2681 mini-

275 2723 487 2781 strum;
519 2713 783 2783 Spiritum
823 2727 1071 2770 sanctum
1097 2731 1200 2771 non
1228 2718 1294 2771 de
1328 2718 1519 2773 eadem
1551 2716 1726 2773 Patris
1756 2717 1847 2772 Fi-

277 2806 445 2874 liique
481 2807 817 2874 substantia;
852 2811 1064 2865 animas
1094 2810 1371 2865 hominum
1419 2809 1596 2879 lapsas
1636 2825 1757 2865 esse
1783 2812 1849 2865 de

274 2899 439 2963 celo,
463 2910 516 2954 et
544 2902 596 2954 in
628 2902 727 2955 hoc
760 2904 903 2970 quod
944 2918 1134 2958 sumus
1178 2902 1246 2957 de
1276 2902 1481 2973 angelis
1507 2903 1847 2968 commutati,

273 2992 329 3045 in
357 2992 695 3048 restitutione
717 2995 959 3048 omnium
982 2995 1217 3064 aaquales
1237 3004 1291 3050 et
1313 2996 1553 3065 angelos,
1584 3006 1638 3051 et
1654 2996 1851 3051 (133ωο-

276 3099 397 3150 nes,
429 3094 484 3139 et
514 3086 763 3141 homines
795 3087 933 3152 fore,
964 3098 1018 3141 et
1050 3088 1154 3142 alia
1182 3098 1288 3142 tam
1338 3088 1502 3156 impia
1536 3096 1589 3142 et
1621 3087 1846 3153 nefaria,

1950 1894 2091 1948 centi
2126 1893 2411 1946 anathema
2434 1889 2737 1951 denuntiat,
2772 1888 2905 1941 adeo
2928 1885 3176 1955 stupidus
3197 1899 3318 1940 esse
3352 1885 3529 1954 pOtuit

1952 1998 2010 2041 ut
2049 1996 2161 2040 tam
2205 1985 2434 2055 spissam
2485 1981 2876 2052 blasphemiam
2925 1978 2977 2031 in
3014 1994 3109 2032 sua
3160 1976 3523 2031 translatione

1951 2088 2197 2149 poneret,
2248 2087 2303 2132 et
2355 2078 2558 2146 absque
2588 2074 2853 2129 monitore
2896 2070 3226 2141 Hieronymo
3258 2087 3363 2126 non
3412 2070 3527 2127 ani-

1952 2170 2357 2226 madverteret?
2396 2168 2620 2232 Deinde,
2660 2168 2705 2222 si
2744 2181 2864 2221 eam
2897 2180 2927 2219 e
2960 2165 3237 2220 codicibus
3271 2165 3385 2219 suis
3426 2179 3525 2219 ex—

1951 2259 2159 2326 punxit,
2178 2258 2321 2311 unde
2346 2256 2508 2326 igitur
2530 2255 2712 2311 evenit
2725 2265 2783 2309 ut
2801 2254 3002 2308 nullum
3020 2254 3136 2323 ejus
3153 2254 3334 2323 operis
3351 2268 3529 2308 exem-

1951 2349 2242 2418 plarhodie
2266 2358 2461 2412 exstet,
2486 2348 2539 2401 in
2563 2362 2672 2417 quo
2703 2344 3037 2414 blasphemia
3071 2345 3159 2399 illa
3193 2346 3529 2413 reperiatur?
3559 2338 3574 2355 ⁸

1951 2440 2084 2494 Nam
2104 2440 2261 2510 longe
2288 2440 2502 2508 lateque
2527 2438 2771 2506 dispersa
2800 2436 3016 2492 fuerant
3053 2438 3353 2492 Ruﬁniauze
3393 2453 3522 2491 ver-

1950 2532 2118 2588 sionis
2159 2531 2507 2596 exetuplaria,
2540 2540 2830 2599 antequam
2861 2529 2987 2583 illud
3031 2528 3295 2598 obiiceret
3324 2516 3518 2585 Hiero-

1952 2638 2168 2693 nymus.
2188 2621 2325 2676 Num
2343 2621 2643 2677 verisimile
2673 2629 2756 2675 est
2777 2619 3026 2675 Rufinum
3063 2622 3301 2691 potuisse
3325 2636 3516 2676 omnes

1952 2715 2074 2769 illos
2105 2715 2312 2784 priores
2335 2715 2555 2769 codices
2585 2715 2699 2770 sive
2725 2716 3087 2785 supprimere,
3124 2715 3241 2769 sive
3271 2719 3527 2769 emenda-

1952 2810 2050 2864 re?
2083 2828 2100 2859 ι
2139 2808 2276 2874 Quid
2314 2809 2478 2876 igitur
2501 2807 2829 2863 dicendum?
2858 2806 2959 2861 Det
2985 2808 3115 2861 mihi
3145 2807 3314 2861 lector
3338 2823 3524 2876 aequus

1950 2886 2290 2969 conjectaudi
2318 2904 2554 2966 veniam,
2582 2901 2757 2970 inquit
2798 2899 2988 2955 Bullus
3017 2898 3346 2966 Defensionir
3398 2899 3523 2968 ﬁdei

1955 2991 2188 3046 Nicwnw
2237 2996 2301 3047 de
2350 2990 2480 3046 Filii
2526 2990 2607 3057 τῷ
2636 2992 2938 3062 ὀμοουσ-ίῳ
2979 3009 3102 3062 cap.
3139 2993 3195 3055 9,
3242 3008 3388 3046 num.
3430 2994 3523 3047 21.

1954 3085 2267 3154 Pamphilus
2298 3100 2467 3154 prope
2510 3085 2673 3140 tinem
2718 3086 2987 3155 Apologia:
3024 3102 3052 3139 a
3092 3086 3287 3141 Rufino
3330 3101 3520 3152 versae,

273 3192 398 3247 qua
426 3180 591 3232 etiam
632 3181 897 3250 replicare
926 3181 997 3235 sit
1028 3180 1296 3235 criminis.
1339 3200 1357 3231 ι
1393 3180 1703 3235 Yerumhic
1727 3197 1849 3235 san-
1878 3164 1919 3222 (ἶ
1954 3174 2206 3245 Origenis
2251 3192 2493 3230 errorem
2527 3177 2594 3231 de
2631 3177 2933 3231 animarum
2964 3176 3304 3248 προϋπάρξει
3349 3175 3525 3232 defen-

273 3279 397 3324 ctus
442 3269 633 3324 doctor
679 3271 779 3326 sibi
833 3272 932 3342 ipsi
989 3282 1176 3339 aperte
1236 3273 1573 3326 adversatur.
1614 3272 1848 3327 Tantum

275 3361 423 3414 enim
453 3363 608 3416 abest
647 3375 703 3417 ut
731 3362 965 3432 aliquem
991 3365 1056 3418 de
1100 3362 1368 3418 Trinitate
1409 3379 1653 3418 errorem
1687 3364 1739 3417 in
1785 3379 1850 3419 ea

278 3452 463 3507 Ruﬁni
516 3454 970 3523 interpretatione
1014 3456 1295 3525 repererit,
1354 3466 1412 3508 ut
1448 3455 1786 3525 Pamphilum
1820 3472 1851 3510 e

275 3546 553 3600 contrario
578 3556 795 3602 asserat
825 3546 1057 3603 Nicaeum
1093 3549 1308 3619 synodi,
1335 3565 1455 3617 qua:
1494 3548 1588 3601 fuit
1639 3559 1848 3617 postea,

278 3651 379 3706 per
407 3651 524 3691 eam
556 3639 771 3692 ostendi
798 3639 1159 3701 defensorem,
1203 3646 1258 3693 et
1304 3638 1426 3691 inde
1469 3638 1755 3693 concludat
1782 3637 1850 3691 ab

275 3729 466 3798 aliquo
491 3731 543 3784 in
563 3729 832 3784 Trinitate
856 3730 1130 3785 catholico
1157 3745 1294 3799 Opus
1323 3729 1451 3783 illud
1470 3728 1639 3784 fuisse
1666 3743 1847 3783 emen-

275 3822 486 3876 datum.
507 3821 597 3875 Sic
628 3820 770 3874 enim
809 3820 883 3873 ait
909 3820 1008 3874 sub
1034 3818 1191 3873 ﬁnem
1221 3816 1462 3886 epistolae
1508 3815 1577 3871 65
1600 3816 1665 3869 ad
1692 3814 1850 3868 Patu-

274 3913 551 3968 machium
608 3924 663 3968 et
712 3910 985 3967 Oceanum
1028 3930 1041 3965 :
1082 3929 1101 3963 ι
1145 3910 1252 3966 Sex
1307 3911 1578 3965 librorum
1630 3909 1847 3964 Eusebii

270 4020 440 4074 super
480 4003 719 4074 Origenis
769 4004 1088 4074 Defensione
1156 4003 1480 4073 principium
1549 4016 1723 4070 usque
1781 3999 1846 4053 ad

278 4096 429 4151 mille
465 4095 634 4149 ferme
663 4112 851 4151 versus
881 4096 1021 4149 liber
1044 4098 1176 4160 iste,
1208 4095 1299 4165 qui
1336 4093 1603 4163 Pamphili
1629 4093 1846 4155 dicitur,

275 4187 602 4248 continet,et
617 4186 669 4239 in
688 4186 912 4256 reliquis
932 4186 1168 4255 scriptor
1181 4185 1428 4253 ejusdem
1441 4186 1623 4253 operis
1644 4184 1852 4254 profert

276 4277 591 4332 testimonia
622 4278 817 4346 quibus
841 4277 1031 4330 nititur
1061 4276 1359 4347 approbare
1382 4274 1666 4347 Origenem
1688 4275 1852 4330 fuisse

281 4369 639 4424 catholicum.
674 4369 941 4423 Eusebius
980 4378 1037 4422 et
1068 4367 1377 4439 Pamphilus
1399 4376 1605 4422 tantam
1630 4368 1772 4422 inter
1794 4382 1852 4422 se

270 4462 520 4516 habuere
550 4462 923 4524 concordiam,
944 4471 1001 4514 ut
1019 4460 1379 4515 uuiusanitnze
1406 4460 1651 4514 homines
1669 4468 1847 4529 putes,

269 4552 419 4609 etab
434 4569 541 4607 uno
556 4553 694 4607 alter
708 4568 900 4607 nomen
921 4552 1212 4621 acceperit.
1228 4551 1510 4619 Quomodo
1524 4551 1691 4622 igitur
1707 4553 1849 4606 inter

272 4661 338 4701 se
370 4644 663 4699 dissentire
694 4654 1005 4713 potuerunt,
1065 4651 1123 4697 ut
1155 4643 1421 4698 Eusebius
1453 4644 1507 4697 in
1547 4654 1656 4698 toto
1683 4657 1848 4713 opere

265 4752 377 4792 suo
410 4737 698 4806 Origenem
723 4736 912 4789 Ariani
950 4739 1141 4805 probet
1168 4736 1456 4805 dogmatis,
1489 4745 1543 4789 et
1589 4735 1845 4804 Pamphi-

269 4831 361 4884 lus
385 4828 616 4884 Nicaeum
647 4829 862 4900 synodi,
915 4844 1038 4898 qua:
1088 4828 1185 4881 fuit
1216 4840 1424 4896 postea,
1456 4828 1795 4883 defensorem
1822 4829 1845 4882 ἲ

274 4920 357 4973 Ex
396 4935 504 4988 quo
538 4922 841 4974 ostenditur
888 4920 970 4975 vel
1019 4920 1247 4990 Didymi,
1280 4921 1361 4974 vel
1388 4919 1674 4987 cujuslibet
1714 4924 1849 4976 alte-

273 5012 397 5066 rius
437 5026 561 5065 esse
611 5013 950 5079 opusculum,
989 5012 1103 5079 qui,
1131 5026 1227 5065 sex
1259 5010 1519 5065 librorum
1546 5010 1724 5079 capite
1751 5012 1848 5064 de-

268 5112 554 5165 truncato,
606 5113 801 5157 uetera
834 5103 1075 5158 membra
1127 5102 1370 5157 sociarit.
1407 5121 1425 5153 ι
1455 5100 1664 5156 Nullam
1717 5117 1847 5171 ergo

270 5193 529 5249 hzeresim
564 5194 617 5247 in
652 5209 715 5248 ea
750 5194 926 5248 Ruﬁni
950 5194 1413 5263 interpretatione,
1446 5195 1650 5248 nullum
1690 5209 1849 5249 scan-

271 5285 484 5353 dalum,
511 5286 781 5342 nullamve
806 5287 1201 5357 blasphemiam
1227 5297 1356 5342 tunc
1386 5289 1689 5357 reperiebat
1721 5288 1847 5344 llic-

264 5391 559 5446 ronymus.
589 5378 819 5433 Exstant
846 5396 1063 5449 qumem
1088 5394 1195 5435 auo
1226 5380 1528 5436 testimonia
1567 5381 1655 5435 ubi
1682 5380 1848 5437 Filius

266 5468 457 5525 Patris
484 5469 734 5526 minister
761 5471 962 5527 dicitur
995 5489 1009 5525 :
1042 5474 1134 5528 sed
1179 5474 1308 5527 illud
1341 5474 1713 5543 blasphemum
1740 5475 1848 5531 dici

343 5585 393 5617 ⁸⁸
432 5584 632 5654 Ephes.
660 5600 737 5653 IV,
772 5585 861 5642 30.

340 5742 424 5817 (5)
453 5744 763 5815 Origenian.
796 5746 890 5802 lib.
927 5762 988 5817 ιι,
1014 5756 1204 5818 qumst.
1238 5748 1325 5818 li,
1357 5765 1503 5808 num.
1537 5750 1621 5806 16.

1952 3269 2109 3332 dens,
2142 3267 2224 3322 vel
2253 3281 2400 3323 certe
2428 3283 2714 3333 excusans,
2744 3279 3044 3338 contraque
3091 3284 3187 3323 cos
3238 3272 3526 3339 disputans

1953 3357 2044 3425 qui
2079 3356 2383 3410 animarum
2416 3357 2817 3412 traductionem
2862 3359 3248 3422 defenderent,
3283 3358 3392 3415 duo
3424 3360 3521 3413 ho-

1958 3464 2076 3503 rum
2119 3462 2322 3521 genera
2370 3446 2627 3501 describit
2664 3462 2678 3499 :
2711 3446 2942 3503 alterum
2990 3464 3179 3503 eorum
3213 3449 3343 3519 qui,
3400 3465 3522 3504 cum

1951 3541 2161 3593 animas
2183 3537 2463 3592 hominum
2489 3552 2557 3591 ex
2592 3540 2815 3593 traduce
2840 3553 2963 3594 esse
2980 3542 3259 3605 docerent,
3295 3541 3522 3609 primatu

1955 3641 2131 3685 tamen
2169 3632 2405 3684 animam
2428 3643 2494 3683 ex
2527 3629 2619 3685 Dei
2642 3644 2762 3684 esse
2789 3630 3093 3685 substantia
3122 3630 3478 3686 defenderent
3504 3649 3519 3694 ;

1954 3736 2142 3776 eorum
2174 3722 2440 3787 alterum,
2460 3722 2553 3793 qui
2607 3737 2674 3777 ex
2739 3721 2910 3776 nihilo
2947 3723 3141 3777 factam
3169 3738 3289 3779 esse
3342 3739 3372 3777 a
3412 3724 3522 3778 Dea

1953 3814 2188 3868 animam
2212 3814 2357 3869 illam
2395 3816 2627 3884 primam
2664 3824 2995 3871 assererent.
3014 3815 3289 3870 Adversus
3313 3818 3523 3885 priores

1956 3904 2031 3958 ita
2063 3904 2285 3959 disserit
2311 3903 2625 3974 Pamphilus
2655 3924 2668 3958 :
2711 3923 2729 3955 ι
2758 3904 2879 3959 Jam
2910 3921 3037 3960 vero
3063 3906 3137 3960 illi
3169 3908 3259 3977 qui
3308 3923 3374 3962 ex
3409 3918 3523 3962 tra-

1952 3996 2087 4052 duce
2110 3997 2317 4051 animas
2352 3997 2541 4051 venire
2571 3997 2861 4061 aﬁirmaut,
2898 4007 2952 4050 et
2979 3999 3140 4052 simul
3173 4015 3294 4053 cum
3323 4016 3523 4071 corpo-

1955 4092 2050 4145 rali
2078 4107 2169 4147 eas
2189 4092 2392 4147 semine
2418 4092 2674 4145 seminari
2699 4109 2712 4156 ;
2745 4093 3030 4160 siquidem,
3062 4104 3118 4147 ut
3139 4096 3355 4163 quidam
3381 4095 3525 4165 ipso-

1954 4198 2068 4235 rum
2089 4180 2357 4237 afIirtuare
2393 4183 2588 4247 solent,
2610 4201 2714 4237 non
2743 4183 2889 4237 aliud
2916 4185 3356 4240 tlieuntanimam
3376 4203 3523 4251 esse,

1952 4289 2111 4342 quam
2148 4272 2565 4329 insulllationem
2622 4275 2857 4343 Spiritus
2908 4278 3026 4342 Dei,
3089 4277 3233 4331 illam
3290 4277 3519 4343 scilicet,

1950 4380 2111 4433 quam
2134 4365 2188 4417 in
2214 4365 2366 4419 initio
2390 4366 2610 4420 factura:
2635 4369 2816 4422 mutuli
2839 4368 2979 4422 Deus
3009 4368 3311 4425 insufﬂusse
3324 4370 3524 4425 dicitur

1954 4458 2007 4510 in
2027 4458 2221 4522 Adam,
2260 4459 2326 4512 de
2355 4460 2468 4527 ipsa
2511 4459 2605 4514 Dei
2632 4475 2751 4514 esse
2774 4475 2895 4513 eam
2928 4461 3228 4515 substantia
3266 4463 3524 4531 proﬁten-

1954 4558 2070 4615 tes;
2104 4550 2375 4619 quomodo
2408 4567 2514 4606 non
2537 4562 2592 4606 et
2620 4554 2703 4608 isti
2749 4554 3078 4607 videbuntur
3120 4554 3533 4623 quodammodo

1952 4642 2068 4696 ham
2103 4655 2298 4711 praeter
2336 4642 2633 4712 Scriptura:
2688 4647 2928 4715 regulam
2965 4658 3019 4701 et
3054 4650 3318 4703 rationem
3352 4651 3523 4719 pieza-

1952 4735 2020 4788 tis
2073 4749 2337 4798 asserere,
2380 4736 2525 4803 quod
2584 4738 2888 4792 substantia
2943 4738 3038 4793 Dei
3076 4740 3197 4794 est?
3236 4760 3254 4792 ι
3293 4740 3391 4794 Vix
3418 4740 3524 4795 duo

1951 4826 2067 4880 bito
2100 4826 2227 4894 quin
2259 4842 2322 4879 ex
2352 4828 2435 4880 his
2474 4830 2651 4882 verbis
2682 4830 2841 4883 istam
2879 4828 3159 4902 Pamphilo
3194 4832 3523 4888 calumniam

1949 4918 2210 4971 struxerit
2234 4916 2613 4988 Hieronymus.
2658 4920 2865 4992 Quippe
2897 4938 3020 4977 cum
3056 4935 3295 4979 veterum
3338 4925 3521 4982 multis

1951 5011 2121 5064 sensit
2172 5008 2559 5081 Hieronymus,
2612 5013 2946 5080 spiraculum
2984 5016 3126 5076 vitm,
3178 5018 3322 5086 quod
3375 5016 3516 5073 Deus

1949 5101 2126 5169 primo
2152 5102 2357 5156 homini
2407 5102 2713 5157 insutllasse
2735 5105 2950 5170 dicitur,
2981 5106 3147 5162 fuisse
3190 5109 3363 5177 ipsum
3396 5112 3518 5180 Spi-

1955 5196 2117 5250 ritum
2159 5204 2403 5249 sanctum
2431 5196 2606 5251 eidem
2666 5196 2875 5251 homini
2914 5215 3017 5253 uua
3047 5216 3169 5254 cum
3196 5204 3375 5257 anima
3406 5204 3523 5267 ejus

1955 5287 2210 5343 infusum.
2226 5289 2316 5344 Sic
2332 5291 2383 5343 in
2402 5288 2799 5345 Commentariis
2814 5293 2863 5345 in
2879 5307 2996 5362 cap.
3018 5309 3064 5346 tv
3078 5294 3246 5364 Epist.
3264 5298 3327 5351 ad
3346 5297 3524 5365 Ephe-

1957 5380 2087 5447 sios,
2107 5382 2171 5435 ad
2188 5381 2346 5437 verba
2365 5376 2453 5436 illa
2473 5399 2485 5434 :
2509 5403 2526 5433 ι
2555 5382 2728 5439 Nolite
2757 5386 3079 5441 contristare
3099 5388 3360 5456 Spiritum
3390 5405 3522 5444 san-

1958 5485 2103 5531 ctum
2148 5476 2204 5532 in
2246 5492 2353 5548 quo
2383 5476 2580 5549 signati
2611 5478 2742 5536 estis
2774 5480 2827 5535 iu
2862 5480 2949 5535 die
2984 5479 3369 5552 redemptionis
3392 5480 3461 5552 ⁸⁸,
3498 5499 3516 5531 ι
