3884 6218
395 280 501 337 533

1598 280 1654 333 S.
1697 276 2024 333 PAMPHlLl
2059 274 2411 330 MARTYRIS

3532 272 3637 331 556

397 398 514 454 hac
552 399 814 454 adnotat:
854 416 873 449 ι
913 397 1121 467 Signati
1182 400 1325 453 enim
1381 414 1567 455 sumus
1616 398 1820 466 Spiritu
1878 397 1970 451 Dei
2001 401 2046 455 Λ
2077 397 2293 449 assidue
2347 401 2677 458 versaverat,
2720 394 2771 447 in
2811 408 2910 453 suo
2956 391 3162 447 Histor.
3205 392 3390 447 eccles.
3441 390 3533 446 lib.
3558 408 3633 460 vi,

395 501 605 555 sancto,
656 498 715 545 ut
767 499 821 545 et
861 491 1087 560 spiritus
1113 499 1300 544 noster
1323 499 1379 546 et
1425 490 1605 543 anima
1656 488 1966 557 impriman—

395 590 486 636 tur
545 581 823 652 signaculo
888 580 1017 647 Dei,
1066 590 1122 635 et
1191 581 1333 635 illam
1393 580 1717 650 recipiamus
1771 579 1961 648 imagi-

395 687 519 727 nem
551 681 607 727 et
636 672 1069 737 similitudinem,
1107 674 1173 727 ad
1219 687 1381 741 quam
1422 671 1474 725 in
1506 670 1732 725 exordio
1758 669 1963 725 conditi

395 779 600 819 sumus.
631 763 741 818 Hoc
769 763 1107 833 signaculum
1139 763 1312 821 sancti
1354 761 1613 833 Spiritus,
1656 761 1807 832 juxta
1854 762 1959 818 elo-

394 857 579 925 quium
609 855 938 920 Servatoris,
961 854 1075 911 Deo
1116 856 1479 925 imprimente,
1512 855 1777 924 signatur.
1814 873 1833 906 ι
1866 854 1963 910 Ubi

396 950 687 1021 imaginem
716 957 773 1004 et
824 949 1233 1004 similitudinem
1280 949 1427 1003 illam
1467 947 1583 1014 Dei,
1621 947 1689 1002 ad
1712 962 1873 1017 quam
1910 947 1963 1001 in

395 1042 509 1108 ipsa
542 1055 638 1095 sua
675 1041 951 1095 creatione
991 1038 1307 1095 efformatus
1343 1040 1446 1095 fuit
1478 1040 1661 1104 homo,
1700 1040 1965 1108 interpre-

397 1141 542 1185 tatur
563 1131 901 1200 signaculum
930 1129 1165 1199 Spiritus
1184 1132 1355 1186 sancti
1391 1148 1405 1185 :
1433 1132 1575 1200 quod
1602 1132 1721 1184 ideo
1742 1130 1965 1186 omnino

394 1221 585 1277 fecisse
611 1221 841 1285 videtur,
856 1221 979 1291 quia
1001 1221 1329 1289 spiraculum
1351 1221 1496 1284 vitae,
1512 1221 1651 1289 quod
1671 1221 1812 1276 Deus
1842 1235 1963 1275 cum

394 1312 627 1381 primum
660 1311 935 1366 hominem
968 1310 1249 1373 formaret,
1281 1309 1381 1389 ipsi
1413 1308 1717 1385 insuﬂlasse
1749 1309 1961 1375 dicitur,

396 1403 654 1472 Spiritum
688 1403 856 1458 fuisse
890 1412 1144 1457 sanctum
1180 1402 1431 1457 credidit.
1468 1401 1580 1455 Hoc
1607 1400 1806 1456 clarius
1829 1398 1966 1453 dixit

396 1494 764 1550 Tertullianus
810 1495 908 1551 lib.
943 1494 1022 1549 De
1054 1496 1336 1564 baptismo,
1365 1509 1483 1563 cap.
1510 1494 1564 1558 5,
1593 1493 1683 1547 ubi
1719 1493 1784 1548 de
1810 1504 1966 1561 rege-

395 1589 677 1642 neratione
701 1587 962 1653 hominis,
992 1601 1114 1657 quae
1141 1602 1238 1655 per
1267 1586 1595 1656 baptismum
1632 1584 1715 1652 fit,
1764 1584 1844 1640 sic
1887 1584 1965 1638 lo-

395 1680 580 1748 quitur
609 1696 662 1732 ;‹
693 1679 768 1733 Ita
795 1679 1099 1734 restituitur
1127 1679 1290 1733 homo
1319 1678 1426 1733 Deo
1458 1677 1524 1730 ad
1558 1675 1963 1733 similitudinem

2067 503 2187 556 cap.
2215 487 2306 550 55,
2338 494 2523 553 aperte
2551 484 2737 539 testari
2756 499 2785 537 a
2818 499 2877 539 se
2904 493 3003 538 eta
3029 490 3376 538 sacrosancto
3402 494 3636 554 martyre

2066 577 2346 646 Pamphilo
2401 575 2800 645 Apologeticum
2853 589 2950 644 pro
3004 573 3259 644 Origenis
3325 573 3636 630 defensione

2064 669 2338 725 communi
2369 668 2547 725 studio
2574 678 2739 738 atque
2795 683 2957 737 opera
3014 668 3240 735 iunctim
3270 665 3433 721 fuisse
3450 668 3634 722 elabo-

2066 770 2266 826 ratum,
2299 760 2542 829 adeoque
2576 760 2883 829 Apologiam
2907 757 3050 813 hanc
3088 759 3189 813 sub
3217 758 3435 812 nomine
3482 757 3636 810 Pam-

2064 854 2197 924 phili
2235 870 2263 905 a
2292 851 2489 907 Rufino
2520 851 2742 915 editam,
2774 864 2934 919 quam
2964 864 3085 906 esse
3136 848 3335 903 fatetur
3377 848 3637 920 Hierony—

2066 961 2185 1000 mus
2216 946 2508 1016 ipsummet
2533 943 2749 1000 Eusebii
2774 944 3005 1013 primum
3038 944 3309 1007 volumen,
3341 957 3462 998 esse
3490 942 3637 996 Pam-

2065 1036 2197 1106 phili
2229 1035 2469 1091 simulet
2534 1035 2769 1089 Eusebii.
2822 1035 3048 1089 Videtur
3095 1049 3223 1104 ergo
3279 1033 3637 1105 Hieronymus

2067 1126 2191 1182 ideo
2223 1126 2468 1180 eamdem
2498 1124 2597 1180 soli
2627 1124 2861 1179 Eusebio
2883 1125 3223 1194 ascripsisse,
3248 1126 3371 1194 quia
3392 1123 3634 1189 Rufinus,

2066 1217 2153 1271 cui
2188 1226 2314 1272 tunc
2349 1216 2607 1285 temporis
2645 1231 2755 1286 quo
2804 1218 2922 1271 haec
2976 1216 3251 1271 scribebat
3305 1232 3409 1272 non
3464 1217 3640 1270 minus

2066 1326 2227 1380 quam
2269 1310 2491 1380 Origeni
2527 1317 2647 1365 erat
2676 1308 2957 1383 infensus,
2999 1308 3097 1363 soli
3143 1307 3425 1378 Pamphilo
3473 1308 3639 1363 ascri-

2066 1412 2286 1471 pserat;
2314 1411 2369 1456 et
2393 1402 2516 1457 ideo
2563 1401 2795 1456 Eusebio
2825 1399 2921 1455 soli
2961 1400 3155 1453 iterum
3216 1401 3553 1468 ascripsisse,
3582 1409 3641 1454 ut
3714 1396 3717 1403 ’

2065 1509 2185 1548 eam
2209 1495 2411 1548 Ariana
2431 1501 2581 1564 peste
2610 1506 2733 1548 esse
2760 1489 3013 1545 infectam
3043 1490 3253 1545 facilius
3273 1492 3638 1560 persuaderet,

2068 1588 2358 1658 Bufinique
2382 1588 2505 1643 fidei
2530 1596 2588 1644 et
2619 1585 2929 1642 auctoritati
2965 1584 3165 1639 certius
3195 1585 3498 1653 derogaret.
3534 1582 3641 1636 Sed

2069 1680 2203 1735 nihil
2244 1680 2459 1749 proficit
2505 1688 2729 1735 sanctus
2790 1679 2979 1735 doctor
3024 1685 3212 1732 contra
3263 1674 3641 1729 auctoritatem

394 1742 535 1840 ejus,
566 1772 657 1841 qui
695 1780 839 1826 retro
878 1770 946 1831 ad
995 1771 1285 1840 imaginem
1320 1770 1411 1824 Dei
1457 1770 1711 1825 conditus
1764 1767 1964 1832 fuerat,
1996 1742 2040 1798 Β
2070 1742 2258 1843 ipsius'
2286 1770 2528 1836 Eusebii,
2586 1770 2863 1838 Socratis,
2903 1770 3209 1841 anonymia
3251 1766 3320 1822 Β.
3388 1766 3448 1821 P.
3491 1765 3646 1834 Lupo

395 1874 504 1919 etc.
554 1863 781 1931 Recepit
819 1863 966 1925 enim
1004 1861 1156 1916 illum
1187 1861 1284 1917 Dei
1325 1861 1609 1931 Spiritum,
1641 1875 1802 1931 quem
1843 1869 1971 1915 tunc

394 1954 463 2011 de
507 1954 687 2009 afﬂatu
739 1954 857 2024 ejus
915 1965 1251 2025 susceperat,
1285 1953 1381 2010 sed
1423 1961 1546 2023 post
1578 1952 1839 2008 amiserat
1872 1965 1969 2021 per

396 2047 682 2102 defletum.
714 2066 732 2099 ι
767 2046 905 2110 Hinc
949 2048 1112 2117 igitur
1152 2047 1352 2102 factum
1397 2046 1646 2112 videtur,
1687 2055 1747 2100 ut
1789 2060 1860 2105 ex
1902 2060 1969 2101 eo

396 2138 542 2208 quod
578 2137 994 2193 insuﬂlationem
1025 2137 1263 2208 Spiritus
1291 2137 1385 2193 Dei
1420 2137 1734 2207 Pamphilus
1784 2138 1968 2210 (intel-

392 2228 569 2298 ligens
592 2229 848 2284 nimirum
880 2243 973 2297 per
991 2227 1430 2293 insuﬂlationem,
1456 2228 1607 2298 quta
1633 2243 1754 2283 cum
1776 2228 1968 2284 adver-

391 2316 559 2371 sariis
585 2332 721 2386 quos
745 2315 964 2381 refellit,
994 2316 1129 2370 nihil
1152 2317 1299 2371 aliud
1332 2331 1495 2387 quam
1535 2317 1705 2386 ipsam
1731 2317 1967 2373 hominis

393 2407 653 2479 animam)
682 2417 905 2478 negaret
930 2409 997 2461 de
1030 2406 1336 2462 substantia
1366 2421 1488 2463 esse
1517 2408 1633 2475 Dei,
1668 2408 1845 2476 ipsum
1871 2422 1966 2461 ca-

392 2499 688 2554 lumniatus
721 2499 883 2555 fuerit
911 2499 1301 2569 Hieronymus,
1331 2499 1488 2570 quasi
1522 2500 1798 2556 docuisset
1838 2500 1963 2569 Spi-

391 2590 557 2645 ritum
610 2589 728 2656 Dei,
774 2589 985 2644 tertiam
1036 2582 1700 2659 Divinitatis‘personam,
1732 2591 1799 2645 de
1833 2591 1964 2645 sub-

391 2684 592 2740 stantia
647 2684 740 2739 Dei
797 2698 900 2738 non
952 2696 1091 2739 esse.
1134 2702 1153 2735 ι
1196 2680 1397 2739 Nullibi
1442 2683 1605 2749 etiam
1648 2694 1966 2753 comparent

393 2794 513 2848 quae
537 2789 722 2847 postea
748 2776 1101 2846 reprehendit
1134 2777 1516 2848 Hieronymus,
1545 2776 1754 2831 scilicet
1789 2795 1809 2829 ι
1847 2778 1966 2832 ani-

396 2885 515 2924 mas
557 2870 834 2924 hominum
867 2869 1049 2938 lapsas
1074 2885 1197 2926 esse
1222 2871 1288 2924 de
1319 2869 1482 2931 ctelo,
1520 2877 1574 2923 et
1606 2869 1661 2922 in
1692 2870 1793 2923 hoc
1817 2870 1963 2939 quod

394 2973 583 3016 sumus
595 2960 662 3014 de
687 2958 894 3029 angelis
907 2960 1248 3023 commutati,
1274 2960 1330 3015 in
1355 2959 1696 3014 restitutione
1718 2962 1961 3016 omnium

391 3050 628 3121 atquales
651 3049 767 3105 fore
791 3059 844 3104 et
880 3051 1121 3120 angelos.
1151 3062 1206 3105 et
1236 3051 1531 3116 daemones,
1554 3060 1611 3105 et
1642 3050 1910 3110 homines.
1938 3073 1957 3105 ι

394 3142 505 3201 Sed
527 3143 640 3197 haec
670 3156 793 3197 cum
833 3144 1153 3199 naturaliter
1183 3154 1477 3212 sequantur
1494 3158 1557 3196 ex
1581 3144 1964 3211 praeexsisten-

394 3235 467 3291 tia
510 3234 839 3297 animarum,
874 3249 1036 3302 quam
1073 3248 1337 3289 excusare
1387 3242 1562 3289 tentat
1610 3233 1959 3306 Pamphilus,

394 3325 518 3380 inde
554 3340 640 3403 ea,
672 3326 829 3395 quasi
856 3327 899 3381 si
928 3327 1071 3381 dicta
1098 3327 1723 3397 fuissent,exprobrasse
1752 3329 1965 3384 videtur

397 3415 781 3483 Hieronymus.

465 3507 601 3563 Vlll.
631 3508 708 3561 Ex
744 3509 830 3563 his
864 3507 1166 3579 intelligere
1205 3509 1334 3564 licet
1391 3523 1637 3578 quaenam
1666 3508 1736 3563 sit
1784 3508 1965 3565 lliero-

390 3613 559 3668 nymo
590 3599 722 3654 fides
746 3598 1072 3664 adhibenda,
1100 3614 1222 3655 cum
1269 3601 1321 3654 in
1370 3599 1510 3669 hanc
1559 3599 1804 3669 Origenis
1861 3599 1965 3655 De-

394 3689 686 3755 fensionem
721 3700 827 3744 tam
877 3691 1079 3745 acriter
1112 3692 1402 3746 invehitur.
1439 3691 1640 3746 Nullibi
1690 3693 1790 3747 sibi
1830 3708 1963 3747 con-

389 3791 502 3837 stat
524 3791 747 3837 sanctus
772 3783 961 3837 doctor
997 3800 1011 3834 :
1049 3783 1249 3853 ubique
1273 3782 1374 3837 sibi
1425 3784 1765 3839 adversatur.
1812 3785 1965 3840 Hanc

395 3874 629 3943 primum
678 3874 892 3928 dixerat
917 3874 1087 3931 solius
1118 3890 1239 3930 esse
1262 3874 1552 3945 Pamphili,
1581 3886 1765 3946 postea
1798 3880 1963 3936 solius

390 3966 638 4022 Eusebii.
667 3966 823 4021 Modo
853 3980 973 4021 eam
997 3966 1227 4023 Eusebio
1257 3967 1468 4033 tribuit,
1503 3970 1664 4025 modo
1689 3970 1772 4024 vel
1794 3970 1962 4043 Didy-

389 4074 502 4124 mo,
541 4057 625 4113 vel
654 4058 870 4123 Rufino,
903 4058 990 4113 vel
1023 4058 1179 4112 alteri
1211 4058 1457 4125 cuilibet,
1492 4061 1610 4129 qui,
1649 4059 1774 4116 libri
1802 4062 1959 4130 primi

387 4149 606 4213 Eusebii
639 4150 818 4220 capite
839 4152 1185 4216 detruncato,
1216 4161 1414 4205 caetera
1446 4154 1687 4206 membra
1717 4154 1957 4208 sociarit.

384 4240 547 4296 Modo
584 4242 727 4297 hanc
753 4254 873 4297 esse
907 4243 983 4295 ait
1010 4243 1300 4311 ipsummet
1329 4241 1549 4315 Eusebii
1576 4242 1811 4311 primum
1865 4259 1951 4300 vo-

385 4332 587 4401 lumen,
620 4334 779 4388 modo
813 4343 1024 4393 sextum
1057 4352 1072 4401 ;
1100 4334 1258 4389 modo
1287 4333 1477 4389 eadem
1504 4343 1558 4389 et
1589 4334 1777 4390 iisdem
1836 4352 1959 4392 ver-

2069 1864 2221 1931 editi,
2250 1863 2453 1929 Pbotii,
2486 1872 2542 1919 et
2572 1872 2887 1919 cancrorum
2911 1901 2925 1927 ,
2957 1862 3048 1931 qui
3078 1865 3217 1916 hanc
3248 1858 3535 1929 Pamphilo
3565 1859 3644 1917 si—

2071 1956 2180 2011 mul
2211 1956 2551 2025 Eusebioque
2582 1954 2925 2025 adjudicant;
2954 1962 3010 2009 et
3044 1954 3177 2008 satis
3208 1953 3362 2007 nobis
3391 1962 3474 2006 est
3504 1965 3646 2020 prae-

2068 2048 2285 2115 cipuam
2315 2044 2498 2116 operis
2524 2054 2801 2100 auctorem
2849 2043 3189 2113 Pamphilum
3224 2043 3293 2097 ab
3321 2041 3555 2098 Eusebio
3590 2050 3649 2099 et

2067 2135 2261 2191 Pbotio
2296 2136 2617 2206 agnosci,ut
2642 2135 2817 2193 nullas
2845 2136 2897 2191 in
2950 2149 3017 2191 eo
3058 2133 3426 2204 blasphemias
3466 2133 3644 2190 exsti-

2070 2228 2199 2281 tisse
2223 2226 2549 2296 iudicemus.

2139 2316 2227 2379 IX.
2261 2317 2575 2386 Restatjam
2606 2326 2664 2372 ut
2699 2318 2902 2387 aliquid
2928 2319 2995 2373 de
3046 2318 3258 2374 caeteris
3286 2316 3525 2387 quinque
3552 2318 3647 2372 de-

2067 2411 2296 2481 perditis
2332 2411 2483 2465 libris
2536 2411 2801 2466 dicamus.
2853 2409 3109 2466 Socrates
3153 2410 3208 2465 in
3267 2425 3333 2465 eo
3384 2420 3649 2465 contextu

2065 2519 2225 2575 quem
2250 2518 2410 2571 supra
2444 2502 2722 2558 attulimus
2751 2518 2815 2558 ex
2831 2503 2946 2573 ejus
2973 2501 3178 2557 Histor.
3211 2502 3305 2558 lib.
3331 2517 3413 2569 ιιι,
3447 2516 3571 2570 cap.
3591 2502 3646 2569 7,

2067 2598 2455 2667 desumptum,
2507 2597 2579 2649 ait
2636 2594 2980 2664 Pamphilum
3023 2607 3077 2650 et
3130 2595 3419 2650 Eusebium
3480 2595 3648 2650 simul

2060 2689 2277 2759 junctos
2304 2691 2465 2743 vitam
2502 2688 2754 2758 Origenis
2774 2689 2827 2743 in
2857 2703 2921 2743 ea
2948 2687 3205 2758 Apologia
3230 2688 3646 2758 conscripsisse,

2065 2792 2121 2837 et
2150 2782 2220 2837 ibi
2258 2782 2565 2838 ostendisse
2590 2781 2903 2854 Origenem,
2938 2781 3028 2850 qui
3075 2780 3129 2835 in
3179 2781 3433 2836 omnibus
3486 2779 3649 2839 librili

2067 2873 2179 2928 suis
2222 2872 2499 2928 Christum
2543 2874 2817 2928 hominem
2878 2872 3079 2928 factum
3128 2872 3306 2926 anima
3356 2872 3645 2941 praeditum

2066 2980 2187 3021 esse
2217 2966 2483 3035 agnoscit,
2506 2965 2816 3035 specialiter
2849 2965 2900 3019 in
2936 2980 3077 3020 nono
3110 2972 3254 3020 tomo
3310 2964 3649 3020 Commenta-

2066 3054 2345 3108 riorumin
2377 3052 2639 3120 Genesium,
2670 3053 2759 3107 ubi
2823 3052 3091 3106 Adamum
3144 3051 3360 3121 quidem
3411 3049 3643 3117 Christi,

2064 3144 2232 3199 Evam
2273 3152 2457 3198 autem
2492 3142 2750 3199 Ecclesia:
2780 3151 2966 3214 typum
2999 3156 3189 3212 gerere
3218 3140 3464 3210 pluribus
3486 3155 3645 3196 asse-

2065 3236 2258 3299 ruerit,
2298 3250 2406 3289 non
2461 3234 2695 3304 primum
2732 3234 2785 3287 in
2837 3233 2942 3288 hoc
2998 3242 3316 3302 argumento
3361 3242 3647 3297 versatum,

2065 3344 2207 3393 esse,
2233 3328 2326 3384 sed
2352 3326 2609 3383 Ecclesiae
2655 3325 3000 3381 traditionem
3035 3338 3159 3380 esse
3194 3325 3641 3393 interpretatum.

2065 3420 2219 3488 Quod
2256 3428 2378 3488 post
2398 3418 2678 3474 Socratem
2708 3415 3262 3486 repetitNicephorus
3306 3413 3450 3473 Hist.
3514 3416 3553 3471 ι.
3584 3431 3645 3493 ιε

2064 3528 2185 3583 cap.
2222 3512 2312 3567 14.
2341 3510 2507 3567 Docet
2535 3510 2697 3564 etiam
2746 3507 3011 3563 Eusebius
3038 3506 3181 3561 Hist.
3218 3505 3313 3560 lib.
3342 3522 3416 3572 vt,
3448 3522 3500 3562 c.
3542 3506 3639 3572 23,

2064 3618 2123 3659 se
2148 3604 2203 3658 in
2244 3602 2483 3659 secundo
2516 3601 2675 3668 hujus
2701 3599 2964 3670 Apologia
3012 3598 3150 3655 libro
3177 3599 3489 3667 exposuisse
3542 3599 3641 3670 qui

2065 3704 2241 3751 motus
2270 3694 2626 3750 ordinationis
2652 3690 2900 3762 Origenis
2929 3706 3093 3746 causa
3124 3690 3328 3746 fuerint
3350 3690 3640 3759 concitati,

2064 3798 2119 3843 et
2147 3803 2269 3857 qua:
2295 3801 2459 3857 super
2481 3785 2673 3841 iisdem
2708 3782 2945 3841 motibus
2979 3799 3009 3836 a
3066 3782 3385 3852 praesulibus
3442 3781 3639 3839 Eccle-

2064 3880 2267 3935 siarum
2297 3878 2591 3934 constituta
2618 3876 2765 3944 sint;
2793 3884 2867 3938 ,et
2909 3889 3245 3946 quaecunque
3291 3875 3396 3929 alia
3444 3874 3645 3950 vigeps

2066 3972 2178 4040 ipse
2196 3970 2456 4039 Origenes
2478 3984 2543 4023 ac
2567 3966 2766 4022 ﬂorens
2802 3967 2853 4021 in
2883 3967 3269 4037 praedicatione
3299 3965 3451 4021 verbi
3494 3967 3645 4021 divi-

2064 4064 2116 4117 ni
2144 4061 2453 4117 contulerit.
2487 4060 2569 4114 Τὰ
2611 4059 2708 4130 μὲν
2743 4056 2836 4113 οὖν
2891 4058 2985 4111 ἐπὶ
3045 4058 3219 4129 τούτῳ
3281 4059 3407 4130 περὶ
3465 4060 3642 4114 αὑτοῦ

2066 4153 2399 4224 κεκινημένα
2425 4170 2438 4183 ⁸
2471 4152 2541 4206 τά
2566 4169 2624 4205 τε
2653 4151 2744 4205 ἐπὶ
2772 4154 2883 4214 τοῖς
2921 4151 3183 4223 κινηθείσι
3205 4151 3501 4223 δεδογμένα
3522 4155 3642 4217 τοῖς

2059 4247 2168 4300 τῶν
2208 4244 2541 4316 Ἐκκλησιῶν
2568 4243 2934 4316 προεστῶσινο
2967 4245 3067 4297 ὅσα
3094 4260 3153 4297 τε
3199 4243 3333 4298 ἄλλα
3366 4245 3647 4323 ἀκμάζων

2060 4337 2293 4409 περὶτὺν
2314 4336 2454 4390 θεῖον
2482 4336 2851 4406 εἰσενήνεκται
2874 4334 3050 4403 λόγον,
3078 4334 3213 4400 ἰδίας
3241 4335 3467 4407 δεόμενα
3504 4355 3643 4391 συν·

383 4422 468 4479 bis
496 4425 549 4478 in
594 4425 770 4493 primo
830 4424 1046 4480 Eusebii
1104 4424 1245 4480 libro
1294 4425 1588 4490 contineri,
1632 4428 1791 4484 modo
1839 4431 1956 4497 ejus

2064 4429 2282 4494 τάξεως,
2313 4429 2546 4500 μετρίως
2580 4429 2636 4480 ὲν
2659 4424 2737 4498 τῷ
2764 4427 3000 4499 δευτέρῳ
3022 4422 3089 4501 ἦς
3140 4428 3278 4499 ὑπὲρ
3327 4428 3492 4482 αὐτοῦ
3538 4448 3644 4484 πε-

382 4516 706 4586 scriptorem
735 4517 804 4571 de
831 4517 946 4587 ipso
996 4517 1215 4572 Eusebii
1268 4517 1407 4572 libro
1450 4520 1696 4587 quaedam
1756 4519 1952 4576 immu-

384 4618 568 4674 tasse;
607 4611 769 4663 modo
824 4624 1016 4669 sensus
1078 4610 1344 4671 duntaxat
1391 4610 1732 4676 immutasse,
1796 4613 1953 4669 modo

381 4701 499 4768 ipsa
553 4702 860 4757 testimonia
912 4703 1271 4769 subtraxisse,
1322 4712 1379 4759 et
1418 4704 1522 4759 alia
1564 4688 1948 4776 substituisse;

380 4797 541 4847 modo
572 4809 760 4862 pauca,
793 4795 952 4869 modo
979 4794 1147 4849 multa
1177 4813 1193 4863 ;
1223 4795 1383 4849 modo
1435 4795 1669 4865 denique
1721 4797 1773 4851 in
1834 4798 1948 4867 ipsa

379 4885 558 4939 Rufini
589 4883 776 4939 Latina
809 4887 1257 4956 interpretatione
1280 4886 1444 4940 multa
1469 4888 1764 4942 etiamnum
1794 4904 1950 4945 scan-

381 4977 524 5042 dala,
561 4988 615 5031 et
663 4978 1040 5046 apertissimas
1086 4979 1454 5048 hlasphemias
1495 4980 1743 5048 reperiri.
1792 4982 1951 5038 modo

380 5069 714 5138 Pamphilum
744 5069 976 5125 Nicaeus:
1002 5070 1124 5125 fidei
1162 5084 1258 5140 per
1288 5086 1407 5126 eam
1439 5072 1647 5127 ostendi
1697 5072 1948 5129 defenso-

378 5176 516 5215 rem.
546 5160 915 5232 Undequaque
942 5178 1063 5218 sese
1086 5171 1269 5218 versat
1295 5172 1517 5219 sanctus
1539 5163 1751 5232 doctor,
1767 5166 1946 5219 omnia

379 5261 560 5307 movet
587 5267 654 5307 ne
681 5252 818 5309 liber
853 5255 941 5310 hic
966 5254 1236 5325 Pamphili
1264 5256 1356 5310 sit.
1391 5256 1551 5326 Atqui
1609 5266 1786 5312 tamen
1842 5273 1946 5312 non

378 5353 590 5415 poterat
619 5344 871 5414 ignorare
922 5347 1095 5417 ipsum
1155 5346 1466 5412 Eusebium,
1540 5349 1694 5418 cujus
1746 5349 1947 5418 scripta

447 5507 525 5579 (6)
560 5508 713 5562 Φασὶ
767 5507 836 5562 δὲ
893 5510 1098 5571 αὐτόν,
1147 5518 1254 5564 etc.
1310 5511 1441 5563 Cum
1500 5512 1643 5565 dicat
1694 5510 1958 5564 Eusebius

378 5574 525 5633 nm.
556 5584 736 5652 eccles.
758 5580 871 5652 lib.
900 5595 974 5646 Vl,
1005 5595 1123 5649 cap.
1157 5581 1248 5644 59,
1281 5579 1568 5652 Origenem
1594 5591 1648 5635 et
1699 5580 1861 5635 Decio
1907 5588 1961 5652 et

380 5649 862 5722 tormentisfuisse
884 5652 1266 5722 superstitem,
1297 5649 1449 5722 cujus
1476 5652 1552 5705 rei
1588 5660 1754 5707 testes
1775 5650 1956 5721 appel-

381 5718 452 5789 lat
478 5721 645 5792 ipsius
676 5717 927 5792 Origenis
960 5721 1216 5793 epistolas
1242 5717 1378 5804 post
1412 5722 1630 5789 Decium
1684 5717 1949 5804 scriptas;

2062 4521 2333 4593 ποιήμεθα
2388 4519 2723 4588 ἀπολογίας,
2794 4518 3200 4591 ἀνεγράψαμεν.
3260 4519 3388 4587 Qum
3445 4523 3643 4578 omnia

2059 4613 2346 4669 confirmat
2367 4612 2594 4671 Photius
2622 4612 2873 4667 Biblioth.
2920 4614 3108 4668 codice
3135 4629 3334 4681 cxvtu,
3393 4614 3477 4668 his
3509 4629 3642 4669 ver-

2056 4706 2179 4761 bis:
2214 4704 2349 4759 Φασὶ
2384 4704 2441 4758 δὲ
2477 4705 2567 4758 τὸν
2614 4705 2892 4778 Ὠριγὲνην
2931 4709 2988 4760 ὲν
3029 4708 3142 4769 τοῖς
3202 4705 3340 4758 κατὰ
3389 4705 3640 4776 Σευῆρον

2056 4798 2313 4868 διωγμοῖς
2343 4797 2547 4869 γράψαι
2580 4797 2825 4870 Λεωνίδῃ
2867 4798 3055 4869 πατρί’,
3105 4797 3461 4867 ὲπαλείφοντα
3490 4799 3638 4869 πρὸς

2056 4890 2147 4941 τὸν
2190 4890 2284 4942 τοῦ
2335 4890 2634 4961 μαρτυρίου
2663 4889 2880 4961 δρόμον,
2939 4890 2996 4942 ὂν
3025 4888 3119 4943 καὶ
3147 4888 3323 4952 καλῶς
3369 4890 3641 4959 δραμόντε.

2054 4979 2162 5035 τῶν
2198 4980 2465 5053 βραϐείων
2492 4984 2672 5051 τυχεῖν
2705 4980 3007 5052 ἐξεγένετο·
3043 4980 3134 5035 καὶ
3165 4981 3325 5035 αὐτὸν
3347 4980 3403 5034 δὲ
3425 4980 3637 5034 ἀποδύ-

2058 5073 2252 5128 σασθαι
2280 5073 2527 5127 σπεύδειν
2560 5074 2696 5143 πρὸς
2717 5074 2777 5127 τὸ
2824 5074 2931 5127 τῶν
2964 5073 3358 5145 ἀγωνισμάτων
3391 5074 3638 5141 στάδιον,

2057 5166 2155 5238 τὴν
2183 5165 2240 5219 δὲ
2289 5164 2499 5237 μητέρα
2562 5165 2656 5217 καὶ
2699 5164 2900 5217 ἄκοντα
2956 5163 3246 5237 δυνηθῆναι
3301 5164 3402 5234 τῆς
3448 5165 3640 5237 ὁρμῆς

2056 5260 2333 5328 ἐπισχεῖνο
2372 5256 2652 5311 καὶτοῦτο
2681 5257 2774 5310 καὶ
2814 5257 2975 5320 αὐτὸς
3025 5258 3083 5311 ὲν
3131 5257 3387 5327 ἐπιστολῇ
3448 5257 3639 5327 οἰκείᾳ

2054 5349 2493 5419 ἐπισημαίνεται.
2535 5347 2608 5421 (6)
2636 5348 2773 5402 Φασὶ
2799 5348 2856 5401 δὲ
2911 5349 3092 5415 αὑτὸν,
3147 5350 3176 5403 ὃ
3218 5366 3278 5402 τε
3342 5348 3639 5420 Πάμφιλος

2058 5509 2139 5563 vel
2163 5507 2398 5563 nondum
2431 5508 2640 5564 viderat
2700 5508 2821 5562 illas
2876 5505 3135 5575 epistolas
3168 5506 3381 5573 quando
3410 5506 3463 5560 in
3521 5507 3635 5563 bac

2056 5581 2313 5649 Apologia
2348 5594 2609 5649 una_cutn
2643 5578 2925 5649 Pamphilo
2948 5577 3220 5649 scribebat
3242 5575 3527 5649 Origenem
3578 5580 3636 5632 in

2055 5645 2431 5719 persecutione
2454 5647 2600 5719 De_cii
2634 5645 2798 5719 vitam
2827 5648 3033 5719 celebri
3066 5647 3322 5719 martyrio
3350 5645 3634 5719 filiivisse;

2056 5714 2138 5787 vel
2175 5718 2479 5777 inconsulto
2506 5716 2739 5791 Euscbio
2762 5718 2908 5783 solus
2935 5720 3049 5774 haec
3098 5714 3323 5796 scripsit
3367 5714 3638 5793 Pan'phi-
