3884 6218
273 301 376 357 537

1218 299 1563 357 APOLOClA
1602 300 1739 357 PRO
1777 299 2098 357 ORIGENE.
2138 332 2206 342 —
2244 299 2582 356 MONITUM.

3413 300 3517 356 558

276 420 507 493 μάρτυς,
540 419 637 473 καὶ
664 418 847 491 ἕτεροι
881 420 1139 484 πλεῖστοι,
1178 422 1374 486 οἵτινες
1402 423 1496 475 ἀπ’
1531 421 1710 475 αὐτῶν
1736 421 1843 475 τῶν

1949 423 2068 475 dam
2099 435 2197 475 sua
2232 427 2487 474 testatum
2527 418 2763 488 reliquit.
2795 417 2935 484 Quin
2968 417 3278 487 Pamphilus
3292 430 3518 491 martyr,

273 508 599 580 ἑωρακότων
650 508 933 579 Ὠριγένην
976 509 1044 562 τὰ
1074 510 1201 580 περὶ
1238 509 1330 564 τοῦ
1384 511 1575 581 ἀνδρὸς
1604 508 1846 581 ἠκριϐῶ-

273 616 454 665 σαντο,
485 598 755 670 διαϐοήτῳ
802 600 1088 671 μαρτυρίῳ
1130 601 1226 654 τοῦ
1277 601 1394 673 βίου
1446 601 1843 673 ἐξεληλυθέναι,

274 691 360 744 ἐπ’
377 692 546 762 αὐτῆς
571 692 670 761 τῆς
693 692 1028 761 Καισαρείας
1052 693 1245 747 Δεκίου
1275 694 1372 765 τὴν
1398 693 1538 747 κατά
1566 693 1673 747 τῶν
1710 695 1845 764 Χρι-

276 783 505 836 στιανῶν
527 782 781 854 ὠμότητα
812 786 1082 847 πνέοντος.
1119 786 1183 838 Οἱ
1219 785 1276 839 δέ
1317 803 1479 855 φασιν
1522 785 1682 839 αὐτὸν
1743 785 1847 848 ’ἐως

275 872 477 926 Γάλλου
497 876 590 926 καὶ
618 874 970 929 Βολουσιανοῦ
1001 876 1381 948 διαρκέσαντα,
1422 878 1515 931 καὶ
1560 876 1846 947 ἑξηκοστὸν

275 964 492 1020 ἔννατον
524 966 642 1029 ἔτος
672 967 780 1037 τῆς
801 967 1016 1037 ἡλικίας
1043 969 1265 1036 ἄγοντα,
1294 971 1351 1022 ἐν
1402 969 1565 1041 Τύρῳ
1611 969 1706 1022 καὶ
1758 985 1846 1021 τε-

273 1058 556 1129 λευτῆσαι,
590 1061 683 1113 καὶ
724 1065 867 1132 ταφῇ
915 1062 1304 1133 παραδοθῆναι.
1335 1064 1491 1117 Ἔστι
1540 1062 1596 1115 δὲ
1650 1060 1847 1132 μᾶλλον

272 1141 426 1213 οὗτος
451 1153 480 1204 ὁ
505 1152 659 1219 λόγος
682 1151 910 1223 ἀληθὴς,
940 1154 993 1205 εἰ
1015 1169 1079 1223 γε
1104 1154 1158 1206 αἱ
1185 1153 1482 1225 φερόμεναι
1518 1151 1682 1206 αὑτοῦ
1712 1150 1848 1223 μετὰ

271 1242 362 1295 τὸν
394 1242 630 1313 διωγμὸν
657 1242 845 1297 Δεκίου
870 1244 1148 1298 ἐπιστολαὶ
1171 1246 1271 1297 οὐκ
1296 1244 1477 1316 ἔχουσι
1502 1245 1562 1298 τὸ
1588 1245 1844 1298 πλαστόν.

273 1334 480 1398 Παντὸς
509 1334 565 1386 δὲ
592 1334 911 1405 μαθήματος
937 1336 1077 1390 ἰδέαν
1110 1337 1269 1390 αὐτόν
1301 1355 1431 1407 φασι
1464 1338 1555 1391 καὶ
1575 1335 1848 1408 μετελθεῖν

272 1427 366 1485 καὶ
413 1427 700 1481 διδάσκειν.
749 1428 949 1482 Τοῦτον
992 1429 1170 1484 τοίνυν
1211 1430 1301 1484 τὸν
1336 1430 1636 1502 Ὠριγένην,
1666 1430 1723 1483 ὃν
1752 1429 1847 1483 καὶ

283 1518 635 1588 Ἀδαμάντιον
660 1520 1088 1591 ἐπονομάζεσθαι
1114 1540 1295 1592 φασιν,
1327 1524 1408 1576 ὅτι
1468 1523 1847 1593 ἀδαμαντίνοις

269 1609 489 1681 δεσμοῖς
512 1610 750 1681 ἐῴκεσαν
778 1612 872 1676 οὒς
895 1614 959 1667 ἂν
992 1613 1174 1684 δήσειε
1197 1614 1408 1683 λόγους,
1444 1615 1720 1686 ἀκροατὴν
1753 1615 1847 1666 καὶ

268 1700 511 1772 διάδοχον
545 1702 762 1771 λέγουσι
813 1703 1063 1772 γενέσθαι
1104 1705 1422 1777 Κλήμεντος
1450 1706 1545 1759 τοῦ
1584 1708 1845 1778 Στρωμα-

1948 522 2002 569 et
2024 514 2113 567 alii
2152 528 2275 569 cum
2301 528 2366 567 eo
2390 511 2629 582 plurimi,
2648 525 2732 565 res
2762 511 3013 581 Origenis
3042 526 3109 565 ex
3136 509 3241 565 illis
3267 509 3401 580 ipsis
3423 512 3517 581 qui

1949 605 2220 661 hominem
2272 606 2543 669 viderant,
2578 604 2889 657 accuratius
2914 603 3261 671 perscrutati,
3295 610 3521 656 narrant

1948 711 2072 750 eum
2108 695 2306 751 celebri
2331 696 2596 767 martyrio
2627 706 2737 749 tum
2765 697 2874 749 vita
2900 694 3220 758 decessisse,
3250 709 3374 749 cum
3402 693 3519 748 Ca:-

1947 803 2116 843 sarea:
2174 787 2367 842 Decius
2421 803 2573 842 suam
2631 788 2680 841 in
2732 788 3066 842 Christianos
3139 786 3514 842 crudelitatem

1945 878 2263 934 effunderet.
2306 878 2412 931 Alii
2446 888 2622 932 tamen
2653 878 2837 933 volunt
2869 879 2934 930 ad
2964 878 3101 933 Galli
3126 894 3191 933 ac
3240 877 3515 933 Volusiani

1949 983 2117 1038 usque
2142 977 2383 1037 tempora
2412 970 2759 1039 perdurasse,
2791 979 2846 1024 et
2894 970 3285 1039 sexagesimum
3318 983 3515 1024 nouum

1946 1060 2118 1114 aetatis
2140 1074 2342 1113 annum
2370 1068 2621 1128 agentem
2654 1060 2778 1130 Tyri
2818 1069 3113 1123 mortuum,
3140 1060 3192 1113 in
3218 1059 3517 1127 eademque

1945 1151 2079 1205 urbe
2102 1150 2370 1221 sepultum
2404 1151 2503 1222 (8).
2539 1151 2667 1217 Quae
2695 1152 2911 1220 quidem
2945 1152 3121 1207 verior
3153 1152 3388 1205 narratio
3411 1161 3514 1215 est,

1945 1242 1990 1297 si
2020 1242 2177 1298 modo
2200 1258 2472 1313 germanae
2502 1253 2648 1308 sunt,
2672 1259 2795 1313 quae
2813 1245 3085 1307 feruntur,
3109 1243 3351 1313 cpistola:
3373 1243 3516 1298 illius

1947 1345 2068 1406 post
2092 1335 2238 1389 Decii
2270 1336 2697 1404 persecutionem
2733 1336 3074 1405 conscriptae.
3104 1336 3303 1391 Omnes
3336 1344 3515 1391 autem

1944 1426 2165 1480 omnino
2195 1428 2507 1497 disciplinas
2538 1428 2713 1495 ipsqu
2742 1439 2794 1482 et
2831 1428 3160 1497 percepisse,
3184 1438 3239 1482 et
3268 1428 3517 1482 docuisse

1946 1518 2144 1571 ferunt.
2178 1517 2333 1573 Hunc
2368 1519 2493 1573 item
2525 1519 2833 1587 Origenem,
2866 1534 3024 1589 quem
3054 1519 3218 1573 etiam
3244 1518 3516 1572 Adaman-

1946 1611 2076 1661 tium
2110 1610 2547 1678 cognominatum
2587 1625 2654 1662 ex
2710 1624 2775 1665 eo
2814 1610 3051 1675 tradunt,
3078 1609 3219 1678 quod
3280 1608 3515 1662 rationes

1945 1715 2079 1770 quas
2102 1701 2401 1769 colligaret,
2432 1701 2795 1756 adamantinis
2846 1700 3345 1770 quibusdamquasi
3396 1698 3517 1752 vin-

267 1792 424 1857 τέως,
456 1794 664 1847 καὶτοῦ
700 1795 841 1848 κατά
875 1794 974 1865 τὴν
1013 1794 1413 1867 Ἀλεξάνδρειαν
1465 1796 1844 1867 ἐκκλησιαστι-

1949 1792 2080 1847 culis
2139 1808 2244 1847 non
2282 1792 2559 1848 absimiles
2618 1794 2951 1856 viderentur,
3005 1794 3304 1847 auditorem
3346 1793 3515 1847 fuisse

266 1884 365 1949 κοῦ
396 1885 786 1941 διδασκαλείου.
822 1888 1114 1958 Κλήμεντα
1140 1887 1197 1939 δὲ
1253 1887 1549 1941 Πανταίνου
1594 1888 1844 1956 γενέσθαι

266 1976 485 2044 λεγουσι
510 1978 602 2032 καὶ
628 1979 921 2051 ἀκροατὴν,
945 1981 1039 2033 καί¹
1065 1980 1159 2032 τοῦ
1183 1979 1555 2033 διδασκαλείου
1582 1980 1840 2051 διάδοχον

267 2070 565 2123 Πάνταινον
588 2070 664 2134 δὲ,
715 2070 823 2123 τῶν
863 2087 922 2125 τε
962 2071 1086 2135 τοὺς
1142 2070 1468 2135 ἀποστόλους
1525 2071 1847 2143 ἑωρακότων

267 2162 670 2233 ἀκροάσασθαι,
702 2164 763 2214 οὐ
789 2162 897 2233 μὴν
926 2162 1061 2216 ἀλλά
1093 2162 1187 2216 καί
1216 2180 1379 2216 τινων
1408 2163 1583 2216 αὐτῶν
1622 2163 1844 2219 ἐκείνων

265 2253 567 2306 διακοῦσαι.
600 2254 710 2316 Τάς
731 2253 788 2307 δὲ
825 2254 966 2309 κατά
1001 2254 1305 2324 Ὠριγένους
1349 2256 1592 2325 κινήσεις
1637 2255 1845 2309 ἐκεῖθεν

265 2344 515 2413 λέγουσιν
565 2346 857 2417 ἐκρυῆναι·
920 2347 1228 2417 Δημήτριος
1265 2346 1669 2418 ’Δλεξανδρείας
1721 2349 1843 2400 ἐπι-

269 2437 483 2501 σκόπει,
512 2436 570 2500 ὃς
620 2437 898 2508 Ὠριγένην
920 2437 986 2492 δι’
1038 2438 1277 2492 ἐπαίνων
1306 2435 1438 2509 εἶχε,
1464 2440 1558 2492 καὶ
1610 2439 1669 2502 ὲς
1717 2440 1844 2504 τοὺς

268 2528 558 2597 φιλτάτους
586 2528 925 2587 συνέταττεν.
978 2528 1119 2582 Ἀλλ’
1163 2530 1442 2601 Ὧριγένης
1474 2530 1731 2603 ἀπαίρειν
1763 2532 1844 2595 εἰς

276 2618 509 2689 Ἀθήνας
532 2619 700 2689 χωρὶς
731 2619 829 2690 τῆς
882 2618 976 2672 τοῦ
1004 2621 1204 2673 οἰκείου
1245 2620 1467 2693 γνώμης
1520 2622 1839 2690 ἐπισκόπου,

264 2711 348 2772 εἰς
378 2709 744 2780 πρεσϐύτερον
780 2710 840 2762 οὐ
885 2710 1000 2763 δέον
1036 2711 1096 2764 ὃν
1146 2712 1548 2778 ἀναϐιϐάζεται.
1588 2713 1664 2784 (7)
1715 2713 1842 2767 Θεό-

264 2818 456 2865 τεκνος
488 2802 531 2854 δ’
562 2798 649 2872 ἦν,
682 2804 710 2854 ὁ
743 2802 885 2856 κατὰ
916 2804 1254 2875 Καισάρειαν
1279 2804 1376 2876 τὴν
1423 2805 1481 2859 ὲν
1511 2805 1842 2879 Παλαιστίνῃ

264 2892 360 2946 τὸν
407 2894 787 2965 ἀρχιερατικὸν
836 2894 1089 2965 χειρίζων
1134 2894 1318 2965 νόμον,
1347 2898 1376 2948 ὁ
1408 2895 1508 2965 τῆς
1540 2896 1843 2967 Ὤριγὲνους

265 2986 562 3057 αὐτουργὸς
587 2987 939 3058 χειροτονίας,
973 2986 1111 3057 ἔχων
1152 2986 1569 3041 συνευδοκοῦντα
1619 2989 1714 3041 καὶ
1751 2989 1842 3042 τὸν

278 3077 665 3150 Ἰεροσολύμων
710 3077 1074 3149 Ἀλέξανδρον.
1121 3078 1395 3150 Τρέπεται
1424 3079 1512 3133 διὰ
1546 3080 1706 3135 τοῦτο
1746 3083 1842 3152 Δη-
1868 3127 1909 3184 C

272 3170 487 3241 μητρίῳ
515 3170 593 3233 εἰς
622 3172 795 3241 μῖσος,
831 3170 892 3223 τὸ
915 3170 1135 3242 φίλτρον
1153 3188 1166 3201 ο
1194 3172 1289 3225 καί
1321 3174 1368 3225 οἰ
1408 3172 1619 3227 ἔπαινοι
1645 3214 1660 3241 ,
1704 3174 1840 3245 πρὸς

266 3262 395 3325 τοὺς
423 3261 644 3332 ψόγους.
673 3263 785 3316 Καὶ
814 3262 1027 3327 σύνοδος
1050 3262 1356 3334 ἀθροίζεται
1386 3265 1720 3329 ἐπισκόπων,
1746 3268 1843 3321 καί

268 3370 429 3407 τινων
458 3352 860 3426 πρεσϐυτέρων,
900 3353 1041 3408 κατὰ
1094 3356 1419 3427 Ὠριγένους.
1472 3358 1537 3410 Ἠ
1577 3358 1655 3423 δὲ,
1693 3359 1769 3422 ὡς
1813 3360 1842 3412 ό

269 3445 554 3515 Πάμφιλός
608 3462 762 3517 φησι,
818 3445 1160 3517 ψηφίζεται,
1199 3450 1529 3519 μεταστῆναι
1587 3451 1684 3521 μὲν
1734 3450 1842 3504 ἀπὸ

282 3536 685 3609 Ἀλεξανδρείας
720 3537 812 3590 τὸν
858 3538 1159 3610 Ὠριγένην,
1189 3541 1284 3593 καὶ
1309 3542 1445 3611 μήτε
1470 3541 1762 3613 διατρίϐειν
1784 3544 1842 3596 ὲν

270 3630 428 3700 αὐτῇ,
458 3629 595 3699 μήτε
616 3628 907 3682 διδάσκειν.
942 3629 1054 3699 Τῆς
1101 3630 1282 3699 μέντοι
1311 3630 1407 3685 τοῦ
1449 3633 1841 3706 πρεσϐυτερίου

268 3721 435 3790 τιμῆς
468 3718 720 3791 οὐδαμῶς
758 3721 1203 3793 ἀποκεκινῆσθαι.
1248 3724 1387 3777 Ἀλλ’
1412 3725 1505 3793 ὅγε
1534 3709 1843 3797 Δημῆτριος

272 3811 388 3882 ἅμα
414 3812 555 3865 τισὶν
588 3811 905 3876 ἐπισκόποις
933 3813 1274 3881 Αἰγυπτίοις,
1306 3814 1518 3886 καὶτῆς
1545 3816 1845 3891 ἰερωσύνης

271 3900 611 3977 ἀπεκήρυξε,
634 3904 1160 3975 συνυπογραψάντων
1181 3908 1275 3959 καὶ
1322 3909 1387 3979 τῇ
1424 3908 1692 3977 ἀποφάσει
1735 3910 1845 3965 τῶν

275 3996 581 4067 συμψήφων
609 3995 758 4066 αὑτῷ
788 3997 1189 4069 γεγενημένων.
1216 3999 1622 4069 Φυγαδευθέντα
1666 4000 1723 4054 δὲ
1753 4001 1846 4055 τὸν

286 4088 566 4159 Ὠριγένην
600 4088 696 4159 τῆς
729 4087 1151 4160 Ἀλεξανδρείας,
1196 4089 1483 4155 Θεότεκνος
1506 4094 1535 4145 ό
1560 4092 1845 4146 Παλαιστί⁴

274 4198 391 4252 νης,
416 4180 665 4250 ἀσμένως
696 4196 754 4232 τε
776 4179 980 4246 διάγειν
1008 4182 1065 4233 ὲν
1090 4181 1729 4254 Καισαρείᾳὺπεδέξατο,
1754 4184 1847 4237 καὶ

274 4272 371 4326 τοῦ
396 4272 665 4326 διδάσκειν
688 4273 862 4326 πᾶσαν
886 4272 1133 4338 ἐξουσίαν
1155 4275 1469 4347 ἐνεχείρισε.
1499 4275 1608 4328 Καὶ
1627 4275 1725 4339 τὰς
1750 4276 1847 4347 μὲν

279 4364 458 4427 αἰτίας
505 4364 564 4430 ἐξ
624 4356 699 4417 ὧν
749 4364 944 4434 συνέϐη
982 4364 1081 4428 τὰς
1130 4365 1381 4430 διαϐολὰς
1432 4368 1729 4439 ἐκραγῆναι
1770 4368 1847 4438 τῷ

287 4455 577 4526 Ὠριγένει,
605 4454 807 4518 ταύτας
834 4456 987 4526 φησί.
1022 4473 1042 4506 ι
1071 4457 1237 4510 Aiunt
1292 4457 1456 4527 igitur
1516 4457 1849 4529 (Pamphilus

278 4558 335 4602 et
370 4544 655 4610 Eusebius)
700 4543 988 4615 Origenem
1040 4544 1225 4600 Severi
1280 4547 1409 4614 imp.
1471 4548 1848 4615 persecutione

279 4639 535 4696 Leonidae
590 4638 731 4706 patri
781 4638 1041 4707 scriptum
1075 4636 1312 4703 misisse,
1339 4652 1446 4709 quo
1497 4639 1562 4692 ad
1604 4638 1845 4709 martyrii

280 4733 615 4789 curriculum
641 4748 765 4788 eum
794 4741 1088 4788 exacueret
1126 4750 1140 4788 :
1171 4742 1226 4787 et
1262 4748 1390 4787 sane
1417 4733 1652 4788 stadium
1694 4731 1847 4787 forti-

281 4838 367 4881 ter
405 4827 700 4881 decurrens
731 4824 818 4878 ille
849 4824 1093 4879 bravium
1124 4823 1355 4894 accepit.
1393 4823 1614 4878 Addunt
1653 4824 1850 4892 ipsum-

278 4929 391 4975 met
415 4919 704 4989 Origenem
734 4932 947 4972 summo
979 4917 1160 4971 studio
1203 4916 1343 4970 idem
1377 4925 1652 4971 certamen
1676 4914 1850 4970 susci-

277 5026 408 5079 pere
439 5018 690 5065 conatum
720 5007 910 5072 fuisse,
948 5009 1043 5062 sed
1080 5016 1308 5060 matrem
1336 5005 1592 5075 impetum
1617 5004 1701 5060 vel
1730 5006 1846 5075 ipso

276 5101 450 5161 invito
492 5100 819 5154 refrenasse.
875 5097 1028 5164 Quod
1094 5097 1267 5167 ipsum
1304 5098 1431 5151 item
1454 5096 1678 5167 epistola
1713 5112 1844 5167 qua-

1944 1885 2233 1940 Clementis
2258 1885 2396 1953 ejus,
2430 1887 2520 1953 qui
2547 1884 2886 1939 Stromateus
2906 1885 3082 1938 dictus
3113 1894 3215 1947 est,
3240 1882 3513 1951 ejusdem-

1942 1991 2046 2045 que
2083 1977 2134 2029 in
2198 1976 2533 2030 catechetica
2567 1974 2772 2041 schola,
2826 1991 2947 2043 quae
2988 1976 3329 2030 Alexandria:
3373 1984 3513 2041 erat,

1943 2082 2335 2123 successorem.
2405 2067 2738 2123 Clementem
2799 2083 2965 2137 porro
3036 2067 3276 2122 Pantaeni
3345 2068 3514 2123 fuisse

1942 2159 2284 2228 discipulum,
2315 2159 2622 2229 scholteque
2646 2174 3061 2215 successorem:
3109 2166 3164 2213 ct
3195 2158 3511 2214 Pantaenum

1942 2267 2155 2307 rursum
2190 2251 2257 2306 iis
2275 2266 2430 2306 usum
2458 2251 2752 2321 magistris,
2776 2251 2867 2320 qui
2902 2250 3174 2319 apostolos
3198 2250 3462 2305 vidissent
3493 2269 3509 2307 ι

1943 2344 2070 2413 quin
2102 2352 2157 2397 et
2189 2342 2401 2397 illorum
2440 2342 2730 2398 nonnullos
2771 2343 3031 2398 audiisse.
3060 2341 3327 2396 Caeterum
3388 2342 3514 2397 hinc

1942 2435 1996 2490 in
2022 2432 2308 2505 Origenem
2334 2434 2625 2490 excitatam
2678 2448 2896 2489 omnem
2945 2442 3321 2503 tempestatem
3366 2449 3517 2489 com-

1941 2535 2243 2582 memorant
2271 2541 2287 2579 :
2322 2526 2628 2582 Demetrius
2643 2525 2983 2581 Alexandria:
3004 2524 3200 2595 praesul
3224 2526 3511 2595 Origenem

1941 2620 2166 2675 multum
2206 2619 2451 2682 laudans,
2499 2619 2553 2673 in
2595 2618 2779 2687 paucis
2812 2618 3193 2673 charissimam
3255 2619 3509 2676 habebat.

1940 2712 2011 2767 At
2052 2727 2171 2767 cum
2199 2712 2288 2766 hic
2315 2712 2516 2780 absque
2581 2711 2718 2765 bona
2764 2709 3001 2779 episcopi
3063 2710 3218 2764 venia
3272 2709 3513 2766 Athenas

1943 2803 2279 2876 profecturus
2302 2810 2467 2869 esset,
2497 2802 2866 2865 Theotecnus,
2895 2801 3158 2856 Cmsareae
3207 2801 3513 2856 Palaestina:

1944 2906 2054 2950 tum
2108 2895 2549 2964 archiepiscopus
2578 2933 2593 2959 ,
2638 2907 2793 2948 secus
2843 2907 2965 2947 eum
3015 2908 3174 2961 quam
3215 2904 3509 2962 oporteret,

1944 2988 2312 3057 presbyterum
2343 2986 2634 3050 ordinavit,
2664 3000 2769 3038 non
2810 2983 3149 3054 improbante
3181 2984 3383 3038 factum
3411 2985 3511 3039 hoc

1942 3079 2247 3134 Alexandro
2265 3078 2722 3145 Jerosolymorum
2751 3076 3024 3146 episcopo.
3069 3075 3206 3131 Hinc
3237 3076 3513 3131 Demetrio

1945 3186 2096 3226 amor
2127 3171 2181 3226 in
2208 3170 2390 3225 odium
2438 3170 2621 3233 vertit,
2655 3169 2948 3239 laudesque
2978 3184 3100 3223 mox
3131 3185 3251 3222 cum
3300 3168 3511 3236 vitupe-

1948 3264 2154 3318 ratione
2180 3272 2543 3317 commutatae.
2579 3261 2827 3332 Synodus
2859 3263 3084 3331 insuper
3134 3263 3512 3330 episcoporum

1944 3364 2148 3419 coacta,
2184 3364 2239 3408 et
2266 3355 2705 3424 presbyterorum
2730 3354 3090 3423 quorumdam
3118 3363 3305 3407 contra
3333 3353 3516 3423 Orige-

1947 3461 2069 3499 uem
2102 3462 2117 3502 :
2150 3461 2290 3515 quae,
2319 3455 2377 3499 ut
2420 3444 2729 3515 Pamphilus
2783 3444 2979 3510 refert,
3032 3446 3308 3499 decretum
3364 3445 3513 3513 fecit,

1947 3538 2271 3593 Alexandria
2299 3537 2514 3608 quidem
2547 3536 2850 3606 pellendum
2899 3536 3209 3607 Origenem,
3260 3550 3431 3605 neque
3458 3536 3511 3593 iu

1949 3646 2011 3685 ea
2045 3630 2247 3685 versari
2300 3638 2393 3683 aut
2450 3631 2643 3684 docere
2696 3630 3156 3699 permittendum;
3221 3628 3512 3684 sacerdotii

1955 3734 2135 3776 tamen
2166 3720 2426 3789 dignitate
2449 3734 2787 3789 nequaquam
2823 3719 3269 3775 submovendum.
3314 3717 3513 3775 Verum

1954 3812 2255 3867 Demetrius
2309 3826 2413 3865 una
2453 3827 2573 3866 cum
2619 3810 2839 3882 IEgypti
2870 3812 3140 3880 episcopis
3162 3810 3399 3879 aliquot,
3438 3825 3518 3863 sa.

1950 3905 2190 3960 cerdotio
2234 3918 2447 3973 quoque
2498 3902 2647 3957 illum
2702 3901 3008 3971 abjudicat,
3052 3902 3518 3957 subscribentibus

1950 3997 2110 4050 etiam
2149 3995 2331 4051 edicto
2385 3994 2548 4062 huic,
2598 4001 2865 4063 quotquot
2918 4001 3075 4047 antea
3134 3991 3410 4062 sulfragati
3467 3993 3517 4048 ei

1952 4089 2199 4143 fuissent.
2236 4087 2309 4141 lla
2334 4087 2501 4157 igitur
2534 4087 2857 4141 Alexandria
2909 4086 2959 4140 in
3005 4087 3253 4141 exsilium
3306 4085 3516 4156 pulsum

1951 4180 2257 4251 Origenem,
2295 4178 2635 4235 Theotecnus
2657 4178 2954 4233 Palaestina;
2971 4179 3256 4249 episcopus
3287 4178 3520 4232 libenter

1953 4272 2211 4327 Cazsareae
2240 4280 2295 4325 et
2338 4271 2536 4337 degere
2555 4269 2738 4339 jussit,
2774 4280 2828 4325 et
2849 4271 2919 4326 de
2968 4271 3250 4339 superiore
3283 4269 3402 4325 loco
3432 4269 3521 4323 do-

1953 4365 2107 4419 cendi
2157 4372 2478 4434 potestatem
2513 4362 2663 4417 fecit.
2694 4363 2803 4417 llas
2832 4363 2919 4417 ille
2973 4378 3162 4417 causas
3221 4362 3395 4426 all'ert,
3452 4375 3520 4416 ex

1881 4490 1924 4549 υ
1954 4454 2147 4523 quibus
2170 4468 2360 4509 omnes
2392 4454 2494 4508 illa;
2542 4454 2829 4509 calumniae
2877 4455 2929 4506 in
2985 4452 3268 4523 Origenem
3323 4467 3521 4522 erupe-

1954 4549 2085 4617 ript.
2137 4564 2157 4598 ι
2224 4545 2493 4601 Przeterea
2547 4544 2813 4599 Eusebius
2864 4543 3003 4598 Hist.
3036 4544 3131 4597 lib.
3170 4559 3244 4607 vr,
3283 4559 3403 4613 cap.
3430 4543 3520 4610 36,

1953 4638 2133 4692 dicere
2161 4636 2373 4691 videtur
2407 4650 2467 4691 se
2492 4635 2545 4690 in
2576 4645 2732 4690 sexto
2769 4636 2926 4705 hujus
2960 4635 3227 4705 Apologia:
3249 4636 3385 4690 libro
3410 4637 3523 4706 epi-

1952 4729 2141 4794 stolas,
2166 4743 2302 4798 quas
2326 4728 2393 4782 ad
2437 4726 2735 4782 Fabianum
2768 4742 2961 4797 papam
3013 4736 3066 4782 et
3104 4728 3171 4781 ad
3219 4728 3523 4797 complures

1953 4821 2091 4877 alios
2132 4820 2497 4876 Ecclesiarum
2552 4820 2826 4875 antistites
2857 4820 2924 4874 de
2969 4829 3116 4874 recta
3144 4819 3268 4873 ﬁdei
3300 4834 3412 4873 sua:
3440 4834 3525 4871 ra-

1954 4915 2099 4968 tione
2137 4912 2399 4983 Origenes
2445 4914 2766 4981 scripserat,
2811 4913 3106 4966 inseruisse
3150 4930 3163 4966 :
3211 4911 3416 4982 Γράφει
3468 4910 3527 4971 δὲ

1954 5005 2049 5059 καὶ
2071 5003 2320 5074 Φαϐιανῷ
2338 5003 2418 5075 τῷ
2443 5004 2585 5058 κατὰ
2623 5002 2842 5074 Ῥώμην
2873 5002 3155 5074 ὲπισκόπῳ
3184 5043 3199 5067 ,
3235 5003 3439 5073 ἑτέροις
3467 5018 3528 5055 τε

1951 5096 2223 5160 πλείστοις
2250 5097 2510 5168 ἄρχουσιν
2554 5095 2910 5168 Ἐκκλησιῶν,
2942 5096 3068 5167 περὶ
3093 5095 3193 5166 τῆς
3216 5096 3333 5149 κατ’
3367 5093 3529 5148 αὑτὸν

278 5216 381 5280 lus,
413 5225 597 5283 utpote
645 5216 947 5285 praecipuus
1003 5215 1186 5283 operis
1216 5223 1435 5278 auctor;
1492 5213 1574 5268 vel
1626 5213 1853 5269 Photius
1961 5213 2196 5285 ciatibus
2225 5228 2288 5266 ac
2315 5214 2555 5285 miseriis
2589 5212 2641 5266 iu
2696 5212 2843 5285 Decii
2898 5210 3367 5285 lanienaelisum,
3415 5223 3525 5265 non

277 5287 529 5342 fortassis
557 5288 809 5353 deceptus
827 5294 912 5339 est
936 5285 1176 5353 martyrii
1204 5286 1387 5347 verbo,
1419 5284 1559 5353 quod
1587 5286 1651 5337 de
1677 5285 1851 5337 omni-

280 5358 379 5413 bus
399 5372 496 5424 pro
522 5356 641 5409 ﬁdei
677 5355 904 5408 veritate
935 5355 1178 5409 toleratis
1210 5355 1544 5409 cruciatibus
1595 5365 1739 5409 recte
1770 5355 1850 5408 di-

281 5429 442 5491 citur,
496 5426 744 5494 quamvis
803 5425 916 5493 ipsa
977 5440 1081 5478 non
1127 5434 1386 5491 sequatur
1417 5440 1564 5478 mors
1588 5425 1682 5494 (eo
1704 5427 1845 5477 enim

282 5512 441 5552 sensu
470 5492 527 5548 in
562 5494 792 5549 Deciana
820 5492 1002 5562 strage
1033 5498 1352 5563 martyrium
1388 5495 1618 5547 subiisse
1652 5492 1838 5563 Orige-

283 5582 405 5622 nem
434 5578 578 5619 recte
601 5574 778 5633 potest
810 5564 978 5633 dici);
1012 5563 1095 5617 vel
1151 5566 1408 5617 memoria
1454 5564 1633 5631 lapsus
1686 5564 1845 5617 Patu-

280 5636 429 5704 pltilo
462 5632 626 5689 etiam
658 5634 844 5688 tribuit
868 5632 1008 5701 quod
1039 5635 1107 5687 ab
1132 5632 1252 5687 aliis
1280 5635 1671 5695 tantummodo,
1710 5649 1846 5704 quos

281 5703 691 5767 commemorat,
724 5704 955 5758 fortasse
970 5704 1179 5773 dictum
1209 5714 1294 5758 est
1316 5726 1325 5757 :
1349 5704 1428 5757 vel
1460 5705 1690 5773 denique
1714 5703 1843 5757 illud

286 5778 548 5839 duntaxat
578 5773 801 5851 intelligi
839 5772 1006 5831 voluit
1027 5774 1360 5847 Pamphilus,
1407 5773 1694 5843 Origeucm
1724 5788 1844 5833 cru-

1959 5282 2117 5352 longe
2153 5294 2338 5352 postea
2388 5284 2587 5339 vixisse
2635 5303 2651 5337 :
2701 5283 2841 5352 quod
2911 5281 3129 5337 Eusebii
3179 5280 3359 5335 verbis
3420 5295 3525 5333 non

1957 5365 2242 5421 repugnat.

2144 5424 2487 5488 Θεότεκνος.
2512 5423 2821 5494 Legendum
2850 5422 3061 5475 videtur
3111 5421 3201 5475 hic
3252 5430 3306 5474 et
3365 5417 3525 5489 infra,

2058 5511 2294 5546 κτιστος.
2328 5495 2403 5546 lta
2433 5495 2574 5546 enim
2598 5503 2821 5546 vocatur
2846 5493 2913 5546 ab
2949 5492 3176 5544 Eusebio
3212 5489 3415 5543 Histor.
3438 5502 3525 5541 et:-

1954 5489 2294 5557 Θεόκτιστος.
2328 5495 2403 5548 lta
2433 5495 2574 5548 enim
2592 5489 2821 5546 'vocatur
2846 5493 2913 5546 ab
2949 5492 3176 5544 Eusebio
3212 5489 3415 5543 Histor.
3438 5502 3526 5541 et:-

1954 5568 2076 5617 cles.
2108 5566 2199 5617 lib.
2222 5580 2293 5628 vr,
2324 5579 2445 5632 cap.
2475 5564 2541 5616 27
2578 5572 2633 5617 et
2661 5563 2751 5625 46,
2787 5576 2885 5616 nec
2937 5576 3040 5632 non
3080 5563 3147 5615 ab
3201 5559 3528 5629 Hieronymo

1955 5632 2047 5687 lib.
2083 5633 2158 5686 De
2182 5631 2425 5702 scriptor.
2451 5634 2767 5697 ecclesiast,
2793 5647 2911 5701 cap.
2949 5631 3036 5683 54.

2023 5703 2100 5775 (8)
2132 5695 2467 5776 llieronym.,
2496 5702 2569 5758 De
2598 5695 2836 5772 scriptor.
2860 5695 3173 5766 'ecctcsiash,
3196 5714 3314 5768 cap.
3336 5695 3423 5755 54.
