3884 6218
396 287 500 342 559

1596 294 1654 350 S.
1698 292 2022 351 PAMPllILl
2064 295 2422 352 MARTYRIS

3531 298 3634 356 540

395 404 719 477 ὀρθοδοξίας·
740 405 882 476 ἔχεις
911 407 1003 459 καὶ
1029 407 1233 461 τούτων
1262 409 1359 473 τὰς
1384 410 1707 477 ἀποδείξεις,
1741 415 1797 465 ἐν
1826 414 1945 485 ἕκτᾳ

2069 424 2124 468 et
2153 415 2379 467 adversa
2422 411 2543 467 ﬁdei
2572 420 2921 466 astruentem.
2952 410 3168 465 Littera:
3220 411 3379 467 verba
3414 413 3633 467 tradunt

394 497 494 568 τῆς
541 500 845 569 γραφείσης
902 502 1034 569 ἡμῖν
1087 502 1213 570 περὶ
1261 502 1355 554 τοῦ
1401 502 1591 573 ἀνδρὸς
1646 505 1959 573 ἀπολογίας.

396 586 688 642 Testantur
717 592 879 644 etiam
946 592 1199 646 Socrates
1237 591 1375 645 Ilist.
1404 594 1497 648 lib.
1533 610 1605 660 tv,
1640 610 1757 665 cap.
1790 596 1879 661 27,
1909 607 1963 650 et

394 680 729 748 Nicephorus
759 682 850 735 lib.
882 700 958 745 χι,
990 699 1110 752 cap.
1150 685 1235 749 £9,
1273 684 1421 739 hisce
1462 687 1614 741 libris
1649 688 1959 756 adjunctam

394 785 515 825 esse
552 772 610 826 S.
634 771 879 841 Gregorii
908 774 1298 847 Thaumaturgi
1344 781 1714 849 panegyricum
1762 781 1961 834 oratio-

394 880 529 925 nem,
567 879 727 932 quam
754 865 842 919 ille
870 866 935 919 ab
960 867 1197 935 Origene
1221 869 1503 924 discedens
1527 871 1578 923 in
1609 869 1725 937 ejus
1751 871 1959 926 laudem

393 960 715 1023 composuit.
744 957 991 1024 Ruﬁnus,
1017 971 1073 1013 ut
1096 959 1207 1025 jam
1258 961 1519 1025 diximus,
1552 962 1642 1017 lib.
1672 963 1958 1017 tadversus

394 1044 791 1116 Hieronymum,
830 1050 961 1104 dicit
995 1052 1047 1105 in
1083 1053 1183 1106 hac
1207 1052 1461 1121 Apologia
1492 1055 1575 1121 agi
1619 1057 1686 1109 de
1710 1054 1820 1109 fato
1861 1069 1956 1110 seu

392 1140 641 1195 mathesi.
671 1140 984 1212 Anonymus
1018 1154 1210 1197 auctor
1242 1158 1269 1196 a
1302 1144 1365 1197 Β.
1424 1144 1486 1199 Ρ.
1545 1144 1698 1215 Lupo
1756 1147 1954 1211 editus,

392 1229 558 1284 refert
606 1231 945 1299 Pamphilum
999 1248 1335 1305 martyrem,
1387 1245 1440 1291 et
1502 1239 1791 1293 Eusebium
1860 1258 1959 1309 pro

391 1322 814 1388 praeexsistentia
853 1331 907 1376 et
936 1326 1276 1379 restitutione
1331 1327 1516 1383 multis
1572 1329 1724 1385 valde
1758 1346 1957 1399 praece-

390 1414 628 1467 dentium
663 1414 879 1468 Patrum
909 1417 1232 1471 testimoniis
1261 1433 1389 1473 usos
1424 1435 1565 1474 esse.
1618 1421 1770 1475 Alter
1801 1423 1953 1477 deni-

388 1518 492 1571 que
520 1520 816 1575 anonymus
847 1522 875 1560 a
902 1506 1193 1563 Sirmundo
1218 1511 1393 1563 editus
1430 1512 1527 1565 sub
1562 1514 1777 1567 nomine
1806 1512 1956 1567 Prce-

386 1596 653 1660 destinali,
681 1613 837 1666 quem
880 1599 969 1653 alii
1000 1601 1297 1654 Arnobium
1332 1601 1602 1669 jttuinrem
1630 1642 1647 1669 ,
1693 1605 1781 1659 alii
1839 1606 1954 1660 Pri-

388 1686 614 1738 masium
648 1702 766 1741 esse
806 1689 1138 1754 existimant,
1206 1692 1257 1745 in
1300 1693 1393 1746 lib.
1445 1709 1460 1747 t
1520 1694 1592 1748 De
1645 1697 1949 1761 Itwresibus,

389 1778 574 1833 Incresi
609 1794 744 1841 xm,
782 1794 900 1853 qua:
936 1790 1019 1834 est
1066 1782 1446 1851 Apellitarum,
1489 1786 1559 1838 ita
1594 1787 1664 1839 ait
1701 1802 1714 1838 :
1789 1806 1807 1838 ι
1848 1787 1955 1841 llos

385 1868 646 1938 Origenes
676 1871 747 1925 ita
804 1871 1041 1939 perfecte
1093 1873 1388 1941 superavit,
1418 1885 1477 1928 ut
1539 1892 1724 1930 eorum
1793 1894 1953 1931 causa

385 1961 730 2032 περιοδευτὴς
757 1962 1061 2032 (circuitor)
1087 1963 1262 2028 ﬁeret,
1295 1974 1346 2018 et
1376 1981 1469 2034 per
1505 1966 1743 2035 singulas
1791 1984 1955 2038 quas-

385 2069 489 2119 que
520 2054 680 2107 urbcs
716 2069 812 2121 per
837 2054 1108 2109 Orientem
1133 2058 1309 2111 eundo
1356 2058 1694 2126 praedicaret.
1728 2060 1791 2112 Et
1829 2061 1953 2130 quia

385 2139 794 2195 innumerabilia
850 2152 975 2196 sunt
1006 2152 1361 2197 tractatorum
1386 2145 1501 2214 ejus
1528 2146 1825 2213 volumina,
1852 2151 1955 2203 lia:-

385 2229 540 2285 retici
572 2232 807 2299 superati
841 2232 1009 2286 libros
1040 2232 1154 2298 ejus
1186 2235 1252 2287 ad
1300 2251 1424 2296 suos
1458 2236 1637 2291 libitus
1670 2238 1953 2294 callidissi-

384 2338 468 2375 nta
497 2325 963 2393 argumentatione
994 2334 1295 2390 mutarunt,
1334 2338 1546 2395 utquos
1583 2330 1781 2383 vellent
1809 2332 1952 2384 deci-

383 2430 529 2483 pere,
562 2415 807 2470 dicerent
874 2418 945 2471 ita
1002 2418 1287 2487 Origenetn
1343 2420 1456 2474 suis
1512 2420 1950 2489 Expositionibus

381 2503 658 2559 deﬁnisse.
705 2505 854 2560 Unde
889 2508 1199 2577 quicunque
1227 2524 1396 2577 usque
1444 2509 1607 2564 hodie
1660 2510 1947 2577 Origenetu

382 2595 529 2665 legit,
554 2597 598 2651 si
635 2598 881 2665 prudenti
913 2613 1034 2653 eum
1064 2601 1211 2654 novit
1245 2601 1562 2656 recitatione
1594 2602 1947 2674 distinguere,

378 2687 736 2756 deprehendit
764 2690 877 2745 loca
900 2695 967 2747 ab
1007 2694 1274 2750 haereticis
1309 2696 1595 2750 maculata.
1659 2696 1812 2763 Quod
1872 2698 1945 2752 ita

378 2793 502 2834 esse
530 2792 747 2837 sanctus
774 2784 1091 2855 Pamphilus
1124 2798 1330 2859 martyr
1356 2791 1405 2843 in
1455 2804 1551 2843 suo
1610 2790 1945 2860 Apologetico

378 2870 693 2929 declaravit.
738 2894 756 2927 ι
791 2876 857 2932 Ει
890 2878 1082 2935 haeresi
1114 2896 1271 2949 mn,
1324 2891 1610 2951 postquam
1642 2881 1779 2935 dixit
1836 2893 1946 2939 tres

380 2960 544 3019 fuisse
572 2963 850 3035 Origenes,
881 2985 1043 3025 unum
1090 2971 1286 3043 Syrutn
1323 2974 1824 3039 sceleratissimum,
1855 2976 1943 3044 qui

378 3056 555 3123 turpia
584 3056 847 3123 docuerit,
879 3060 1106 3115 alterum
1138 3062 1227 3132 qui
1279 3072 1332 3118 et
1364 3074 1694 3119 mortuorum
1765 3080 1945 3122 resur-

379 3147 668 3201 rectionem
690 3152 938 3220 negabat,
966 3162 1021 3207 et
1042 3152 1240 3209 Christi
1267 3164 1572 3210 creaturam
1600 3170 1720 3212 esse
1768 3157 1942 3228 Spiri-

379 3245 489 3289 tum
540 3250 787 3294 sanctqu
822 3243 1065 3309 dicebat,
1122 3246 1427 3314 paradisum
1461 3256 1638 3301 autem
1670 3256 1724 3302 et
1776 3250 1945 3305 etnlos

375 3328 663 3398 allegorice
714 3332 855 3387 dicta
890 3350 1013 3390 esse
1068 3336 1392 3403 alIirmabat,
1462 3339 1577 3393 base
1627 3339 1941 3411 subjungit:

379 3436 400 3470 ι
432 3417 496 3473 lli
530 3422 634 3475 duo
662 3422 925 3490 Origenes
945 3441 1108 3495 prava
1140 3443 1365 3498 quaeque
1410 3430 1765 3499 scripserunt.
1820 3431 1941 3488 Haa-

377 3512 527 3565 retici
556 3525 608 3567 et
643 3517 883 3583 perversi
932 3519 1180 3575 doctores
1208 3530 1393 3575 nostro
1421 3521 1639 3591 Origeni
1676 3523 1943 3578 catholico

377 3606 654 3659 tractatori
688 3607 1043 3674 miscuerunt,
1074 3611 1536 3680 utadimpleretur
1565 3614 1707 3682 quod
1747 3614 1943 3668 dicitur

375 3709 403 3747 a
457 3694 681 3751 Domino
723 3698 777 3752 in
830 3700 1195 3771 Evangeliis”
1231 3722 1243 3757 :
1280 3702 1471 3757 Nonne
1528 3705 1719 3758 bonum
1769 3722 1941 3759 semen

371 3786 641 3840 seminasti
697 3789 749 3842 in
804 3807 930 3860 agro
981 3794 1111 3846 tuo?
1163 3792 1312 3848 Unde
1368 3810 1490 3864 ergo
1522 3796 1632 3850 hare
1680 3796 1943 3853 zizania.’

372 3874 475 3939 Qui
528 3881 838 3946 respondens
871 3884 946 3936 ait
1020 3903 1039 3941 :
1091 3884 1347 3939 Inimicus
1402 3888 1557 3940 homo
1610 3886 1722 3940 lucc
1779 3887 1925 3957 fecit.

370 3967 492 4021 Ideo
526 3972 668 4023 enim
710 3973 998 4043 Origeuem
1064 3977 1304 4046 legentes
1357 3979 1662 4033 invenimus
1709 3980 1936 4035 catholi-

369 4073 511 4124 cum,
544 4071 597 4115 et
624 4075 809 4119 contra
843 4067 1082 4124 haereses
1121 4070 1465 4123 dimicantem
1498 4078 1551 4123 et
1578 4070 1884 4123 vincentem
1919 4088 1934 4126 :

369 4148 659 4209 identidem
688 4157 924 4225 legentes
952 4159 1239 4230 Origenem
1273 4161 1575 4215 invenimus
1599 4162 1933 4229 hiercticum,

437 4267 481 4299 ⁸³
507 4267 691 4324 Matth.
730 4288 846 4337 xm,
882 4274 971 4337 27,
1002 4274 1093 4327 ‘28.

376 4397 1346 4431 mh:

2065 515 2117 558 et
2150 519 2342 557 sensus
2383 519 2398 557 :
2434 503 2476 556 si
2510 512 2728 571 possent
2761 512 2813 556 et
2838 502 3011 555 facies
3053 502 3379 570 loquentium
3407 504 3631 559 demon-

2064 604 2259 658 strare,
2303 608 2543 647 errorem
2576 593 2755 646 nullus
2802 602 3013 662 poterat
3046 593 3111 646 de
3138 609 3366 660 persona
3393 597 3631 649 doctoris

2065 686 2366 744 incurrere.
2397 685 2530 738 Nam
2560 697 2615 738 et
2645 684 2773 737 illud
2812 686 3111 738 cavendum
3147 696 3249 749 est,
3307 687 3444 753 quod
3499 692 3630 740 Atii-

2063 775 2331 843 pulliauus
2362 777 2576 843 quidam
2610 774 2999 829 literesiarcbes
3028 773 3329 844 Bythinius,
3354 777 3442 844 qui
3471 778 3631 830 doce-

2061 871 2153 925 bat
2192 878 2309 937 post
2366 867 2650 936 Origeuem
2720 866 3013 921 Ecclesium
3078 868 3193 921 Dei.
3257 866 3354 922 llic
3402 870 3629 923 incurrit

2063 960 2223 1013 talem
2272 959 2529 1013 ltmresetu
2552 999 2567 1024 ,
2598 967 2657 1011 ut
2687 957 2891 1012 diceret
2916 973 3106 1013 omnes
3149 958 3472 1015 criminosus
3506 976 3627 1014 cum

2060 1050 2273 1105 diabolo
2296 1061 2349 1105 et
2372 1050 2653 1105 daemoniis
2683 1064 2747 1103 eo
2790 1066 2958 1119 usque
2985 1053 3035 1105 itt
3076 1052 3320 1120 gehenna
3378 1054 3627 1122 decoqui,

2060 1156 2339 1211 usqttequo
2394 1142 2512 1209 puri
2564 1141 2752 1195 redditi
2804 1143 3010 1208 possint
3062 1145 3181 1198 inde
3205 1154 3259 1198 et
3302 1145 3627 1199 immaculati

2058 1233 2264 1298 egredi,
2294 1232 2359 1283 ad
2387 1232 2483 1285 hoc
2516 1230 2656 1298 quod
2688 1240 2845 1283 antea
2873 1230 3089 1283 fuerant
3114 1232 3272 1285 alieni
3303 1248 3329 1283 a
3350 1232 3498 1298 culpa
3531 1246 3629 1285 suo

2060 1323 2251 1376 iterum
2294 1322 2542 1376 Creatori
2578 1323 2805 1376 restitui.
2855 1322 2981 1389 Hic,
3018 1324 3143 1376 duttt
3192 1335 3510 1393 argueretur
3560 1326 3628 1379 ab

2057 1413 2318 1477 Ecclesia,
2360 1413 2525 1482 coepit
2552 1412 2795 1479 proferre
2825 1413 2991 1468 libros
3024 1415 3273 1483 Origcnis
3294 1454 3309 1479 ,
3332 1431 3467 1484 quos
3512 1416 3627 1485 ipse

2056 1506 2365 1573 vitiaverat,
2388 1515 2443 1560 et
2472 1508 2651 1561 dicere
2678 1526 2692 1562 :
2730 1508 2865 1562 Ecce
2887 1508 3012 1577 quia
3035 1506 3294 1575 Origenes
3327 1509 3397 1560 ita
3434 1509 3623 1573 sensit,

2057 1608 2109 1651 et
2133 1599 2402 1667 praecipue
2430 1599 2483 1651 in
2510 1608 2745 1670 quatuor
2770 1600 2906 1667 Hepl
2925 1597 3124 1667 ἀρχῶν
3148 1598 3324 1654 libris.
3374 1599 3477 1653 Sed
3530 1600 3623 1668 qui

2056 1692 2170 1745 sani
2205 1706 2395 1745 sensus
2420 1701 2523 1755 est,
2555 1703 2609 1744 et
2640 1691 2802 1745 habet
2831 1693 3027 1744 mentis
3071 1690 3384 1759 splendidos
3412 1690 3621 1751 oculos,

1990 1768 2030 1819 Β
2059 1781 2137 1834 sic
2168 1781 2307 1833 videt
2343 1780 2522 1834 addita
2555 1780 2608 1833 in
2662 1778 2914 1849 Origeuis
2980 1780 3255 1849 opusculis
3312 1780 3450 1832 mala
3497 1780 3621 1843 ista,

2058 1882 2220 1941 atque
2247 1873 2544 1942 cognoscit,
2581 1872 2721 1925 sicut
2753 1873 2805 1925 iu
2840 1873 3085 1942 stragulo
3133 1872 3388 1926 coccineo
3419 1888 3624 1940 pannos

2056 1958 2228 2023 albos,
2264 1971 2356 2013 aut
2385 1958 2649 2029 cujusque
2671 1960 2899 2015 alterius
2930 1961 3130 2016 colorls
3161 1970 3349 2016 cernat
3384 1972 3620 2016 assutos.

2055 2050 2206 2116 Quod
2240 2051 2311 2103 ita
2351 2065 2473 2105 esse
2495 2060 2717 2106 sanctus
2749 2063 2956 2122 martyr
2982 2050 3297 2121 Pamphilus
3328 2053 3501 2117 docet,
3530 2055 3619 2122 qui

2056 2150 2344 2207 antequam
2376 2142 2440 2193 ad
2466 2141 2719 2211 martyrii
2760 2157 3019 2197 coronam
3060 2144 3624 2215 attingeret,irrepre-

2054 2232 2393 2285 hensibiliter
2421 2232 2737 2286 cathedram
2764 2234 3106 2303 episcopatus
3140 2236 3407 2301 obtinuit,
3430 2248 3481 2289 et
3532 2254 3622 2290 sa-

2053 2336 2176 2374 nam
2208 2322 2507 2375 doctrinam
2533 2321 2627 2375 Dei
2680 2323 2892 2391 populis
2930 2324 3277 2378 ministravit.
3322 2325 3419 2377 llic
3452 2327 3623 2381 edidit

2050 2411 2462 2482 Apologeticunt,
2494 2424 2547 2468 et
2569 2415 2753 2468 omnia
2789 2430 2908 2483 qua:
2962 2416 3029 2469 de
3076 2415 3308 2486 Origene
3356 2418 3622 2474 Catholici

2052 2504 2363 2573 ignorantes
2394 2506 2750 2572 mentiuntur,
2792 2509 3049 2573 exclusit,
3073 2512 3363 2565 ostendens
3393 2528 3476 2578 ea,
3500 2529 3622 2581 qua:

2051 2598 2499 2667 reprehensibilia
2532 2599 2883 2653 inveniuntur
2916 2602 2966 2653 itt
3014 2604 3130 2671 ejus
3157 2604 3461 2672 opusculis,
3499 2606 3621 2661 Ori-

2048 2692 2201 2760 genis
2228 2707 2331 2745 non
2368 2706 2509 2757 esse,
2539 2694 2631 2745 sed
2657 2706 2845 2746 eorum
2876 2710 3018 2762 quos
3066 2696 3184 2764 ipse
3212 2709 3567 2767 superaverat
3600 2715 3614 2752 :

2049 2781 2150 2835 alia
2184 2796 2330 2847 vero,
2360 2796 2480 2850 qua:
2512 2792 2621 2836 tota
2660 2798 2911 2850 perversa
2953 2798 3096 2852 sunt,
3126 2789 3350 2843 aliorum
3389 2793 3616 2846 duortnu

2047 2873 2431 2929 haereticorum
2464 2890 2604 2939 esse,
2629 2877 2718 2945 qui
2747 2875 2997 2947 Origettis
3023 2895 3237 2945 nomen,
3271 2899 3375 2936 non
3432 2884 3613 2950 ﬁderit,

2047 2978 2145 3020 nec
2188 2967 2575 3021 conscientiam
2619 2968 2942 3024 habuerunt.
2994 2989 3013 3022 ι
3066 2972 3257 3029 Nescio
3316 2982 3457 3031 unde
3502 2978 3619 3031 hac

2045 3055 2289 3113 hauserit
2310 3073 2610 3129 anonymus
2638 3069 2852 3126 auctor,
2880 3062 2974 3115 sed
3004 3077 3071 3116 ex
3112 3065 3337 3134 impuris
3393 3082 3455 3121 ea
3494 3067 3616 3122 l‘on-

2046 3147 2189 3203 tibus
2211 3149 2457 3204 hausisse
2478 3149 2694 3205 videtur
2720 3169 2733 3217 ;
2759 3161 2813 3205 et
2845 3167 3036 3207 vereor
3063 3170 3130 3211 ne
3160 3157 3253 3226 qui
3288 3166 3397 3212 tam
3436 3159 3620 3230 inepte

2046 3241 2384 3311 Pamphilum
2421 3257 2713 3314 martyrem
2761 3248 3053 3319 episcopali
3108 3250 3374 3319 dignitate
3428 3251 3614 3319 donat,

2046 3334 2282 3403 ineptius
2307 3337 2469 3391 etiam
2500 3339 2586 3392 vel
2651 3340 2960 3411 Apologiam
2988 3345 3230 3415 quinque
3274 3346 3426 3403 libris
3478 3364 3613 3403 cou-

2046 3436 2280 3481 stantem
2346 3429 2598 3498 anonymi
2643 3430 2785 3486 illius
2833 3433 2897 3487 de
2940 3451 3049 3504 quo
3095 3434 3316 3493 Photius
3361 3438 3614 3495 Biblioth.

2045 3520 2165 3575 cod.
2206 3534 2372 3585 cxvrr,
2400 3522 2483 3577 vel
2512 3520 2691 3577 Ruﬁni
2729 3523 2924 3579 librum
2953 3526 3027 3580 De
3042 3531 3431 3586 adulteralione
3454 3534 3619 3587 libro-

2045 3628 2160 3665 rum
2195 3612 2438 3681 Origenis
2463 3630 2561 3684 pro
2592 3615 2704 3685 ipsa
2735 3614 2998 3685 Pamphili
3050 3621 3303 3691 Apologia
3335 3623 3613 3678 habuerit.

2049 3703 2287 3774 Uterque
2310 3707 2455 3760 enim
2486 3707 2655 3762 libros
2687 3708 2902 3775 quidem
2929 3707 3179 3779 Origettis
3215 3712 3281 3766 ab
3336 3714 3617 3769 haereticis

2042 3797 2118 3850 ait
2147 3811 2269 3852 esse
2296 3798 2548 3865 vitiatos;
2584 3799 2676 3852 sed
2715 3799 2904 3853 nullibi
2939 3800 3278 3869 Pamphilus;
3318 3804 3424 3857 nisi
3472 3805 3617 3859 forte

2042 3889 2093 3942 id
2131 3889 2329 3943 dixerit
2362 3890 2414 3943 in
2471 3892 2685 3945 caeteris
2740 3892 2893 3947 libris
2931 3904 3228 3962 temporum
3280 3894 3474 3963 injuria
3517 3899 3618 3949 ab.-

2042 3980 2273 4048 sumptis
2303 3997 2317 4033 :
2348 3979 2414 4033 de
2444 3996 2561 4049 quo.
2578 3991 2754 4036 tamen
2787 3998 2885 4037 nec
2918 3983 3202 4050 Eusebius,
3224 4000 3323 4040 nec
3349 3985 3618 4057 Hierony-

2042 4085 2183 4135 mus,
2216 4086 2316 4126 nec
2337 4069 2618 4139 Socrates,
2645 4088 2745 4128 nec
2775 4073 3027 4137 Photius,
3063 4092 3159 4130 nec
3191 4076 3331 4131 ullus
3363 4077 3501 4131 alius
3528 4079 3614 4130 vel

2041 4163 2323 4220 minimum
2362 4166 2563 4221 habent
2600 4171 2844 4225 verbum.

1362 4424 3569 4453 ﬁv—é—wﬁ

812 4578 958 4689 IN
1044 4578 2144 4697 APOLOGETICUM
2235 4583 2355 4695 S.
2453 4581 3137 4701 PAMPHILI

1702 4803 1861 4864 PRO
1904 4804 2257 4867 ORIGENE

866 4987 1287 5075 RUFINI
1369 4986 2008 5080 PREFATIO
2078 4987 2228 5077 AD
2301 4989 2921 5080 MACARIUM
2992 4973 3100 5077 (υ.

429 5336 808 5407 Cognoscenda:
833 5341 1060 5394 veritati:
1079 5358 1255 5396 amore
1269 5355 1555 5411 permotus,
1590 5362 1619 5397 ο
1650 5347 1723 5398 vir
1760 5349 2137 5404 desideriorum
2167 5348 2430 5414 Mar/tari,
2468 5346 2543 5418 (2)
2566 5347 2797 5418 injungis
2833 5350 2961 5402 mihi
2988 5365 3116 5412 rem,
3140 5366 3257 5419 qua:
3288 5349 3381 5401 tibi
3410 5350 3615 5417 agnita:-

428 5457 506 5534 (_l)
538 5457 711 5534 __Han_c
745 5459 1138 5534 praefationem,
1190 5463 1579 5531 Apologeiicum
1633 5466 1918 5534 Pamphili,

360 5543 423 5581 ac
445 5529 621 5604 llu_l_itti
652 5528 844 5583 librum
875 5530 949 5583 De
984 5528 1368 5604 adulteratione
1396 5535 1651 5588 librorum
1679 5528 1920 5604 Ori'genis

357 5599 678 5653 contulimus
725 5613 843 5652 cum
875 5616 968 5654 sex
1012 5618 1138 5656 mss.
1168 5619 1273 5657 uno
1300 5603 1629 5668 Coi-beiensi,
1662 5599 1817 5660 hodie
1863 5608 1921 5660 S.

359 5668 612 5743 {icrljlﬂlji
654 5684 689 5743 _a
729 5669 921 5743 Pratis,
959 5674 1080 5725 noni
1114 5673 1322 5743 surculi;
1360 5675 1535 5729 altero
1576 5677 1740 5743 Itegio
1773 5692 1919 5730 nunt.

364 5738 517 5805 1641,
551 5737 743 5795 decimi
788 5742 930 5797 tertii
960 5742 1169 5809 saeculi;
1201 5743 1256 5797 5ο
1294 5744 1621 5813 Sot'bonico;
1653 5737 1707 5802 Il"
1736 5746 1791 5801 S.
1820 5746 1925 5802 Rc-

2030 5469 2178 5536 migii
2212 5467 2530 5532 Remensis;
2587 5469 2644 5522 5ο
2692 5468 2750 5523 S.
2805 5470 3018 5534 Vitoui;
3046 5469 3103 5522 6°
3142 5470 3199 5522 S.
3234 5468 3509 5524 Michaelis
3548 5474 3603 5527 in

2030 5538 2275 5592 Periculo
2324 5539 2488 5592 maris
2522 5560 2534 5593 :
2570 5553 2776 5591 necnon
2819 5549 2872 5593 et
2913 5556 3033 5592 cum
3071 5539 3255 5593 iisdem
3291 5555 3417 5595 mss.
3450 5542 3605 5593 coiti-

2031 5608 2186 5688 cibus
2204 5609 2268 5663 ad
2298 5624 2527 5679 quorum
2570 5608 2729 5663 (idem
2761 5610 2926 5665 libros
2953 5609 3090 5677 Περὶ
3110 5604 3310 5678 ἀρχῶν
3338 5614 3600 5665 emenda-

2031 5692 2359 5819 Wzgjshlss”
2389 5747 2619 5819 injungis
2646 5749 2771 5805 mihi
2799 5765 2903 5804 rem
2926 5768 3079 5821 quam
3127 5750 3312 5805 videris
3342 5761 3609 5819 quantum
