3880 6212
294 310 392 371 ευ
1495 306 1840 365 APOLOGIA
1882 307 2021 363 PRO
2059 300 2379 363 ORIGENE.
3446 302 3554 357 54?.

296 436 530 493 veritatis
558 436 785 506 gratiam
833 433 1067 503 conferat
1097 449 1115 487 :
1147 433 1275 488 mihi
1303 444 1476 488 tamen
1525 451 1627 489 non
1657 435 1837 488 dubito
1869 434 1997 504 quin
2046 433 2298 502 o/fensam
2330 432 2615 484 maximam
2656 437 2919 497 comparet
2952 443 3155 491 eorum,
3183 427 3274 496 qui
3300 442 3355 480 se
3398 426 3551 480 lmsos

296 543 479 604 putant
508 534 571 585 ab
598 547 657 584 eo
682 533 771 600 qui
800 532 864 583 de
893 529 1116 599 Origene
1150 546 1255 583 non
1287 531 1491 601 aliquid
1525 529 1661 585 male
1710 530 1948 584 senserit.
1985 527 2053 581 Et
2091 528 2326 598 quamvis
2366 544 2469 580 non
2512 541 2682 579 meam
2717 524 2781 578 de
2826 539 2885 577 eo
2911 522 3244 586 sententiam,
3266 521 3356 573 sed
3383 520 3551 573 sancti

298 625 549 694 martyris
586 621 856 693 Pamphili
878 625 1174 679 sciscitatus
1207 625 1303 689 sis,
1333 636 1379 678 et
1417 624 1606 677 librum
1635 624 1773 694 ejus,
1824 640 1976 693 quem
2012 639 2105 693 pro
2136 621 2360 691 Origene
2388 622 2441 673 in
2474 617 2657 673 Crater»
2691 618 2959 687 scripsisse
2995 616 3248 679 traditur,
3276 613 3551 681 transferri

297 718 390 770 tibi
418 718 715 787 poposceris
737 720 791 770 in
821 715 1092 781 Latinum,
1124 726 1299 771 tamen
1331 732 1435 771 non
1469 718 1653 771 dubito
1685 716 1892 785 futuros
1926 714 2003 788 (5)
2034 716 2285 786 quosdam
2314 714 2405 783 qui
2442 723 2487 766 et
2521 714 2574 765 in
2610 728 2670 765 eo
2692 712 2844 765 lwsos
2860 726 2914 763 se
2940 718 3140 778 putent,
3168 708 3214 760 si
3243 723 3336 760 nos
3354 703 3551 776 aliquid

296 827 390 876 pro
422 826 482 864 eo
504 812 580 865 vel
606 811 777 866 alieno
802 827 1039 866 sermone
1064 812 1323 866 dicamus.
1350 811 1495 877 Quos
1527 822 1702 867 tamen
1725 822 1773 867 et
1812 795 1951 882 ipsos
1983 815 2325 881 deprecamur
2354 808 2490 863 nihil
2534 816 2849 876 pra’sumpto
2887 805 2964 859 vel
2993 803 3338 873 prtrjudicato
3374 802 3552 855 animo

298 917 452 970 agere
481 918 499 955 .'
529 902 618 956 sed
658 902 908 972 quoniam
948 901 1017 954 ad
1040 902 1307 970 judicium
1334 901 1432 956 Dei
1455 903 1659 957 venturi
1684 918 1890 969 sumus,
1919 912 2022 956 nan
2054 900 2320 970 refugiant
2344 899 2478 951 scire
2508 901 2644 967 quod
2684 912 2861 950 verum
2901 906 3001 959 est,
3035 895 3111 964 (4)
3152 911 3212 947 ne
3239 892 3371 960 forte
3398 892 3551 962 igno-

297 1009 478 1052 rantes
516 997 857 1067 delinquant;
884 998 973 1052 sed
999 999 1391 1053 considerantes
1432 1000 1553 1068 quia
1578 998 1728 1068 falsis
1764 983 2221 1052 criminationibus
2249 1003 2515 1064 percutere
2542 995 2774 1062 fratrum
2810 991 3142 1059 infirmorum
3183 986 3551 1045 conscientias,

296 1090 351 1141 in
383 1086 645 1142 Christum
692 1104 909 1157 peccare
955 1098 1054 1155 est,
1100 1089 1221 1143 ideo
1250 1106 1351 1143 non
1377 1090 1767 1144 accommodent
1802 1087 2236 1144 criminatoribus
2269 1102 2449 1139 aurem
2496 1099 2672 1146 suam,
2714 1099 2805 1136 nec
2852 1082 2916 1135 ab
2948 1080 3055 1134 alio
3094 1080 3301 1132 discant
3340 1077 3554 1130 alterius

298 1180 479 1248 ﬁdem,
505 1182 732 1234 maxime
765 1198 882 1235 cum
906 1198 1085 1237 coram
1120 1184 1350 1252 experiri
1380 1186 1451 1238 sit
1473 1186 1651 1250 capia,
1680 1194 1728 1237 et
1757 1184 1863 1238 oris
1893 1184 1978 1237 sui
2006 1182 2264 1251 confessio
2286 1181 2413 1255 quid
2444 1178 2521 1233 vel
2559 1177 2792 1245 qualiter
2821 1174 3177 1245 unusquisque
3207 1172 3368 1226 credit
3390 1182 3534 1223 osten

298 1276 412 1328 dat.
446 1274 537 1330 Sic
561 1277 698 1330 enim
720 1278 975 1348 scriptum
1005 1287 1102 1345 est,
1133 1281 1256 1350 quia
1280 1279 1442 1335 corde
1465 1280 1709 1335 creditur
1734 1280 1799 1334 ad
1820 1279 2122 1348 justitiam,
2162 1293 2257 1333 ore
2283 1286 2461 1330 autem
2492 1273 2765 1330 confessio
2800 1271 2862 1327 ﬁt
2896 1272 2961 1325 ad
2994 1270 3227 1324 salutem
3262 1269 3278 1299 ¹
3312 1278 3394 1321 :et
3421 1281 3439 1319 :
3471 1265 3556 1320 Ea.

298 1370 463 1424 verbis
495 1371 604 1424 suis
628 1374 981 1443 unusquisque
995 1373 1407 1442 justiﬁcabitur,
1439 1384 1489 1430 et
1514 1392 1579 1429 ea:
1606 1376 1771 1429 verbis
1795 1375 1905 1430 suis
1931 1373 2425 1428 condemnabitur'.
2450 1370 2529 1442 (5)
2564 1368 2804 1436 Qualiter
2829 1384 2951 1438 ergo
2965 1365 3216 1436 Origenes
3244 1364 3306 1417 de
3339 1362 3557 1431 singulis

298 1465 547 1567 capitulis
573 1477 875 1567 sanctarum
905 1466 1301 1536 Scripturarum
1328 1473 1545 1525 senserit
1568 1482 1718 1526 tenor
1738 1470 1902 1525 libelli
1932 1470 2091 1539 hujus
2122 1470 2359 1523 edoceat.
2395 1467 2470 1521 De
2509 1467 2591 1519 his
2615 1474 2791 1518 autem
2819 1479 2936 1532 qua:
2971 1465 3110 1532 apud
3151 1476 3268 1513 eum
3290 1458 3557 1512 contraria

299 1557 400 1609 sibi
431 1558 787 1626 inveniuntur,
820 1560 948 1628 quid
972 1576 1147 1616 causa:
1177 1562 1268 1628 sit,
1304 1561 1360 1614 in
1410 1562 1596 1615 ultimo
1627 1562 1767 1616 brevi
1809 1560 1884 1632 (6)
1926 1561 2224 1630 adjectione
2264 1559 2586 1612 docebimus.
2639 1556 2753 1612 Nos
2786 1565 2982 1616 autem,
3016 1554 3148 1606 sicut
3185 1552 3441 1605 traditum
3481 1556 3557 1606 est

298 1652 445 1703 nobis
470 1667 503 1705 a
537 1653 731 1706 sanctis
762 1651 1035 1721 Patribus,
1058 1656 1409 1722 itatenemus,
1432 1657 1569 1724 quod
1601 1666 1787 1711 sancta
1820 1655 2056 1709 Trinitas
2084 1663 2348 1708 coarterna
2374 1653 2467 1715 sit,
2501 1664 2547 1706 et
2580 1653 2737 1705 unius
2774 1658 3002 1711 naturw,
3046 1646 3303 1714 uniusque
3329 1641 3557 1703 virtutis,

298 1756 453 1815 atque
476 1745 821 1802 substantiae:
845 1751 1052 1819 etquod
1086 1748 1261 1804 Filius
1292 1749 1384 1804 Dei
1406 1751 1462 1804 in
1493 1750 1772 1804 novissimo
1805 1760 2030 1817 tempore
2060 1748 2215 1801 homo
2242 1746 2417 1816 factus
2452 1755 2548 1807 est,
2579 1756 2627 1799 et
2658 1760 2751 1813 pro
2779 1741 3004 1812 peccatis
3035 1741 3227 1793 nostris
3250 1753 3434 1805 passus
3458 1746 3556 1800 est,

297 1852 347 1896 et
372 1845 425 1896 in
448 1861 509 1897 ea
535 1844 649 1913 ipsa
692 1862 870 1911 carne,
906 1848 960 1901 in
987 1864 1091 1919 qua
1114 1864 1300 1916 passus
1332 1857 1430 1916 est,
1456 1849 1744 1901 resurrexit
1783 1864 1814 1899 a
1858 1846 2096 1910 mortuis,
2124 1845 2350 1913 lpropter
2379 1843 2516 1914 quod
2552 1852 2599 1895 et
2629 1838 3026 1895 resurrectionis
3054 1851 3195 1901 spem
3221 1836 3449 1886 humano
3470 1847 3559 1901 ge-

297 1953 409 1990 neri
436 1937 641 1992 tribuit.
672 1938 863 1994 Carnis
892 1958 1009 1996 vero
1047 1944 1488 1998 resurrectionem
1536 1960 1639 1997 non
1680 1959 1772 2011 per
1806 1943 2012 2012 aliquas
2042 1941 2365 2011 praestigias,
2392 1940 2527 1992 sicut
2569 1935 2811 1992 nonnulli
2842 1933 3260 1997 calumniantur,
3286 1930 3509 1981 dicimus
3536 1939 3558 1980 .'

262 2096 265 2099 ἰ
298 2033 391 2087 sed
413 2036 548 2087 hanc
587 2035 755 2105 ipsum
788 2053 1022 2103 carnem,
1057 2040 1110 2091 in
1131 2056 1237 2108 qua
1269 2056 1409 2097 nunc
1430 2040 1671 2106 vivimus,
1703 2046 2119 2092 resurrecturam
2148 2036 2447 2099 credimus;
2473 2050 2576 2086 non
2607 2034 2768 2085 aliam
2792 2045 2885 2099 pro
2913 2026 3043 2092 alia,
3072 2041 3163 2079 nec
3192 2040 3381 2093 corpus
3409 2019 3557 2075 aliud

295 2141 454 2209 quam
484 2128 641 2197 hujus
682 2132 857 2185 carnis
880 2131 1126 2195 dicimus.
1154 2130 1271 2187 Sive
1300 2146 1420 2202 ergo
1449 2148 1635 2199 corpus
1659 2140 2073 2184 resurrecturum
2094 2129 2341 2191 dicimus,
2361 2126 2646 2180 secundum
2684 2120 2993 2192 Apostolum
3013 2119 3273 2182 dicimus;
3301 2116 3397 2170 hoc
3420 2113 3559 2167 enim

296 2219 509 2273 nomine
534 2237 657 2274 usus
680 2232 756 2305 est
777 2221 868 2276 ille
903 2239 921 2276 :
945 2224 1050 2277 sive
1080 2239 1290 2277 carnem
1326 2224 1572 2285 dicimus,
1598 2223 1885 2275 secundum
1914 2220 2252 2274 traditionem
2278 2215 2511 2287 Symboli
2544 2215 2878 2283 confitemur.
2904 2208 3083 2265 Stulta
3102 2209 3239 2262 enim
3261 2205 3560 2261 adinventia

294 2309 580 2366 calumnia:
613 2323 710 2380 est,
745 2331 933 2382 corpus
962 2315 1250 2373 humanum
1274 2315 1422 2367 aliud
1450 2325 1638 2383 putare
1673 2330 1784 2367 esse
1806 2328 1963 2382 quam
1998 2328 2229 2365 carnem.
2269 2309 2393 2365 Sive
2422 2325 2544 2375 ergo
2571 2322 2694 2360 caro
2722 2306 3008 2358 secundum
3035 2314 3357 2355 communem
3380 2297 3559 2368 fidem,

293 2404 403 2456 sive
426 2419 611 2471 corpus
636 2404 923 2458 secundum
946 2404 1254 2472 Apostolum
1292 2404 1491 2457 dicitur
1515 2403 1656 2474 quod
1690 2413 1945 2472 resurget,
1974 2402 2049 2454 ita
2076 2400 2396 2454 credendum
2422 2408 2496 2452 est
2529 2398 2663 2451 sicut
2692 2395 2973 2464 Apostolus
3001 2392 3252 2461 deﬁnivit,
3271 2389 3394 2461 quia
3421 2393 3560 2458 quod

296 2509 550 2568 resurget,
582 2500 641 2552 in
674 2502 861 2554 virtute
883 2510 1135 2569 resurget,
1166 2510 1213 2561 et
1242 2499 1297 2553 in
1331 2499 1541 2568 gloria;
1571 2507 1621 2553 et
1656 2496 2055 2565 incorruptibile
2086 2505 2316 2565 resurget
2352 2505 2399 2548 et
2435 2491 2671 2561 spiritale
2712 2506 2912 2560 corpus
2932 2488 2989 2555 8;
3022 2486 3147 2557 quia
3175 2484 3451 2554 corruptio
3474 2481 3561 2535 itt-

293 2594 695 2663 corruptionem
730 2610 832 2663 non
871 2595 1236 2663 possidebit".
1294 2592 1467 2649 Salvis
1500 2610 1623 2663 ergo
1666 2595 1746 2648 his
1793 2592 2152 2660 praerogativis
2196 2589 2367 2659 futuri
2412 2585 2643 2654 corporis
2673 2583 2753 2637 vel
2792 2581 2992 2648 carnis,
3022 2576 3333 2633 resurrectio
3383 2572 3559 2628 carnis

294 2682 555 2739 "redenda
600 2693 676 2738 est
709 2686 904 2754 integre
947 2694 1101 2754 atque
1125 2684 1372 2755 perfecte,
1400 2694 1453 2737 ut
1484 2693 1531 2738 et
1564 2693 1756 2738 natura
1797 2684 1973 2738 carnis
2016 2686 2195 2737 eadem
2232 2691 2482 2743 servetur,
2510 2687 2557 2731 et
2592 2676 2887 2743 incorrupti
2926 2689 2987 2727 ac
3028 2670 3288 2743 spiritalis
3323 2665 3560 2736 corporis

294 2786 467 2840 ειαῑυδ
491 2793 537 2832 et
555 2779 722 2848 gloria
745 2795 850 2832 non
882 2770 1233 2850 infringatur:
1271 2776 1364 2833 Sic
1408 2778 1546 2831 enim
1580 2777 1832 2846 scriptum
1864 2786 1973 2830 est:
2007 2774 2137 2829 Ηωο
2164 2775 2219 2828 in
2245 2772 2590 2843 Jerosolgmis
2619 2771 2678 2824 in
2707 2767 2946 2822 Ecclesia
2975 2765 3073 2820 Dei
3107 2782 3139 2819 a
3170 2773 3350 2817 sancto
3380 2774 3558 2814 sacer-

292 2877 413 2943 dote
440 2872 553 2941 ejus
578 2871 653 2943 (7)
681 2872 887 2926 Joanne
932 2873 1292 2941 praedicantur
1318 2888 1337 2926 :
1369 2871 1481 2925 haec
1511 2887 1603 2925 nos
1638 2886 1757 2931 cum
1789 2872 1904 2938 ipso
1935 2879 1983 2923 et
2025 2869 2270 2933 dicimus,
2306 2878 2353 2921 et
2392 2878 2647 2920 tenemus.
2669 2863 2729 2918 Si
2763 2865 2880 2933 quis
2906 2873 3098 2932 praeter
3120 2858 3231 2913 haec
3255 2855 3334 2912 vel
3373 2855 3563 2918 credit,

293 2962 374 3019 vel
395 2963 566 3029 docet,
592 2965 668 3018 vel
700 2984 731 3019 a
773 2966 921 3020 nobis
970 2966 1125 3019 aliter
1170 2967 1311 3020 credi
1350 2982 1508 3035 quam
1546 2965 1885 3034 exposuimus
1921 2970 2098 3031 putat,
2128 2961 2407 3015 anathema
2433 2960 2522 3015 sit.
2560 2957 2773 3013 Nostra:
2813 2971 2935 3025 ergo
2964 2953 3087 3023 ﬁdei
3114 2953 3487 3005 documentum
3514 2946 3562 3000 si

295 3064 416 3131 quis
446 3060 636 3115 habere
665 3061 792 3126 vult,
828 3061 1015 3115 habeat
1045 3078 1110 3116 ea:
1127 3062 1228 3116 his.
1263 3060 1342 3132 (8)
1368 3060 1427 3119 Si
1450 3061 1578 3131 quid
1608 3071 1784 3114 autem
1807 3059 2156 3129 autlegimus,
2185 3066 2277 3111 aut
2312 3054 2473 3124 hujus
2493 3060 2688 3121 nostra:
2713 3050 2837 3120 fidei
2870 3049 3093 3118 facimus
3118 3046 3342 3108 ratione,
3374 3056 3562 3095 secun-

300 3153 430 3206 dum
455 3153 785 3222 Apostolum,
818 3154 1094 3223 probantes
1122 3155 1318 3221 omnia,
1368 3156 1509 3225 quod
1542 3158 1737 3208 bonum
1779 3163 1853 3207 est
1887 3152 2194 3217 obtinentes,
2234 3152 2299 3203 ab
2326 3149 2469 3204 omni
2503 3147 2671 3217 specie
2693 3144 2836 3199 mala
2864 3159 2957 3197 nos
2988 3141 3308 3195 abstinentes
3338 3136 3360 3168 ¹
3391 3152 3405 3189 ;
3435 3142 3490 3187 et
3514 3132 3562 3187 si

294 3245 391 3317 qui
434 3245 573 3299 hanc
608 3243 846 3316 regulam
872 3254 1191 3315 sequuntur,
1224 3259 1330 3314 pax
1365 3259 1530 3315 super
1554 3244 1676 3299 illos
1709 3253 1761 3299 et
1789 3257 1954 3312 super
1984 3242 2147 3297 Israel
2180 3241 2298 3299 Dei.
2332 3240 2503 3294 Amen
2528 3238 2576 3293 ³.

1101 3362 3483 3398 Μ

1584 3546 2290 3669 APOLOGIA

825 3753 1421 3849 PAMPHILI
1494 3748 2114 3841 MARTYRIS
2185 3745 2423 3841 PRO
2496 3740 3079 3839 ORIGENE.

882 4056 1278 4115 PRIEFATIO.

375 4158 456 4213 Ad
479 4155 799 4225 confessores
823 4153 892 4207 ad
928 4148 1144 4205 metalla
1174 4147 1479 4203 Palwstinaz
1504 4148 1806 4200 damnatos.

377 4249 516 4305 Nihil
547 4248 766 4311 mirum,
795 4246 1017 4309 fratres,
1047 4239 1300 4296 videmini
1333 4238 1411 4310 (9)
1444 4238 1572 4293 mihi
1598 4252 1720 4292 esse
1759 4252 1884 4307 per-

1429 4334 1449 4364 ³
1485 4332 1652 4393 lCor.
1683 4347 1773 4394 xv,
1808 4331 1879 4395 42
1911 4340 1965 4387 et
2020 4346 2138 4399 seq.

381 4344 586 4469 “Iéom.
617 4358 672 4407 Χ,
699 4340 785 4395 10.
861 4341 883 4371 ⁸
913 4336 1106 4392 Matth.
1137 4350 1235 4399 XII,
1262 4334 1352 4391 57.

298 4433 381 4482 vr,
405 4433 490 4469 ιο.

302 4514 400 4568 tibi
459 4509 653 4580 agnita:
688 4508 925 4580 veritatis
967 4504 1139 4580 gratia
1184 4502 1276 4580 [aL
1332 4496 1542 4571 gratim]
1571 4498 1830 4580 .conferat
1860 4513 1877 4550 :
1908 4504 1955 4557 Α

300 4583 432 4635 mitti
469 4574 640 4633 tamen
662 4594 763 4631 non
789 4577 970 4629 dubito
998 4574 1134 4642 quod
1160 4574 1415 4642 offensam
1433 4574 1723 4642 (maximam
1753 4584 1879 4621 con-

301 4651 513 4707 sciverit
560 4649 687 4718 (ms.
737 4647 975 4718 Regius,
1004 4640 1374 4718 consecraret;
1424 4640 1773 4718 Sorbonicus,
1828 4648 1883 4718 et

303 4725 367 4777 S.
387 4707 660 4775 Michaelis
689 4721 740 4771 in
766 4707 1017 4770 PEriculo
1043 4714 1227 4775 maris,
1248 4711 1491 4778 conferat
1516 4710 1592 4763 vel
1615 4707 1877 4778 congerat)

302 4808 507 4853 eorum,
557 4802 663 4845 etc.
708 4788 911 4841 Deinde
964 4801 1093 4837 mss.
1147 4783 1348 4851 plures,
1401 4781 1490 4850 qui
1535 4779 1598 4832 de
1654 4777 1880 4849 Origene

305 4862 515 4932 aliquid
535 4861 671 4932 male
700 4858 984 4932 senserint,
1020 4854 1175 4932 uitale.

378 4918 456 5002 (Β)
482 4930 769 4997 Quosdam.
803 4926 1081 4982 Omittitur
1106 4928 1156 4977 in
1184 4922 1367 4986 editis,
1402 4921 1496 4975 sed
1512 4918 1791 4988 suppletur
1813 4932 1877 4971 ex

302 5020 436 5059 mss.

378 5074 458 5143 (4)
492 5070 629 5143 Mss.
651 5069 912 5143 plerique,
939 5082 1001 5143 ne
1026 5059 1668 5143 forte_ignorantes1quod_
1699 5072 1879 5143 veru'nt

303 5124 839 5207 esti—[considErantes
885 5124 976 5208 [al
1012 5124 1548 5208 considerantesque)
1579 5130 1771 5198 quia...
1807 5124 1878 5207 Ιξι

306 5197 448 5277 ideo,
476 5224 582 5266 etc.
606 5210 768 5273 Editi,
796 5225 859 5277 ne
886 5197 1021 5276 forte
1050 5205 1347 5277 ignorantes
1372 5197 1677 5277 delinquant
1702 5197 1878 5250 consi-

305 5270 552 5338 derantes
590 5270 782 5350 quia...
820 5270 895 5328 Et
920 5270 1322 5350 ideo_,'etc._Sed
1351 5270 1550 5350 rectius
1579 5284 1684 5350 nis.
1716 5282 1876 5349 unus,

308 5364 370 5408 ut
398 5354 452 5407 in
502 5339 678 5416 texiu,
728 5350 828 5403 nisi
861 5350 1004 5401 forte
1035 5343 1315 5416 legendum
1347 5344 1437 5416 sit,
1472 5355 1534 5416 ne
1571 5340 1709 5416 forte
1733 5339 1880 5405 igno-

306 5407 485 5479 rantes
512 5407 848 5489 delinquant;
881 5418 968 5471 sed
998 5407 1349 5476 considerent,
1383 5407 1509 5480 [vel,
1529 5407 1883 5462 censidere'nt-

304 5492 432 5565 que]
458 5494 649 5565 quia...
683 5489 905 5565 Et_ide_o,
935 5496 1040 5565 etc.

382 5545 577 5686 (§)'Sic
610 5573 714 5614 ms.
745 5545 1097 5614 Sorbonicus.
1125 5552 1317 5608 Crateri
1350 5566 1480 5604 vero
1505 5562 1635 5601 mss.
1661 5545 1880 5612 etetliti,

382 5652 426 5686 ta
452 5634 548 5686 iter
563 5645 686 5686 ergo
703 5630 891 5683 sentiat
932 5627 1082 5686 (mss.
1107 5626 1212 5678 duo
1240 5623 1491 5676 omittunt
1523 5616 1737 5686 sentiat)
1766 5615 1880 5686 Ori-

306 5615 548 5699 Qu‘aliter
563 5615 686 5699 ergo
703 5630 907 5699 sentiat
932 5627 1082 5698 (mss.
1102 5626 1212 5699 (duo
1232 5623 1491 5699 omittunt
1512 5616 1739 5699 sentiat)
1766 5615 1883 5696 Ori-

303 5685 463 5772 Jen‘e.’
509 5685 910 5773 (aLVOrigenis)
938 5685 1021 5751 ‘tle
1068 5694 1289 5763 singulis
1330 5702 1477 5747 tenor
1506 5687 1665 5743 libelli
1718 5685 1877 5766 hujus

303 5776 539 5844 edoceat.

1986 4052 2151 4122 pessi,
2176 4050 2319 4121 quod
2345 4048 2418 4103 ita
2441 4059 2541 4105 vos
2573 4042 2824 4115 Origenis
2859 4038 3188 4109 subterfugit
3228 4036 3559 4102 intellectus,

1987 4152 2044 4197 ut
2064 4157 2161 4198 vos
2181 4155 2396 4213 quoque
2418 4153 2481 4194 ea
2508 4137 2791 4193 aestimetis
2821 4134 2888 4189 de
2919 4131 3032 4197 illo,
3073 4144 3193 4201 quae
3213 4137 3268 4182 et
3304 4126 3395 4183 alii
3426 4141 3560 4181 non-

1988 4235 2118 4289 nulli
2148 4234 2294 4303 ς,ᾳυί
2342 4234 2455 4287 sive
2498 4246 2599 4301 per
2646 4228 2973 4300 imperitiam
3021 4225 3125 4287 sui,
3170 4219 3281 4291 (l0)
3316 4233 3421 4288 qua
3455 4231 3559 4272 non

2233 4328 2255 4360 "
2294 4328 2423 4392 ibid.
2458 4326 2546 4381 50.
2648 4325 2670 4356 ⁸
2695 4325 2713 4378 l
2742 4324 2934 4377 Thess.
2963 4336 3013 4383 ν,
3039 4320 3130 4385 ‘21,
3166 4317 3258 4370 ‘22.
3337 4314 3357 4344 ⁸
3380 4311 3558 4370 Galat.

2053 4488 2131 4561 (6)
2160 4486 2249 4541 Sic
2290 4482 2657 4561 ms._Begius._
2680 4477 2870 4533 Caneri
2902 4491 3032 4561 itero
3074 4488 3231 4561 mss,
3264 4472 3558 4561 adjetr-‘tione

1984 4544 2280 4615 docuimus.
2316 4554 2480 4617 Editi,
2500 4544 2715 4604 'addita
2755 4547 3042 4600 assertione
3070 4545 3362 4617 docuimus.
3393 4544 3558 4599 Paulo

1985 4639 2105 4700 post
2149 4627 2237 4681 ubi
2265 4640 2425 4700 __t_ns_s.
2454 4616 2702 4700 _’_Iiabentn,
2750 4620 2824 4671 ita
2873 4626 3125 4695 tenemus,
3175 4616 3313 4683 quod
3341 4625 3558 4700 ‘sancta

1985 4684 2239 4824 grinitas,
2263 4696 2385 4751 libri
2403 4693 2529 4749 editi
2554 4690 2867 4760 praeferunt,
2888 4688 3191 4751 retinemus,
3215 4684 3354 4754 quod
3378 4697 3557 4738 sancta

2012 4779 2238 4822 'rtnttas.

2012 4770 2238 4822 ’rinitas.

2060 4840 2136 4912 (7)
2159 4836 2386 4891 Joanne.
2410 4830 2817 4912 isnestnluoannes
2838 4824 3323 4912 Jerosplymitanus
3348 4827 3561 4908 episco-

1990 4898 2291 4981 pu‘s"quem
2326 4904 2503 4981 munis
2531 4901 2784 4981 prigenis
2809 4898 3107 4981 et'roribtts,
3145 4905 3201 4948 et
3230 4898 3462 4951 maxime
3492 4903 3559 4952 de

1990 4968 2386 5037 resuriectione
2415 4968 2748 5042 implicatum
2768 4984 2896 5042 esse
2920 4968 3149 5042 probare
3177 4977 3408 5042 co_na_tur
3429 4983 3556 5023 san-

1990 5036 2109 5107 ctus
2163 5036 2517 5116 Hieronymus
2569 5042 2728 5112 epist.
2766 5040 2856 5103 58,
2890 5039 3022 5092 alias
3059 5036 3150 5103 61,
3188 5037 3256 5090 ad
3306 5036 3560 5092 Pamma-

1986 5124 2188 5177 Chium.

2058 5193 2137 5263 (8)
2171 5188 2262 5243 Sic
2308 5200 2497 5263 omnes
2529 5182 2993 5263 mss._Editi_vero.
3034 5176 3095 5259 Si
3123 5176 3335 5263 quidem
3365 5186 3457 5230 aut
3477 5177 3555 5232 ιε-

1987 5248 2179 5333 gimtts,
2217 5268 2307 5312 aut
2351 5256 2508 5325 hujus
2553 5253 2679 5322 ﬁdei
2719 5260 2913 5333 npstrte
2957 5249 3179 5333 facim‘ns
3213 5248 3554 5333 rationem":

1985 5316 2128 5404 quod
2152 5316 2341 5404 bonum
2370 5316 2447 5404 est
2468 5316 2715 5404 tenentes.
2749 5316 3080 5403 peinde‘ms.
3105 5317 3455 5381 Sorbonicus,
3487 5316 3553 5369 ab

1989 5394 2129 5457 omni
2156 5400 2321 5466 specie
2342 5396 2483 5450 mala
2506 5411 2601 5449 nos
2630 5394 2970 5466 abstinemus.

2062 5458 2350 5554 (θλιιίιιέτ.
2376 5467 2547 5554 Deest
2576 5458 3371 5554 i"__9f'il_‘?v_ff.£‘Ffl‘.‘.‘3“:{'.fi§

1993 5527 2193 5599 Deinde
2223 5538 2375 5601 editi,
2405 5548 2457 5590 ut
2494 5552 2582 5590 vos
2612 5549 2814 5605 quoque
2841 5530 3152 5605 existimetis
3182 5532 3246 5582 de
3274 5529 3388 5593 illo,
3416 5527 3554 5597 quod

1987 5625 2033 5667 et
2062 5612 2155 5665 alii
2182 5608 2441 5663 nonnulli.
2474 5606 2580 5661 Sed
2607 5604 2739 5659 mss.
2769 5611 2826 5655 ut
2851 5604 2901 5655 in
2932 5610 3101 5655 textu.

2057 5682 2171 5755 (10)
2197 5680 2272 5735 Ita
2297 5694 2426 5735 mss.
2453 5676 2591 5741 Editi
2622 5690 2775 5739 vero,
2807 5673 2931 5744 quia
2961 5687 3062 5723 non
3091 5669 3282 5731 valent,
