3884 6218
322 231 429 289 515

1530 228 1591 281 S.
1634 227 1959 282 PAMPlllLl
1998 223 2352 279 MARTYRIS

3469 226 3577 284 5-H

321 354 502 409 valent
536 366 729 407 sensus
755 351 871 420 ejus
902 350 1245 406 altitudinem
1299 351 1584 417 contueri;
1627 352 1742 405 sive
1773 366 1901 420 pra-
1933 360 1977 415 Α
2006 365 2124 418 qua:
2153 349 2204 399 in
2231 347 2582 415 quaestionem
2603 347 2825 400 veniunt
2850 354 3047 412 movet,
3073 360 3173 402 nec
3192 355 3373 400 tamen
3388 362 3575 401 eorum

318 447 489 500 vitate
516 443 734 509 mentis,
775 458 878 512 qua
919 442 1155 510 studium
1201 453 1397 511 gerunt
1438 458 1541 496 non
1570 443 1741 496 solum
1763 443 1903 495 dicta

319 538 437 607 ejus
467 536 581 607 (ll)
613 537 888 599 incusare,
941 550 1125 589 verum
1174 537 1337 590 etiam
1386 536 1646 589 adversus
1681 551 1772 589 eos
1814 536 1903 603 qui

319 631 434 684 haec
479 628 666 698 legunt
708 625 937 680 hostiles
970 627 1286 682 inimicitias
1315 641 1552 690 sumere,
1590 638 1699 679 tam
1730 627 1903 695 perti-

319 720 528 775 naciter
558 718 611 773 id
639 729 886 787 agentes,
908 727 965 771 ut
995 718 1134 773 nulla
1156 733 1380 788 prorsus
1415 719 1569 772 venia
1598 733 1691 773 eos
1710 718 1904 787 dignos

318 812 506 867 haberi
558 818 769 880 putent,
816 826 883 864 ne
923 824 987 864 ea
1030 811 1250 880 quidem
1284 809 1397 879 (12)
1429 825 1588 878 quam
1625 811 1905 878 impertire

319 904 516 967 solent,
552 905 699 958 verbi
731 904 923 972 gratia,
964 904 1050 957 bis
1092 903 1182 971 qui
1217 903 1298 956 vel
1324 901 1641 957 Griecorum
1676 902 1904 957 smcula-

318 998 458 1051 rium
512 996 702 1060 libros,
734 996 816 1050 vel
855 1009 1246 1064 nonnunquam
1294 994 1459 1048 etiam
1498 993 1899 1058 lmreticorum,

319 1089 708 1159 percunctandi
758 1099 925 1157 atque
971 1086 1302 1156 agnoscendi
1352 1086 1535 1141 studio
1563 1086 1899 1141 decurrunt:

319 1184 418 1238 sibi
461 1182 591 1236 solis
623 1180 830 1235 scilicet
866 1181 1088 1235 concedi
1118 1180 1318 1234 debere
1362 1180 1611 1249 peritiam
1637 1179 1902 1248 probandi

321 1274 586 1327 sermonis
646 1282 853 1341 putant,
898 1280 957 1325 ut
991 1271 1039 1324 si
1088 1270 1216 1339 quid
1269 1268 1382 1340 (l3)
1439 1271 1577 1324 bene
1627 1271 1694 1324 ab
1722 1269 1902 1339 aliquo

320 1368 520 1421 dictum
555 1375 658 1428 est,
709 1364 947 1419 retinere
991 1365 1192 1429 sciant,
1222 1362 1292 1418 ab
1335 1364 1481 1419 omni
1516 1374 1693 1420 autem
1726 1366 1903 1433 specie

319 1456 456 1508 mala
487 1454 763 1511 abstinere
792 1470 850 1509 se
873 1455 1159 1509 noverint:
1185 1454 1253 1509 ab
1276 1454 1362 1510 bis
1388 1470 1515 1510 vero
1533 1456 1623 1523 qui
1654 1454 1903 1526 Origenis

319 1546 486 1600 libros
539 1546 742 1615 legunt,
794 1547 933 1601 istud
975 1546 1189 1615 penitus
1230 1546 1509 1601 exclusum
1542 1558 1741 1617 putant
1783 1563 1903 1603 esse

318 1640 653 1703 mandatmn,
675 1655 781 1708 quo
810 1639 1119 1707 probabiles
1143 1637 1404 1706 iubentur
1427 1637 1562 1694 ellici
1600 1639 1896 1707 trapezita,

2006 440 2373 495 absolutiones
2416 438 2683 509 adjungit,
2716 440 2811 495 sed
2850 455 2974 494 cum
3016 439 3162 493 omni
3201 440 3501 495 humilitate
3522 450 3581 496 et

2005 532 2231 588 veritate
2257 548 2360 586 non
2392 534 2667 588 erubescit
2712 532 2870 588 fateri
2915 534 3029 605 (l8)
3078 535 3194 588 huic
3246 535 3343 589 sibi
3372 551 3477 590 non
3513 536 3581 590 li-

2005 644 2192 698 quere.
2225 628 2543 683 Audivimus
2589 626 2756 681 etiam
2794 627 2921 680 illud
2952 629 3019 680 ab
3043 642 3107 680 eo
3146 628 3455 697 frequenter
3494 629 3580 683 in—

2009 723 2137 786 texi,
2166 722 2310 791 quod
2342 721 2503 777 hodie
2554 734 2624 774 ne
2670 719 2758 773 isti
2793 719 3006 788 quidem
3053 720 3153 789 ipsi
3190 721 3577 789 imperitissimi

2005 815 2245 867 omnium
2279 814 2678 868 obtrectatores
2714 809 2830 878 ejus
2870 811 3050 865 dicere
3102 811 3485 882 dedignantur,
3517 824 3580 868 ut

2003 906 2048 960 si
2079 906 2204 975 quis
2223 904 2414 958 melius
2442 905 2506 957 de
2526 904 2610 958 his
2642 902 2776 958 locis
2792 917 2913 974 quae
2938 902 3027 957 ille
3055 902 3331 968 disseruit,
3355 905 3575 970 dixerit,

2002 995 2091 1050 vel
2160 994 2509 1063 etposuerit,
2580 994 2655 1048 illi
2720 994 2897 1063 potius
2945 994 3036 1064 qui
3110 995 3313 1051 rectius
3382 996 3580 1053 dixerit

2002 1099 2165 1154 quam
2203 1084 2305 1139 sibi
2343 1084 2457 1155 (l9)
2478 1091 2622 1139 esset
2651 1082 3078 1139 auscultandum.
3116 1084 3382 1140 Praeterea
3428 1101 3580 1140 com-

2003 1176 2391 1245 prehendimus
2430 1190 2552 1229 eum
2587 1190 2974 1244 nonnunquam
3022 1176 3264 1231 diversas
3284 1177 3581 1247 expositio-

2002 1282 2100 1322 nes
2132 1264 2244 1338 (20)
2285 1265 2523 1337 ejusdem
2550 1262 3224 1336 capitulil‘acerezetcum
3250 1266 3395 1320 omni
3433 1281 3583 1321 reve-

2004 1361 2201 1425 rentia,
2224 1360 2378 1429 quasi
2399 1361 2489 1430 qui
2514 1360 2651 1414 sciat
2669 1372 2727 1413 se
2740 1359 2806 1413 de
2827 1359 3029 1413 sanctis
3057 1357 3352 1428 Scripturis
3373 1360 3576 1423 dicere,

2004 1468 2125 1507 cum
2152 1452 2318 1507 multa
2352 1468 2471 1522 quae
2504 1452 2609 1506 sibi
2638 1462 2997 1507 occurrerunt
3032 1453 3358 1520 exposuerit,
3386 1454 3578 1521 prmci-

2003 1547 2080 1613 pit
2108 1547 2192 1600 his
2217 1545 2308 1614 qui
2336 1544 2545 1613 legunt,
2576 1545 2809 1615 probare
2841 1549 2905 1597 de
2943 1543 3166 1614 singulis
3197 1560 3317 1613 qua:
3356 1544 3574 1605 dixerit,

2004 1646 2059 1691 et
2078 1639 2220 1706 quod
2251 1638 2452 1691 rectius
2479 1637 2718 1705 prudens
2738 1638 2906 1691 lector
2924 1636 3269 1704 iudicaverit,
3297 1637 3574 1689 obtinere:

320 1731 556 1786 scientes
586 1732 728 1800 quod
773 1731 969 1785 bonmn
1009 1741 1091 1785 est
1125 1731 1385 1787 retinere.
1417 1732 1485 1785 ab
1529 1730 1675 1785 omni
1712 1740 1892 1785 autem
1931 1716 1973 1770 Β
2005 1733 2243 1802 profecto
2295 1733 2418 1802 quia
2446 1748 2545 1788 nec
2591 1733 2768 1802 ipsum
2819 1733 3017 1787 latebat
3065 1736 3203 1803 quod
3257 1749 3361 1787 non
3394 1733 3577 1787 omnia

319 1821 497 1888 Specie
526 1822 662 1873 mala
697 1837 754 1875 se
787 1821 1103 1876 abstinere'
1128 1841 1141 1875 :
1171 1822 1265 1876 sed
1294 1823 1669 1876 tantummodo
1693 1822 1738 1876 si
1773 1823 1895 1890 quis

322 1912 497 1980 legere
536 1912 701 1966 libros
734 1912 875 1967 illius
908 1914 1056 1967 visus
1089 1912 1272 1977 fuerit,
1305 1914 1490 1967 statim
1517 1912 1584 1966 ab
1616 1913 1699 1967 his
1731 1913 1896 1967 mere-

319 2003 549 2058 ticorum
613 2006 974 2073 perfundetur
1022 2006 1264 2059 infamia.
1318 2006 1564 2075 Denique
1616 2006 1727 2078 (14)
1772 2021 1893 2061 ευιη

321 2095 505 2149 multis
532 2096 774 2151 honesta:
823 2097 947 2150 vitae
979 2105 1033 2152 et
1073 2097 1313 2168 religiosi
1350 2098 1613 2169 propositi
1644 2099 1804 2162 viris,
1839 2099 1891 2153 in

318 2188 515 2257 quibus
564 2187 697 2241 nihil
747 2202 969 2258 prorsus
1012 2189 1183 2259 culpae
1237 2190 1543 2253 inveniunt,
1581 2188 1895 2245 inimicitias

318 2288 541 2347 propter
573 2277 675 2332 hoc
711 2278 882 2333 solum
934 2279 1138 2334 habent
1183 2280 1227 2334 si
1280 2296 1466 2335 eorum
1510 2281 1623 2351 (l5)
1655 2281 1893 2335 studium

316 2372 460 2425 circa
491 2371 776 2425 memorati
816 2371 916 2424 viri
954 2370 1125 2425 libros
1165 2374 1488 2442 propensius
1526 2389 1645 2428 esse
1678 2390 1894 2443 perspe-

317 2463 517 2528 xerint,
552 2463 874 2519 invidiosius
904 2466 1068 2517 etiam
1102 2463 1200 2517 ista
1223 2465 1506 2534 tingentes,
1536 2470 1678 2534 quod
1710 2466 1778 2522 ab
1810 2467 1895 2521 his

317 2557 371 2609 in
402 2557 520 2611 loco
537 2568 846 2611 sanctorum
872 2558 1240 2626 apostolorum
1267 2559 1347 2611 vel
1377 2559 1761 2628 prophetarum
1783 2570 1891 2613 tam

317 2650 433 2719 ipse
462 2664 622 2718 quam
662 2651 803 2705 dicta
821 2649 935 2718 ejus
961 2651 1285 2711 habeantur.
1317 2650 1420 2704 Sed
1455 2651 1522 2704 de
1557 2651 1890 2717 hocpertum

317 2757 426 2796 non
477 2742 650 2798 habeo
704 2752 881 2797 utrum
932 2742 1300 2798 calumniandi
1349 2754 1474 2798 voto
1521 2745 1894 2799 tantummodo

319 2834 420 2888 ista
448 2835 722 2905 jactitent,
750 2852 816 2889 an
854 2837 1020 2890 etiam
1059 2835 1126 2890 ab
1162 2836 1435 2905 aliquibus
1472 2837 1894 2907 simplicioribus

317 2935 374 2980 ct
401 2927 754 2996 propensiore
779 2926 975 2984 affectu
995 2929 1341 3001 diligentibus
1370 2931 1569 2993 virum,
1602 2928 1894 2999 aliquando

320 3019 589 3075 fortassis
624 3023 727 3075 tale
778 3022 978 3092 aliquid
1031 3023 1322 3078 audierint.
1385 3020 1499 3093 (16)
1549 3020 1659 3077 Nos
1712 3032 1890 3074 tamen

318 3113 676 3181 perspicimus
716 3114 1027 3182 frequenter
1047 3131 1109 3169 ea
1165 3130 1286 3184 quae
1322 3115 1389 3168 ab
1412 3129 1476 3169 eo
1518 3129 1641 3168 cum
1696 3127 1894 3182 magno

324 3201 517 3256 titriere
553 3202 647 3256 Dei
679 3214 732 3257 et
762 3220 884 3257 cum
930 3205 1077 3260 omni
1116 3205 1418 3258 humilitate
1448 3204 1719 3269 dicuntur,
1770 3217 1891 3256 cum

321 3293 532 3346 veniam
585 3295 717 3361 petit
740 3310 838 3363 pro
869 3298 955 3349 his
985 3310 1105 3363 quae
1130 3308 1225 3362 per
1256 3295 1475 3347 nimiam
1504 3294 1894 3348 discussioaem

322 3393 377 3436 et
404 3400 503 3451 per
552 3384 774 3439 inultam
812 3385 1202 3440 scrutationem
1254 3385 1664 3454 Scripturarum
1718 3383 1898 3437 animo

322 3476 645 3543 disputantis
664 3490 959 3533 occurrunt
991 3499 1005 3534 :
1033 3495 1153 3548 quae
1171 3494 1293 3532 cum
1318 3477 1568 3543 exponit,
1590 3475 1901 3545 frequenter

322 3568 520 3623 addere
550 3569 687 3624 solet
708 3581 763 3624 et
789 3573 1038 3641 proﬁteri
1071 3588 1128 3627 se
1156 3587 1261 3627 non
1298 3572 1410 3624 lucc
1435 3570 1588 3638 quasi
1622 3568 1898 3622 deﬁnitiva

321 3662 675 3728 pronuntiare
722 3666 1013 3729 sententia,
1066 3680 1166 3718 nec
1199 3673 1405 3718 statuto
1438 3664 1695 3733 dogmate
1719 3661 1902 3713 termi-

323 3766 477 3817 nare,
516 3757 610 3809 sed
639 3757 912 3826 inquirere
932 3775 1030 3828 pro
1058 3758 1281 3816 viribus.
1308 3765 1362 3810 et
1387 3770 1604 3809 sensum
1631 3754 1903 3807 discutere

325 3843 753 3915 Scripturarmn,
803 3866 903 3905 nec
961 3862 1139 3905 tamen
1194 3851 1434 3920 proﬁteri
1490 3847 1633 3916 quod
1684 3846 1892 3914 integre

325 3936 668 4007 perfecteque
696 3944 1209 4010 comprehenderit;
1249 3941 1514 4012 suspicari
1545 3939 1716 4007 magis
1743 3952 1801 3989 se
1830 3940 1894 3989 de

324 4032 734 4100 quamplurimis
761 4036 970 4109 dicens,
1011 4052 1111 4091 nec
1164 4046 1341 4091 tamen
1370 4043 1577 4088 certum
1606 4045 1726 4085 esse
1768 4030 1892 4098 quia

325 4122 379 4176 in
405 4126 654 4181 omnibus
695 4129 837 4197 quod
889 4129 1191 4198 perfectum
1222 4136 1308 4183 est
1355 4136 1411 4181 et
1455 4126 1719 4192 integrum
1750 4135 1895 4175 asse—

325 4225 483 4270 cutus
510 4216 599 4271 sit.
618 4218 725 4273 Sed
746 4230 799 4272 et
823 4236 1206 4289 nonnunquam
1226 4220 1530 4274 invenimus
1553 4230 1673 4271 eum
1705 4210 1815 4284 ('17)
1832 4212 1897 4266 de

324 4309 512 4364 multis
551 4312 757 4367 haerere
803 4328 860 4367 se
888 4312 1251 4383 proﬁtentem,
1284 4313 1335 4365 in
1363 4310 1559 4380 quibus
1591 4322 1653 4361 ea
1680 4304 1894 4375 quidem

350 4454 416 4508 ⁷1
455 4455 644 4511 Thess.
689 4474 737 4522 v,
770 4458 860 4519 2|,
895 4458 984 4513 9.2.

398 4574 510 4641 (11)
556 4573 831 4629 Incusare.
884 4575 976 4629 Sic
1016 4589 1149 4629 mss.
1197 4574 1332 4628 Editi
1380 4583 1559 4625 autem
1594 4583 1897 4639 perperam,
1932 4567 1975 4621 D

328 4659 700 4784 miliamilia,
725 4732 841 4784 quo:
886 4715 1141 4782 impertiri
1168 4714 1295 4766 solet
1326 4712 1423 4784 [ιιι.
1452 4726 1609 4780 quam
1640 4707 1901 4784 impertiri

401 4713 491 4781 (12
537 4715 700 4779 Alias,
725 4732 841 4784 quo:
886 4715 1141 4782 impertiri
1168 4714 1295 4766 solet
1326 4712 1423 4784 [ιιι.
1452 4726 1609 4780 quam
1640 4712 1901 4777 impertiri

327 4712 544 4853 solent),
590 4786 725 4837 verbi
773 4786 964 4855 gratia,
1015 4787 1096 4838 liis
1140 4787 1228 4854 qui
1285 4784 1657 4837 ercorum...
1714 4781 1903 4832 decur-

330 4862 471 4914 rant,
499 4862 605 4906 etc.

401 4923 514 4991 (15)
545 4919 703 4987 Bene,
734 4939 943 4979 necnon
987 4934 1160 4978 autem
1188 4924 1329 4993 quod
1362 4937 1484 4976 mox
1512 4921 1773 4990 sequitur,
1808 4919 1901 4972 de-

329 5004 453 5044 sunt
485 4994 533 5043 in
559 4995 743 5049 editis.

403 5063 513 5132 (14)
567 5063 656 5116 Sic
693 5080 791 5119 ms.
827 5062 1182 5117 Sorbonicus.
1215 5063 1313 5117 Ms.
1356 5078 1483 5116 vero
1514 5059 1739 5132 Regius,
1781 5073 1895 5132 cum

329 5128 503 5185 multis
532 5135 678 5186 bona:
709 5136 823 5188 vita:
868 5144 915 5186 et
950 5135 1175 5201 religiosi
1213 5134 1465 5200 propositi
1505 5128 1649 5184 viris.
1698 5130 1794 5183 Ms.

332 5203 583 5272 llemigii,
614 5220 732 5257 cum
762 5204 940 5256 multis
970 5199 1226 5271 religiosis
1257 5199 1358 5257 vita
1388 5215 1433 5255 et
1471 5199 1894 5272 propositoviris.

330 5268 514 5337 Editi,-
538 5283 593 5326 ει
624 5290 723 5327 ms.
759 5268 1134 5335 Corbeiensis,
1182 5289 1296 5325 cum
1348 5273 1530 5324 multis
1577 5271 1674 5323 hoc
1724 5268 1899 5340 (editi,

328 5342 510 5413 huius)
536 5345 654 5396 vim
680 5353 728 5397 et
757 5344 1013 5412 religiosis
1040 5345 1304 5409 proposito
1333 5344 1477 5395 viris.

402 5412 514 5482 (15)
541 5413 702 5475 Editi,
724 5414 922 5467 studia.
954 5414 1153 5467 Omnes
1182 5430 1333 5468 tnss..
1364 5412 1616 5463 studium.

402 5480 512 5552 (l6)
540 5484 662 5537 Mss.
684 5484 794 5537 fere
823 5494 1101 5547 omnes,et
1121 5485 1271 5547 editi,
1293 5482 1404 5535 Nos
1434 5494 1603 5533 tanien
1623 5480 1896 5547 perspectis

332 5553 628 5621 frequenter
644 5554 741 5616 his,
777 5566 883 5609 etc.
907 5553 1015 5608 Sed
1045 5555 1247 5608 rectius
1276 5569 1373 5606 ms.
1404 5568 1541 5605 unus
1559 5562 1617 5605 ut
1646 5553 1698 5604 in
1723 5561 1893 5605 textu.

406 5624 517 5690 (l7)
542 5625 618 5675 Ita
654 5640 841 5677 omnes
874 5639 1005 5678 mss.
1051 5624 1190 5677 Editi
1226 5639 1354 5677 vero
1395 5626 1594 5690 inepte,
1625 5622 1687 5675 de
1719 5622 1897 5675 multis

406 5636 517 5690 (ιη
544 5636 618 5675 tta
654 5640 841 5677 omnes
874 5639 1005 5678 mss.
1051 5636 1190 5677 rsum
1226 5639 1354 5677 vero
1395 5640 1477 5675 mc

336 5694 619 5747 lia-resibus
642 5695 969 5762 proﬁtentem
995 5693 1090 5768 [al.
1128 5636 1516 5766 proficientem?

2003 1841 2122 1894 qua:
2165 1834 2428 1888 moverat,
2471 1826 2550 1879 vel
2593 1826 2947 1887 discusserat,
3004 1824 3298 1894 probabilia
3348 1825 3429 1879 vel
3470 1826 3578 1878 lixa

2004 1918 2186 1969 haberi
2210 1918 2489 1982 deberent,
2521 1933 2616 1986 pro
2643 1934 2706 1973 eo
2730 1920 2873 1989 quod
2906 1918 3072 1973 multa
3099 1917 3323 1989 mystica
3351 1917 3403 1970 in
3432 1914 3582 1971 Scri-

2002 2009 2177 2077 pturis
2205 2008 2431 2073 sanctis,
2463 2010 2583 2064 etin
2602 2018 2811 2064 secreto
2826 2009 3236 2064 reconditaesse
3263 2008 3577 2063 credantur.

2003 2099 2135 2154 Illud
2161 2102 2392 2170 denique
2406 2099 2521 2169 ejus
2541 2102 2586 2156 si
2609 2102 2868 2158 intentius
2889 2102 3420 2170 advertamus,quam
3440 2101 3581 2154 inte-

2002 2208 2095 2265 gre
2111 2202 2165 2248 et
2180 2193 2449 2249 catholice
2467 2193 2531 2247 de
2546 2196 2797 2249 omnibus
2823 2193 3167 2249 Tractatibus
3181 2195 3290 2248 suis
3308 2194 3361 2249 in
3393 2195 3558 2263 prail'a

2002 2287 2148 2341 tione
2162 2299 2345 2339 eorum
2368 2284 2623 2340 librorum
2639 2303 2774 2356 quos
2790 2287 2840 2340 in
2854 2285 3104 2341 Genesim
3120 2286 3307 2340 scribit
3320 2298 3576 2355 protesta-

2002 2388 2087 2433 tus
2109 2385 2208 2439 est,
2224 2390 2436 2430 omnem
2452 2377 2566 2446 ejus
2578 2392 2796 2432 sensum
2809 2392 2872 2430 ex
2889 2380 2987 2433 hoc
3000 2376 3158 2445 facile
3168 2393 3577 2447 cognoscemus.

2074 2468 2186 2539 (21)
2236 2470 2533 2523 ORIGENES.
2573 2488 2591 2521 ‹
2648 2469 2761 2524 Nisi
2785 2472 3108 2524 omnimodis
3137 2470 3272 2541 pigri
3310 2485 3579 2537 essemus,

2002 2576 2065 2615 ac
2116 2561 2352 2624 desides,
2406 2575 2472 2614 ne
2520 2561 2587 2614 ad
2625 2562 3002 2628 inquirendum
3043 2562 3260 2630 quidem
3292 2563 3575 2630 accedere,

2002 2652 2229 2707 Domino
2257 2661 2311 2705 et
2345 2654 2630 2709 Salvatore
2657 2664 2847 2707 nostro
2872 2654 2937 2707 ad
2972 2655 3072 2707 hoc
3104 2669 3201 2707 nos
3224 2664 3576 2722 provocante,

2001 2744 2243 2813 profecto
2274 2760 2683 2801 revocassemus
2721 2748 2936 2814 pedem,
2965 2746 3371 2799 considerantes
3428 2746 3577 2815 quod

2001 2837 2157 2909 longe
2187 2839 2355 2894 simus
2384 2839 2453 2893 ab
2487 2854 2549 2893 ea
2594 2840 2960 2907 magnitudine
2986 2839 3242 2907 spiritalis
3273 2838 3580 2908 intelligen-

2004 2928 2111 2992 tiae,
2161 2927 2274 2997 (29.)
2327 2944 2429 2998 qua
2457 2930 2526 2983 de
2554 2940 2661 2983 tam
2701 2930 2911 2999 magnis
2948 2932 3107 2983 rebus
3144 2930 3450 2999 investigari
3484 2932 3582 2986 de-

1999 3019 2125 3073 beat
2148 3021 2471 3074 intellectus.
2503 3039 2522 3073 ι

2066 3111 2392 3167 ΡΑκιηιιωε.
2429 3113 2491 3166 Et
2512 3113 2667 3181 paulo
2690 3123 2807 3181 post
2841 3114 2946 3167 ait:

2067 3203 2356 3259 Omcsuss.
2379 3224 2397 3256 ε
2428 3206 2485 3259 Si
2508 3206 2592 3258 cui
2618 3221 2742 3259 vero
2768 3205 2820 3259 in
2838 3206 3228 3273 disceptatione
3252 3209 3579 3276 profundum

1999 3295 2203 3364 aliquid
2253 3296 2573 3361 occurrerit,
2615 3298 2682 3349 de
2716 3297 2817 3351 hoc
2871 3296 3160 3349 dicendum
3194 3298 3409 3366 quidem
3465 3311 3573 3364 est,
3666 3351 3670 3355 .

2002 3390 2097 3441 sed
2140 3403 2248 3441 non
2281 3403 2403 3441 cum
2435 3388 2579 3440 omni
2622 3386 3000 3442 allirmatione.
3031 3388 3143 3443 Hoc
3189 3390 3331 3443 enim
3366 3400 3461 3443 aut
3495 3404 3579 3445 te-

2001 3479 2216 3533 merarii
2246 3479 2478 3533 hominis
2498 3488 2600 3543 est,
2627 3487 2681 3532 et
2704 3476 2816 3545 ejus
2836 3478 2924 3547 qui
2966 3494 3182 3532 sensum
3220 3481 3465 3533 humanae
3492 3482 3579 3533 in-

2003 3571 2277 3623 lirmilatis
2326 3571 2640 3641 perdiderit,
2689 3570 2995 3637 oblitusque
3023 3572 3106 3625 sui
3141 3572 3211 3625 sit
3249 3588 3262 3623 :
3312 3583 3403 3625 aut
3426 3586 3583 3628 certe

2003 3662 2368 3731 perfecturum
2414 3666 2676 3727 virorum,
2711 3672 2764 3717 ει
2801 3677 2986 3716 eorum
3025 3663 3116 3732 qui
3163 3662 3495 3718 conlidenter
3520 3678 3583 3718 se

2002 3754 2180 3808 sciant
2209 3754 2277 3807 ab
2295 3755 2411 3821 ipso
2435 3753 2664 3807 Domino
2686 3752 2811 3807 Jesu
2831 3753 3107 3818 didicisse,
3140 3755 3191 3808 id
3216 3763 3319 3821 est,
3344 3770 3373 3807 a
3400 3753 3583 3811 Verbo

2002 3844 2268 3909 veritatis,
2293 3853 2346 3897 et
2372 3844 2439 3897 ab
2473 3844 2589 3912 ipsa
2620 3843 2896 3911 Sapientia
2920 3859 3015 3913 per
3046 3860 3206 3912 quam
3232 3844 3413 3900 omnia
3436 3844 3581 3900 facta

2001 3942 2148 3997 sunt,
2209 3935 2492 4003 agnovisse
2541 3953 2555 3988 :
2611 3932 2695 3987 vel
2741 3948 2926 3987 eorum
2963 3935 3054 4003 qui
3105 3936 3282 3989 divina
3319 3951 3579 4005 responsa

2001 4025 2229 4096 ingressi
2282 4025 2549 4079 turbinem
2611 4037 2665 4079 et
2696 4025 2981 4094 caliginem
3034 4026 3119 4079 ubi
3167 4026 3306 4080 Deus
3333 4027 3445 4095 ipse
3474 4040 3580 4094 est,

2000 4116 2212 4170 coalitus
2234 4125 2575 4185 acceperunt,
2611 4117 2661 4169 in
2702 4117 2844 4184 quod
2878 4117 2963 4169 vix
3009 4116 3099 4171 ille
3134 4116 3341 4189 Moyses
3372 4120 3583 4190 ingres-

2003 4224 2096 4264 sus
2122 4208 2201 4262 vel
2230 4209 2527 4278 intelligere
2551 4208 2673 4261 talia
2704 4209 2873 4277 potuit
2903 4208 2981 4260 vel
3013 4209 3271 4277 proferre.
3306 4210 3412 4265 Nos
3428 4226 3587 4277 vero,

2004 4316 2101 4369 pro
2150 4315 2214 4354 eo
2257 4299 2371 4356 solo
2416 4300 2558 4369 quod
2596 4302 2941 4357 mediocriter
2981 4301 3105 4355 licet
3134 4302 3271 4372 (ἰὸ),
3308 4305 3582 4360 credimus

2076 4562 2189 4631 (18)
2226 4563 2373 4618 Ηανε.
2404 4566 2559 4618 Deest
2595 4566 2645 4617 in
2679 4576 2832 4617 antea
2859 4566 3034 4630 editis,
3070 4582 3274 4619 necnon
3307 4569 3464 4634 paulo
3498 4569 3580 4621 in-

1992 4639 2108 4703 ira,
2139 4636 2260 4701 ipsi.
2315 4637 2510 4689 Deinde
2541 4652 2644 4689 tus.
2689 4635 2886 4705 Regius
2924 4638 3083 4690 liabet
3127 4638 3432 4706 dignantur,
3463 4639 3581 4694 loco

2006 4708 2382 4773 dedignantur.

2102 4778 2187 4840 19)
2222 4776 2351 4829 Mss.
2384 4776 2625 4845 plerique
2649 4787 2702 4831 et
2726 4776 2879 4838 editi,
2914 4792 3047 4841 esse,
3092 4775 3251 4829 male,

2102 4778 2187 4840 19)
2222 4778 2351 4829 Mss.
2384 4778 2625 4845 plerique
2649 4787 2702 4831 et
2726 4778 2879 4838 editi,
2914 4792 3047 4841 esse,
3092 4778 3251 4829 male,

2075 4778 2187 4919 iQO)
2221 4845 2295 4899 lta
2331 4861 2521 4901 omnes
2552 4862 2679 4900 mss.
2715 4846 2853 4900 Editi
2888 4860 3019 4900 vero
3050 4863 3354 4915 perperam,
3384 4848 3579 4902 eisdem

2002 4918 2267 4972 capitulis.

2068 4938 2309 5055 τὲἓιίιῖιθ
2353 4985 2500 5038 editi.
2553 4984 2680 5039 Mss.
2728 5000 2854 5057 vero
2900 4986 3179 5057 plerique:
3213 4987 3461 5057 Origenes
3514 4992 3579 5040 de

2004 5057 2328 5126 Prwfatione
2364 5056 2613 5127 librorum
2649 5059 2711 5127 in
2758 5054 3125 5127 Genesim',[al.
3172 5059 3234 5108 de
3267 5054 3579 5123 prwfatione

2004 5124 2252 5181 librorum
2283 5126 2519 5196 Urigenis
2550 5126 2602 5177 in
2634 5124 2919 5195 Genesim).
2955 5124 3068 5179 Nisi
3094 5128 3410 5180 omnimodis
3442 5129 3579 5196 pigri

2004 5208 2169 5252 essent
2205 5197 2295 5269 [aL
2327 5195 2445 5269 Nisi
2478 5196 2801 5269 omnimodis
2831 5198 3047 5263 quidam
3084 5198 3219 5266 pigri
3267 5195 3478 5251 essent:
3501 5195 3578 5252 al.

2003 5271 2136 5337 pigri
2161 5264 2555 5336 essentingenii]
2580 5277 2629 5319 et
2655 5267 2879 5331 desides,
2904 5277 3010 5320 etc.

2076 5339 2187 5407 (“2.2)
2224 5339 2394 5402 Alias,
2426 5352 2542 5406 qua:
2573 5339 2636 5391 de
2657 5348 2815 5391 luntre
2845 5337 3224 5407 magnitudinis
3256 5336 3406 5392 rebus
3433 5338 3582 5393 inve-

2006 5410 2224 5477 stigare,
2255 5418 2358 5463 elc.

2075 5476 2187 5551 (25)
2218 5481 2288 5551 lta
2318 5479 2467 5541 editi,
2493 5480 2594 5551 nisi
2628 5478 2769 5551 quod
2806 5479 3002 5551 addant
3023 5476 3253 5551 Christo,
3282 5488 3400 5551 post
3423 5476 3577 5532 Jesu.

2008 5548 2103 5604 Ms.
2141 5548 2466 5605 Sorbonieus
2494 5560 2549 5602 et
2578 5549 2635 5604 S.
2687 5548 2963 5602 Michaelis
2999 5551 3047 5600 in
3077 5548 3334 5615 .Periculo
3387 5552 3575 5609 maris,

2010 5639 2100 5674 oro
2124 5638 2182 5674 eo
2212 5622 2324 5674 solo
2354 5621 2490 5681 quod
2521 5620 2852 5672 mediocriter
2886 5621 3003 5671 licet
3033 5620 3369 5681 credidimus,
3403 5631 3577 5673 tamen

2007 5699 2070 5747 de
2096 5691 2315 5747 Domino
2345 5688 2472 5744 Jesu
2507 5692 2787 5759 loquimur,
2826 5700 2870 5743 ct
2914 5691 3049 5758 ejus,
3087 5702 3192 5744 etc.
3224 5688 3414 5745 (λειετὶ
3439 5707 3567 5744 mss.
