3884 6218
322 332 445 388 ⁷545

1532 326 1875 382 APOLOGlA
1912 325 2050 381 PRO
2088 324 2409 383 ORlGENE.

3471 330 3574 384 516

345 454 523 498 tamen
549 442 775 499 Domino
801 442 951 509 lesu,
976 453 1029 499 et
1046 441 1160 513 ejus
1184 442 1477 513 gloriamur
1496 457 1615 498 esse
1631 442 1901 513 discipuli,
1935 449 1978 503 Α
2006 441 2271 510 proximis
2304 455 2423 495 esse
2458 439 2655 509 quibus
2678 439 3005 496 charitatem
3030 455 3095 494 ex
3125 440 3377 495 mandato
3408 441 3573 495 debe-

340 550 438 589 nec
472 544 649 588 tamen
673 536 932 589 audemus
964 535 1143 589 dicere
1164 535 1304 604 quod
1343 532 1483 588 facie
1508 535 1573 587 ad
1606 534 1800 587 faciem
1832 534 1899 587 ab

338 626 453 694 ipso
499 624 746 678 traditam
808 625 1202 695 susceperimus
1252 625 1657 695 intelligentiam
1710 638 1897 678 eorum

336 730 455 784 quae
502 715 553 769 in
589 714 785 768 divinis
827 714 982 767 libris
1016 712 1324 767 referuntur
1352 730 1369 764 τ
1399 726 1519 781 quae
1549 711 1763 779 quidem
1787 724 1901 764 cer-

337 814 421 858 tus
450 820 567 858 sum
586 806 725 874 quod
753 820 819 858 ne
849 805 960 873 ipse
982 804 1193 871 quidem
1227 804 1460 857 mundus
1490 818 1585 872 pro
1605 803 1807 856 virtute
1832 816 1898 856 ac

332 894 612 961 majestate
653 909 904 949 sensuum
953 908 1144 964 capere
1191 901 1363 962 potest
1420 894 1462 946 ⁸.
1499 892 1726 961 Propter
1758 898 1898 959 quod

334 986 681 1054 pronuntiare
706 984 918 1054 quidem
957 985 1021 1037 de
1056 984 1142 1039 his
1175 1000 1291 1051 quae
1335 984 1581 1049 dicimus,
1608 983 1747 1037 sicut
1768 998 1899 1052 apo-

331 1078 452 1133 stoli
482 1086 791 1147 potuerunt,
824 1093 928 1131 non
967 1078 1229 1131 audemus
1263 1094 1276 1129 :
1312 1077 1363 1130 in
1393 1092 1459 1131 eo
1488 1084 1664 1131 autem
1693 1076 1897 1145 gratias

330 1172 559 1241 agimus,
599 1170 743 1241 quod
766 1185 885 1224 cum
916 1169 1067 1223 multi
1095 1169 1416 1238 imperitiam
1445 1184 1595 1223 suam
1626 1169 1892 1232 nesciant,

329 1272 385 1315 et
413 1270 588 1315 motus
616 1276 742 1315 suos
766 1261 1146 1328 incompositos
1167 1269 1218 1313 et
1240 1259 1595 1322 inordinatos,
1624 1259 1891 1314 interdum

327 1352 491 1406 etiam
527 1362 581 1407 et
608 1352 817 1420 ineptos
847 1367 911 1407 ac
936 1351 1229 1412 fabulosos,
1262 1366 1381 1404 cum
1401 1352 1544 1405 omni
1573 1351 1891 1417 intentione,

326 1444 467 1497 sicut
510 1443 612 1497 sibi
659 1443 932 1508 videntur,
964 1443 1113 1509 quasi
1156 1442 1433 1495 verissima
1462 1442 1759 1496 assertione
1797 1458 1895 1496 an-

326 1532 593 1597 nuntient,
640 1546 741 1586 nos
779 1531 843 1585 de
886 1530 1045 1585 rebus
1089 1530 1319 1599 magnis,
1360 1538 1412 1582 et
1452 1529 1534 1581 his
1577 1543 1699 1597 qua:
1731 1542 1891 1595 supra

324 1638 424 1678 nos
448 1633 590 1686 sttnt,
616 1622 974 1692 ignorantiam
1009 1632 1244 1677 nostram
1286 1635 1390 1674 non
1420 1621 1753 1687 ignoramus.
1796 1636 1816 1669 ι

396 1716 720 1770 Psurntws.
748 1714 885 1769 Cum
924 1728 1056 1784 ergo
1093 1715 1206 1768 haec
1238 1727 1359 1766 eum
1403 1714 1467 1766 de
1497 1726 1554 1766 se
1583 1711 1761 1765 dicere
1792 1726 1889 1764 au-

2006 548 2144 598 mus,
2178 543 2231 586 et
2263 541 2573 599 assumptus
2602 532 2766 586 libros
2793 531 2912 602 ejus
2946 532 3188 602 legerent
3219 547 3343 587 cum
3373 547 3437 586 ea
3471 546 3563 585 ve-

2004 623 2115 687 nia,
2138 638 2301 692 quam
2332 624 2444 692 ipse
2470 624 2521 675 in
2559 623 2977 677 Przefationibus
3018 624 3129 677 suis
3157 624 3423 694 deposcit,
3455 624 3567 677 sic-

1984 716 2099 771 ubi
2146 716 2304 769 venia
2350 715 2572 783 dignum
2631 715 2833 783 aliquid
2873 716 3201 769 invenirent.
3244 716 3400 770 Nunc
3439 731 3568 769 vero

2006 822 2035 861 e
2063 809 2340 862 contrario
2382 809 2563 861 videas
2606 823 2696 862 eos
2730 808 3036 863 maledictis
3061 808 3277 876 quidem
3326 808 3567 877 probris-

2003 915 2107 969 que
2134 898 2248 968 (27)
2281 900 2409 952 mihi
2449 913 2553 952 non
2580 914 2807 968 parcere
2836 918 2849 952 :
2885 914 2980 953 eos
3012 914 3142 952 vero
3171 899 3262 968 qui
3317 898 3567 967 Scriptu-

1999 1003 2187 1042 rarnm
2240 987 2715 1057 intelligendarum
2753 989 3048 1044 secundum
3089 992 3400 1044 mandatum
3456 990 3561 1043 Do-

2000 1080 2130 1133 mini
2161 1090 2215 1134 et
2263 1080 2564 1136 Salvatoris
2629 1082 2802 1136 nostri
2852 1082 3091 1136 studium
3141 1093 3355 1151 gerunt,
3411 1098 3441 1136 a
3482 1083 3562 1136 lc-

1999 1174 2180 1227 ctione
2204 1172 2467 1227 librorum
2505 1172 2623 1241 ejus
2651 1174 2947 1239 deterrere,
2978 1172 3229 1243 ottaalibet
3270 1175 3432 1229 etiam
3455 1176 3560 1229 alia

2000 1263 2203 1330 inepta,
2234 1263 2395 1315 etiam
2443 1262 2575 1317 nihil
2619 1264 2921 1333 profutura,
2972 1264 3151 1333 potius
3200 1279 3363 1332 quam
3420 1265 3561 1320 illius

1999 1352 2421 1408 commentarios
2469 1353 2572 1423 legi
2615 1355 2813 1409 debere
2858 1348 3207 1409 afﬁrmantes.
3263 1357 3321 1408 lu
3363 1356 3559 1424 quibus

1996 1458 2137 1513 saepe
2185 1444 2344 1498 etiam
2387 1443 2595 1498 ridiculi
2644 1444 2847 1513 aliquid
2900 1445 3007 1513 pati
3048 1447 3240 1500 solent.
3296 1445 3428 1500 Nam
3500 1456 3560 1501 ut

1992 1549 2180 1589 eorum
2219 1534 2556 1589 contentiosa
2600 1536 2971 1603 prtesnmptio,
3015 1534 3121 1601 vel,
3166 1546 3225 1588 ut
3269 1536 3450 1589 verius
3478 1538 3561 1590 di-

1995 1638 2137 1686 cam,
2179 1622 2290 1694 (28)
2325 1622 2673 1694 pra'judicata
2705 1624 2921 1679 vesania
2973 1623 3185 1679 facilius
3226 1626 3554 1691 declaretur,

1996 1714 2244 1770 accidere
2290 1715 2431 1769 solet
2476 1714 2559 1769 vel
2594 1731 2749 1776 casu,
2803 1714 2885 1769 vel
2928 1717 3201 1770 interdum
3244 1718 3446 1784 studio,
3499 1729 3558 1772 ut

325 1807 554 1873 diamus,
599 1814 655 1860 et
708 1803 1078 1874 hujuscemodi
1125 1810 1304 1856 mente
1350 1816 1414 1855 ac
1451 1810 1576 1855 voto
1614 1816 1733 1871 quae
1763 1800 1892 1854 dicit
1923 1794 1967 1848 B
1997 1805 2215 1858 nomine
2263 1804 2314 1857 in
2363 1804 2549 1858 codice
2595 1819 2699 1857 non
2747 1804 3075 1872 prsetitulato
3108 1804 3323 1875 legatur
3354 1807 3556 1875 aliquid

324 1911 587 1960 asserere,
636 1896 899 1950 miramur
959 1896 1012 1949 in
1055 1903 1259 1947 tantum
1306 1892 1629 1948 temeritatis
1677 1892 1887 1961 aliquos

320 2003 444 2044 esse
491 1998 795 2058 provectos,
848 1998 909 2040 ut
958 1986 1047 2053 qui
1092 1999 1151 2040 se
1187 1986 1259 2039 ita
1312 1985 1615 2040 humilitate
1655 1985 1884 2054 judicat,

321 2091 567 2137 astruant
593 2082 735 2150 quod
779 2081 847 2135 ab
880 2080 999 2135 aliis
1035 2080 1175 2134 dicta
1210 2079 1324 2147 ejus
1365 2079 1447 2133 vel
1472 2078 1601 2133 libri
1640 2093 1738 2147 pro
1769 2093 1885 2133 ser-

320 2172 570 2226 monibus
592 2171 898 2239 apostolicis
930 2169 1011 2224 vel
1043 2170 1198 2224 dictis
1216 2168 1546 2238 propheticis
1562 2169 1883 2231 habeantur,

320 2272 414 2315 aut
454 2264 595 2330 quod
644 2260 733 2315 ille
779 2263 893 2329 ipse
947 2260 1031 2314 vel
1068 2260 1345 2329 prophetis
1394 2260 1476 2314 vel
1530 2259 1784 2327 apostolis
1816 2260 1883 2313 ab

319 2352 499 2421 aliquo
554 2361 913 2421 comparetur.
972 2350 1039 2405 Et
1087 2351 1302 2420 quidem
1373 2351 1515 2418 quod
1567 2359 1622 2405 et
1678 2350 1884 2404 honore

316 2446 635 2516 presbyterii
684 2447 740 2498 in
788 2444 1030 2499 Ecclesia
1080 2443 1335 2510 prteditus
1381 2440 1564 2505 fuerit,
1615 2450 1670 2495 et
1717 2441 1880 2494 vitam

317 2536 832 2591 abstinentissimam
877 2534 1047 2603 egerit
1073 2544 1127 2587 et
1176 2533 1329 2587 valde
1382 2532 1499 2604 (24)
1549 2533 1878 2602 phil050phi-

313 2640 461 2689 cam,
502 2628 753 2695 quodque
799 2641 985 2694 puram
1022 2625 1297 2695 religionis
1314 2625 1688 2680 observaverit
1714 2625 1879 2679 disci-

313 2718 539 2786 plinam,
608 2728 662 2773 et
727 2733 837 2786 prae
888 2719 1097 2773 czeteris
1152 2718 1314 2774 verbo
1370 2718 1463 2774 Dei
1518 2728 1573 2773 et
1623 2719 1881 2773 doctrinis

313 2824 535 2879 operam
573 2810 801 2873 dederit,
838 2811 966 2864 nulli
1001 2811 1220 2865 dubium
1248 2819 1329 2866 est
1354 2821 1408 2866 et
1443 2826 1510 2865 ex
1541 2810 1626 2865 his
1655 2825 1775 2881 qua:
1811 2813 1877 2864 ad

314 2913 414 2952 nos
466 2898 752 2954 laborisvet
803 2900 963 2953 studii
1019 2900 1137 2970 ejus
1182 2901 1481 2956 certissima
1526 2901 1878 2970 designantur

314 2992 550 3045 indicia:
610 2990 875 3060 praecipue
928 3006 1056 3046 vero
1122 3007 1217 3062 per
1266 3008 1359 3046 eos
1408 3000 1686 3056 tractatus,
1738 3007 1874 3062 quos

312 3096 451 3152 pene
477 3081 714 3150 quotidie
740 3082 794 3135 in
819 3082 1058 3137 Ecclesia
1097 3083 1329 3137 habebat
1355 3098 1421 3137 cx
1450 3093 1708 3152 tempore,
1738 3098 1873 3153 quos

310 3186 371 3230 et
397 3175 764 3230 describentes
790 3175 988 3230 notarii
1043 3176 1107 3230 ad
1145 3178 1534 3230 monimentum
1578 3177 1867 3245 posterita-

314 3267 385 3320 tis
423 3267 728 3320 tradebant.
758 3266 1103 3335 Consequens
1132 3267 1297 3337 igitur
1327 3276 1468 3331 erat,
1503 3282 1569 3321 es
1620 3268 1705 3321 his
1749 3284 1863 3323 om-

312 3358 475 3411 nibus
521 3357 766 3412 lahorum
818 3366 873 3412 et
915 3358 1214 3413 studiorum
1264 3372 1485 3414 suorum
1548 3360 1873 3416 testimoniis

310 3449 561 3519 amplecti
610 3449 767 3505 talem
806 3450 980 3504 virum
1029 3469 1045 3504 :
1099 3459 1155 3505 et
1189 3465 1363 3519 neque
1387 3452 1717 3506 defensionis
1748 3462 1865 3507 stu—

311 3542 402 3599 dio
431 3544 547 3612 plus
576 3545 705 3599 dare
738 3543 849 3615 (25)
884 3544 935 3599 ei
968 3545 1142 3599 meriti
1183 3561 1345 3616 quam
1397 3561 1650 3601 mensura
1699 3546 1868 3615 depo-

312 3635 437 3699 scit,
475 3651 648 3705 neque
682 3651 866 3691 rursus
886 3638 1221 3692 obtrectandi
1255 3637 1386 3692 vitio
1416 3636 1575 3691 facile
1596 3639 1856 3693 condem-

310 3743 465 3791 nare,
516 3740 571 3782 et
621 3729 855 3783 alienum
895 3730 960 3784 ab
991 3729 1360 3784 ecclesiastica
1389 3730 1634 3783 doctrina
1663 3739 1867 3784 temere

308 3821 695 3888 pronuntiare:
732 3836 853 3874 cum
887 3831 1173 3891 utrumque
1198 3821 1337 3874 istud
1359 3821 1712 3889 praecipitium
1741 3836 1860 3890 pro-

308 3910 500 3964 videns
523 3921 646 3964 ante
683 3912 896 3967 divinus
926 3926 1104 3966 sermo
1133 3912 1471 3982 prohibuerit
1498 3912 1685 3966 dicens
1711 3911 1869 3965 :Non

307 4004 374 4054 sit
408 4005 463 4055 in
490 4013 536 4054 te
564 4019 807 4056 mensura
830 4003 1023 4073 major,
1057 4018 1219 4073 neque
1239 4019 1480 4057 mensura
1504 4004 1693 4056 minor.
1727 4003 1867 4055 Abo-

308 4096 554 4149 minallile
591 4107 664 4148 est
692 4097 830 4150 enim
854 4097 911 4150 in
949 4107 1227 4163 conspectu
1260 4096 1465 4149 Domini
1507 4106 1783 4164 utrumque
1804 4098 1847 4154 ’.

315 4185 615 4256 Unicuique
641 4190 807 4255 enim,
837 4197 996 4257 prout
1026 4189 1242 4257 dignum
1269 4198 1375 4253 est,
1416 4188 1675 4252 tribuere,
1704 4187 1865 4256 justi-

308 4279 399 4332 tiae
434 4281 536 4334 hoc
568 4281 841 4349 proprium
892 4289 993 4335 est.
1035 4278 1266 4348 Pr0pter
1312 4280 1452 4348 quod
1499 4288 1553 4334 et
1612 4293 1863 4334 mensura

306 4372 535 4441 integra,
595 4380 649 4425 et
704 4372 915 4441 pondus
958 4371 1165 4439 aequale
1217 4372 1551 4439 acceptabile
1603 4380 1687 4426 est
1718 4371 1857 4441 apud

1996 1895 2168 1964 ipsius
2200 1896 2253 1949 in
2282 1895 2504 1949 auribus
2538 1894 2965 1949 obtrectatorum
2994 1898 3147 1964 quasi
3180 1896 3406 1952 alterius
3439 1907 3548 1950 tra-

1992 1986 2243 2040 ctatoris.
2286 1984 2437 2052 Quod
2482 1986 2668 2038 tandiu
2706 1984 2883 2052 placet
2911 1994 2965 2040 et
2986 1984 3263 2049 laudatur,
3288 1997 3450 2057 atque
3495 1988 3557 2042 in

1994 2076 2143 2129 omni
2197 2076 2557 2130 admiratione
2604 2076 2857 2139 habetur,
2911 2076 3147 2144 quandiu
3194 2093 3387 2133 nomen
3443 2093 3550 2133 non

1986 2165 2151 2220 fuerit
2192 2168 2507 2221 indicatum.
2554 2168 2623 2219 At
2667 2167 2755 2220 ubi
2805 2165 3055 2237 Origenis
3095 2169 3308 2238 cognita
3354 2169 3555 2223 fuerint

1984 2280 2105 2319 esse
2128 2281 2247 2334 quae
2273 2265 2579 2334 placebant,
2633 2265 2817 2318 statim
2870 2265 3182 2333 displicent,
3217 2268 3402 2320 statim
3438 2268 3549 2320 ha:-

1986 2358 2155 2410 retica
2190 2372 2313 2412 esse
2351 2358 2641 2410 dicuntur:
2675 2365 2731 2409 et
2764 2371 2825 2410 ea
2849 2371 2968 2425 quae
2996 2356 3156 2425 paulo
3181 2368 3307 2412 ante
3347 2358 3412 2411 ad
3434 2373 3553 2413 etn—

1984 2448 2094 2500 ittm
2149 2462 2321 2515 usque
2366 2447 2701 2510 ferebantur,
2756 2447 2946 2500 iisdem
2989 2448 3211 2502 vocibus
3250 2450 3551 2519 eademque

1981 2538 2165 2607 lingua
2207 2554 2379 2608 usque
2422 2540 2489 2593 ad
2540 2538 2743 2592 inferos
2802 2539 3212 2609 demerguntur.
3274 2539 3541 2596 Praeterea

1981 2630 2142 2683 etiam
2195 2630 2324 2682 illud
2377 2638 2462 2684 est
2504 2630 2767 2692 invenire,
2810 2630 2953 2697 quod
2983 2645 3370 2700 nonnunquam
3402 2632 3537 2686 tales

1980 2726 2105 2772 sunt
2142 2727 2486 2772 accusatores
2530 2717 2670 2785 ejus,
2720 2717 2811 2785 qui
2864 2731 2964 2770 nec
2999 2717 3245 2772 Graecam
3295 2721 3547 2774 noverint

1978 2806 2255 2876 linguam:
2284 2808 2375 2861 alii
2403 2809 2731 2864 omnimodis
2761 2809 2993 2876 imperiti
3019 2825 3034 2875 ;
3061 2810 3301 2864 nonnulli
3332 2812 3543 2865 etiamsi

1978 2897 2182 2966 aliquid
2214 2899 2469 2953 videntur
2515 2899 2718 2954 habere
2747 2899 2976 2968 peritiae,
3026 2913 3131 2953 non
3168 2907 3347 2955 tamen
3378 2901 3541 2955 etiam

1975 2988 2030 3043 id
2063 2989 2227 3043 studii
2250 2988 2506 3044 habuisse
2532 2990 2903 3056 inveniuntur,
2935 3003 2989 3045 ut
3015 2991 3163 3046 libris
3188 2992 3304 3059 ejus
3323 3007 3548 3062 operam

1976 3080 2263 3135 dederint:
2300 3090 2394 3135 aut
2437 3082 2480 3136 si
2530 3082 2793 3137 acciderit
2834 3094 2894 3137 ut
2934 3084 3101 3139 etiam
3143 3082 3394 3154 legerint,
3424 3100 3533 3139 non

1975 3172 2230 3227 continuo
2253 3173 2417 3227 etiam
2458 3183 2622 3228 tanta:
2642 3175 2970 3229 eruditionis
3002 3176 3225 3240 fuerint,
3259 3186 3316 3230 ut
3347 3177 3533 3231 altitu~

1976 3264 2159 3319 dinem
2209 3279 2404 3320 sensus
2452 3265 2571 3335 ejus
2617 3267 2832 3334 assequi
2864 3268 3164 3335 quiverint,
3189 3284 3295 3337 quo
3319 3283 3383 3322 ea
3414 3284 3541 3338 qua:

1974 3357 2065 3412 ille
2097 3357 2316 3413 diverso
2340 3368 2632 3427 prospectu
2660 3375 2760 3430 pro
2807 3360 3022 3415 locis-et
3056 3362 3235 3416 causis
3266 3363 3541 3417 disserere

1973 3448 2135 3513 solet,
2176 3450 2460 3505 advertere
2488 3451 2781 3506 valuerint.
2836 3451 3035 3508 Multos
3080 3453 3346 3516 invenias,
3399 3467 3537 3521 quos

1971 3542 2015 3594 si
2060 3541 2362 3612 interroges
2393 3544 2446 3595 in
2478 3542 2676 3612 quibus
2735 3543 2910 3608 libris,
2949 3552 3041 3598 aut
3085 3545 3136 3597 in
3167 3545 3363 3613 quibus
3404 3544 3541 3599 locis

1970 3631 2114 3685 dicta
2166 3634 2275 3686 sint
2329 3632 2442 3687 huic
2494 3648 2615 3701 qua:
2653 3643 2905 3704 arguunt,
2960 3633 3071 3705 (29)
3114 3634 3442 3689 confitentur
3475 3650 3536 3691 se

1970 3724 2185 3789 quidem
2217 3724 2430 3777 nescire
2452 3737 2513 3775 ea
2543 3723 2609 3777 de
2631 3723 2831 3791 quibus
2879 3721 3169 3787 allirmant,
3204 3739 3302 3779 nec
3336 3724 3535 3794 legisse

1970 3828 2230 3881 unquam,
2256 3814 2473 3868 audisse
2496 3822 2676 3868 autem
2712 3813 2847 3867 alios
2874 3815 3137 3868 dicentes.
3174 3815 3250 3867 Ex
3279 3829 3387 3883 quo
3413 3815 3535 3870 cui-

1969 3904 2052 3956 vis
2096 3903 2250 3971 plena
2297 3904 2509 3958 ridiculi
2548 3903 2819 3958 sententia
2863 3919 3051 3959 eorum
3079 3905 3376 3972 videbitur,
3401 3920 3525 3960 cum

1966 3995 2035 4048 de
2088 3995 2171 4048 his
2208 3994 2479 4063 judicant,
2529 4002 2694 4062 atque
2739 4010 2802 4049 ea
2858 3994 3244 4059 condemnant,
3284 4010 3403 4063 qua:
3430 4009 3532 4049 nec

1965 4085 2177 4140 discere
2210 4086 2425 4154 quidem
2451 4087 2625 4155 prius,
2660 4102 2723 4141 ac
2758 4102 2916 4141 nosse
2957 4097 3269 4156 potuerunt.
3310 4087 3366 4139 ln
3392 4087 3531 4141 alios

1964 4193 2096 4234 vero
2135 4180 2260 4234 novi
2318 4179 2519 4234 furoris
2572 4180 2793 4233 morbus
2840 4186 2895 4233 et
2948 4179 3203 4233 inauditae
3237 4178 3348 4244 (50)
3382 4178 3533 4232 labes

1964 4271 2187 4326 incessit
2214 4271 2459 4337 iusaniaa,
2493 4284 2619 4325 cum
2653 4280 2761 4325 tam
2806 4270 2969 4324 multa
2992 4270 3113 4339 ejus
3141 4270 3409 4325 volumina
3441 4286 3527 4324 re-

1966 4362 2103 4419 ferta
2136 4365 2297 4420 totius
2328 4364 2579 4419 utilitatis
2606 4373 2662 4419 et
2708 4363 3086 4417 instructionis
3117 4362 3443 4424 habeantur,
3474 4374 3530 4414 et

306 4462 495 4525 Deum,
525 4477 629 4517 non
660 4463 761 4517 hoc
795 4464 935 4531 quod
962 4464 1221 4519 mentitur
1247 4463 1559 4529 veritatem,
1598 4478 1694 4533 per
1715 4465 1855 4533 quod
1894 4484 1943 4538 ο
1967 4457 2101 4510 satis
2129 4471 2249 4510 rara
2277 4468 2332 4510 et
2358 4470 2629 4526 perpauca
2671 4455 2810 4510 forte
2842 4454 2956 4508 loca
2986 4455 3117 4519 sint,
3146 4457 3197 4506 in
3224 4454 3418 4523 quibus
3443 4452 3528 4506 vel

301 4554 387 4607 vel
440 4554 558 4622 plus
594 4556 824 4608 donatur
874 4553 1057 4621 rebus,
1112 4569 1273 4621 quam
1324 4554 1517 4609 merita
1543 4564 1860 4623 exposcunt,

303 4643 389 4698 vel
418 4644 754 4699 subtrahitur
792 4644 998 4699 meritis
1043 4645 1185 4713 quod
1233 4644 1481 4699 debetur.
1526 4646 1738 4710 Quanto
1778 4661 1865 4700 re-

300 4735 443 4790 ctius
471 4743 696 4804 agerent
724 4736 1116 4789 obtrectatores
1143 4735 1255 4800 isti,
1272 4735 1316 4790 si
1341 4736 1544 4804 absque
1569 4735 1673 4790 ulla
1696 4736 1862 4791 animi

300 4827 689 4897 praventione,
743 4824 854 4896 (‘26)
893 4841 1015 4880 cum
1073 4826 1220 4879 omni
1264 4826 1529 4897 religione
1588 4826 1857 4891 veritatis,

298 4933 462 4987 quam
498 4919 748 4972 omnibus
776 4918 1038 4985 proximis
1067 4917 1269 4972 nostris
1306 4933 1427 4973 cum
1462 4917 1730 4974 charitate
1768 4918 1859 4985 ju-

300 5012 492 5066 bemur
525 5011 852 5081 expendere,
887 5010 1248 5079 intelligerent
1290 5020 1343 5063 et
1387 5009 1558 5077 ipsum
1590 5025 1758 5064 unum
1787 5010 1854 5064 de

373 5106 394 5136 ⁸
417 5102 571 5158 Joan.
603 5103 828 5171 xxt,9.5.
904 5103 925 5134 ⁹
959 5102 1113 5158 Prov.
1146 5119 1240 5167 xx,
1270 5103 1356 5158 10.

300 5204 500 5257 habent
539 5201 645 5264 alii,
691 5200 1025 5265 credidimus,
1066 5199 1175 5264 alii,
1217 5200 1611 5263 crediderimus;
1656 5201 1859 5271 reliqua

300 5288 429 5326 vero
461 5280 515 5324 ιιι
552 5272 604 5324 in
635 5282 800 5326 textu.

374 5341 486 5412 (‘24)
514 5340 717 5395 Merlini
748 5342 931 5407 editio,
970 5341 1395 5408 philosophalem,
1434 5340 1669 5412 quodque
1696 5358 1861 5409 pura'.

301 5410 675 5467 Gettebrartlus
706 5412 887 5471 habet,
936 5412 1360 5476 philosophicam,
1404 5410 1639 5479 quodque
1693 5428 1858 5479 purw.

298 5482 429 5537 Mss.
454 5496 597 5546 vero,
628 5480 1004 5549 philosophum,
1032 5481 1168 5548 quod
1196 5497 1292 5550 que
1313 5495 1518 5546 puram.

376 5551 488 5622 (25)
528 5553 693 5618 Alias,
725 5551 839 5619 ejus
871 5552 1107 5615 meritis;
1138 5559 1188 5603 et
1213 5550 1373 5618 paulo
1402 5551 1853 5620 post,prwvidens

299 5634 440 5677 ante.
471 5633 574 5674 CIC.

374 5692 484 5761 (26)
521 5689 654 5744 Cum
687 5692 827 5745 omni
857 5690 1123 5758 religione.
1156 5690 1281 5745 llzec
1310 5691 1472 5744 verba
1507 5690 1852 5757 reperiuntur

304 5761 358 5814 in
388 5762 575 5827 editis,
598 5762 691 5817 sed
725 5764 1052 5816 omittuntur
1103 5762 1157 5815 in
1206 5776 1335 5817 mss.
1371 5761 1589 5827 nostris,
1621 5776 1858 5831 quorum

1966 4547 2329 4615 imperitiores
2380 4547 2601 4616 quique,
2657 4545 2763 4611 vel,
2813 4548 2957 4614 quod
3019 4545 3223 4611 verius,
3270 4544 3527 4598 malevoli

1965 4655 2122 4711 posse
2168 4640 2270 4695 sibi
2318 4641 2606 4694 videantur
2654 4638 2855 4693 offendi
2910 4656 2923 4690 :
2966 4638 3149 4692 omnia
3176 4638 3391 4707 quidem
3442 4637 3526 4689 illa

1966 4746 2086 4801 quae
2131 4740 2184 4787 et
2228 4731 2521 4795 catholica,
2552 4740 2607 4784 et
2651 4729 2717 4782 ad
2762 4728 3174 4783 :editicationem
3201 4728 3414 4792 animae,
3447 4739 3530 4781 at-

1966 4840 2071 4895 que
2096 4828 2162 4880 ad
2193 4828 2429 4882 scientia:
2456 4824 2871 4880 instructionem
2924 4825 3087 4879 etiam
3142 4825 3247 4894 ipsi
3295 4834 3418 4892 apta
3449 4824 3527 4876 fa-

1970 4928 2172 4984 tentur,
2222 4918 2477 4973 omittunt
2525 4927 2577 4972 et
2619 4919 2931 4988 negligunt;
2980 4931 3080 4970 nec
3137 4916 3336 4984 aliquid
3380 4917 3529 4979 inde,

1970 5008 2111 5063 unde
2143 5017 2368 5078 possunt
2406 5007 2518 5079 (3i)
2544 5016 2598 5062 et
2621 5008 2818 5062 debent
2842 5008 3101 5075 prolicere
3129 5024 3143 5073 ;
3175 5022 3237 5061 ea
3266 5022 3393 5061 vero
3414 5005 3527 5060 sola

1965 5209 2150 5281 postea
2173 5200 2415 5269 plerique
2444 5200 2644 5255 habent
2686 5201 2961 5265 veritatis;
2999 5216 3099 5255 ms.
3132 5214 3262 5254 vero
3300 5197 3528 5269 Regius,

1962 5280 2252 5323 veritatem.

2035 5340 2147 5408 (27)
2188 5340 2341 5393 Mihi.
2373 5338 2698 5395 Restituitur
2719 5357 2785 5394 ex
2822 5356 2919 5394 ms.
2951 5339 3289 5396 Corbeiensi.

2037 5410 2147 5480 (28)
2191 5410 2353 5472 Etliti,
2380 5411 2807 5480 pra'judicatrix,
2843 5426 2970 5463 mss.
3004 5411 3379 5480 prwjudirata.

2037 5428 2147 5479 (ac)
2191 5428 2353 5472 mnu,
2380 5428 2807 5480 prayuatcatrtx,
2843 5428 2970 5463 mss.
3045 5428 3379 5477 raquatcata.

2036 5478 2148 5550 (29)
2190 5480 2354 5540 Editi,
2398 5483 2767 5549 conﬁteantur,
2811 5481 2968 5535 male.
3000 5428 3170 5535 gaulo
3216 5489 3335 5547 post
3367 5492 3525 5542 tnss.,

1966 5549 2116 5617 plena
2149 5550 2408 5603 ridiculis.

2030 5618 2144 5689 ('50)
2183 5619 2361 5684 Editi,
2406 5620 2572 5675 cladis
2634 5622 2839 5674 incessit
2895 5620 3124 5674 insania.
3173 5617 3327 5681 Mss.,
3375 5628 3433 5671 ut
3474 5620 3535 5671 in-

2184 5759 2347 5826 Editi,
2381 5770 2424 5815 et
2455 5761 2656 5827 debent,
2685 5760 2937 5830 proﬁcere
2962 5761 3154 5815 volunt.
3189 5758 3287 5815 Ms.
3323 5756 3521 5813 Sorho-v
