3880 6212
377 307 482 363 547

1572 306 1632 361 S.
1674 295 2001 361 PAMPHILI
2040 303 2396 361 MARTYRIS

3515 308 3622 364 548

379 438 502 494 qua
528 424 596 478 ad
639 420 965 478 calumniam
1014 419 1323 490 proficiant,
1358 434 1573 475 summo
1612 424 1791 476 studio
1836 420 1954 477 edi-
1981 428 2024 483 Α
2055 422 2371 491 gentilibus,
2424 430 2792 493 quantamque
2842 425 3115 482 haereticis
3163 424 3464 501 praebeant,
3492 442 3617 480 cum

376 525 571 572 scunt:
614 514 789 585 utqui
834 513 959 568 boni
1008 512 1403 581 nihilunquam
1436 512 1579 567 forte
1609 512 1945 579 didicerunt,

375 610 492 664 haec
520 622 642 677 qum
677 606 773 675 ipsi
814 619 921 658 non
978 619 1100 659 esse
1152 605 1294 658 bona
1320 604 1527 668 dicunt,
1557 605 1803 673 apprime
1835 621 1951 659 me-

375 702 563 754 moriae
590 698 873 753 retinenda
914 697 1335 751 commendent:
1364 711 1472 765 quo
1490 696 1745 751 videlicet
1776 714 1952 766 prom-

374 793 520 861 ptius
550 807 615 846 ca
641 792 1001 860 proferentes,
1039 789 1154 859 (52)
1184 789 1540 843 exercitatius
1567 790 1787 844 valeant
1815 806 1949 845 con-

375 883 602 937 cinnare
627 881 954 935 calumnias.
1008 882 1169 935 Aliud
1210 896 1427 950 quoque
1460 890 1546 935 est
1592 898 1761 951 genus
1782 882 1949 937 homi-

376 988 500 1026 num
530 971 730 1027 foedum
767 986 898 1025 sane
938 980 992 1025 et
1017 980 1194 1040 turpe,
1224 982 1486 1039 quantum
1516 972 1629 1041 (55)
1660 974 1726 1025 ad
1764 976 1950 1041 probi-

376 1073 541 1117 tatem
580 1063 822 1132 pertinet
878 1077 1112 1124 morum,
1149 1063 1242 1115 sed
1282 1063 1352 1115 ad
1381 1061 1821 1115 calumniantium
1858 1077 1948 1116 ve-

373 1156 699 1216 hementius,
734 1165 785 1207 et
832 1154 1026 1207 tetrins
1082 1153 1148 1206 ad
1181 1153 1563 1217 incusandum,
1608 1168 1743 1222 quos
1774 1152 1945 1208 Grzcci

373 1248 485 1319 (54)
517 1246 934 1317 φαγολοιδόρους
984 1245 1324 1315 appellarunt
1365 1264 1377 1298 :
1417 1245 1507 1312 qui
1538 1261 1806 1299 summum
1835 1246 1949 1315 qui-

371 1340 495 1395 dem
526 1340 787 1403 studium,
838 1339 933 1393 sed
978 1349 1028 1391 et
1066 1337 1198 1391 satis
1240 1337 1506 1390 intentam
1547 1352 1767 1406 operam
1794 1338 1948 1392 libris

376 1430 493 1496 ejus
546 1429 838 1492 dederunt,
894 1429 964 1482 ita
1008 1437 1063 1481 ut
1109 1437 1165 1480 et
1209 1428 1471 1496 magistro
1514 1443 1579 1481 eo
1612 1428 1665 1481 in
1695 1430 1946 1484 omnibus

372 1529 679 1585 uterentur,
731 1529 785 1575 et
838 1535 898 1574 se
943 1519 992 1573 ei
1044 1528 1305 1586 tanquam
1347 1519 1611 1588 speciales
1651 1521 1946 1589 discipulos

372 1613 752 1681 manciparent
780 1612 905 1665 :sed
934 1611 1022 1664 ubi
1057 1610 1125 1664 ad
1161 1612 1210 1664 id
1240 1610 1339 1664 loci
1371 1620 1589 1665 ventum
1622 1622 1731 1679 est,
1758 1613 1944 1680 utjam

370 1718 430 1759 se
480 1704 764 1774 magistros
815 1702 1006 1756 malint
1070 1718 1233 1773 quam
1292 1702 1589 1772 discipulos
1648 1705 1941 1769 nominari,

2054 526 2148 565 eos
2173 526 2309 581 quos
2337 523 2637 569 assertores
2680 514 2975 570 Christiani
3015 516 3280 587 dogmatis
3324 525 3379 571 et
3424 516 3617 572 defen-

2053 615 2211 655 sores
2244 602 2528 669 putabant,
2556 602 2821 660 confutari
2851 622 2991 660 nunc
3015 606 3255 668 videant,
3295 616 3350 661 et
3380 607 3491 674 (59)
3528 621 3615 660 re-

2052 692 2158 746 felli
2190 708 2218 746 a
2253 694 2511 761 propriis,
2535 705 2590 749 et
2621 695 2766 749 velut
2793 697 2934 750 civili
2973 697 3112 752 bello
3140 698 3411 767 gaudeant
3443 698 3619 765 impu-

2050 794 2294 852 gnatum,
2320 797 2480 851 quem
2511 784 2608 852 ipsi
2641 785 2915 841 hostiliter
2943 787 3261 855 impugnare
3303 802 3405 840 non
3459 796 3607 856 pote-

2050 884 2189 929 rant.
2235 876 2500 943 Quoniam
2532 893 2659 949 ergo
2688 879 3071 949 quamplurimi
3102 896 3166 934 ex
3200 880 3618 948 simplicioribus

2050 967 2354 1036 quibusque
2392 968 2655 1025 fratribus
2688 987 2717 1023 a
2758 986 2921 1040 supra
2970 972 3132 1026 dictis
3179 973 3464 1037 laeduntur,
3506 972 3619 1043 (4U)

2051 1073 2154 1112 non
2182 1060 2356 1113 solum
2410 1063 2476 1115 de
2530 1063 2617 1117 his
2659 1064 2750 1131 qui
2793 1064 2858 1119 de
2898 1065 3014 1133 ipso
3055 1066 3194 1119 male
3227 1065 3487 1127 sentiunt,
3524 1067 3618 1120 sed

2048 1152 2209 1205 etiam
2247 1153 2312 1206 de
2340 1154 2424 1208 his
2454 1155 2545 1224 qui
2576 1156 2757 1209 studio
2784 1157 3023 1211 scientia:
3053 1167 3106 1211 et
3142 1156 3616 1227 intelligendarum

2052 1242 2459 1311 Scripturarum
2518 1244 2660 1298 inter
2712 1256 2942 1300 caeteros
2995 1246 3163 1301 libros
3228 1246 3391 1300 etiam
3449 1248 3618 1316 ipsius

2047 1334 2252 1401 scripta
2304 1335 2667 1403 conspiciunt,
2712 1336 2787 1391 ita
2834 1346 2892 1390 ut
2935 1336 3043 1408 (4i)
3103 1353 3200 1392 vos
3250 1352 3470 1406 quoque
3514 1338 3615 1405 ipsi

2048 1424 2101 1479 in
2134 1428 2355 1480 dubium
2390 1429 2669 1493 veneritis,
2719 1445 2785 1483 ne
2823 1427 2966 1485 forte
3018 1430 3100 1484 vel
3156 1431 3485 1484 multitudini
3535 1430 3616 1486 vel

2047 1520 2357 1573 auctoritati
2392 1521 2841 1575 calumniatorum
2888 1522 3020 1577 fides
3049 1523 3239 1576 debeat
3270 1523 3517 1577 adhiberi
3552 1524 3614 1575 de

2047 1612 2135 1665 his
2165 1626 2285 1681 quin
2312 1614 2510 1682 passim
2548 1613 2667 1669 sine
2699 1613 2807 1668 ullo
2845 1626 3093 1684 respectu
3129 1613 3479 1669 dill'amantur
3501 1632 3514 1668 :
3536 1615 3615 1668 vi-

2045 1718 2166 1758 sum
2201 1704 2354 1759 nobis
2393 1713 2497 1770 est,
2534 1706 2708 1772 primo
2734 1708 2954 1776 quidem
3004 1722 3201 1761 curare
3246 1707 3611 1775 suspicionem

376 1794 465 1849 ubi
500 1794 614 1865 (55)
650 1794 913 1849 auditoris
940 1794 1160 1865 plausus
1188 1796 1387 1849 sectari
1418 1804 1629 1865 emptus
1660 1806 1765 1859 est.
1800 1797 1872 1850 ibi
1892 1797 1936 1853 si
1972 1810 2013 1863 Β
2045 1803 2312 1859 vestram;
2365 1796 2524 1849 simul
2564 1798 2727 1852 etiam
2763 1813 2859 1866 per
2881 1799 3219 1852 occasionem
3274 1798 3462 1860 vestri,
3495 1813 3613 1851 om-

376 1886 515 1941 forte
549 1885 745 1950 aliquis
790 1886 1126 1940 audientium
1188 1900 1307 1953 qua)
1358 1884 1647 1939 laudantur
1693 1886 1943 1957 Origenis

370 1979 1015 2042 esseobmurmuraverit,
1047 1992 1115 2031 ne
1136 1978 1218 2031 vel
1257 1977 1415 2031 laude
1443 1980 1940 2049 cedantmagistro,

368 2068 453 2123 vel
484 2068 655 2137 culpa:
671 2068 901 2138 judicio,
926 2067 1161 2123 alienum
1198 2084 1321 2123 esse
1348 2068 1635 2139 Origenem
1684 2071 1943 2125 continuo

370 2167 761 2228 protestantur,
797 2158 930 2212 nihil
968 2159 1070 2213 sibi
1103 2174 1224 2213 cum
1271 2161 1440 2229 ipsius
1490 2160 1739 2215 doctrina
1790 2175 1943 2216 com-

371 2263 531 2305 mune
554 2263 675 2304 esse
706 2248 1055 2304 confirmant.
1104 2250 1411 2305 Anathema
1473 2266 1690 2321 quoque
1739 2253 1939 2314 dicere.

368 2356 491 2397 eum
546 2357 653 2397 non
701 2340 950 2396 dubitant
1005 2342 1271 2412 improbe,
1316 2353 1372 2397 et
1417 2344 1623 2399 inferre
1654 2344 1938 2398 maledicta

375 2447 482 2486 non
523 2440 794 2501 parcunt;
850 2448 919 2487 ne
968 2433 1120 2486 illum
1173 2434 1391 2503 quidem
1433 2435 1787 2504 apostolicum
1831 2451 1943 2490 ser-

378 2537 590 2577 monem
635 2533 885 2579 verentes
932 2539 1040 2593 quo
1075 2524 1347 2595 designat,
1382 2526 1509 2595 quia
1559 2527 1804 2582 maledici
1856 2544 1941 2581 rc-

369 2630 535 2685 gnnm
589 2614 684 2669 Dei
738 2630 843 2669 non
903 2616 1256 2686 possidebunt
1296 2618 1362 2673 ".
1404 2618 1465 2670 In
1509 2627 1717 2673 tantum
1758 2627 1937 2673 autem

366 2707 584 2771 horum,
635 2708 701 2761 de
754 2708 953 2776 quibus
1007 2706 1118 2777 (56)
1169 2722 1333 2777 supra
1367 2708 1625 2773 diximus,
1654 2722 1936 2778 progressa

364 2797 569 2852 malitia
599 2808 705 2864 est,
736 2809 795 2852 ut
829 2798 1050 2866 quidam
1087 2799 1253 2851 etiam
1287 2800 1647 2854 conscribere
1674 2800 1938 2854 adversus

365 2906 489 2944 eum
519 2891 635 2945 ausi
666 2892 797 2955 sint,
827 2900 881 2945 et
918 2890 1117 2945 libellis
1170 2892 1332 2946 editis
1384 2891 1649 2962 derogare
1697 2892 1746 2946 ei
1798 2892 1934 2956 viro,

366 2981 456 3050 qui
488 2996 583 3051 per
618 2991 695 3035 tot
743 2995 917 3035 annos
970 2982 1235 3051 magister
1266 2980 1523 3035 Ecclesia:
1572 2982 1693 3047 iuit,
1742 2982 1834 3051 qui
1883 2984 1935 3035 in

369 3069 614 3125 Ecclesia
656 3071 767 3141 (5'7)
823 3071 1088 3125 catholica
1142 3075 1343 3135 senuit,
1392 3072 1483 3141 qui
1538 3074 1799 3127 adversus
1845 3088 1936 3127 eas

2052 1884 2197 1937 nium
2223 1885 2311 1953 qui
2346 1886 2395 1937 ei
2428 1886 2739 1941 obtrectant
2764 1888 3049 1941 confutare
3092 1887 3418 1951 calumnias.
3460 1886 3614 1953 Quod

2050 1976 2121 2027 ita
2163 1976 2322 2031 nobis
2362 1979 2617 2047 prosequi
2669 1982 2866 2034 rectius
2910 1980 3083 2033 visum
3125 1990 3233 2043 est,
3274 1980 3387 2051 (42)
3422 1989 3481 2033 ut
3510 1994 3612 2033 non

2049 2066 2248 2121 nostris
2279 2069 2457 2122 verbis
2506 2079 2559 2123 et
2602 2070 2995 2124 assertionibus
3041 2070 3414 2124 defensionem
3463 2084 3616 2139 pare-

2051 2171 2195 2221 mus,
2246 2157 2337 2211 sed
2388 2172 2453 2212 ex
2500 2144 2616 2215 suis
2666 2160 2901 2229 propriis
2958 2162 3203 2226 vocibus,
3255 2159 3454 2231 quibus
3503 2163 3615 2230 ipse

2048 2247 2226 2301 aliena
2282 2248 2384 2303 sibi
2433 2250 2549 2305 haec
2592 2265 2737 2315 esse,
2777 2266 2896 2319 qua!
2946 2252 3030 2305 i‘sti
3077 2252 3359 2317 objiciunt,
3400 2252 3614 2322 proprio

2047 2353 2299 2394 sermone
2326 2349 2578 2406 testatur,
2613 2341 2664 2395 id
2689 2351 2793 2407 est,
2826 2358 2985 2397 omne
3016 2342 3273 2411 quidquid
3308 2354 3506 2412 praeter
3550 2344 3612 2396 (io

2048 2432 2169 2483 dem
2218 2433 2541 2487 catholicam
2576 2434 2925 2502 praedicatur:
2960 2435 3084 2504 quia
3118 2436 3163 2488 si
3197 2436 3398 2491 nostris
3430 2436 3613 2491 verbis

2048 2522 2159 2575 haec
2228 2537 2471 2577 asserere
2520 2524 2771 2589 velimus,
2829 2525 3185 2591 suspiciosum
3253 2526 3420 2580 videri
3476 2524 3613 2579 forte

2047 2615 2234 2683 possit,
2289 2630 2357 2669 eo
2406 2618 2549 2684 quod
2599 2631 2699 2671 nos
2736 2631 2922 2671 amore
2970 2616 3082 2685 (45)
3127 2617 3242 2684 ejus
3269 2616 3313 2670 si
3349 2616 3475 2683 quid
3502 2616 3615 2685 ipse

2048 2720 2211 2773 prave
2252 2707 2484 2761 senserit
2513 2707 2895 2762 celaverimus.
2934 2705 3034 2761 Ubi
3085 2719 3267 2761 autem
3297 2708 3414 2775 ejus
3447 2707 3615 2775 ipsius

2044 2798 2135 2866 qui
2160 2807 2453 2853 accusatur
2478 2800 2703 2853 vocibus
2738 2800 2963 2865 utimur,
3015 2809 3070 2853 et
3115 2801 3179 2852 ad
3218 2814 3407 2853 omnes
3463 2796 3614 2865 obje-

2053 2890 2260 2943 ctiones
2307 2902 2683 2944 accusatorum
2715 2892 2830 2944 suis
2880 2891 3058 2946 verbis
3098 2907 3245 2954 enin,
3282 2906 3386 2944 non
3428 2900 3615 2947 nostra

2044 2981 2367 3046 assertione,
2429 2980 2790 3047 defendimus,
2845 2997 2966 3051 qua:
3037 2983 3175 3037 ultra
3238 2983 3466 3051 relinqui
3519 2997 3616 3050 po-

2046 3078 2149 3125 test
2177 3070 2290 3139 (44)
2317 3070 2714 3125 criininationis
2752 3074 2988 3137 occasio,
3023 3072 3215 3127 saltem
3250 3072 3334 3127 his
3360 3072 3491 3139 ipsis
3521 3072 3612 3141 qui

369 3164 623 3229 haereses,
649 3179 769 3231 quae
789 3144 893 3217 illo
922 3172 1167 3230 tempore
1190 3162 1491 3217 Ecclesiam
1524 3164 1932 3233 impugnabant,
1963 3170 2005 3227 C
2041 3178 2145 3215 non
2185 3162 2295 3216 veri
2327 3164 2528 3226 studio,
2559 3163 2652 3216 sed
2682 3164 2823 3218 velut
2849 3166 3070 3218 libidine
3091 3165 3325 3233 quadam
3355 3163 3610 3233 culpandi

368 3253 441 3305 ita
486 3262 824 3317 constanter,
889 3252 961 3305 ita
1022 3251 1236 3305 fortiter
1287 3252 1588 3317 dimicavit,
1642 3261 1699 3305 ut
1751 3254 1935 3306 omnia

372 3361 561 3399 eorum
624 3346 903 3400 diabolica:
948 3347 1367 3402 machinationis
1416 3346 1764 3403 fundamenta
1814 3350 1942 3402 sub—

368 3436 616 3497 verterit,
647 3450 756 3489 non
785 3436 1092 3490 studiorum
1122 3436 1384 3504 laborem,
1420 3453 1526 3492 non
1556 3438 1937 3503 continentiae,

368 3543 475 3583 non
502 3529 883 3595 institutionis,
910 3544 1014 3582 non
1047 3530 1390 3596 humilitatis;
1421 3546 1541 3599 qua:
1581 3544 1745 3601 super
1773 3540 1936 3585 caete-

368 3635 459 3674 ras
484 3635 674 3674 omnes
706 3622 935 3676 virtutes
956 3621 1072 3690 ejus
1090 3623 1383 3676 maximam
1410 3624 1640 3692 gratiam
1673 3625 1933 3688 continet,

369 3724 475 3764 non
502 3710 629 3764 illud
668 3721 816 3766 certe
848 3713 1260 3768 considerantes
1306 3717 1449 3782 quod
1485 3715 1809 3784 presbyterii
1857 3715 1937 3768 di-

367 3802 569 3869 gnitate
598 3802 650 3855 in
684 3802 923 3857 Ecclesia
955 3804 1252 3858 honoratus
1281 3817 1384 3859 est.
1415 3806 1544 3871 Quae
1566 3805 1610 3859 si
1642 3805 1825 3859 omnia
1859 3804 1926 3857 ad

370 3895 732 3947 revocandam
781 3894 1041 3963 linguam.
1108 3898 1685 3966 comprimendninque
1733 3910 1940 3950 sermo-

370 4000 491 4039 nem
536 3987 786 4041 sullicere
839 4003 943 4040 non
998 3998 1242 4056 possunt,
1298 3988 1424 4041 illud
1473 3987 1663 4043 saltent
1698 3998 1940 4043 contem-

365 4076 503 4145 plari
547 4077 862 4142 debuerant,
906 4090 1166 4148 quantam
1222 4080 1338 4150 (58)
1394 4080 1606 4133 ridendi
1654 4082 1937 4133 materiam

441 4240 537 4313 ‘°_l
570 4242 695 4297 Cor.
723 4258 800 4310 vt,
831 4243 920 4299 10.

2040 3266 2254 3321 semper
2302 3252 2606 3321 agitantur?
2658 3253 2723 3306 Et
2755 3255 3009 3323 quoniam
3042 3256 3105 3308 de
3135 3269 3199 3307 eo
3248 3270 3392 3307 nunc
3433 3269 3614 3308 sermo

2040 3351 2142 3405 est,
2194 3343 2285 3411 qui
2336 3344 2523 3412 utique
2566 3345 2705 3414 apud
2756 3345 3006 3400 homines
3060 3344 3349 3399 defunctus
3381 3355 3487 3411 est,
3518 3346 3611 3415 qui

2042 3434 2182 3503 apud
2220 3434 2333 3505 (45)
2376 3450 2563 3490 omnes
2609 3436 2823 3505 judices
2875 3452 2972 3505 pro
3020 3436 3273 3489 defuncto
3321 3436 3520 3492 fortius
3561 3447 3619 3491 et

2045 3525 2254 3581 ﬁrmius
2302 3526 2481 3581 valere
2530 3528 2709 3595 debet,
2755 3544 2919 3598 quam
2967 3537 3021 3582 et
3061 3528 3276 3592 litteris,
3313 3539 3367 3581 et
3410 3530 3617 3598 scripta

2044 3616 2282 3671 defuncti
2308 3618 2332 3671 Τ

2114 3710 2436 3779 lncipientes
2490 3710 2654 3781 igitur
2721 3712 2936 3766 indiciis
3002 3713 3326 3779 scriptorum
3387 3728 3615 3766 suorum

2045 3803 2335 3856 ostendere
2365 3803 2492 3871 quid
2539 3805 2603 3857 de
2641 3803 2868 3871 singulis
2908 3805 3158 3867 senserit,
3195 3818 3257 3857 ex
3294 3804 3377 3857 his
3420 3805 3619 3871 prmci-

2044 3911 2150 3965 pue
2205 3895 2363 3950 libris
2429 3896 2738 3950 testimonia
2789 3895 3255 3965 congregabirnus,
3311 3894 3424 3964 (46)
3477 3911 3619 3963 quos

2048 3999 2393 4044 accusatores
2418 3988 2534 4058 ejus
2567 4003 2725 4057 quam
2751 3988 2985 4042 maxime
3013 3986 3389 4050 criminantur,
3425 3987 3475 4040 id
3505 3997 3617 4053 est,

2046 4096 2184 4150 quos
2238 4097 2337 4152 per
2386 4082 2619 4151 spatium
2662 4088 2718 4135 et
2755 4081 2991 4150 quietem
3040 4080 3091 4134 in
3123 4089 3333 4135 secreto
3365 4082 3619 4136 conscri~

362 4386 540 4462 nicus,
584 4388 866 4462 et_debeiit
912 4388 1184 4459 proﬁcere,
1234 4400 1532 4443 assumunt.
1568 4388 1763 4444 Castori
1804 4403 1929 4443 vero
1960 4402 2008 4462 ι)
2036 4385 2480 4462 ηιεε-Ἆρζετίᾳμε,
2534 4384 2698 4462 ipsius
2726 4382 2931 4462 _scripta
2964 4381 3269 4449 conﬁciunt,
3309 4381 3469 4462 male.

363 4460 521 4520 εηὲε..
552 4466 610 4510 ιιι
647 4457 697 4511 in
731 4468 905 4512 textu.

434 4526 547 4598 (52)
590 4527 799 4582 Merlini
831 4528 993 4582 editio
1023 4522 1306 4598 perperam
1344 4530 1528 4595 habet,
1576 4530 1804 4582 exterius
1837 4545 1927 4581 va-

363 4595 504 4649 leant
528 4595 835 4651 continuare
869 4595 1184 4654 caluninias.
1218 4598 1344 4653 Mss.
1379 4600 1578 4653 habent
1618 4600 1925 4663 exercitius,

366 4676 462 4733 pro
492 4669 849 4734 exercitatius,
875 4679 1073 4723 cmtera
1106 4685 1235 4723 vero
1264 4680 1321 4721 ut
1351 4670 1403 4721 in
1443 4681 1608 4722 textu.

437 4736 548 4807 (55)
587 4738 984 4807 Genebrardus,
1010 4740 1078 4791 ad
1102 4742 1482 4807 probationem,
1538 4739 1697 4792 male.

439 4806 550 4874 (54)
594 4806 668 4860 lta
724 4808 1003 4875 legendum
1053 4806 1284 4862 videtur.
1330 4808 1538 4861 Merlini
1591 4824 1719 4861 vero
1764 4808 1929 4860 editio

369 4876 660 4947 μάστιγας.
692 4877 869 4931 Codex
909 4878 1265 4948 Sorbenicus,
1295 4878 1782 4948 Phangolaedoros.
1815 4878 1931 4931 Ca:-

368 4948 463 5000 teri
500 4962 634 5016 mss.
661 4957 715 4999 et
735 4949 889 5009 editi,
919 4947 1367 5016 Pliagoloedoros.

435 5015 550 5088 (55)
592 5015 716 5069 Mss.
746 5019 988 5088 quidam,
1019 5015 1369 5082 auditoribus,
1400 5018 1471 5071 al.
1505 5017 1568 5070 ab
1600 5017 1929 5069 auditoribus

367 5086 463 5158 [a|.
496 5086 850 5157 auditorum].
902 5087 1105 5141 Deinde
1152 5090 1313 5142 iidem
1356 5104 1512 5153 mss.,
1556 5088 1748 5157 aliquis
1779 5102 1931 5139 acce-

366 5158 689 5210 dentium....
716 5158 1145 5210 obmurmuravit.

436 5226 548 5296 (56)
592 5225 783 5297 Supra.
816 5229 978 5297 Deest
1012 5227 1063 5279 in
1097 5228 1278 5293 editis,
1306 5235 1359 5281 et
1380 5229 1658 5297 suppletur
1688 5242 1755 5281 ex
1798 5240 1930 5280 mss.

435 5299 549 5365 (57)
591 5295 885 5350 Catholica.
918 5296 1362 5352 Prmtermittitur
1391 5295 1647 5351 ine—ditis.

436 5366 549 5436 (58)
603 5367 740 5419 Editi
781 5366 1081 5430 irridendi;
1128 5368 1321 5422 deinde
1359 5367 1763 5429 Genebrat‘dus,
1826 5366 1926 5417 tri-

365 5437 525 5490 buant
552 5453 650 5506 pro
705 5435 967 5508 prwbeant
993 5452 1010 5490 :
1033 5448 1088 5489 et
1114 5438 1273 5505 paulo
1317 5447 1439 5508 post
1476 5455 1577 5491 ius.
1604 5454 1740 5491 unus
1772 5438 1934 5491 habet

361 5518 546 5574 putant
581 5522 677 5575 pro
710 5507 986 5575 putabant.

454 5578 544 5647 59)
587 5580 661 5649 tta
692 5577 994 5640 mss.,editi
1033 5592 1180 5644 vero,
1218 5577 1417 5649 repelli.

454 5584 544 5647 52))
587 5584 661 5631 lla
692 5584 994 5640 mss.,editi
1033 5592 1180 5644 vero,
1218 5584 1417 5649 repelli.

430 5584 543 5717 (40)
581 5646 671 5701 Sic
696 5658 841 5701 recte
871 5663 1002 5702 mss.
1041 5650 1284 5716 quidam.
1305 5647 1499 5703 Cameri
1521 5664 1668 5711 vero,
1702 5656 1755 5701 et
1779 5645 1929 5707 editi,

364 5734 463 5769 non
489 5718 658 5770 solum
682 5729 734 5772 ut
759 5718 853 5789 [aL
870 5717 981 5790 qui]
996 5720 1058 5772 de
1084 5719 1192 5788 ipso
1216 5720 1351 5774 male
1367 5720 1614 5773 sentiant.
1637 5718 1800 5773 Paulo
1818 5727 1937 5786 post

2106 4456 2216 4526 (4|)
2259 4452 2467 4508 Mcrlini
2500 4454 2688 4526 editio,
2719 4453 2793 4504 ita
2836 4464 2891 4526 ut
2920 4467 3263 4526 nosquoque
3304 4453 3403 4526 ipsi
3429 4452 3482 4503 in
3513 4452 3617 4504 du-

2031 4521 2172 4579 bium
2194 4521 2506 4588 uenerimus,
2534 4539 2597 4575 ne
2625 4523 2759 4591 forte
2785 4522 2858 4577 vel
2889 4521 3285 4573 multitudini...
3309 4523 3491 4591 debeat
3523 4525 3617 4573 ad-

2028 4596 2215 4648 hiberi.
2272 4594 2372 4646 Ms.
2426 4589 2756 4647 Sorbonicus
2806 4603 2859 4646 et
2911 4591 2969 4647 S.
3029 4591 3307 4644 Michaelis
3359 4590 3409 4641 in
3460 4589 3614 4644 Peri-

2030 4667 2152 4719 culo
2182 4666 2371 4724 maris,
2393 4665 2630 4715 timentes
2660 4672 2783 4715 utet
2819 4678 2905 4715 vos
2936 4677 3139 4729 quoque
3172 4662 3269 4727 ipsi
3296 4662 3349 4712 in
3379 4663 3608 4713 dubium

2030 4736 2291 4797 veniretis,
2328 4749 2388 4785 ne
2414 4734 2547 4798 forte
2584 4743 2638 4784 ut
2671 4732 3071 4785 multitudini...
3098 4732 3305 4783 deberet
3339 4731 3609 4783 adhiberi.

2030 4805 2222 4859 Cteteri
2260 4820 2417 4867 mss.,
2445 4813 2500 4853 ut
2536 4819 2620 4855 vos
2652 4818 2856 4871 quoque
2887 4802 2985 4867 ipsi
3014 4804 3067 4853 in
3096 4800 3311 4871 dubium
3343 4800 3608 4871 uenireiis,

2032 4892 2094 4929 ne
2129 4875 2263 4943 forte
2294 4884 2383 4925 aut
2424 4869 2846 4925 multitudini....
2882 4872 3086 4943 deber_et
3122 4869 3380 4943 adhiberi.
3402 4870 3611 4943 lit-inde

2031 4937 2184 5006 editi,
2217 4944 2415 5011 passim
2464 4951 2512 4994 et
2555 4943 2664 4995 sine
2716 4952 2968 5009 respectu.
3025 4939 3193 5011 Paulo
3238 4948 3359 5007 post
3398 4937 3608 4993 Merlini

2033 5009 2225 5076 editio,
2251 5013 2600 5081 suspicionem
2622 5024 2877 5076 nostrain,
2918 5010 3077 5063 simul
3118 5009 3277 5061 etiam
3325 5024 3421 5076 per
3455 5025 3609 5061 occas

2034 5086 2233 5136 sionem
2266 5085 2457 5141 nostri,
2492 5092 2597 5134 etc.

2105 5154 2249 5223 (42),
2280 5154 2403 5205 Mss.
2452 5150 2781 5223 Sorbonicus
2827 5160 2881 5205 et
2920 5149 3353 5223 iS.ﬂMichaelis,
3410 5157 3466 5199 ut
3506 5164 3608 5199 non

2037 5220 2209 5275 nostri
2239 5222 2331 5292 [aL
2364 5220 2545 5292 vestri]
2582 5221 2717 5273 verbi
2741 5221 3275 5292 assertionibusetc.

2108 5294 2219 5362 (45)
2239 5286 2421 5361 'Ejus,
2447 5302 2501 5344 et
2528 5286 2688 5362 paulo
2717 5302 2859 5358 post,
2886 5293 3104 5362 utimur,
3131 5290 3326 5362 desunt
3354 5287 3409 5341 in
3426 5286 3607 5340 editis.

2109 5360 2220 5433 (44)
2266 5360 2338 5414 Ita
2381 5376 2510 5414 mss.
2551 5361 2687 5413 Edtti
2726 5378 2874 5433 vero,
2901 5360 3354 5433 criminatoribus.

2110 5428 2222 5505 (45)
2265 5433 2352 5485 Sic
2395 5444 2540 5505 recte
2570 5446 2698 5505 mss.
2733 5432 2873 5485 Editi
2903 5444 3052 5491 vero,
3084 5432 3322 5482 homines
3364 5428 3605 5498 judices.

2038 5500 2297 5557 Mcrliiius
2332 5502 2531 5554 omittit
2556 5500 2781 5569 judices.

2110 5576 2224 5639 (46)
2267 5571 2395 5627 Mss.
2424 5568 2621 5646 nostri,
2647 5588 2763 5646 qua:
2802 5579 3155 5646 accusatores“
3178 5569 3384 5646 ejus...
3426 5568 3479 5619 id
3512 5577 3609 5646 est,

2038 5660 2153 5713 qua:
2183 5659 2273 5711 per
2310 5642 2634 5708 spatium...
2658 5638 2779 5698 (πως
2801 5643 2962 5709 enim,
2986 5651 3097 5696 etc.
3123 5638 3229 5696 Sed
3256 5641 3457 5694 reetius
3477 5638 3615 5691 editi

2040 5725 2098 5770 ut
2127 5715 2178 5768 in
2213 5722 2384 5767 textu.
