3884 6218
248 355 359 415 ’549

1452 334 1791 395 APOLOGIA
1831 332 1968 388 PRO
2006 325 2310 386 ORIGENE

3401 316 3509 376 550

250 475 364 546 psit
388 492 404 531 :
425 474 527 529 hos
546 470 691 528 enim
722 474 975 524 asserunt
996 464 1233 521 maxime
1261 478 1291 517 a
1322 460 1707 533 prtedicatione
1736 474 1826 513 ec-
1857 464 1895 513 Α
1926 453 2092 546 Eoos,
2120 450 2329 546 Enoch,
2382 445 2517 546 ῌοεἶ
2566 444 2715 511 Sem,
2748 442 3060 546 ﬁbra-ham,
3112 442 3290 546 Isaac,
3310 440 3503 505 Jacob,

248 556 554 621 clesiastica
580 560 922 629 discrepare:
950 572 1017 612 ex
1044 556 1129 610 his
1152 554 1423 625 praecipue
1465 551 1643 614 libris,
1690 565 1828 619 quos

251 655 391 724 Περὶ
410 651 615 724 ἀρχῶν
663 650 984 712 attitulavit,
1022 649 1075 701 in
1108 647 1307 716 quibus
1352 643 1747 714 quamplurima
1795 656 1825 694 a

246 745 736 801 calumniatoribus
768 745 1112 797 incusantur.
1146 738 1201 792 ln
1239 739 1323 792 his
1367 751 1499 807 ergo
1543 733 1655 804 (47)
1698 733 1828 802 ipsis

253 837 393 889 inter
427 835 691 905 principia
721 833 866 904 quali
896 830 1239 901 expositione
1272 828 1395 882 ﬁdei
1429 843 1557 881 usus
1590 827 1661 881 sit
1701 839 1826 894 pro-

254 926 489 980 feremus
522 944 536 979 :
576 935 688 979 tum
723 924 922 979 deinde
972 932 1028 977 et
1068 938 1136 976 ex
1184 922 1274 975 his
1322 936 1443 990 qua:
1473 920 1702 988 sparsim
1744 918 1824 973 vel

253 1032 353 1086 per
402 1018 548 1086 ipsos
606 1016 775 1070 libros
822 1014 908 1070 vel
936 1025 1165 1070 cteteros
1204 1013 1398 1077 sensit,
1431 1011 1827 1081 assignabimus

253 1122 380 1162 eum
432 1109 871 1178 praedicationem
940 1107 1291 1176 apostolicam
1364 1105 1681 1159 custodisse.
1729 1102 1828 1157 Est

252 1215 385 1269 ergo
412 1200 570 1255 lectio
605 1217 673 1254 ex
702 1201 876 1270 primo
903 1200 1042 1255 libro
1082 1201 1221 1270 Περὶ
1240 1198 1460 1269 ἀρχῶν,
1512 1213 1672 1268 quam
1697 1210 1824 1265 pro-

251 1292 522 1357 misimus,
548 1291 684 1346 haec.

887 1381 1114 1438 CAPUT
1154 1381 1196 1437 Ι.

428 1492 433 1499 '
468 1473 754 1544 Catalogus
789 1474 1160 1529 ecclesiasticae
1195 1473 1610 1542 praedicationis.

325 1564 614 1622 Omesnss.
645 1568 757 1637 (48)
796 1585 815 1618 t
855 1566 1009 1621 Sicut
1032 1566 1200 1628 enim,
1234 1564 1417 1619 multis
1445 1565 1584 1633 apud
1608 1562 1827 1618 Graecos

237 1668 308 1714 et
343 1660 605 1715 barbaros
652 1659 1026 1728 pollicentibus
1058 1658 1356 1719 veritatem,
1392 1656 1502 1728 (49)
1531 1657 1826 1711 desii/imus

226 1752 393 1818 "apud
424 1764 616 1805 omnes
643 1764 759 1803 eam
789 1763 1038 1818 quaerere
1067 1748 1158 1817 qui
1192 1762 1312 1802 eam
1361 1746 1514 1802 falsis
1559 1746 1825 1816 opinioni-

1935 544 2219 598 dnodecim
2255 541 2717 610 patriarcharum,
2748 536 2951 607 Moysis
2982 545 3037 591 et
3066 536 3458 605 prophetarum
3488 552 3502 587 :

1936 644 1991 690 et
2030 634 2172 703 quod
2213 634 2300 687 hic
2358 632 2499 686 Deus
2537 630 2591 683 in
2637 627 2953 683 novissimis
2983 626 3194 689 diebus,
3232 626 3379 680 sicut
3410 640 3509 694 per

1936 728 2225 796 pr0phetas
2264 739 2390 779 suos
2442 732 2569 778 ante
2612 721 2958 791 promiserat,
3014 719 3159 773 misit
3209 719 3497 773 Dominum

1935 817 2118 873 Jesum
2160 815 2464 879 Christum,
2490 814 2669 883 primo
2699 812 2918 881 quidem
2946 822 3263 864 vocaturum
3313 809 3504 874 Israel,

1934 908 2171 963 secundo
2203 920 2331 960 vero
2379 906 2544 958 etiam
2594 911 2780 974 gentes
2829 911 2951 971 post
2994 902 3276 969 pcrlidiam
3324 899 3507 967 populi

1936 1000 2119 1054 lsrael.
2156 1000 2255 1053 Hic
2284 998 2422 1052 Deus
2449 998 2628 1066 justus
2657 1007 2710 1051 et
2740 997 2938 1058 bonus,
2971 992 3136 1048 Pater
3164 993 3375 1047 Domini
3405 1007 3508 1047 no-

1942 1095 2041 1149 stri
2068 1090 2194 1147 Jesu
2242 1091 2471 1155 Christi,
2506 1091 2697 1158 legem,
2740 1100 2792 1144 et
2826 1089 3139 1159 prophetas,
3176 1098 3229 1141 et
3266 1087 3509 1157 Evange-

1944 1186 2011 1239 lia
2052 1186 2164 1253 ipse
2192 1185 2358 1249 dedit,
2394 1184 2484 1252 qui
2513 1182 2955 1252 etapostolurum
2994 1181 3137 1235 Deus
3176 1190 3278 1247 est,
3320 1190 3374 1235 et
3404 1180 3507 1234 Ve-

1936 1278 2067 1330 teris
2094 1285 2149 1329 et
2188 1275 2318 1329 Novi
2350 1276 2706 1330 'l‘estamenti-
2756 1273 2895 1328 Tum
2937 1273 3136 1328 deinde
3184 1274 3311 1343 quia
3345 1272 3504 1327 Chri-

1933 1376 2049 1421 stus
2096 1366 2254 1422 Jesus
2291 1368 2406 1437 ipse
2455 1368 2549 1435 qui
2598 1367 2764 1430 venit,
2789 1375 2915 1420 ante
2941 1380 3156 1419 omnem
3195 1374 3503 1418 creaturam

1936 1472 2095 1515 natus
2122 1476 2187 1516 ex
2212 1460 2372 1515 Patre
2401 1471 2506 1515 est.
2539 1459 2641 1527 Qui
2685 1476 2806 1516 cum
2836 1460 2889 1515 in
2917 1459 3159 1514 omnium
3197 1459 3507 1513 conditione

1936 1553 2079 1607 Patri
2111 1555 2476 1607 ministrasset
2506 1552 2619 1623 (per
2663 1554 2837 1621 ipsum
2884 1567 3119 1621 namque
3150 1554 3327 1605 omnia
3364 1550 3507 1619 facta

1934 1658 2053 1700 sunt
2086 1647 2129 1677 ¹²
2156 1645 2177 1715 )
2208 1645 2520 1701 novissimis
2558 1646 2891 1715 temporibus
2916 1646 3151 1713 seipsum
3189 1645 3508 1699 exinaniens

1936 1740 2097 1794 homo
2131 1738 2307 1793 factus
2342 1748 2467 1804 est;
2502 1739 2821 1793 incarnatus
2867 1748 2951 1792 est
2992 1753 3116 1792 cum
3146 1735 3287 1792 Deus
3332 1745 3503 1802 esset,

254 1839 356 1890 bus
424 1838 767 1899 asserebant,
821 1846 1173 1905 posteaquam
1237 1835 1571 1890 credidimus
1631 1834 1826 1889 Filium
1858 1827 1902 1881 Β
1930 1843 1984 1885 ει
2012 1833 2171 1886 homo
2206 1831 2380 1886 factus
2438 1832 2638 1885 mansit
2668 1832 2810 1900 quod
2841 1841 2959 1884 erat
2982 1832 3144 1884 Deus.
3174 1829 3383 1897 Corpus
3420 1844 3509 1884 as-

234 1941 373 1980 cssc
401 1927 490 1981 Dei
523 1927 836 1991 Christum,
892 1936 950 1980 et
1002 1927 1070 1981 ab
1112 1925 1229 1995 ipso
1260 1926 1419 1980 nobis
1449 1924 1588 1979 hanc
1616 1925 1829 1979 discen-

251 2019 375 2072 dam
418 2032 541 2072 esse
589 2018 959 2086 persuasimus
1004 2039 1019 2073 ;
1059 2017 1153 2084 ita,
1178 2032 1301 2071 cum
1336 2015 1488 2069 multi
1515 2017 1623 2070 sint
1653 2017 1744 2086 qui
1771 2031 1829 2071 se

234 2118 441 2177 putant
472 2111 675 2163 sentire
702 2122 826 2178 qua:
855 2107 1058 2163 Christi
1090 2116 1236 2175 sunt,
1266 2116 1323 2161 et
1354 2106 1598 2161 nonnulli
1631 2120 1821 2161 eorum

230 2199 460 2254 diversa
512 2214 541 2253 a
587 2199 860 2269 prioribus
912 2200 1174 2265 sentiant,
1222 2206 1467 2253 servetur
1498 2212 1628 2252 vero
1656 2198 1831 2252 eccle-

232 2290 469 2343 siastica
524 2289 837 2358 przedicatio
884 2303 984 2357 per
1029 2288 1402 2343 successionis
1450 2288 1698 2342 ordinem
1761 2289 1830 2343 ab

246 2382 510 2449 aposmlis
539 2379 759 2445 tradita,
794 2389 850 2435 et
875 2394 1048 2450 usque
1078 2379 1144 2434 ad
1183 2394 1422 2449 praesens
1470 2381 1523 2432 in
1566 2379 1827 2434 Ecclesiis

249 2486 599 2541 permanens,
652 2472 743 2525 illa
792 2471 906 2526 sola
938 2472 1206 2526 credenda
1236 2481 1320 2525 est
1348 2471 1576 2536 veritas,
1606 2486 1726 2540 quae
1766 2472 1818 2525 in

232 2565 394 2619 'nullo
425 2566 492 2619 ab
519 2565 884 2620 ecclesiastica
912 2564 1211 2620 traditione
1259 2564 1563 2619 discordat.
1600 2563 1714 2635 (5ο)
1763 2564 1829 2617 ll-

247 2656 341 2711 lud
379 2666 559 2710 autem
593 2656 736 2711 scire
777 2663 1016 2726 Oportet,
1068 2656 1327 2726 quoniam
1377 2657 1552 2711 sancti
1599 2656 1828 2724 apostoli

229 2748 410 2803 didem
451 2746 652 2803 Christi
696 2748 1070 2818 praedicantes,
1116 2749 1183 2803 de
1231 2748 1553 2817 quibusdam
1611 2749 1825 2817 quidem

246 2854 587 2911 quaecunque
634 2840 945 2895 necessaria
1000 2840 1352 2893 crediderunt
1406 2839 1658 2893 omnibus
1706 2854 1829 2893 cre-

247 2932 526 2995 dentibus,
575 2932 737 2986 etiam
794 2931 891 2985 his
917 2931 1008 3000 qui
1054 2931 1321 3002 pigriores
1360 2945 1488 3002 erga
1522 2931 1831 3000 inquisitiu-

249 3039 375 3077 nem
440 3024 634 3077 divinaa
694 3022 935 3078 scientia:
984 3021 1331 3088 videbantur,
1389 3022 1831 3077 manifestissime

249 3114 616 3180 tradiderunt,
670 3115 938 3169 rationem
998 3113 1212 3169 scilicet
1257 3114 1581 3168 assertionis
1634 3128 1822 3168 eorum

1931 1924 2163 1992 sumpsit
2193 1936 2380 1979 nostro
2428 1924 2648 1992 corpori
2709 1924 2910 1987 simile,
2960 1938 3026 1977 eo
3056 1922 3171 1977 solo
3223 1921 3503 1985 differens,

1929 2017 2071 2085 quod
2098 2025 2255 2069 natus
2298 2030 2363 2069 ex
2417 2013 2641 2084 Virgine
2686 2023 2743 2068 et
2796 2013 3003 2083 Spiritu
3044 2023 3240 2069 sancto
3282 2024 3386 2068 est.
3439 2013 3507 2067 Et

1930 2105 2182 2175 quoniam
2212 2105 2302 2159 hic
2330 2104 2491 2159 Jcsus
2518 2104 2769 2159 Christus
2821 2116 2980 2158 natus
3024 2114 3079 2158 et
3126 2120 3315 2173 passus
3337 2114 3420 2158 est
3451 2106 3506 2158 in

1929 2197 2176 2260 veritate,
2227 2206 2282 2249 et
2335 2211 2440 2249 non
2496 2211 2592 2264 per
2638 2196 2959 2264 imaginem,
2992 2196 3109 2265 (55)
3160 2212 3504 2250 communem

1932 2287 2072 2342 hanc
2103 2298 2329 2342 mortem
2368 2288 2632 2341 sustinuit
2680 2301 2807 2341 vere
2854 2298 3148 2342 mortuus:
3187 2303 3313 2341 vere
3358 2302 3504 2341 enim

1931 2388 2037 2434 eta
2073 2380 2302 2434 mortuis
2351 2380 2653 2434 resurrexit
2704 2395 2718 2433 :
2773 2388 2828 2433 et
2874 2390 2995 2447 post
3052 2378 3505 2433 resurrectionem

1931 2480 2290 2527 conversatus
2342 2487 2464 2525 cum
2528 2470 2810 2540 discipulis
2859 2472 2994 2533 suis,
3045 2481 3354 2539 assumptus
3400 2481 3502 2525 est.

1932 2565 2067 2619 Tum
2098 2564 2299 2619 deinde
2348 2563 2557 2619 honore
2587 2579 2651 2619 ac
2686 2564 2953 2633 dignitate
2983 2562 3129 2617 Patri
3158 2573 3212 2616 et
3241 2562 3377 2617 Filio
3418 2578 3507 2617 so-

1936 2657 2138 2711 ciatum
2177 2655 2516 2710 tradiderunt
2553 2654 2820 2725 Spiritum
2852 2663 3124 2709 sanctum.
3169 2656 3227 2707 In
3260 2654 3361 2707 hoc
3399 2670 3503 2707 non

1926 2748 2037 2816 jam
2094 2749 2382 2804 manifeste
2420 2748 2754 2803 discernitur
2784 2756 2967 2802 utrum
3009 2757 3168 2802 natus
3196 2748 3289 2814 sit,
3320 2764 3387 2801 an
3424 2748 3508 2800 in-

1933 2851 2114 2897 natus.
2149 2860 2168 2892 ι

2004 2932 2328 2988 PAMPHILUS.
2371 2932 2473 2999 Qui
2505 2933 2571 2987 de
2605 2940 2733 2985 nato
2764 2931 2849 2986 vel
2881 2931 3072 2985 innato
3096 2932 3345 3001 requirit,
3384 2934 3505 2987 sine

1932 3024 2099 3079 dubio
2149 3034 2417 3079 creatura:
2472 3024 2525 3077 in
2580 3038 2645 3077 eo
2695 3023 2896 3077 nullam
2956 3024 3120 3077 habet
3172 3025 3501 3093 opinionem,

1932 3117 2169 3185 alioquin
2203 3126 2258 3169 et
2303 3117 2405 3169 hoc
2441 3114 2756 3170 adduxisset
2802 3116 2870 3169 ad
2924 3115 3354 3186 inquisitionem.
3388 3115 3502 3185 (54)

248 3207 628 3275 relinquentes
670 3206 737 3261 ab
784 3206 869 3261 his
902 3206 1285 3276 inquirendam
1320 3204 1434 3277 (51)
1468 3206 1557 3274 qui
1589 3205 1823 3275 Spiritus
1853 3183 1895 3239 (ἶ
1930 3205 1995 3259 Et
2022 3183 2265 3274 adjungit
2296 3218 2311 3256 :

248 3302 389 3353 dona
418 3298 759 3362 excellentia,
792 3307 847 3353 et
884 3300 1155 3367 praecipue
1187 3298 1479 3365 sermonis,
1518 3300 1821 3368 sapientiae,

246 3398 302 3443 et
333 3389 572 3443 scientiae
607 3404 704 3457 per
733 3390 907 3458 ipsum
937 3388 1200 3458 Spiritum
1238 3398 1490 3442 sanctum
1538 3389 1825 3458 percipere

253 3482 644 3535 merebantur:
681 3482 747 3535 de
787 3481 909 3535 aliis
958 3494 1086 3536 vero
1128 3481 1386 3535 dixerunt
1429 3482 1647 3551 quidem
1700 3482 1825 3552 quia

252 3572 385 3633 sint,
430 3572 703 3639 quomodo
751 3580 952 3635 autem,
1001 3580 1093 3624 aut
1140 3571 1282 3625 unde
1328 3571 1458 3638 sint,
1514 3572 1823 3627 siluerunt:

254 3663 498 3732 profecto
532 3674 591 3717 ut
615 3663 975 3719 studiosiores
1000 3664 1198 3733 quique
1224 3678 1293 3717 ex
1318 3665 1553 3733 posteris
1574 3665 1687 3719 suis
1707 3665 1825 3735 (52)

251 3766 528 3809 amatores
560 3755 838 3823 sapientiae
868 3765 924 3810 et
957 3755 1222 3819 scientite,
1251 3757 1576 3810 exercitium
1625 3757 1827 3812 habere

249 3853 491 3910 possent,
522 3844 573 3897 in
599 3858 706 3912 quo
737 3844 939 3913 ingenii
975 3845 1058 3898 sui
1090 3843 1326 3900 fructum
1360 3847 1652 3901 ostendere
1680 3847 1827 3902 vale-

250 3945 397 3999 rent,
434 3936 486 3988 hi
516 3935 771 3990 videlicet
798 3936 892 4005 qui
933 3936 1125 4006 dignos
1152 3950 1211 3990 se
1248 3944 1302 3989 et
1336 3950 1564 4005 capaces
1614 3940 1829 4007 sapien-

254 4027 345 4080 tize
373 4037 766 4097 praepararent.
789 4027 1010 4097 Species
1050 4042 1175 4082 vero
1207 4042 1393 4083 eorum
1424 4043 1545 4098 quae
1571 4044 1668 4099 per
1694 4046 1829 4099 prse-

248 4120 578 4174 dicationem
608 4118 962 4191 apostolicam
1016 4118 1309 4174 manifeste
1364 4120 1677 4187 traduntur,
1712 4123 1828 4176 ista:

250 4220 399 4264 sunt.
429 4209 610 4264 Primo
646 4211 788 4281 quod
819 4226 957 4266 unus
982 4219 1067 4266 est
1091 4211 1231 4267 Deus
1254 4212 1349 4281 qui
1385 4210 1571 4267 omnia
1599 4214 1825 4277 creavit,

251 4311 419 4370 atque
447 4303 772 4373 composuit,
825 4305 1027 4373 quique
1074 4319 1142 4359 ex
1186 4304 1349 4359 nullis
1382 4318 1505 4359 esse
1540 4304 1671 4360 fecit
1704 4307 1826 4361 uni-

250 4411 411 4453 versa
464 4398 527 4459 “,
588 4397 729 4453 Deus
787 4413 818 4452 a
870 4400 1045 4468 prima
1099 4409 1351 4455 creatura
1405 4409 1460 4455 et
1519 4401 1830 4457 conditione

249 4489 438 4543 mundi
472 4490 713 4543 omnium
750 4488 1019 4558 iustorum
1055 4490 1215 4556 Deus,
1243 4492 1441 4559 Adam,
1479 4491 1637 4559 Abel,
1668 4492 1823 4560 Seth,

330 4600 374 4630 ἰ
412 4595 456 4650 ll
480 4597 729 4655 Machab.
764 4616 863 4668 vn,
894 4600 986 4655 28.
1065 4602 1107 4632 ¹³
1138 4598 1295 4656 Joan.
1330 4616 1369 4665 1,
1401 4602 1455 4656 '5.

1998 3297 2293 3355 Omcssss.
2335 3315 2353 3348 ι
2384 3297 2478 3353 Vel
2511 3297 2679 3352 Filius
2721 3298 2884 3353 etiam
2912 3298 3029 3368 ipse
3077 3297 3174 3353 Dei
3226 3296 3507 3353 habendus

1928 3392 2017 3455 sit,
2067 3405 2257 3444 necne.
2314 3388 2421 3443 Sed
2462 3389 2785 3457 inquirenda
2832 3389 2943 3457 jam
2990 3390 3094 3444 ista
3140 3404 3238 3458 pro
3286 3390 3504 3444 viribus

1928 3491 2053 3535 sunt
2083 3482 2150 3535 de
2190 3490 2377 3537 sancta
2434 3480 2739 3549 Scriptura,
2789 3493 2844 3534 et
2895 3481 3077 3551 sagaci
3110 3481 3506 3551 perquisitione

1928 3571 2330 3640 investiganda.
2415 3570 2560 3625 Sane
2619 3569 2764 3640 quod
2829 3571 2935 3626 iste
2999 3570 3237 3640 Spiritus
3284 3582 3506 3626 sanctus

1928 3675 2367 3730 unumquemque
2426 3671 2741 3717 sanctorum
2796 3662 2882 3715 vel
2941 3662 3372 3731 prophetarum,
3423 3663 3505 3716 vel

1931 3752 2295 3820 apostolorqu
2330 3751 2441 3822 (55)
2474 3753 2840 3820 inspiraverit,
2871 3762 2926 3807 et
2957 3768 3064 3806 non
3101 3753 3239 3807 alius
3272 3754 3505 3821 Spiritus

1932 3843 1983 3896 in
2016 3843 2312 3905 veteribus,
2340 3843 2478 3896 alius
2498 3857 2626 3897 vero
2654 3842 2708 3896 in
2740 3843 2824 3897 his
2850 3844 2941 3912 qui
2968 3844 3021 3897 in
3047 3844 3277 3896 adventu
3303 3843 3504 3896 Christi

1933 3934 2178 4003 inspirati
2211 3943 2357 3998 sunt,
2409 3935 2575 3990 fuerit
2602 3975 2617 4000 ,
2655 3934 3102 3989 manifestissime
3156 3935 3211 3989 iu
3249 3934 3507 3989 Ecclesiis

1934 4025 2293 4095 praedicatur.
2320 4027 2446 4081 Post
2474 4028 2587 4082 hate
2620 4027 2731 4095 jam
2761 4030 2901 4096 quod
2933 4028 3115 4081 anima
3145 4027 3505 4083 substantiam

1931 4118 2208 4186 vitamque
2263 4117 2473 4173 habens
2529 4119 2831 4188 propriam,
2887 4134 3009 4173 cum
3063 4134 3129 4172 ex
3177 4120 3280 4173 hoc
3306 4120 3507 4173 mundo

1931 4207 2278 4272 discesserit,
2332 4223 2431 4277 pro
2498 4210 2612 4263 suis
2663 4210 2879 4264 meritis
2930 4210 3337 4279 dispensabitur
3391 4210 3507 4264 sive

1930 4313 2147 4355 arternaa
2171 4303 2293 4356 vita:
2321 4318 2384 4356 ac
2416 4303 2770 4358 beatitudinis
2794 4304 3114 4357 hereditate
3158 4304 3419 4373 potitura,
3457 4304 3505 4358 si

1932 4399 2035 4452 hoc
2092 4398 2141 4451 ei
2189 4414 2284 4451 sua
2334 4407 2485 4468 gesta
2541 4398 2895 4467 praestiterint
2933 4415 2948 4452 :
2980 4398 3099 4453 sive
3139 4399 3250 4468 igni
3301 4407 3508 4454 aeterno

1936 4506 2000 4545 ac
2026 4490 2302 4560 suppliciis
2328 4491 2706 4559 mancipanda,
2750 4491 2796 4546 si
2835 4491 2889 4545 in
2931 4491 3034 4544 hoc
3070 4504 3191 4544 eam
3238 4489 3505 4544 scelerum

319 4688 435 4769 (L7)
473 4688 681 4769 Merlini
722 4690 1098 4769 editio,_ipsis,
1138 4690 1328 4769 quibus
1372 4692 1511 4769 inter
1557 4694 1816 4764 principia
1855 4708 1895 4762 ι)
1921 4712 2048 4768 gnos
2084 4711 2137 4749 se
2160 4702 2474 4769 et_capaces
2513 4693 2586 4769 ad_
2621 4692 2992 4769 recipiendam
3018 4691 3334 4759 sapientiam
3361 4708 3503 4769 pra“

244 4761 399 4829 quasi
446 4763 768 4829 expositione
809 4761 931 4825 ﬁdei
972 4777 1096 4814 usus
1149 4764 1238 4821 sit,
1287 4762 1613 4828 proferemus
1649 4780 1668 4827 ;
1708 4761 1817 4819 tum

247 4833 467 4883 mde....
499 4831 879 4898 assignabimus
896 4847 1012 4884 eum
1038 4832 1473 4900 pra’tlicationem
1502 4836 1820 4890 auctoritate

249 4899 545 4968 apostolica
575 4901 887 4953 custodisse.

320 4968 436 5041 (48)
476 4968 549 5022 De
579 4969 1105 5039 prtefatione'libmr.
1149 4970 1287 5039 Περὶ
1321 4971 1542 5040 ἀρχῶν,
1580 4990 1725 5029 num.
1786 4975 1822 5028 9

247 5055 448 5178 θ’(ῗεξ)
477 5107 555 5163 Ita
600 5125 730 5164 mss.
764 5110 907 5164 Editi
941 5126 1096 5174 vero,
1126 5114 1469 5167 desuevimus.

318 5199 432 5272 (50)
472 5199 611 5253 Editi
651 5209 706 5254 et
744 5215 874 5255 mss.
932 5201 1177 5271 plerique
1208 5243 1224 5269 ,
1280 5202 1427 5256 Illud
1478 5212 1651 5259 tamen
1688 5207 1819 5261 scire

246 5280 473 5338 Oportet.

316 5340 431 5408 (51)
473 5340 563 5394 Sic
605 5355 794 5393 omnes
839 5339 998 5408 hujus
1046 5342 1317 5412 Apologia:
1352 5359 1506 5405 mss.,
1556 5354 1611 5398 et
1641 5347 1809 5405 editi:

246 5426 397 5486 mss.
419 5411 1001 5486 vero_librorum__IIep_i
1035 5410 1235 5481 ἀρχῶν
1258 5430 1445 5468 omnes
1478 5416 1812 5486 habentzqni

246 5482 485 5547 Spiritus
526 5483 669 5553 dona
713 5483 1017 5535 excellentia
1059 5496 1405 5546 mererentur,
1444 5494 1493 5537 et
1548 5482 1813 5553 prwcipne

245 5555 521 5626 sermonis,
558 5552 849 5616 sapientue,
886 5563 931 5603 et
968 5555 1206 5626 scientia:
1250 5558 1479 5624 gratiam
1510 5552 1603 5624 per
1640 5558 1811 5626 ipsum

246 5619 501 5688 Spiritum
536 5630 774 5673 sanctum
804 5625 1167 5690 percepissent.

321 5690 434 5760 (5‘2)
472 5690 619 5743 Libri
668 5690 743 5742 De
793 5693 1063 5760 principiis
1115 5705 1222 5747 tam
1265 5696 1394 5749 editi
1449 5712 1612 5765 quam
1646 5712 1806 5759 mss.,

246 5764 335 5829 qui
369 5776 627 5836 ainatores
656 5770 826 5813 essent
857 5764 1152 5827 sapientiw,
1192 5764 1593 5821 exercitium...
1623 5769 1677 5820 in
1707 5784 1811 5836 quo

247 5834 449 5902 ingenii
485 5834 564 5885 sui
587 5833 818 5899 fructum
848 5840 1199 5904 ostenderent,
1240 5838 1294 5891 lii
1330 5838 1569 5893 videlicet
1601 5840 1689 5906 qui
1718 5833 1812 5891 tli-

1918 4762 2190 4838 pararent.
2216 4765 2322 4838 Sed
2352 4778 2545 4838 omnes
2576 4762 2752 4838 Imj_us_
2771 4764 3040 4838 Apologite
3069 4778 3194 4838 mss.
3221 4774 3275 4816 et
3297 4765 3427 4838 editi
3446 4776 3504 4816 ut

1923 4833 1973 4892 in
2011 4847 2179 4903 textu,
2210 4836 2312 4889 nisi
2343 4836 2484 4903 quod
2506 4849 2605 4887 ms.
2629 4833 2977 4888 Corbeieusis
3010 4834 3237 4900 ounttit,
3257 4845 3303 4887 ct
3331 4836 3502 4888 scien-

1919 4920 2028 4964 ιιω.

1994 4975 2106 5051 (55)
2273 4992 2402 5030 mss.
2422 4974 2787 5051 Sorboriicus,
2836 4984 2903 5051 et
2942 4974 3229 5051 Montisns.
3257 4974 3500 5051 Michae-

1925 5044 2012 5110 lis,
2051 5044 2114 5100 ac
2138 5047 2228 5101 alii
2260 5063 2390 5101 mss.
2420 5048 2680 5099 librorum
2714 5046 2788 5098 De
2822 5046 3118 5113 principiis.
3146 5044 3336 5098 Cteteri
3372 5061 3503 5097 vero

1926 5135 2057 5174 mss.
2090 5118 2248 5185 hujus
2275 5118 2567 5186 Apologite,
2593 5128 2645 5170 et
2679 5115 2955 5178 Merlinus,
2992 5132 3317 5168 communem
3366 5118 3501 5168 hanc

1929 5201 2147 5242 mortem
2198 5204 2315 5241 vere
2352 5202 2611 5241 mortuus.
2651 5186 3058 5247 Gencbrardus,
3098 5188 3360 5238 communi
3402 5189 3501 5238 hac

1924 5271 2089 5313 morte
2118 5275 2233 5312 uere
2257 5268 2518 5323 mortuus,
2568 5259 2769 5311 omisso
2809 5257 3084 5310 sustinuit.
3121 5254 3257 5308 Tum
3303 5256 3500 5309 deinde

1921 5332 2075 5392 editi,
2103 5342 2155 5383 et
2199 5346 2300 5384 ms.
2339 5331 2693 5390 Sorbouicus,
2744 5339 3087 5380 conversatus
3133 5337 3208 5379 est
3247 5342 3366 5379 cum
3418 5327 3502 5378 di-

1921 5401 2137 5466 scipulis
2160 5402 2291 5464 suis,
2315 5411 2360 5453 et
2389 5410 2689 5470 assumptus
2717 5412 2816 5452 est.
2853 5399 2959 5452 Sed
2983 5400 3163 5452 caeteri
3199 5413 3327 5450 mss.
3361 5407 3416 5450 ut
3446 5397 3501 5450 ita

1920 5482 2088 5524 textu.

1988 5542 2102 5614 (54)
2146 5544 2212 5597 Et
2247 5544 2515 5614 adjungit.
2549 5543 2672 5597 Haec
2696 5545 2858 5595 verba
2883 5556 3003 5609 quae
3035 5541 3320 5610 proferunt
3344 5543 3498 5607 editi,

1920 5627 2025 5664 non
2056 5625 2375 5683 comparent
2408 5617 2458 5667 in
2490 5616 2741 5668 omnibus
2774 5628 2907 5666 mss.
2937 5614 3160 5665 nostris.

1990 5683 2108 5755 (55)
2152 5680 2316 5752 Editi,
2364 5687 2713 5751 inspiravit..
2740 5721 2790 5736 ..
2835 5687 2925 5750 qui
2969 5684 3022 5735 in
3072 5684 3314 5737 adventu.
3369 5680 3496 5737 Mss.

1918 5758 2280 5827 inspiraverit.
2303 5799 2315 5812 .
2345 5796 2358 5813 .
2378 5796 2391 5813 .
2421 5757 2511 5826 qui
2551 5755 2607 5809 in
2638 5758 2937 5810 adventum.
