  <div class='ocr_page' id='page_1' title='image "/cluster/home/n/w/nwhite01/storage/ocr_20150623/17/nnc1.0046978615/285.png"; bbox 0 0 3884 6218; ppageno 0'>
   <div class='ocr_carea' id='block_1_1' title="bbox 420 294 515 349">
    <p class='ocr_par' dir='ltr' id='par_1_1' title="bbox 420 294 515 349">
     <span class='ocr_line' id='line_1_1' title="bbox 420 294 515 349; baseline -0.011 0"><span class='ocrx_word' id='word_1_1' title='bbox 420 294 515 349; x_wconf 80' lang='lat' dir='ltr'><strong>55f</strong></span> 
     </span>
    </p>
   </div>
   <div class='ocr_carea' id='block_1_2' title="bbox 1618 293 2442 359">
    <p class='ocr_par' dir='ltr' id='par_1_2' title="bbox 1618 293 2442 359">
     <span class='ocr_line' id='line_1_2' title="bbox 1618 293 2442 359; baseline 0.006 -6"><span class='ocrx_word' id='word_1_2' title='bbox 1618 299 1675 356; x_wconf 93' lang='lat' dir='ltr'><strong>S.</strong></span> <span class='ocrx_word' id='word_1_3' title='bbox 1714 293 2041 356; x_wconf 71' lang='lat' dir='ltr'><strong>PAMPHILI</strong></span> <span class='ocrx_word' id='word_1_4' title='bbox 2083 299 2442 359; x_wconf 80' lang='lat' dir='ltr'><strong>MARTYRIS</strong></span> 
     </span>
    </p>
   </div>
   <div class='ocr_carea' id='block_1_3' title="bbox 3575 306 3679 365">
    <p class='ocr_par' dir='ltr' id='par_1_3' title="bbox 3575 306 3679 365">
     <span class='ocr_line' id='line_1_3' title="bbox 3575 306 3679 365; baseline 0.019 -2"><span class='ocrx_word' id='word_1_5' title='bbox 3575 306 3679 365; x_wconf 70' lang='lat'><strong>552</strong></span> 
     </span>
    </p>
   </div>
   <div class='ocr_carea' id='block_1_4' title="bbox 420 413 3111 494">
    <p class='ocr_par' dir='ltr' id='par_1_4' title="bbox 420 413 3111 494">
     <span class='ocr_line' id='line_1_4' title="bbox 420 413 3111 494; baseline 0.003 -26"><span class='ocrx_word' id='word_1_6' title='bbox 420 413 576 482; x_wconf 84' lang='lat' dir='ltr'><strong>culpa</strong></span> <span class='ocrx_word' id='word_1_7' title='bbox 604 414 918 472; x_wconf 83' lang='lat' dir='ltr'><strong>deterserit.</strong></span> <span class='ocrx_word' id='word_1_8' title='bbox 971 414 1076 471; x_wconf 87' lang='lat' dir='ltr'><strong>Sed</strong></span> <span class='ocrx_word' id='word_1_9' title='bbox 1114 425 1171 471; x_wconf 89' lang='lat' dir='ltr'><strong>et</strong></span> <span class='ocrx_word' id='word_1_10' title='bbox 1210 414 1335 487; x_wconf 82' lang='lat' dir='ltr'><strong>quia</strong></span> <span class='ocrx_word' id='word_1_11' title='bbox 1367 417 1475 472; x_wconf 89' lang='lat' dir='ltr'><strong>erit</strong></span> <span class='ocrx_word' id='word_1_12' title='bbox 1503 426 1721 488; x_wconf 83' lang='lat' dir='ltr'><strong>tempus</strong></span> <span class='ocrx_word' id='word_1_13' title='bbox 1753 434 2003 475; x_wconf 90' lang='lat' dir='ltr'><strong>resurre-</strong></span> <span class='ocrx_word' id='word_1_14' title='bbox 2033 424 2080 480; x_wconf 82' lang='lat' dir='ltr'><strong>A</strong></span> <span class='ocrx_word' id='word_1_15' title='bbox 2178 421 2510 479; x_wconf 64' lang='lat' dir='ltr'><strong>Paurmws.</strong></span> <span class='ocrx_word' id='word_1_16' title='bbox 2537 422 2603 477; x_wconf 88' lang='lat' dir='ltr'><strong>Et</strong></span> <span class='ocrx_word' id='word_1_17' title='bbox 2633 432 2753 493; x_wconf 92' lang='lat' dir='ltr'><strong>post</strong></span> <span class='ocrx_word' id='word_1_18' title='bbox 2784 437 2952 494; x_wconf 87' lang='lat' dir='ltr'><strong>pauca</strong></span> <span class='ocrx_word' id='word_1_19' title='bbox 2987 423 3063 478; x_wconf 90' lang='lat' dir='ltr'><strong>ait</strong></span> <span class='ocrx_word' id='word_1_20' title='bbox 3097 440 3111 477; x_wconf 88' lang='lat'><strong>:</strong></span> 
     </span>
    </p>
   </div>
   <div class='ocr_carea' id='block_1_5' title="bbox 418 508 1993 580">
    <p class='ocr_par' dir='ltr' id='par_1_5' title="bbox 418 508 1993 580">
     <span class='ocr_line' id='line_1_5' title="bbox 418 508 1993 580; baseline 0.003 -19"><span class='ocrx_word' id='word_1_21' title='bbox 418 508 618 563; x_wconf 89' lang='lat' dir='ltr'><strong>ctionis</strong></span> <span class='ocrx_word' id='word_1_22' title='bbox 667 519 1022 573; x_wconf 88' lang='lat' dir='ltr'><strong>mortuorum,</strong></span> <span class='ocrx_word' id='word_1_23' title='bbox 1048 524 1174 564; x_wconf 92' lang='lat' dir='ltr'><strong>cum</strong></span> <span class='ocrx_word' id='word_1_24' title='bbox 1201 524 1396 580; x_wconf 89' lang='lat' dir='ltr'><strong>corpus</strong></span> <span class='ocrx_word' id='word_1_25' title='bbox 1418 509 1543 576; x_wconf 92' lang='lat' dir='ltr'><strong>hoc,</strong></span> <span class='ocrx_word' id='word_1_26' title='bbox 1574 510 1717 580; x_wconf 89' lang='lat' dir='ltr'><strong>quod</strong></span> <span class='ocrx_word' id='word_1_27' title='bbox 1740 512 1795 565; x_wconf 82' lang='lat' dir='ltr'><strong>in</strong></span> <span class='ocrx_word' id='word_1_28' title='bbox 1819 528 1993 566; x_wconf 79' lang='lat' dir='ltr'><strong>corru-</strong></span> 
     </span>
    </p>
   </div>
   <div class='ocr_carea' id='block_1_6' title="bbox 417 600 1999 673">
    <p class='ocr_par' dir='ltr' id='par_1_6' title="bbox 417 600 1999 673">
     <span class='ocr_line' id='line_1_6' title="bbox 417 600 1999 673; baseline 0.003 -21"><span class='ocrx_word' id='word_1_29' title='bbox 417 600 915 666; x_wconf 64' lang='lat' dir='ltr'><strong>ptione&#39;semiuatur,</strong></span> <span class='ocrx_word' id='word_1_30' title='bbox 940 612 1117 667; x_wconf 83' lang='lat' dir='ltr'><strong>surget</strong></span> <span class='ocrx_word' id='word_1_31' title='bbox 1153 601 1210 656; x_wconf 81' lang='lat' dir='ltr'><strong>in</strong></span> <span class='ocrx_word' id='word_1_32' title='bbox 1242 602 1692 669; x_wconf 78' lang='lat' dir='ltr'><strong>incorruptione”</strong></span> <span class='ocrx_word' id='word_1_33' title='bbox 1725 612 1820 658; x_wconf 89' lang='lat' dir='ltr'><strong>:et</strong></span> <span class='ocrx_word' id='word_1_34' title='bbox 1853 604 1999 673; x_wconf 90' lang='lat' dir='ltr'><strong>quod</strong></span> 
     </span>
    </p>
   </div>
   <div class='ocr_carea' id='block_1_7' title="bbox 417 699 1997 770">
    <p class='ocr_par' dir='ltr' id='par_1_7' title="bbox 417 699 1997 770">
     <span class='ocr_line' id='line_1_7' title="bbox 417 699 1997 770; baseline 0.002 -16"><span class='ocrx_word' id='word_1_35' title='bbox 417 699 717 754; x_wconf 85' lang='lat' dir='ltr'><strong>seminatur</strong></span> <span class='ocrx_word' id='word_1_36' title='bbox 747 699 805 753; x_wconf 86' lang='lat' dir='ltr'><strong>in</strong></span> <span class='ocrx_word' id='word_1_37' title='bbox 828 700 1140 768; x_wconf 84' lang='lat' dir='ltr'><strong>ignominia,</strong></span> <span class='ocrx_word' id='word_1_38' title='bbox 1182 710 1358 770; x_wconf 81' lang='lat' dir='ltr'><strong>surget</strong></span> <span class='ocrx_word' id='word_1_39' title='bbox 1397 700 1453 754; x_wconf 87' lang='lat' dir='ltr'><strong>in</strong></span> <span class='ocrx_word' id='word_1_40' title='bbox 1484 701 1659 769; x_wconf 79' lang='lat' dir='ltr'><strong>gloria</strong></span> <span class='ocrx_word' id='word_1_41' title='bbox 1688 702 1753 756; x_wconf 68' lang='grc'><strong>⁸⁸.</strong></span> <span class='ocrx_word' id='word_1_42' title='bbox 1796 703 1891 760; x_wconf 85' lang='lat' dir='ltr'><strong>Est</strong></span> <span class='ocrx_word' id='word_1_43' title='bbox 1942 712 1997 758; x_wconf 86' lang='lat' dir='ltr'><strong>et</strong></span> 
     </span>
    </p>
   </div>
   <div class='ocr_carea' id='block_1_8' title="bbox 417 788 1996 858">
    <p class='ocr_par' dir='ltr' id='par_1_8' title="bbox 417 788 1996 858">
     <span class='ocr_line' id='line_1_8' title="bbox 417 788 1996 858; baseline 0.002 -16"><span class='ocrx_word' id='word_1_44' title='bbox 417 788 547 843; x_wconf 92' lang='lat' dir='ltr'><strong>illud</strong></span> <span class='ocrx_word' id='word_1_45' title='bbox 564 788 846 843; x_wconf 89' lang='lat' dir='ltr'><strong>definitum</strong></span> <span class='ocrx_word' id='word_1_46' title='bbox 868 789 919 842; x_wconf 93' lang='lat' dir='ltr'><strong>in</strong></span> <span class='ocrx_word' id='word_1_47' title='bbox 947 788 1319 844; x_wconf 87' lang='lat' dir='ltr'><strong>ecclesiastica</strong></span> <span class='ocrx_word' id='word_1_48' title='bbox 1348 790 1757 858; x_wconf 72' lang='lat' dir='ltr'><strong>praedicatione,</strong></span> <span class='ocrx_word' id='word_1_49' title='bbox 1778 805 1996 845; x_wconf 87' lang='lat' dir='ltr'><strong>omnem</strong></span> 
     </span>
    </p>
   </div>
   <div class='ocr_carea' id='block_1_9' title="bbox 415 880 1997 945">
    <p class='ocr_par' dir='ltr' id='par_1_9' title="bbox 415 880 1997 945">
     <span class='ocr_line' id='line_1_9' title="bbox 415 880 1997 945; baseline 0.003 -11"><span class='ocrx_word' id='word_1_50' title='bbox 415 881 655 934; x_wconf 85' lang='lat' dir='ltr'><strong>animam</strong></span> <span class='ocrx_word' id='word_1_51' title='bbox 685 894 806 935; x_wconf 89' lang='lat' dir='ltr'><strong>esse</strong></span> <span class='ocrx_word' id='word_1_52' title='bbox 834 881 1240 945; x_wconf 78' lang='lat' dir='ltr'><strong>rationabilem,</strong></span> <span class='ocrx_word' id='word_1_53' title='bbox 1279 880 1435 936; x_wconf 87' lang='lat' dir='ltr'><strong>liberi</strong></span> <span class='ocrx_word' id='word_1_54' title='bbox 1468 882 1682 937; x_wconf 75' lang='lat' dir='ltr'><strong>arbitrii</strong></span> <span class='ocrx_word' id='word_1_55' title='bbox 1713 894 1769 938; x_wconf 91' lang='lat' dir='ltr'><strong>et</strong></span> <span class='ocrx_word' id='word_1_56' title='bbox 1800 883 1997 938; x_wconf 91' lang='lat' dir='ltr'><strong>volun-</strong></span> 
     </span>
    </p>
   </div>
   <div class='ocr_carea' id='block_1_10' title="bbox 416 972 1996 1042">
    <p class='ocr_par' dir='ltr' id='par_1_10' title="bbox 416 972 1996 1042">
     <span class='ocr_line' id='line_1_10' title="bbox 416 972 1996 1042; baseline 0.002 -17"><span class='ocrx_word' id='word_1_57' title='bbox 416 972 545 1027; x_wconf 86' lang='lat' dir='ltr'><strong>tatis</strong></span> <span class='ocrx_word' id='word_1_58' title='bbox 580 989 593 1026; x_wconf 89' lang='lat'><strong>:</strong></span> <span class='ocrx_word' id='word_1_59' title='bbox 628 988 750 1027; x_wconf 91' lang='lat' dir='ltr'><strong>esse</strong></span> <span class='ocrx_word' id='word_1_60' title='bbox 789 988 1007 1042; x_wconf 85' lang='lat' dir='ltr'><strong>quoque</strong></span> <span class='ocrx_word' id='word_1_61' title='bbox 1038 973 1088 1028; x_wconf 91' lang='lat' dir='ltr'><strong>ei</strong></span> <span class='ocrx_word' id='word_1_62' title='bbox 1120 983 1399 1029; x_wconf 83' lang='lat' dir='ltr'><strong>certamen</strong></span> <span class='ocrx_word' id='word_1_63' title='bbox 1435 975 1697 1031; x_wconf 89' lang='lat' dir='ltr'><strong>adversus</strong></span> <span class='ocrx_word' id='word_1_64' title='bbox 1724 975 1996 1031; x_wconf 88' lang='lat' dir='ltr'><strong>diabolum</strong></span> 
     </span>
    </p>
   </div>
   <div class='ocr_carea' id='block_1_11' title="bbox 414 1063 1997 1136">
    <p class='ocr_par' dir='ltr' id='par_1_11' title="bbox 414 1063 1997 1136">
     <span class='ocr_line' id='line_1_11' title="bbox 414 1063 1997 1136; baseline 0.001 -19"><span class='ocrx_word' id='word_1_65' title='bbox 414 1072 471 1118; x_wconf 91' lang='lat' dir='ltr'><strong>et</strong></span> <span class='ocrx_word' id='word_1_66' title='bbox 500 1063 720 1135; x_wconf 79' lang='lat' dir='ltr'><strong>angelos</strong></span> <span class='ocrx_word' id='word_1_67' title='bbox 751 1065 891 1134; x_wconf 83' lang='lat' dir='ltr'><strong>ejus,</strong></span> <span class='ocrx_word' id='word_1_68' title='bbox 919 1064 1343 1134; x_wconf 88' lang='lat' dir='ltr'><strong>contrariasqne</strong></span> <span class='ocrx_word' id='word_1_69' title='bbox 1364 1065 1595 1122; x_wconf 85' lang='lat' dir='ltr'><strong>virtutes</strong></span> <span class='ocrx_word' id='word_1_70' title='bbox 1617 1110 1629 1129; x_wconf 85' lang='lat'><strong><em>.</em></strong></span> <span class='ocrx_word' id='word_1_71' title='bbox 1662 1081 1727 1120; x_wconf 87' lang='lat' dir='ltr'><strong>ex</strong></span> <span class='ocrx_word' id='word_1_72' title='bbox 1759 1081 1827 1122; x_wconf 90' lang='lat' dir='ltr'><strong>eo</strong></span> <span class='ocrx_word' id='word_1_73' title='bbox 1854 1067 1997 1136; x_wconf 91' lang='lat' dir='ltr'><strong>quod</strong></span> 
     </span>
    </p>
   </div>
   <div class='ocr_carea' id='block_1_12' title="bbox 416 1154 1994 1224">
    <p class='ocr_par' dir='ltr' id='par_1_12' title="bbox 416 1154 1994 1224">
     <span class='ocr_line' id='line_1_12' title="bbox 416 1154 1994 1224; baseline 0.001 -15"><span class='ocrx_word' id='word_1_74' title='bbox 416 1154 493 1209; x_wconf 87' lang='lat' dir='ltr'><strong>illi</strong></span> <span class='ocrx_word' id='word_1_75' title='bbox 530 1156 765 1224; x_wconf 75' lang='lat' dir='ltr'><strong>peccatis</strong></span> <span class='ocrx_word' id='word_1_76' title='bbox 790 1170 909 1210; x_wconf 87' lang='lat' dir='ltr'><strong>eam</strong></span> <span class='ocrx_word' id='word_1_77' title='bbox 948 1171 1181 1211; x_wconf 89' lang='lat' dir='ltr'><strong>onerare</strong></span> <span class='ocrx_word' id='word_1_78' title='bbox 1208 1157 1565 1222; x_wconf 89' lang='lat' dir='ltr'><strong>contendant,</strong></span> <span class='ocrx_word' id='word_1_79' title='bbox 1622 1172 1722 1212; x_wconf 87' lang='lat' dir='ltr'><strong>nos</strong></span> <span class='ocrx_word' id='word_1_80' title='bbox 1773 1172 1920 1221; x_wconf 90' lang='lat' dir='ltr'><strong>vero,</strong></span> <span class='ocrx_word' id='word_1_81' title='bbox 1949 1156 1994 1211; x_wconf 89' lang='lat' dir='ltr'><strong>si</strong></span> 
     </span>
    </p>
   </div>
   <div class='ocr_carea' id='block_1_13' title="bbox 417 1248 1994 1322">
    <p class='ocr_par' dir='ltr' id='par_1_13' title="bbox 417 1248 1994 1322">
     <span class='ocr_line' id='line_1_13' title="bbox 417 1248 1994 1322; baseline 0.003 -21"><span class='ocrx_word' id='word_1_82' title='bbox 417 1257 563 1303; x_wconf 91' lang='lat' dir='ltr'><strong>recte</strong></span> <span class='ocrx_word' id='word_1_83' title='bbox 610 1248 963 1317; x_wconf 75' lang='lat' dir='ltr'><strong>consultaque</strong></span> <span class='ocrx_word' id='word_1_84' title='bbox 1021 1248 1292 1312; x_wconf 82' lang='lat' dir='ltr'><strong>vivamus,</strong></span> <span class='ocrx_word' id='word_1_85' title='bbox 1344 1249 1410 1302; x_wconf 88' lang='lat' dir='ltr'><strong>ab</strong></span> <span class='ocrx_word' id='word_1_86' title='bbox 1445 1249 1816 1319; x_wconf 89' lang='lat' dir='ltr'><strong>hujuscemodi</strong></span> <span class='ocrx_word' id='word_1_87' title='bbox 1880 1250 1994 1322; x_wconf 79' lang='grc'>(56)</span> 
     </span>
    </p>
   </div>
   <div class='ocr_carea' id='block_1_14' title="bbox 414 1339 1996 1411">
    <p class='ocr_par' dir='ltr' id='par_1_14' title="bbox 414 1339 1996 1411">
     <span class='ocr_line' id='line_1_14' title="bbox 414 1339 1996 1411; baseline 0.001 -17"><span class='ocrx_word' id='word_1_88' title='bbox 414 1355 580 1395; x_wconf 93' lang='lat' dir='ltr'><strong>onere</strong></span> <span class='ocrx_word' id='word_1_89' title='bbox 600 1356 801 1397; x_wconf 87' lang='lat' dir='ltr'><strong>exuere</strong></span> <span class='ocrx_word' id='word_1_90' title='bbox 833 1356 931 1397; x_wconf 86' lang='lat' dir='ltr'><strong>nos</strong></span> <span class='ocrx_word' id='word_1_91' title='bbox 963 1355 1243 1398; x_wconf 83' lang='lat' dir='ltr'><strong>conemur.</strong></span> <span class='ocrx_word' id='word_1_92' title='bbox 1274 1339 1430 1397; x_wconf 89' lang='lat' dir='ltr'><strong>Unde</strong></span> <span class='ocrx_word' id='word_1_93' title='bbox 1461 1350 1515 1395; x_wconf 90' lang='lat' dir='ltr'><strong>et</strong></span> <span class='ocrx_word' id='word_1_94' title='bbox 1549 1356 1887 1411; x_wconf 84' lang='lat' dir='ltr'><strong>consequens</strong></span> <span class='ocrx_word' id='word_1_95' title='bbox 1913 1354 1996 1397; x_wconf 88' lang='lat' dir='ltr'><strong>est</strong></span> 
     </span>
    </p>
   </div>
   <div class='ocr_carea' id='block_1_15' title="bbox 417 1434 1998 1506">
    <p class='ocr_par' dir='ltr' id='par_1_15' title="bbox 417 1434 1998 1506">
     <span class='ocr_line' id='line_1_15' title="bbox 417 1434 1998 1506; baseline 0.001 -18"><span class='ocrx_word' id='word_1_96' title='bbox 417 1434 725 1504; x_wconf 81' lang='lat' dir='ltr'><strong>intelligere</strong></span> <span class='ocrx_word' id='word_1_97' title='bbox 775 1449 883 1488; x_wconf 91' lang='lat' dir='ltr'><strong>non</strong></span> <span class='ocrx_word' id='word_1_98' title='bbox 936 1450 1036 1489; x_wconf 89' lang='lat' dir='ltr'><strong>nos</strong></span> <span class='ocrx_word' id='word_1_99' title='bbox 1090 1434 1403 1490; x_wconf 83' lang='lat' dir='ltr'><strong>necessitati</strong></span> <span class='ocrx_word' id='word_1_100' title='bbox 1435 1448 1558 1490; x_wconf 88' lang='lat' dir='ltr'><strong>esse</strong></span> <span class='ocrx_word' id='word_1_101' title='bbox 1590 1434 1891 1506; x_wconf 86' lang='lat' dir='ltr'><strong>subjectos,</strong></span> <span class='ocrx_word' id='word_1_102' title='bbox 1939 1445 1998 1489; x_wconf 92' lang='lat' dir='ltr'><strong>ut</strong></span> 
     </span>
    </p>
   </div>
   <div class='ocr_carea' id='block_1_16' title="bbox 415 1524 1993 1592">
    <p class='ocr_par' dir='ltr' id='par_1_16' title="bbox 415 1524 1993 1592">
     <span class='ocr_line' id='line_1_16' title="bbox 415 1524 1993 1592; baseline 0.003 -15"><span class='ocrx_word' id='word_1_103' title='bbox 415 1526 561 1578; x_wconf 89' lang='lat' dir='ltr'><strong>omni</strong></span> <span class='ocrx_word' id='word_1_104' title='bbox 593 1526 768 1591; x_wconf 84' lang='lat' dir='ltr'><strong>modo,</strong></span> <span class='ocrx_word' id='word_1_105' title='bbox 800 1527 968 1582; x_wconf 88' lang='lat' dir='ltr'><strong>etiam</strong></span> <span class='ocrx_word' id='word_1_106' title='bbox 998 1526 1042 1580; x_wconf 90' lang='lat' dir='ltr'><strong>si</strong></span> <span class='ocrx_word' id='word_1_107' title='bbox 1072 1527 1329 1592; x_wconf 91' lang='lat' dir='ltr'><strong>nolimus,</strong></span> <span class='ocrx_word' id='word_1_108' title='bbox 1371 1524 1456 1580; x_wconf 86' lang='lat' dir='ltr'><strong>vel</strong></span> <span class='ocrx_word' id='word_1_109' title='bbox 1499 1524 1636 1581; x_wconf 89' lang='lat' dir='ltr'><strong>bona</strong></span> <span class='ocrx_word' id='word_1_110' title='bbox 1659 1565 1675 1591; x_wconf 95' lang='lat'><strong>,</strong></span> <span class='ocrx_word' id='word_1_111' title='bbox 1722 1526 1807 1581; x_wconf 91' lang='lat' dir='ltr'><strong>vel</strong></span> <span class='ocrx_word' id='word_1_112' title='bbox 1852 1526 1993 1583; x_wconf 89' lang='lat' dir='ltr'><strong>mala</strong></span> 
     </span>
    </p>
   </div>
   <div class='ocr_carea' id='block_1_17' title="bbox 416 1619 1997 1688">
    <p class='ocr_par' dir='ltr' id='par_1_17' title="bbox 416 1619 1997 1688">
     <span class='ocr_line' id='line_1_17' title="bbox 416 1619 1997 1688; baseline 0.002 -17"><span class='ocrx_word' id='word_1_113' title='bbox 416 1633 580 1688; x_wconf 88' lang='lat' dir='ltr'><strong>agere</strong></span> <span class='ocrx_word' id='word_1_114' title='bbox 607 1634 890 1688; x_wconf 83' lang='lat' dir='ltr'><strong>cogamur.</strong></span> <span class='ocrx_word' id='word_1_115' title='bbox 926 1620 982 1674; x_wconf 92' lang='lat' dir='ltr'><strong>Si</strong></span> <span class='ocrx_word' id='word_1_116' title='bbox 1016 1619 1160 1673; x_wconf 92' lang='lat' dir='ltr'><strong>enim</strong></span> <span class='ocrx_word' id='word_1_117' title='bbox 1190 1619 1362 1674; x_wconf 88' lang='lat' dir='ltr'><strong>nostri</strong></span> <span class='ocrx_word' id='word_1_118' title='bbox 1393 1619 1608 1674; x_wconf 87' lang='lat' dir='ltr'><strong>arbitrii</strong></span> <span class='ocrx_word' id='word_1_119' title='bbox 1642 1634 1865 1687; x_wconf 89' lang='lat' dir='ltr'><strong>sumus,</strong></span> <span class='ocrx_word' id='word_1_120' title='bbox 1895 1620 1997 1674; x_wconf 91' lang='lat' dir='ltr'><strong>im-</strong></span> 
     </span>
    </p>
   </div>
   <div class='ocr_carea' id='block_1_18' title="bbox 418 1709 1992 1781">
    <p class='ocr_par' dir='ltr' id='par_1_18' title="bbox 418 1709 1992 1781">
     <span class='ocr_line' id='line_1_18' title="bbox 418 1709 1992 1781; baseline 0 -17"><span class='ocrx_word' id='word_1_121' title='bbox 418 1725 661 1779; x_wconf 87' lang='lat' dir='ltr'><strong>pugnare</strong></span> <span class='ocrx_word' id='word_1_122' title='bbox 709 1725 811 1765; x_wconf 86' lang='lat' dir='ltr'><strong>nos</strong></span> <span class='ocrx_word' id='word_1_123' title='bbox 864 1710 1101 1765; x_wconf 89' lang='lat' dir='ltr'><strong>fortasse</strong></span> <span class='ocrx_word' id='word_1_124' title='bbox 1156 1718 1389 1781; x_wconf 88' lang='lat' dir='ltr'><strong>possunt</strong></span> <span class='ocrx_word' id='word_1_125' title='bbox 1423 1709 1618 1781; x_wconf 69' lang='lat' dir='ltr'><strong>aliqua:</strong></span> <span class='ocrx_word' id='word_1_126' title='bbox 1651 1711 1882 1766; x_wconf 88' lang='lat' dir='ltr'><strong>virtutes</strong></span> <span class='ocrx_word' id='word_1_127' title='bbox 1926 1712 1992 1765; x_wconf 87' lang='lat' dir='ltr'><strong>ad</strong></span> 
     </span>
    </p>
   </div>
   <div class='ocr_carea' id='block_1_19' title="bbox 415 1802 1991 1871">
    <p class='ocr_par' dir='ltr' id='par_1_19' title="bbox 415 1802 1991 1871">
     <span class='ocr_line' id='line_1_19' title="bbox 415 1802 1991 1871; baseline 0 -14"><span class='ocrx_word' id='word_1_128' title='bbox 415 1812 723 1871; x_wconf 87' lang='lat' dir='ltr'><strong>peccatum,</strong></span> <span class='ocrx_word' id='word_1_129' title='bbox 754 1812 809 1857; x_wconf 92' lang='lat' dir='ltr'><strong>et</strong></span> <span class='ocrx_word' id='word_1_130' title='bbox 840 1802 1169 1870; x_wconf 68' lang='lat' dir='ltr'><strong>alirejuvare</strong></span> <span class='ocrx_word' id='word_1_131' title='bbox 1213 1802 1280 1858; x_wconf 89' lang='lat' dir='ltr'><strong>ad</strong></span> <span class='ocrx_word' id='word_1_132' title='bbox 1326 1802 1601 1868; x_wconf 88' lang='lat' dir='ltr'><strong>salutem,</strong></span> <span class='ocrx_word' id='word_1_133' title='bbox 1652 1818 1759 1857; x_wconf 93' lang='lat' dir='ltr'><strong>non</strong></span> <span class='ocrx_word' id='word_1_134' title='bbox 1812 1812 1991 1857; x_wconf 89' lang='lat' dir='ltr'><strong>tamen</strong></span> 
     </span>
    </p>
   </div>
   <div class='ocr_carea' id='block_1_20' title="bbox 416 1894 1993 1963">
    <p class='ocr_par' dir='ltr' id='par_1_20' title="bbox 416 1894 1993 1963">
     <span class='ocr_line' id='line_1_20' title="bbox 416 1894 1993 1963; baseline 0 -14"><span class='ocrx_word' id='word_1_135' title='bbox 416 1895 740 1950; x_wconf 81' lang='lat' dir='ltr'><strong>necessitate</strong></span> <span class='ocrx_word' id='word_1_136' title='bbox 765 1894 1010 1962; x_wconf 85' lang='lat' dir='ltr'><strong>cogimur</strong></span> <span class='ocrx_word' id='word_1_137' title='bbox 1037 1894 1122 1949; x_wconf 86' lang='lat' dir='ltr'><strong>vel</strong></span> <span class='ocrx_word' id='word_1_138' title='bbox 1162 1904 1311 1949; x_wconf 90' lang='lat' dir='ltr'><strong>recte</strong></span> <span class='ocrx_word' id='word_1_139' title='bbox 1333 1909 1512 1963; x_wconf 87' lang='lat' dir='ltr'><strong>agere,</strong></span> <span class='ocrx_word' id='word_1_140' title='bbox 1538 1894 1621 1949; x_wconf 92' lang='lat' dir='ltr'><strong>vel</strong></span> <span class='ocrx_word' id='word_1_141' title='bbox 1643 1894 1808 1952; x_wconf 92' lang='lat' dir='ltr'><strong>male.</strong></span> <span class='ocrx_word' id='word_1_142' title='bbox 1840 1894 1993 1962; x_wconf 84' lang='lat' dir='ltr'><strong>Quod</strong></span> 
     </span>
    </p>
   </div>
   <div class='ocr_carea' id='block_1_21' title="bbox 416 1985 1993 2055">
    <p class='ocr_par' dir='ltr' id='par_1_21' title="bbox 416 1985 1993 2055">
     <span class='ocr_line' id='line_1_21' title="bbox 416 1985 1993 2055; baseline 0.001 -15"><span class='ocrx_word' id='word_1_143' title='bbox 416 1986 533 2043; x_wconf 88' lang='lat' dir='ltr'><strong>fieri</strong></span> <span class='ocrx_word' id='word_1_144' title='bbox 568 1986 907 2041; x_wconf 83' lang='lat' dir='ltr'><strong>arbitrantur</strong></span> <span class='ocrx_word' id='word_1_145' title='bbox 955 1986 1045 2055; x_wconf 91' lang='lat' dir='ltr'><strong>qui</strong></span> <span class='ocrx_word' id='word_1_146' title='bbox 1096 1985 1377 2041; x_wconf 91' lang='lat' dir='ltr'><strong>stellarum</strong></span> <span class='ocrx_word' id='word_1_147' title='bbox 1436 2000 1656 2041; x_wconf 89' lang='lat' dir='ltr'><strong>cursum</strong></span> <span class='ocrx_word' id='word_1_148' title='bbox 1709 1996 1766 2042; x_wconf 90' lang='lat' dir='ltr'><strong>et</strong></span> <span class='ocrx_word' id='word_1_149' title='bbox 1814 1997 1993 2043; x_wconf 91' lang='lat' dir='ltr'><strong>motus</strong></span> 
     </span>
    </p>
   </div>
   <div class='ocr_carea' id='block_1_22' title="bbox 414 2078 1991 2147">
    <p class='ocr_par' dir='ltr' id='par_1_22' title="bbox 414 2078 1991 2147">
     <span class='ocr_line' id='line_1_22' title="bbox 414 2078 1991 2147; baseline 0.001 -16"><span class='ocrx_word' id='word_1_150' title='bbox 414 2093 633 2132; x_wconf 79' lang='lat' dir='ltr'><strong>causam</strong></span> <span class='ocrx_word' id='word_1_151' title='bbox 690 2078 875 2131; x_wconf 89' lang='lat' dir='ltr'><strong>dicunt</strong></span> <span class='ocrx_word' id='word_1_152' title='bbox 935 2078 1296 2131; x_wconf 89' lang='lat' dir='ltr'><strong>humanorum</strong></span> <span class='ocrx_word' id='word_1_153' title='bbox 1355 2091 1475 2132; x_wconf 88' lang='lat' dir='ltr'><strong>esse</strong></span> <span class='ocrx_word' id='word_1_154' title='bbox 1521 2088 1819 2147; x_wconf 89' lang='lat' dir='ltr'><strong>gestorum,</strong></span> <span class='ocrx_word' id='word_1_155' title='bbox 1886 2093 1991 2132; x_wconf 90' lang='lat' dir='ltr'><strong>non</strong></span> 
     </span>
    </p>
   </div>
   <div class='ocr_carea' id='block_1_23' title="bbox 412 2168 1990 2238">
    <p class='ocr_par' dir='ltr' id='par_1_23' title="bbox 412 2168 1990 2238">
     <span class='ocr_line' id='line_1_23' title="bbox 412 2168 1990 2238; baseline 0 -15"><span class='ocrx_word' id='word_1_156' title='bbox 412 2182 601 2224; x_wconf 90' lang='lat' dir='ltr'><strong>eorum</strong></span> <span class='ocrx_word' id='word_1_157' title='bbox 634 2184 753 2238; x_wconf 68' lang='lat' dir='ltr'><strong>qua:</strong></span> <span class='ocrx_word' id='word_1_158' title='bbox 780 2176 933 2224; x_wconf 80' lang='lat' dir='ltr'><strong>extra</strong></span> <span class='ocrx_word' id='word_1_159' title='bbox 965 2168 1177 2222; x_wconf 89' lang='lat' dir='ltr'><strong>arbitrii</strong></span> <span class='ocrx_word' id='word_1_160' title='bbox 1213 2169 1467 2223; x_wconf 90' lang='lat' dir='ltr'><strong>accidunt</strong></span> <span class='ocrx_word' id='word_1_161' title='bbox 1497 2168 1801 2225; x_wconf 90' lang='lat' dir='ltr'><strong>libertatem</strong></span> <span class='ocrx_word' id='word_1_162' title='bbox 1824 2212 1839 2235; x_wconf 93' lang='lat'><strong>,</strong></span> <span class='ocrx_word' id='word_1_163' title='bbox 1892 2169 1990 2225; x_wconf 92' lang='lat' dir='ltr'><strong>sed</strong></span> 
     </span>
    </p>
   </div>
   <div class='ocr_carea' id='block_1_24' title="bbox 412 2262 1991 2331">
    <p class='ocr_par' dir='ltr' id='par_1_24' title="bbox 412 2262 1991 2331">
     <span class='ocr_line' id='line_1_24' title="bbox 412 2262 1991 2331; baseline 0.001 -15"><span class='ocrx_word' id='word_1_164' title='bbox 412 2276 607 2316; x_wconf 90' lang='lat' dir='ltr'><strong>eorum</strong></span> <span class='ocrx_word' id='word_1_165' title='bbox 658 2276 780 2329; x_wconf 65' lang='lat' dir='ltr'><strong>quae</strong></span> <span class='ocrx_word' id='word_1_166' title='bbox 838 2262 891 2315; x_wconf 92' lang='lat' dir='ltr'><strong>in</strong></span> <span class='ocrx_word' id='word_1_167' title='bbox 945 2269 1133 2316; x_wconf 89' lang='lat' dir='ltr'><strong>nostra</strong></span> <span class='ocrx_word' id='word_1_168' title='bbox 1185 2270 1312 2315; x_wconf 89' lang='lat' dir='ltr'><strong>sunt</strong></span> <span class='ocrx_word' id='word_1_169' title='bbox 1356 2262 1528 2330; x_wconf 90' lang='lat' dir='ltr'><strong>posita</strong></span> <span class='ocrx_word' id='word_1_170' title='bbox 1578 2272 1864 2331; x_wconf 87' lang='lat' dir='ltr'><strong>potestate.</strong></span> <span class='ocrx_word' id='word_1_171' title='bbox 1916 2262 1991 2317; x_wconf 91' lang='lat' dir='ltr'><strong>De</strong></span> 
     </span>
    </p>
   </div>
   <div class='ocr_carea' id='block_1_25' title="bbox 413 2354 1990 2423">
    <p class='ocr_par' dir='ltr' id='par_1_25' title="bbox 413 2354 1990 2423">
     <span class='ocr_line' id='line_1_25' title="bbox 413 2354 1990 2423; baseline 0.002 -15"><span class='ocrx_word' id='word_1_172' title='bbox 413 2357 592 2409; x_wconf 91' lang='lat' dir='ltr'><strong>anima</strong></span> <span class='ocrx_word' id='word_1_173' title='bbox 625 2370 781 2419; x_wconf 89' lang='lat' dir='ltr'><strong>vero,</strong></span> <span class='ocrx_word' id='word_1_174' title='bbox 824 2354 937 2423; x_wconf 84' lang='lat'><strong>(57)</strong></span> <span class='ocrx_word' id='word_1_175' title='bbox 994 2363 1173 2407; x_wconf 89' lang='lat' dir='ltr'><strong>utrum</strong></span> <span class='ocrx_word' id='word_1_176' title='bbox 1210 2369 1276 2407; x_wconf 84' lang='lat' dir='ltr'><strong>ex</strong></span> <span class='ocrx_word' id='word_1_177' title='bbox 1319 2354 1541 2408; x_wconf 90' lang='lat' dir='ltr'><strong>seminis</strong></span> <span class='ocrx_word' id='word_1_178' title='bbox 1573 2356 1797 2412; x_wconf 87' lang='lat' dir='ltr'><strong>traduce</strong></span> <span class='ocrx_word' id='word_1_179' title='bbox 1827 2356 1990 2412; x_wconf 85' lang='lat' dir='ltr'><strong>duca-</strong></span> 
     </span>
    </p>
   </div>
   <div class='ocr_carea' id='block_1_26' title="bbox 416 2444 1991 2518">
    <p class='ocr_par' dir='ltr' id='par_1_26' title="bbox 416 2444 1991 2518">
     <span class='ocr_line' id='line_1_26' title="bbox 416 2444 1991 2518; baseline 0.003 -18"><span class='ocrx_word' id='word_1_180' title='bbox 416 2457 523 2510; x_wconf 92' lang='lat' dir='ltr'><strong>tnr,</strong></span> <span class='ocrx_word' id='word_1_181' title='bbox 564 2447 633 2501; x_wconf 90' lang='lat' dir='ltr'><strong>ita</strong></span> <span class='ocrx_word' id='word_1_182' title='bbox 676 2458 732 2499; x_wconf 92' lang='lat' dir='ltr'><strong>nt</strong></span> <span class='ocrx_word' id='word_1_183' title='bbox 767 2446 906 2500; x_wconf 88' lang='lat' dir='ltr'><strong>ratio</strong></span> <span class='ocrx_word' id='word_1_184' title='bbox 936 2445 1109 2515; x_wconf 91' lang='lat' dir='ltr'><strong>ipsius</strong></span> <span class='ocrx_word' id='word_1_185' title='bbox 1158 2445 1239 2499; x_wconf 81' lang='lat' dir='ltr'><strong>vel</strong></span> <span class='ocrx_word' id='word_1_186' title='bbox 1286 2444 1589 2511; x_wconf 86' lang='lat' dir='ltr'><strong>substantia</strong></span> <span class='ocrx_word' id='word_1_187' title='bbox 1623 2448 1828 2503; x_wconf 90' lang='lat' dir='ltr'><strong>inserta</strong></span> <span class='ocrx_word' id='word_1_188' title='bbox 1862 2450 1991 2518; x_wconf 87' lang='lat' dir='ltr'><strong>ipsis</strong></span> 
     </span>
    </p>
   </div>
   <div class='ocr_carea' id='block_1_27' title="bbox 413 2537 1989 2609">
    <p class='ocr_par' dir='ltr' id='par_1_27' title="bbox 413 2537 1989 2609">
     <span class='ocr_line' id='line_1_27' title="bbox 413 2537 1989 2609; baseline 0.001 -14"><span class='ocrx_word' id='word_1_189' title='bbox 413 2538 784 2609; x_wconf 76' lang='lat' dir='ltr'><strong>corporalibus</strong></span> <span class='ocrx_word' id='word_1_190' title='bbox 851 2537 1149 2593; x_wconf 87' lang='lat' dir='ltr'><strong>seminibus</strong></span> <span class='ocrx_word' id='word_1_191' title='bbox 1202 2538 1488 2602; x_wconf 89' lang='lat' dir='ltr'><strong>habeatur,</strong></span> <span class='ocrx_word' id='word_1_192' title='bbox 1551 2552 1617 2593; x_wconf 91' lang='lat' dir='ltr'><strong>an</strong></span> <span class='ocrx_word' id='word_1_193' title='bbox 1668 2555 1798 2596; x_wconf 89' lang='lat' dir='ltr'><strong>vero</strong></span> <span class='ocrx_word' id='word_1_194' title='bbox 1845 2542 1989 2596; x_wconf 84' lang='lat' dir='ltr'><strong>aliud</strong></span> 
     </span>
    </p>
   </div>
   <div class='ocr_carea' id='block_1_28' title="bbox 413 2630 1988 2702">
    <p class='ocr_par' dir='ltr' id='par_1_28' title="bbox 413 2630 1988 2702">
     <span class='ocr_line' id='line_1_28' title="bbox 413 2630 1988 2702; baseline 0.001 -17"><span class='ocrx_word' id='word_1_195' title='bbox 413 2632 625 2686; x_wconf 91' lang='lat' dir='ltr'><strong>initium</strong></span> <span class='ocrx_word' id='word_1_196' title='bbox 660 2631 857 2685; x_wconf 85' lang='lat' dir='ltr'><strong>habeat</strong></span> <span class='ocrx_word' id='word_1_197' title='bbox 890 2649 903 2684; x_wconf 89' lang='lat'>:</span> <span class='ocrx_word' id='word_1_198' title='bbox 933 2640 989 2682; x_wconf 88' lang='lat' dir='ltr'><strong>et</strong></span> <span class='ocrx_word' id='word_1_199' title='bbox 1034 2630 1137 2684; x_wconf 90' lang='lat' dir='ltr'><strong>hoc</strong></span> <span class='ocrx_word' id='word_1_200' title='bbox 1178 2630 1351 2699; x_wconf 90' lang='lat' dir='ltr'><strong>ipsum</strong></span> <span class='ocrx_word' id='word_1_201' title='bbox 1401 2630 1616 2684; x_wconf 73' lang='lat' dir='ltr'><strong>initium</strong></span> <span class='ocrx_word' id='word_1_202' title='bbox 1664 2631 1709 2685; x_wconf 90' lang='lat' dir='ltr'><strong>si</strong></span> <span class='ocrx_word' id='word_1_203' title='bbox 1745 2633 1988 2702; x_wconf 90' lang='lat' dir='ltr'><strong>genitum</strong></span> 
     </span>
    </p>
   </div>
   <div class='ocr_carea' id='block_1_29' title="bbox 412 2719 1989 2792">
    <p class='ocr_par' dir='ltr' id='par_1_29' title="bbox 412 2719 1989 2792">
     <span class='ocr_line' id='line_1_29' title="bbox 412 2719 1989 2792; baseline 0.003 -17"><span class='ocrx_word' id='word_1_204' title='bbox 412 2732 517 2785; x_wconf 86' lang='lat' dir='ltr'><strong>est,</strong></span> <span class='ocrx_word' id='word_1_205' title='bbox 544 2730 635 2775; x_wconf 88' lang='lat' dir='ltr'><strong>aut</strong></span> <span class='ocrx_word' id='word_1_206' title='bbox 664 2736 765 2775; x_wconf 91' lang='lat' dir='ltr'><strong>non</strong></span> <span class='ocrx_word' id='word_1_207' title='bbox 805 2722 1069 2792; x_wconf 89' lang='lat' dir='ltr'><strong>genitum,</strong></span> <span class='ocrx_word' id='word_1_208' title='bbox 1111 2719 1198 2776; x_wconf 89' lang='lat' dir='ltr'><strong>vel</strong></span> <span class='ocrx_word' id='word_1_209' title='bbox 1228 2730 1378 2775; x_wconf 80' lang='lat' dir='ltr'><strong>certe.</strong></span> <span class='ocrx_word' id='word_1_210' title='bbox 1408 2722 1453 2776; x_wconf 88' lang='lat' dir='ltr'><strong>si</strong></span> <span class='ocrx_word' id='word_1_211' title='bbox 1487 2723 1829 2778; x_wconf 83' lang='lat' dir='ltr'><strong>extrinsecus</strong></span> <span class='ocrx_word' id='word_1_212' title='bbox 1865 2739 1989 2779; x_wconf 90' lang='lat' dir='ltr'><strong>cor-</strong></span> 
     </span>
    </p>
   </div>
   <div class='ocr_carea' id='block_1_30' title="bbox 415 2813 1987 2885">
    <p class='ocr_par' dir='ltr' id='par_1_30' title="bbox 415 2813 1987 2885">
     <span class='ocr_line' id='line_1_30' title="bbox 415 2813 1987 2885; baseline 0.003 -17"><span class='ocrx_word' id='word_1_213' title='bbox 415 2816 532 2885; x_wconf 88' lang='lat' dir='ltr'><strong>pori</strong></span> <span class='ocrx_word' id='word_1_214' title='bbox 582 2815 805 2878; x_wconf 80' lang='lat' dir='ltr'><strong>inditur,</strong></span> <span class='ocrx_word' id='word_1_215' title='bbox 856 2827 1046 2874; x_wconf 90' lang='lat' dir='ltr'><strong>necne,</strong></span> <span class='ocrx_word' id='word_1_216' title='bbox 1100 2828 1206 2867; x_wconf 91' lang='lat' dir='ltr'><strong>non</strong></span> <span class='ocrx_word' id='word_1_217' title='bbox 1242 2813 1377 2868; x_wconf 89' lang='lat' dir='ltr'><strong>satis</strong></span> <span class='ocrx_word' id='word_1_218' title='bbox 1404 2813 1691 2869; x_wconf 89' lang='lat' dir='ltr'><strong>manifesta</strong></span> <span class='ocrx_word' id='word_1_219' title='bbox 1727 2818 1987 2884; x_wconf 62' lang='lat' dir='ltr'><strong>praedica-</strong></span> 
     </span>
    </p>
   </div>
   <div class='ocr_carea' id='block_1_31' title="bbox 413 2903 1987 2976">
    <p class='ocr_par' dir='ltr' id='par_1_31' title="bbox 413 2903 1987 2976">
     <span class='ocr_line' id='line_1_31' title="bbox 413 2903 1987 2976; baseline 0.003 -17"><span class='ocrx_word' id='word_1_220' title='bbox 413 2906 563 2960; x_wconf 84' lang='lat' dir='ltr'><strong>tione</strong></span> <span class='ocrx_word' id='word_1_221' title='bbox 595 2903 971 2969; x_wconf 76' lang='lat' dir='ltr'><strong>diatingnitur.</strong></span> <span class='ocrx_word' id='word_1_222' title='bbox 1003 2903 1078 2957; x_wconf 90' lang='lat' dir='ltr'><strong>De</strong></span> <span class='ocrx_word' id='word_1_223' title='bbox 1101 2904 1337 2969; x_wconf 88' lang='lat' dir='ltr'><strong>diabolo,</strong></span> <span class='ocrx_word' id='word_1_224' title='bbox 1369 2913 1424 2959; x_wconf 91' lang='lat' dir='ltr'><strong>et</strong></span> <span class='ocrx_word' id='word_1_225' title='bbox 1452 2906 1662 2975; x_wconf 79' lang='lat' dir='ltr'><strong>angelis</strong></span> <span class='ocrx_word' id='word_1_226' title='bbox 1693 2907 1832 2976; x_wconf 89' lang='lat' dir='ltr'><strong>ejus,</strong></span> <span class='ocrx_word' id='word_1_227' title='bbox 1855 2924 1987 2964; x_wconf 56' lang='lat' dir='ltr'><strong>con-</strong></span> 
     </span>
    </p>
   </div>
   <div class='ocr_carea' id='block_1_32' title="bbox 415 2994 1987 3066">
    <p class='ocr_par' dir='ltr' id='par_1_32' title="bbox 415 2994 1987 3066">
     <span class='ocr_line' id='line_1_32' title="bbox 415 2994 1987 3066; baseline 0.003 -15"><span class='ocrx_word' id='word_1_228' title='bbox 415 2998 707 3066; x_wconf 82' lang='lat' dir='ltr'><strong>trariisquc</strong></span> <span class='ocrx_word' id='word_1_229' title='bbox 742 2994 1036 3049; x_wconf 83' lang='lat' dir='ltr'><strong>virtutibus</strong></span> <span class='ocrx_word' id='word_1_230' title='bbox 1060 2994 1434 3050; x_wconf 88' lang='lat' dir='ltr'><strong>ecclesiastica</strong></span> <span class='ocrx_word' id='word_1_231' title='bbox 1467 2998 1783 3065; x_wconf 58' lang='lat' dir='ltr'><strong>praedicatio</strong></span> <span class='ocrx_word' id='word_1_232' title='bbox 1803 3000 1987 3055; x_wconf 90' lang='lat' dir='ltr'><strong>docuit</strong></span> 
     </span>
    </p>
   </div>
   <div class='ocr_carea' id='block_1_33' title="bbox 411 3088 1987 3162">
    <p class='ocr_par' dir='ltr' id='par_1_33' title="bbox 411 3088 1987 3162">
     <span class='ocr_line' id='line_1_33' title="bbox 411 3088 1987 3162; baseline 0 -16"><span class='ocrx_word' id='word_1_233' title='bbox 411 3093 671 3162; x_wconf 90' lang='lat' dir='ltr'><strong>quoniam</strong></span> <span class='ocrx_word' id='word_1_234' title='bbox 711 3092 819 3145; x_wconf 91' lang='lat' dir='ltr'><strong>sint</strong></span> <span class='ocrx_word' id='word_1_235' title='bbox 868 3088 1088 3159; x_wconf 90' lang='lat' dir='ltr'><strong>quidem</strong></span> <span class='ocrx_word' id='word_1_236' title='bbox 1138 3090 1251 3143; x_wconf 68' lang='lat' dir='ltr'><strong>haec</strong></span> <span class='ocrx_word' id='word_1_237' title='bbox 1286 3107 1299 3144; x_wconf 90' lang='lat'><strong>:</strong></span> <span class='ocrx_word' id='word_1_238' title='bbox 1333 3105 1453 3158; x_wconf 58' lang='lat' dir='ltr'><strong>quae</strong></span> <span class='ocrx_word' id='word_1_239' title='bbox 1504 3101 1683 3146; x_wconf 89' lang='lat' dir='ltr'><strong>autem</strong></span> <span class='ocrx_word' id='word_1_240' title='bbox 1732 3092 1859 3157; x_wconf 87' lang='lat' dir='ltr'><strong>sint,</strong></span> <span class='ocrx_word' id='word_1_241' title='bbox 1903 3095 1987 3149; x_wconf 88' lang='lat' dir='ltr'><strong>vel</strong></span> 
     </span>
    </p>
   </div>
   <div class='ocr_carea' id='block_1_34' title="bbox 410 3179 1986 3256">
    <p class='ocr_par' dir='ltr' id='par_1_34' title="bbox 410 3179 1986 3256">
     <span class='ocr_line' id='line_1_34' title="bbox 410 3179 1986 3256; baseline 0.001 -18"><span class='ocrx_word' id='word_1_242' title='bbox 410 3184 682 3253; x_wconf 90' lang='lat' dir='ltr'><strong>quomodo</strong></span> <span class='ocrx_word' id='word_1_243' title='bbox 724 3183 854 3245; x_wconf 89' lang='lat' dir='ltr'><strong>sint,</strong></span> <span class='ocrx_word' id='word_1_244' title='bbox 889 3197 994 3235; x_wconf 93' lang='lat' dir='ltr'><strong>non</strong></span> <span class='ocrx_word' id='word_1_245' title='bbox 1024 3179 1159 3235; x_wconf 87' lang='lat' dir='ltr'><strong>satis</strong></span> <span class='ocrx_word' id='word_1_246' title='bbox 1198 3180 1344 3236; x_wconf 89' lang='lat' dir='ltr'><strong>clare</strong></span> <span class='ocrx_word' id='word_1_247' title='bbox 1375 3185 1651 3253; x_wconf 83' lang='lat' dir='ltr'><strong>exposuit.</strong></span> <span class='ocrx_word' id='word_1_248' title='bbox 1683 3186 1837 3256; x_wconf 84' lang='lat' dir='ltr'><strong>Apud</strong></span> <span class='ocrx_word' id='word_1_249' title='bbox 1868 3186 1986 3255; x_wconf 89' lang='lat' dir='ltr'><strong>plu-</strong></span> 
     </span>
    </p>
   </div>
   <div class='ocr_carea' id='block_1_35' title="bbox 410 3273 1986 3349">
    <p class='ocr_par' dir='ltr' id='par_1_35' title="bbox 410 3273 1986 3349">
     <span class='ocr_line' id='line_1_35' title="bbox 410 3273 1986 3349; baseline 0.001 -17"><span class='ocrx_word' id='word_1_250' title='bbox 410 3277 580 3331; x_wconf 88' lang='lat' dir='ltr'><strong>rimos</strong></span> <span class='ocrx_word' id='word_1_251' title='bbox 632 3286 813 3329; x_wconf 87' lang='lat' dir='ltr'><strong>tamen</strong></span> <span class='ocrx_word' id='word_1_252' title='bbox 870 3274 973 3328; x_wconf 90' lang='lat' dir='ltr'><strong>ista</strong></span> <span class='ocrx_word' id='word_1_253' title='bbox 1025 3273 1261 3327; x_wconf 89' lang='lat' dir='ltr'><strong>habetur</strong></span> <span class='ocrx_word' id='word_1_254' title='bbox 1307 3275 1512 3343; x_wconf 88' lang='lat' dir='ltr'><strong>opinio,</strong></span> <span class='ocrx_word' id='word_1_255' title='bbox 1562 3278 1707 3346; x_wconf 86' lang='lat' dir='ltr'><strong>quod</strong></span> <span class='ocrx_word' id='word_1_256' title='bbox 1765 3280 1986 3349; x_wconf 92' lang='lat' dir='ltr'><strong>angelus</strong></span> 
     </span>
    </p>
   </div>
   <div class='ocr_carea' id='block_1_36' title="bbox 407 3365 1986 3440">
    <p class='ocr_par' dir='ltr' id='par_1_36' title="bbox 407 3365 1986 3440">
     <span class='ocr_line' id='line_1_36' title="bbox 407 3365 1986 3440; baseline -0.001 -14"><span class='ocrx_word' id='word_1_257' title='bbox 407 3368 575 3426; x_wconf 86' lang='lat' dir='ltr'><strong>fuerit</strong></span> <span class='ocrx_word' id='word_1_258' title='bbox 620 3369 723 3423; x_wconf 89' lang='lat' dir='ltr'><strong>iste</strong></span> <span class='ocrx_word' id='word_1_259' title='bbox 764 3365 1029 3433; x_wconf 89' lang='lat' dir='ltr'><strong>diabolus,</strong></span> <span class='ocrx_word' id='word_1_260' title='bbox 1063 3379 1118 3422; x_wconf 91' lang='lat' dir='ltr'><strong>et</strong></span> <span class='ocrx_word' id='word_1_261' title='bbox 1151 3376 1399 3437; x_wconf 89' lang='lat' dir='ltr'><strong>apostata</strong></span> <span class='ocrx_word' id='word_1_262' title='bbox 1439 3366 1663 3424; x_wconf 72' lang='lat' dir='ltr'><strong>effectus</strong></span> <span class='ocrx_word' id='word_1_263' title='bbox 1701 3371 1986 3440; x_wconf 84' lang='lat' dir='ltr'><strong>quamplu-</strong></span> 
     </span>
    </p>
   </div>
   <div class='ocr_carea' id='block_1_37' title="bbox 407 3460 1982 3532">
    <p class='ocr_par' dir='ltr' id='par_1_37' title="bbox 407 3460 1982 3532">
     <span class='ocr_line' id='line_1_37' title="bbox 407 3460 1982 3532; baseline -0.001 -15"><span class='ocrx_word' id='word_1_264' title='bbox 407 3464 579 3518; x_wconf 87' lang='lat' dir='ltr'><strong>rimos</strong></span> <span class='ocrx_word' id='word_1_265' title='bbox 606 3462 924 3532; x_wconf 89' lang='lat' dir='ltr'><strong>angelorum</strong></span> <span class='ocrx_word' id='word_1_266' title='bbox 961 3476 1147 3516; x_wconf 82' lang='lat' dir='ltr'><strong>secum</strong></span> <span class='ocrx_word' id='word_1_267' title='bbox 1176 3460 1452 3516; x_wconf 88' lang='lat' dir='ltr'><strong>declinare</strong></span> <span class='ocrx_word' id='word_1_268' title='bbox 1475 3463 1813 3529; x_wconf 83' lang='lat' dir='ltr'><strong>persuaserit</strong></span> <span class='ocrx_word' id='word_1_269' title='bbox 1838 3504 1852 3529; x_wconf 91' lang='lat'><strong>,</strong></span> <span class='ocrx_word' id='word_1_270' title='bbox 1891 3464 1982 3532; x_wconf 91' lang='lat' dir='ltr'><strong>qui</strong></span> 
     </span>
    </p>
   </div>
   <div class='ocr_carea' id='block_1_38' title="bbox 406 3554 1981 3625">
    <p class='ocr_par' dir='ltr' id='par_1_38' title="bbox 406 3554 1981 3625">
     <span class='ocr_line' id='line_1_38' title="bbox 406 3554 1981 3625; baseline -0.003 -12"><span class='ocrx_word' id='word_1_271' title='bbox 406 3567 462 3613; x_wconf 90' lang='lat' dir='ltr'><strong>et</strong></span> <span class='ocrx_word' id='word_1_272' title='bbox 515 3574 659 3613; x_wconf 91' lang='lat' dir='ltr'><strong>nunc</strong></span> <span class='ocrx_word' id='word_1_273' title='bbox 709 3571 881 3625; x_wconf 87' lang='lat' dir='ltr'><strong>usque</strong></span> <span class='ocrx_word' id='word_1_274' title='bbox 934 3554 1108 3625; x_wconf 83' lang='lat' dir='ltr'><strong>angeli</strong></span> <span class='ocrx_word' id='word_1_275' title='bbox 1168 3554 1339 3623; x_wconf 82' lang='lat' dir='ltr'><strong>ipsius</strong></span> <span class='ocrx_word' id='word_1_276' title='bbox 1408 3562 1812 3625; x_wconf 89' lang='lat' dir='ltr'><strong>nuncupantur.</strong></span> <span class='ocrx_word' id='word_1_277' title='bbox 1887 3555 1981 3611; x_wconf 90' lang='lat' dir='ltr'><strong>Est</strong></span> 
     </span>
    </p>
   </div>
   <div class='ocr_carea' id='block_1_39' title="bbox 406 3647 1981 3721">
    <p class='ocr_par' dir='ltr' id='par_1_39' title="bbox 406 3647 1981 3721">
     <span class='ocr_line' id='line_1_39' title="bbox 406 3647 1981 3721; baseline 0 -18"><span class='ocrx_word' id='word_1_278' title='bbox 406 3661 672 3721; x_wconf 61' lang='lat' dir='ltr'><strong>praeterea</strong></span> <span class='ocrx_word' id='word_1_279' title='bbox 697 3660 751 3704; x_wconf 94' lang='lat' dir='ltr'><strong>et</strong></span> <span class='ocrx_word' id='word_1_280' title='bbox 782 3651 908 3703; x_wconf 89' lang='lat' dir='ltr'><strong>illud</strong></span> <span class='ocrx_word' id='word_1_281' title='bbox 934 3650 986 3703; x_wconf 88' lang='lat' dir='ltr'><strong>in</strong></span> <span class='ocrx_word' id='word_1_282' title='bbox 1010 3649 1376 3704; x_wconf 89' lang='lat' dir='ltr'><strong>ecclesiastica</strong></span> <span class='ocrx_word' id='word_1_283' title='bbox 1403 3647 1808 3716; x_wconf 65' lang='lat' dir='ltr'><strong>praedicatione,</strong></span> <span class='ocrx_word' id='word_1_284' title='bbox 1836 3651 1981 3718; x_wconf 91' lang='lat' dir='ltr'><strong>quod</strong></span> 
     </span>
    </p>
   </div>
   <div class='ocr_carea' id='block_1_40' title="bbox 390 3738 1979 3807">
    <p class='ocr_par' dir='ltr' id='par_1_40' title="bbox 390 3738 1979 3807">
     <span class='ocr_line' id='line_1_40' title="bbox 390 3738 1979 3807; baseline -0.003 -12"><span class='ocrx_word' id='word_1_285' title='bbox 390 3742 643 3795; x_wconf 71' lang='lat' dir='ltr'><strong>mundus</strong></span> <span class='ocrx_word' id='word_1_286' title='bbox 674 3740 777 3794; x_wconf 89' lang='lat' dir='ltr'><strong>iste</strong></span> <span class='ocrx_word' id='word_1_287' title='bbox 800 3740 871 3795; x_wconf 91' lang='lat' dir='ltr'><strong>sit</strong></span> <span class='ocrx_word' id='word_1_288' title='bbox 900 3740 1104 3801; x_wconf 87' lang='lat' dir='ltr'><strong>factus,</strong></span> <span class='ocrx_word' id='word_1_289' title='bbox 1132 3750 1189 3793; x_wconf 90' lang='lat' dir='ltr'><strong>et</strong></span> <span class='ocrx_word' id='word_1_290' title='bbox 1219 3754 1248 3792; x_wconf 91' lang='lat' dir='ltr'><strong>a</strong></span> <span class='ocrx_word' id='word_1_291' title='bbox 1284 3747 1438 3793; x_wconf 89' lang='lat' dir='ltr'><strong>certo</strong></span> <span class='ocrx_word' id='word_1_292' title='bbox 1466 3746 1710 3807; x_wconf 82' lang='lat' dir='ltr'><strong>tempore</strong></span> <span class='ocrx_word' id='word_1_293' title='bbox 1731 3738 1979 3807; x_wconf 72' lang='lat' dir='ltr'><strong>emperit,</strong></span> 
     </span>
    </p>
   </div>
   <div class='ocr_carea' id='block_1_41' title="bbox 405 3827 1967 3901">
    <p class='ocr_par' dir='ltr' id='par_1_41' title="bbox 405 3827 1967 3901">
     <span class='ocr_line' id='line_1_41' title="bbox 405 3827 1967 3901; baseline -0.003 -15"><span class='ocrx_word' id='word_1_294' title='bbox 405 3842 462 3887; x_wconf 87' lang='lat' dir='ltr'><strong>et</strong></span> <span class='ocrx_word' id='word_1_295' title='bbox 514 3832 584 3886; x_wconf 90' lang='lat' dir='ltr'><strong>sit</strong></span> <span class='ocrx_word' id='word_1_296' title='bbox 622 3846 720 3901; x_wconf 91' lang='lat' dir='ltr'><strong>pro</strong></span> <span class='ocrx_word' id='word_1_297' title='bbox 753 3832 866 3900; x_wconf 85' lang='lat' dir='ltr'><strong>ipsa</strong></span> <span class='ocrx_word' id='word_1_298' title='bbox 925 3830 1009 3884; x_wconf 90' lang='lat' dir='ltr'><strong>sui</strong></span> <span class='ocrx_word' id='word_1_299' title='bbox 1068 3828 1417 3899; x_wconf 83' lang='lat' dir='ltr'><strong>corruptione</strong></span> <span class='ocrx_word' id='word_1_300' title='bbox 1465 3827 1757 3882; x_wconf 84' lang='lat' dir='ltr'><strong>solvendus</strong></span> <span class='ocrx_word' id='word_1_301' title='bbox 1794 3847 1806 3881; x_wconf 92' lang='lat'><strong>:</strong></span> <span class='ocrx_word' id='word_1_302' title='bbox 1840 3830 1967 3897; x_wconf 90' lang='lat' dir='ltr'><strong>quid</strong></span> 
     </span>
    </p>
   </div>
   <div class='ocr_carea' id='block_1_42' title="bbox 408 3921 1982 3990">
    <p class='ocr_par' dir='ltr' id='par_1_42' title="bbox 408 3921 1982 3990">
     <span class='ocr_line' id='line_1_42' title="bbox 408 3921 1982 3990; baseline -0.004 -10"><span class='ocrx_word' id='word_1_303' title='bbox 408 3935 586 3981; x_wconf 88' lang='lat' dir='ltr'><strong>tamen</strong></span> <span class='ocrx_word' id='word_1_304' title='bbox 636 3930 761 3978; x_wconf 86' lang='lat' dir='ltr'><strong>ante</strong></span> <span class='ocrx_word' id='word_1_305' title='bbox 803 3925 947 3977; x_wconf 89' lang='lat' dir='ltr'><strong>hunc</strong></span> <span class='ocrx_word' id='word_1_306' title='bbox 1001 3922 1259 3977; x_wconf 91' lang='lat' dir='ltr'><strong>mundum</strong></span> <span class='ocrx_word' id='word_1_307' title='bbox 1297 3921 1488 3987; x_wconf 80' lang='lat' dir='ltr'><strong>fuerit,</strong></span> <span class='ocrx_word' id='word_1_308' title='bbox 1547 3931 1641 3976; x_wconf 92' lang='lat' dir='ltr'><strong>aut</strong></span> <span class='ocrx_word' id='word_1_309' title='bbox 1696 3922 1824 3990; x_wconf 91' lang='lat' dir='ltr'><strong>quid</strong></span> <span class='ocrx_word' id='word_1_310' title='bbox 1862 3930 1982 3990; x_wconf 87' lang='lat' dir='ltr'><strong>post</strong></span> 
     </span>
    </p>
   </div>
   <div class='ocr_carea' id='block_1_43' title="bbox 405 4010 1981 4082">
    <p class='ocr_par' dir='ltr' id='par_1_43' title="bbox 405 4010 1981 4082">
     <span class='ocr_line' id='line_1_43' title="bbox 405 4010 1981 4082; baseline -0.004 -12"><span class='ocrx_word' id='word_1_311' title='bbox 405 4016 665 4070; x_wconf 89' lang='lat' dir='ltr'><strong>mundum</strong></span> <span class='ocrx_word' id='word_1_312' title='bbox 690 4015 815 4078; x_wconf 86' lang='lat' dir='ltr'><strong>erit,</strong></span> <span class='ocrx_word' id='word_1_313' title='bbox 837 4014 947 4082; x_wconf 90' lang='lat' dir='ltr'><strong>jam</strong></span> <span class='ocrx_word' id='word_1_314' title='bbox 980 4032 1083 4069; x_wconf 90' lang='lat' dir='ltr'><strong>non</strong></span> <span class='ocrx_word' id='word_1_315' title='bbox 1129 4026 1225 4081; x_wconf 88' lang='lat' dir='ltr'><strong>pro</strong></span> <span class='ocrx_word' id='word_1_316' title='bbox 1273 4011 1566 4066; x_wconf 86' lang='lat' dir='ltr'><strong>manifesto</strong></span> <span class='ocrx_word' id='word_1_317' title='bbox 1601 4010 1783 4064; x_wconf 90' lang='lat' dir='ltr'><strong>multis</strong></span> <span class='ocrx_word' id='word_1_318' title='bbox 1820 4012 1981 4063; x_wconf 84' lang='lat' dir='ltr'><strong>inno-</strong></span> 
     </span>
    </p>
   </div>
   <div class='ocr_carea' id='block_1_44' title="bbox 404 4104 1976 4164">
    <p class='ocr_par' dir='ltr' id='par_1_44' title="bbox 404 4104 1976 4164">
     <span class='ocr_line' id='line_1_44' title="bbox 404 4104 1976 4164; baseline -0.003 0"><span class='ocrx_word' id='word_1_319' title='bbox 404 4110 509 4164; x_wconf 91' lang='lat' dir='ltr'><strong>tuit</strong></span> <span class='ocrx_word' id='word_1_320' title='bbox 541 4125 552 4159; x_wconf 94' lang='lat'>:</span> <span class='ocrx_word' id='word_1_321' title='bbox 583 4124 689 4163; x_wconf 92' lang='lat' dir='ltr'><strong>non</strong></span> <span class='ocrx_word' id='word_1_322' title='bbox 746 4109 892 4163; x_wconf 90' lang='lat' dir='ltr'><strong>enim</strong></span> <span class='ocrx_word' id='word_1_323' title='bbox 935 4108 1224 4161; x_wconf 86' lang='lat' dir='ltr'><strong>evidenter</strong></span> <span class='ocrx_word' id='word_1_324' title='bbox 1256 4108 1322 4160; x_wconf 93' lang='lat' dir='ltr'><strong>de</strong></span> <span class='ocrx_word' id='word_1_325' title='bbox 1374 4106 1456 4159; x_wconf 87' lang='lat' dir='ltr'><strong>his</strong></span> <span class='ocrx_word' id='word_1_326' title='bbox 1503 4105 1555 4159; x_wconf 90' lang='lat' dir='ltr'><strong>in</strong></span> <span class='ocrx_word' id='word_1_327' title='bbox 1601 4104 1976 4159; x_wconf 87' lang='lat' dir='ltr'><strong>ecclesiastica</strong></span> 
     </span>
    </p>
   </div>
   <div class='ocr_carea' id='block_1_45' title="bbox 405 4195 1977 4270">
    <p class='ocr_par' dir='ltr' id='par_1_45' title="bbox 405 4195 1977 4270">
     <span class='ocr_line' id='line_1_45' title="bbox 405 4195 1977 4270; baseline -0.001 -17"><span class='ocrx_word' id='word_1_328' title='bbox 405 4202 786 4270; x_wconf 59' lang='lat' dir='ltr'><strong>praedicatione</strong></span> <span class='ocrx_word' id='word_1_329' title='bbox 838 4214 1017 4254; x_wconf 85' lang='lat' dir='ltr'><strong>sermo</strong></span> <span class='ocrx_word' id='word_1_330' title='bbox 1068 4197 1366 4268; x_wconf 83' lang='lat' dir='ltr'><strong>profertur.</strong></span> <span class='ocrx_word' id='word_1_331' title='bbox 1422 4195 1558 4250; x_wconf 85' lang='lat' dir='ltr'><strong>Tum</strong></span> <span class='ocrx_word' id='word_1_332' title='bbox 1591 4196 1785 4251; x_wconf 83' lang='lat' dir='ltr'><strong>deinde</strong></span> <span class='ocrx_word' id='word_1_333' title='bbox 1833 4200 1977 4265; x_wconf 89' lang='lat' dir='ltr'><strong>quod</strong></span> 
     </span>
    </p>
   </div>
   <div class='ocr_carea' id='block_1_46' title="bbox 404 4288 1980 4362">
    <p class='ocr_par' dir='ltr' id='par_1_46' title="bbox 404 4288 1980 4362">
     <span class='ocr_line' id='line_1_46' title="bbox 404 4288 1980 4362; baseline -0.003 -15"><span class='ocrx_word' id='word_1_334' title='bbox 404 4308 502 4362; x_wconf 90' lang='lat' dir='ltr'><strong>per</strong></span> <span class='ocrx_word' id='word_1_335' title='bbox 535 4291 792 4360; x_wconf 87' lang='lat' dir='ltr'><strong>Spiritum</strong></span> <span class='ocrx_word' id='word_1_336' title='bbox 856 4291 948 4344; x_wconf 92' lang='lat' dir='ltr'><strong>Dei</strong></span> <span class='ocrx_word' id='word_1_337' title='bbox 1008 4288 1307 4357; x_wconf 65' lang='lat' dir='ltr'><strong>Scriptura:</strong></span> <span class='ocrx_word' id='word_1_338' title='bbox 1357 4290 1683 4358; x_wconf 74' lang='lat' dir='ltr'><strong>conscriptae</strong></span> <span class='ocrx_word' id='word_1_339' title='bbox 1741 4289 1877 4354; x_wconf 91' lang='lat' dir='ltr'><strong>sint,</strong></span> <span class='ocrx_word' id='word_1_340' title='bbox 1924 4296 1980 4342; x_wconf 88' lang='lat' dir='ltr'><strong>et</strong></span> 
     </span>
    </p>
   </div>
   <div class='ocr_carea' id='block_1_47' title="bbox 398 4379 1976 4450">
    <p class='ocr_par' dir='ltr' id='par_1_47' title="bbox 398 4379 1976 4450">
     <span class='ocr_line' id='line_1_47' title="bbox 398 4379 1976 4450; baseline -0.002 -13"><span class='ocrx_word' id='word_1_341' title='bbox 398 4398 621 4438; x_wconf 86' lang='lat' dir='ltr'><strong>sensum</strong></span> <span class='ocrx_word' id='word_1_342' title='bbox 651 4382 907 4445; x_wconf 87' lang='lat' dir='ltr'><strong>habeant,</strong></span> <span class='ocrx_word' id='word_1_343' title='bbox 952 4397 1059 4435; x_wconf 92' lang='lat' dir='ltr'><strong>non</strong></span> <span class='ocrx_word' id='word_1_344' title='bbox 1102 4397 1223 4436; x_wconf 92' lang='lat' dir='ltr'><strong>eum</strong></span> <span class='ocrx_word' id='word_1_345' title='bbox 1254 4380 1427 4436; x_wconf 89' lang='lat' dir='ltr'><strong>solum</strong></span> <span class='ocrx_word' id='word_1_346' title='bbox 1462 4381 1555 4450; x_wconf 92' lang='lat' dir='ltr'><strong>qui</strong></span> <span class='ocrx_word' id='word_1_347' title='bbox 1597 4381 1652 4435; x_wconf 91' lang='lat' dir='ltr'><strong>in</strong></span> <span class='ocrx_word' id='word_1_348' title='bbox 1687 4379 1976 4435; x_wconf 87' lang='lat' dir='ltr'><strong>manifesto</strong></span> 
     </span>
    </p>
   </div>
   <div class='ocr_carea' id='block_1_48' title="bbox 2024 1772 2068 1829">
    <p class='ocr_par' dir='ltr' id='par_1_48' title="bbox 2024 1772 2068 1829">
     <span class='ocr_line' id='line_1_48' title="bbox 2024 1772 2068 1829; baseline 0 0"><span class='ocrx_word' id='word_1_349' title='bbox 2024 1772 2068 1829; x_wconf 88' lang='grc' dir='ltr'><strong>Β</strong></span> 
     </span>
    </p>
   </div>
   <div class='ocr_carea' id='block_1_49' title="bbox 2173 515 3676 588">
    <p class='ocr_par' dir='ltr' id='par_1_49' title="bbox 2173 515 3676 588">
     <span class='ocr_line' id='line_1_49' title="bbox 2173 515 3676 588; baseline 0.003 -17"><span class='ocrx_word' id='word_1_350' title='bbox 2173 515 2462 571; x_wconf 65' lang='grc' dir='ltr'>Οιιιςειιεε.</span> <span class='ocrx_word' id='word_1_351' title='bbox 2490 533 2509 567; x_wconf 82' lang='grc' dir='ltr'><strong>ι</strong></span> <span class='ocrx_word' id='word_1_352' title='bbox 2540 515 2635 571; x_wconf 89' lang='lat' dir='ltr'><strong>Est</strong></span> <span class='ocrx_word' id='word_1_353' title='bbox 2663 518 2825 570; x_wconf 89' lang='lat' dir='ltr'><strong>etiam</strong></span> <span class='ocrx_word' id='word_1_354' title='bbox 2857 518 2983 571; x_wconf 89' lang='lat' dir='ltr'><strong>illud</strong></span> <span class='ocrx_word' id='word_1_355' title='bbox 3012 518 3065 572; x_wconf 90' lang='lat' dir='ltr'><strong>in</strong></span> <span class='ocrx_word' id='word_1_356' title='bbox 3090 516 3462 574; x_wconf 90' lang='lat' dir='ltr'><strong>ecclesiastica</strong></span> <span class='ocrx_word' id='word_1_357' title='bbox 3482 521 3676 588; x_wconf 55' lang='lat' dir='ltr'><strong>praedi-</strong></span> 
     </span>
    </p>
   </div>
   <div class='ocr_carea' id='block_1_50' title="bbox 2102 607 3673 678">
    <p class='ocr_par' dir='ltr' id='par_1_50' title="bbox 2102 607 3673 678">
     <span class='ocr_line' id='line_1_50' title="bbox 2102 607 3673 678; baseline 0.004 -16"><span class='ocrx_word' id='word_1_358' title='bbox 2102 609 2356 669; x_wconf 88' lang='lat' dir='ltr'><strong>catione,</strong></span> <span class='ocrx_word' id='word_1_359' title='bbox 2408 621 2531 662; x_wconf 92' lang='lat' dir='ltr'><strong>esse</strong></span> <span class='ocrx_word' id='word_1_360' title='bbox 2582 607 2807 677; x_wconf 88' lang='lat' dir='ltr'><strong>angelos</strong></span> <span class='ocrx_word' id='word_1_361' title='bbox 2860 608 2952 663; x_wconf 88' lang='lat' dir='ltr'><strong>Dei</strong></span> <span class='ocrx_word' id='word_1_362' title='bbox 2999 610 3287 678; x_wconf 88' lang='lat' dir='ltr'><strong>quosdam,</strong></span> <span class='ocrx_word' id='word_1_363' title='bbox 3333 620 3389 667; x_wconf 91' lang='lat' dir='ltr'><strong>et</strong></span> <span class='ocrx_word' id='word_1_364' title='bbox 3442 612 3673 669; x_wconf 88' lang='lat' dir='ltr'><strong>virtutes</strong></span> 
     </span>
    </p>
   </div>
   <div class='ocr_carea' id='block_1_51' title="bbox 2100 697 3671 769">
    <p class='ocr_par' dir='ltr' id='par_1_51' title="bbox 2100 697 3671 769">
     <span class='ocr_line' id='line_1_51' title="bbox 2100 697 3671 769; baseline 0.006 -16"><span class='ocrx_word' id='word_1_365' title='bbox 2100 699 2293 763; x_wconf 89' lang='lat' dir='ltr'><strong>bonas,</strong></span> <span class='ocrx_word' id='word_1_366' title='bbox 2328 700 2418 769; x_wconf 91' lang='lat' dir='ltr'><strong>qui</strong></span> <span class='ocrx_word' id='word_1_367' title='bbox 2444 697 2493 752; x_wconf 93' lang='lat' dir='ltr'><strong>ei</strong></span> <span class='ocrx_word' id='word_1_368' title='bbox 2529 697 2844 753; x_wconf 81' lang='lat' dir='ltr'><strong>ministrent</strong></span> <span class='ocrx_word' id='word_1_369' title='bbox 2870 701 2935 754; x_wconf 86' lang='lat' dir='ltr'><strong>ad</strong></span> <span class='ocrx_word' id='word_1_370' title='bbox 2976 701 3203 755; x_wconf 85' lang='lat' dir='ltr'><strong>salutem</strong></span> <span class='ocrx_word' id='word_1_371' title='bbox 3236 702 3514 757; x_wconf 89' lang='lat' dir='ltr'><strong>hominum</strong></span> <span class='ocrx_word' id='word_1_372' title='bbox 3545 720 3671 762; x_wconf 91' lang='lat' dir='ltr'><strong>con-</strong></span> 
     </span>
    </p>
   </div>
   <div class='ocr_carea' id='block_1_52' title="bbox 2100 791 3672 863">
    <p class='ocr_par' dir='ltr' id='par_1_52' title="bbox 2100 791 3672 863">
     <span class='ocr_line' id='line_1_52' title="bbox 2100 791 3672 863; baseline 0.003 -20"><span class='ocrx_word' id='word_1_373' title='bbox 2100 791 2472 846; x_wconf 89' lang='lat' dir='ltr'><strong>summandam</strong></span> <span class='ocrx_word' id='word_1_374' title='bbox 2492 812 2502 843; x_wconf 91' lang='lat'><strong>:</strong></span> <span class='ocrx_word' id='word_1_375' title='bbox 2523 793 2617 847; x_wconf 91' lang='lat' dir='ltr'><strong>sed</strong></span> <span class='ocrx_word' id='word_1_376' title='bbox 2632 793 2846 861; x_wconf 86' lang='lat' dir='ltr'><strong>quando</strong></span> <span class='ocrx_word' id='word_1_377' title='bbox 2862 791 2950 846; x_wconf 91' lang='lat' dir='ltr'><strong>isti</strong></span> <span class='ocrx_word' id='word_1_378' title='bbox 2971 792 3133 846; x_wconf 87' lang='lat' dir='ltr'><strong>creati</strong></span> <span class='ocrx_word' id='word_1_379' title='bbox 3162 792 3289 853; x_wconf 91' lang='lat' dir='ltr'><strong>sint,</strong></span> <span class='ocrx_word' id='word_1_380' title='bbox 3306 793 3420 863; x_wconf 81' lang='grc'>(58)</span> <span class='ocrx_word' id='word_1_381' title='bbox 3442 794 3523 848; x_wconf 89' lang='lat' dir='ltr'><strong>vel</strong></span> <span class='ocrx_word' id='word_1_382' title='bbox 3540 810 3672 863; x_wconf 85' lang='lat' dir='ltr'><strong>qua-</strong></span> 
     </span>
    </p>
   </div>
   <div class='ocr_carea' id='block_1_53' title="bbox 2100 881 3671 954">
    <p class='ocr_par' dir='ltr' id='par_1_53' title="bbox 2100 881 3671 954">
     <span class='ocr_line' id='line_1_53' title="bbox 2100 881 3671 954; baseline 0.004 -19"><span class='ocrx_word' id='word_1_383' title='bbox 2100 881 2198 947; x_wconf 91' lang='lat' dir='ltr'><strong>les,</strong></span> <span class='ocrx_word' id='word_1_384' title='bbox 2232 894 2327 937; x_wconf 91' lang='lat' dir='ltr'><strong>aut</strong></span> <span class='ocrx_word' id='word_1_385' title='bbox 2348 887 2621 954; x_wconf 91' lang='lat' dir='ltr'><strong>quomodo</strong></span> <span class='ocrx_word' id='word_1_386' title='bbox 2644 884 2774 949; x_wconf 89' lang='lat' dir='ltr'><strong>sint,</strong></span> <span class='ocrx_word' id='word_1_387' title='bbox 2797 900 2902 940; x_wconf 91' lang='lat' dir='ltr'><strong>non</strong></span> <span class='ocrx_word' id='word_1_388' title='bbox 2938 884 3071 939; x_wconf 86' lang='lat' dir='ltr'><strong>satis</strong></span> <span class='ocrx_word' id='word_1_389' title='bbox 3097 886 3149 940; x_wconf 91' lang='lat' dir='ltr'><strong>in</strong></span> <span class='ocrx_word' id='word_1_390' title='bbox 3173 886 3459 941; x_wconf 87' lang='lat' dir='ltr'><strong>manifesto</strong></span> <span class='ocrx_word' id='word_1_391' title='bbox 3481 886 3671 941; x_wconf 90' lang='lat' dir='ltr'><strong>distin-</strong></span> 
     </span>
    </p>
   </div>
   <div class='ocr_carea' id='block_1_54' title="bbox 2098 977 3669 1045">
    <p class='ocr_par' dir='ltr' id='par_1_54' title="bbox 2098 977 3669 1045">
     <span class='ocr_line' id='line_1_54' title="bbox 2098 977 3669 1045; baseline 0.004 -17"><span class='ocrx_word' id='word_1_392' title='bbox 2098 977 2301 1044; x_wconf 87' lang='lat' dir='ltr'><strong>guitur.</strong></span> <span class='ocrx_word' id='word_1_393' title='bbox 2359 978 2433 1032; x_wconf 90' lang='lat' dir='ltr'><strong>De</strong></span> <span class='ocrx_word' id='word_1_394' title='bbox 2457 978 2570 1032; x_wconf 91' lang='lat' dir='ltr'><strong>sole</strong></span> <span class='ocrx_word' id='word_1_395' title='bbox 2598 989 2811 1041; x_wconf 88' lang='lat' dir='ltr'><strong>autem,</strong></span> <span class='ocrx_word' id='word_1_396' title='bbox 2859 988 2914 1033; x_wconf 90' lang='lat' dir='ltr'><strong>et</strong></span> <span class='ocrx_word' id='word_1_397' title='bbox 2945 979 3093 1041; x_wconf 89' lang='lat' dir='ltr'><strong>luna,</strong></span> <span class='ocrx_word' id='word_1_398' title='bbox 3145 988 3201 1032; x_wconf 90' lang='lat' dir='ltr'><strong>et</strong></span> <span class='ocrx_word' id='word_1_399' title='bbox 3245 978 3440 1045; x_wconf 86' lang='lat' dir='ltr'><strong>stellis,</strong></span> <span class='ocrx_word' id='word_1_400' title='bbox 3488 990 3669 1035; x_wconf 91' lang='lat' dir='ltr'><strong>utrum</strong></span> 
     </span>
    </p>
   </div>
   <div class='ocr_carea' id='block_1_55' title="bbox 2100 1069 3670 1136">
    <p class='ocr_par' dir='ltr' id='par_1_55' title="bbox 2100 1069 3670 1136">
     <span class='ocr_line' id='line_1_55' title="bbox 2100 1069 3670 1136; baseline 0.003 -14"><span class='ocrx_word' id='word_1_401' title='bbox 2100 1070 2397 1124; x_wconf 83' lang='lat' dir='ltr'><strong>animantia</strong></span> <span class='ocrx_word' id='word_1_402' title='bbox 2424 1072 2553 1133; x_wconf 89' lang='lat' dir='ltr'><strong>sint,</strong></span> <span class='ocrx_word' id='word_1_403' title='bbox 2580 1088 2647 1125; x_wconf 88' lang='lat' dir='ltr'><strong>an</strong></span> <span class='ocrx_word' id='word_1_404' title='bbox 2678 1073 2952 1136; x_wconf 87' lang='lat' dir='ltr'><strong>exanima,</strong></span> <span class='ocrx_word' id='word_1_405' title='bbox 2977 1069 3262 1126; x_wconf 80' lang='lat' dir='ltr'><strong>manifeste</strong></span> <span class='ocrx_word' id='word_1_406' title='bbox 3291 1087 3395 1127; x_wconf 91' lang='lat' dir='ltr'><strong>non</strong></span> <span class='ocrx_word' id='word_1_407' title='bbox 3420 1073 3670 1128; x_wconf 91' lang='lat' dir='ltr'><strong>traditur.</strong></span> 
     </span>
    </p>
   </div>
   <div class='ocr_carea' id='block_1_56' title="bbox 2100 1161 3669 1233">
    <p class='ocr_par' dir='ltr' id='par_1_56' title="bbox 2100 1161 3669 1233">
     <span class='ocr_line' id='line_1_56' title="bbox 2100 1161 3669 1233; baseline 0.001 -17"><span class='ocrx_word' id='word_1_408' title='bbox 2100 1161 2327 1230; x_wconf 89' lang='lat' dir='ltr'><strong>Oportet</strong></span> <span class='ocrx_word' id='word_1_409' title='bbox 2358 1162 2523 1233; x_wconf 86' lang='lat' dir='ltr'><strong>igitur</strong></span> <span class='ocrx_word' id='word_1_410' title='bbox 2552 1162 2697 1218; x_wconf 89' lang='lat' dir='ltr'><strong>velut</strong></span> <span class='ocrx_word' id='word_1_411' title='bbox 2727 1164 3010 1219; x_wconf 91' lang='lat' dir='ltr'><strong>elementis</strong></span> <span class='ocrx_word' id='word_1_412' title='bbox 3054 1179 3117 1217; x_wconf 89' lang='lat' dir='ltr'><strong>ac</strong></span> <span class='ocrx_word' id='word_1_413' title='bbox 3162 1163 3529 1219; x_wconf 84' lang='lat' dir='ltr'><strong>fundamentis</strong></span> <span class='ocrx_word' id='word_1_414' title='bbox 3567 1164 3669 1217; x_wconf 93' lang='lat' dir='ltr'><strong>hu-</strong></span> 
     </span>
    </p>
   </div>
   <div class='ocr_carea' id='block_1_57' title="bbox 2096 1253 3669 1323">
    <p class='ocr_par' dir='ltr' id='par_1_57' title="bbox 2096 1253 3669 1323">
     <span class='ocr_line' id='line_1_57' title="bbox 2096 1253 3669 1323; baseline 0.002 -17"><span class='ocrx_word' id='word_1_415' title='bbox 2096 1253 2326 1319; x_wconf 81' lang='lat' dir='ltr'><strong>iusmodi</strong></span> <span class='ocrx_word' id='word_1_416' title='bbox 2357 1254 2458 1319; x_wconf 87' lang='lat' dir='ltr'><strong>uti,</strong></span> <span class='ocrx_word' id='word_1_417' title='bbox 2483 1255 2781 1310; x_wconf 87' lang='lat' dir='ltr'><strong>secundum</strong></span> <span class='ocrx_word' id='word_1_418' title='bbox 2813 1256 3124 1309; x_wconf 87' lang='lat' dir='ltr'><strong>mamlatum</strong></span> <span class='ocrx_word' id='word_1_419' title='bbox 3153 1257 3300 1323; x_wconf 89' lang='lat' dir='ltr'><strong>quod</strong></span> <span class='ocrx_word' id='word_1_420' title='bbox 3324 1256 3456 1310; x_wconf 90' lang='lat' dir='ltr'><strong>dicit</strong></span> <span class='ocrx_word' id='word_1_421' title='bbox 3483 1272 3497 1308; x_wconf 74' lang='grc' dir='ltr'>ε</span> <span class='ocrx_word' id='word_1_422' title='bbox 3527 1254 3669 1309; x_wconf 80' lang='lat' dir='ltr'><strong>Illu-</strong></span> 
     </span>
    </p>
   </div>
   <div class='ocr_carea' id='block_1_58' title="bbox 2098 1343 3669 1412">
    <p class='ocr_par' dir='ltr' id='par_1_58' title="bbox 2098 1343 3669 1412">
     <span class='ocr_line' id='line_1_58' title="bbox 2098 1343 3669 1412; baseline 0.001 -15"><span class='ocrx_word' id='word_1_423' title='bbox 2098 1348 2293 1397; x_wconf 86' lang='lat' dir='ltr'><strong>minate</strong></span> <span class='ocrx_word' id='word_1_424' title='bbox 2323 1345 2464 1399; x_wconf 86' lang='lat' dir='ltr'><strong>vobis</strong></span> <span class='ocrx_word' id='word_1_425' title='bbox 2490 1345 2665 1399; x_wconf 85' lang='lat' dir='ltr'><strong>lumen</strong></span> <span class='ocrx_word' id='word_1_426' title='bbox 2694 1345 2929 1399; x_wconf 76' lang='lat' dir='ltr'><strong>scientia:</strong></span> <span class='ocrx_word' id='word_1_427' title='bbox 2949 1343 3017 1411; x_wconf 82' lang='grc'><strong>¹³,</strong></span> <span class='ocrx_word' id='word_1_428' title='bbox 3039 1358 3160 1397; x_wconf 93' lang='lat' dir='ltr'><strong>eum</strong></span> <span class='ocrx_word' id='word_1_429' title='bbox 3190 1345 3279 1412; x_wconf 91' lang='lat' dir='ltr'><strong>qui</strong></span> <span class='ocrx_word' id='word_1_430' title='bbox 3305 1345 3451 1412; x_wconf 87' lang='lat' dir='ltr'><strong>cupit</strong></span> <span class='ocrx_word' id='word_1_431' title='bbox 3472 1345 3669 1398; x_wconf 86' lang='lat' dir='ltr'><strong>seriem</strong></span> 
     </span>
    </p>
   </div>
   <div class='ocr_carea' id='block_1_59' title="bbox 2099 1437 3671 1503">
    <p class='ocr_par' dir='ltr' id='par_1_59' title="bbox 2099 1437 3671 1503">
     <span class='ocr_line' id='line_1_59' title="bbox 2099 1437 3671 1503; baseline 0.002 -15"><span class='ocrx_word' id='word_1_432' title='bbox 2099 1437 2386 1503; x_wconf 84' lang='lat' dir='ltr'><strong>quamdam</strong></span> <span class='ocrx_word' id='word_1_433' title='bbox 2442 1445 2496 1491; x_wconf 92' lang='lat' dir='ltr'><strong>et</strong></span> <span class='ocrx_word' id='word_1_434' title='bbox 2546 1452 2744 1503; x_wconf 89' lang='lat' dir='ltr'><strong>corpus</strong></span> <span class='ocrx_word' id='word_1_435' title='bbox 2789 1452 2854 1492; x_wconf 85' lang='lat' dir='ltr'><strong>ex</strong></span> <span class='ocrx_word' id='word_1_436' title='bbox 2900 1437 3097 1491; x_wconf 89' lang='lat' dir='ltr'><strong>horum</strong></span> <span class='ocrx_word' id='word_1_437' title='bbox 3152 1437 3394 1490; x_wconf 89' lang='lat' dir='ltr'><strong>omnium</strong></span> <span class='ocrx_word' id='word_1_438' title='bbox 3458 1437 3671 1491; x_wconf 88' lang='lat' dir='ltr'><strong>ratione</strong></span> 
     </span>
    </p>
   </div>
   <div class='ocr_carea' id='block_1_60' title="bbox 2097 1528 3673 1595">
    <p class='ocr_par' dir='ltr' id='par_1_60' title="bbox 2097 1528 3673 1595">
     <span class='ocr_line' id='line_1_60' title="bbox 2097 1528 3673 1595; baseline 0.001 -14"><span class='ocrx_word' id='word_1_439' title='bbox 2097 1528 2392 1595; x_wconf 85' lang='lat' dir='ltr'><strong>conficere,</strong></span> <span class='ocrx_word' id='word_1_440' title='bbox 2418 1538 2479 1584; x_wconf 89' lang='lat' dir='ltr'><strong>ut</strong></span> <span class='ocrx_word' id='word_1_441' title='bbox 2503 1530 2804 1586; x_wconf 87' lang='lat' dir='ltr'><strong>manifestis</strong></span> <span class='ocrx_word' id='word_1_442' title='bbox 2839 1540 2894 1587; x_wconf 91' lang='lat' dir='ltr'><strong>et</strong></span> <span class='ocrx_word' id='word_1_443' title='bbox 2927 1530 3254 1587; x_wconf 85' lang='lat' dir='ltr'><strong>necessariis</strong></span> <span class='ocrx_word' id='word_1_444' title='bbox 3276 1531 3673 1586; x_wconf 88' lang='lat' dir='ltr'><strong>assertionibus</strong></span> 
     </span>
    </p>
   </div>
   <div class='ocr_carea' id='block_1_61' title="bbox 2098 1620 3674 1692">
    <p class='ocr_par' dir='ltr' id='par_1_61' title="bbox 2098 1620 3674 1692">
     <span class='ocr_line' id='line_1_61' title="bbox 2098 1620 3674 1692; baseline 0.001 -19"><span class='ocrx_word' id='word_1_445' title='bbox 2098 1620 2162 1674; x_wconf 90' lang='lat' dir='ltr'><strong>de</strong></span> <span class='ocrx_word' id='word_1_446' title='bbox 2191 1620 2419 1691; x_wconf 86' lang='lat' dir='ltr'><strong>singulis</strong></span> <span class='ocrx_word' id='word_1_447' title='bbox 2452 1622 2756 1691; x_wconf 87' lang='lat' dir='ltr'><strong>quibusque</strong></span> <span class='ocrx_word' id='word_1_448' title='bbox 2780 1622 2909 1692; x_wconf 90' lang='lat' dir='ltr'><strong>quid</strong></span> <span class='ocrx_word' id='word_1_449' title='bbox 2954 1622 3025 1676; x_wconf 91' lang='lat' dir='ltr'><strong>sit</strong></span> <span class='ocrx_word' id='word_1_450' title='bbox 3062 1622 3116 1676; x_wconf 89' lang='lat' dir='ltr'><strong>in</strong></span> <span class='ocrx_word' id='word_1_451' title='bbox 3158 1637 3291 1677; x_wconf 91' lang='lat' dir='ltr'><strong>vero</strong></span> <span class='ocrx_word' id='word_1_452' title='bbox 3325 1621 3575 1685; x_wconf 88' lang='lat' dir='ltr'><strong>rimetur,</strong></span> <span class='ocrx_word' id='word_1_453' title='bbox 3616 1629 3674 1675; x_wconf 89' lang='lat' dir='ltr'><strong>et</strong></span> 
     </span>
    </p>
   </div>
   <div class='ocr_carea' id='block_1_62' title="bbox 2099 1713 3677 1785">
    <p class='ocr_par' dir='ltr' id='par_1_62' title="bbox 2099 1713 3677 1785">
     <span class='ocr_line' id='line_1_62' title="bbox 2099 1713 3677 1785; baseline 0.001 -17"><span class='ocrx_word' id='word_1_454' title='bbox 2099 1731 2286 1781; x_wconf 88' lang='lat' dir='ltr'><strong>unum,</strong></span> <span class='ocrx_word' id='word_1_455' title='bbox 2324 1724 2379 1769; x_wconf 91' lang='lat' dir='ltr'><strong>ut</strong></span> <span class='ocrx_word' id='word_1_456' title='bbox 2411 1714 2672 1780; x_wconf 82' lang='lat' dir='ltr'><strong>diximus,</strong></span> <span class='ocrx_word' id='word_1_457' title='bbox 2696 1729 2895 1785; x_wconf 90' lang='lat' dir='ltr'><strong>corpus</strong></span> <span class='ocrx_word' id='word_1_458' title='bbox 2925 1714 3126 1769; x_wconf 83' lang='lat' dir='ltr'><strong>efficiat</strong></span> <span class='ocrx_word' id='word_1_459' title='bbox 3159 1714 3421 1783; x_wconf 84' lang='lat' dir='ltr'><strong>exemplis</strong></span> <span class='ocrx_word' id='word_1_460' title='bbox 3451 1722 3507 1769; x_wconf 92' lang='lat' dir='ltr'><strong>et</strong></span> <span class='ocrx_word' id='word_1_461' title='bbox 3537 1713 3677 1769; x_wconf 79' lang='lat' dir='ltr'><strong>affir-</strong></span> 
     </span>
    </p>
   </div>
   <div class='ocr_carea' id='block_1_63' title="bbox 2098 1806 3675 1875">
    <p class='ocr_par' dir='ltr' id='par_1_63' title="bbox 2098 1806 3675 1875">
     <span class='ocr_line' id='line_1_63' title="bbox 2098 1806 3675 1875; baseline 0.001 -14"><span class='ocrx_word' id='word_1_462' title='bbox 2098 1808 2451 1875; x_wconf 89' lang='lat' dir='ltr'><strong>mationibus,</strong></span> <span class='ocrx_word' id='word_1_463' title='bbox 2488 1806 2574 1862; x_wconf 91' lang='lat' dir='ltr'><strong>vel</strong></span> <span class='ocrx_word' id='word_1_464' title='bbox 2602 1806 2685 1863; x_wconf 89' lang='lat' dir='ltr'><strong>bis</strong></span> <span class='ocrx_word' id='word_1_465' title='bbox 2710 1821 2847 1875; x_wconf 90' lang='lat' dir='ltr'><strong>quas</strong></span> <span class='ocrx_word' id='word_1_466' title='bbox 2875 1807 2928 1862; x_wconf 92' lang='lat' dir='ltr'><strong>in</strong></span> <span class='ocrx_word' id='word_1_467' title='bbox 2962 1807 3167 1862; x_wconf 76' lang='lat' dir='ltr'><strong>sanctis</strong></span> <span class='ocrx_word' id='word_1_468' title='bbox 3190 1806 3487 1875; x_wconf 87' lang='lat' dir='ltr'><strong>Scripturis</strong></span> <span class='ocrx_word' id='word_1_469' title='bbox 3518 1808 3675 1862; x_wconf 84' lang='lat' dir='ltr'><strong>inve-</strong></span> 
     </span>
    </p>
   </div>
   <div class='ocr_carea' id='block_1_64' title="bbox 2096 1899 3678 1971">
    <p class='ocr_par' dir='ltr' id='par_1_64' title="bbox 2096 1899 3678 1971">
     <span class='ocr_line' id='line_1_64' title="bbox 2096 1899 3678 1971; baseline 0.002 -17"><span class='ocrx_word' id='word_1_470' title='bbox 2096 1902 2256 1965; x_wconf 88' lang='lat' dir='ltr'><strong>nerit,</strong></span> <span class='ocrx_word' id='word_1_471' title='bbox 2283 1901 2367 1955; x_wconf 86' lang='lat' dir='ltr'><strong>vel</strong></span> <span class='ocrx_word' id='word_1_472' title='bbox 2399 1914 2537 1970; x_wconf 90' lang='lat' dir='ltr'><strong>quas</strong></span> <span class='ocrx_word' id='word_1_473' title='bbox 2568 1915 2635 1955; x_wconf 85' lang='lat' dir='ltr'><strong>ex</strong></span> <span class='ocrx_word' id='word_1_474' title='bbox 2666 1900 3071 1969; x_wconf 79' lang='lat' dir='ltr'><strong>consequentia:</strong></span> <span class='ocrx_word' id='word_1_475' title='bbox 3099 1899 3271 1969; x_wconf 87' lang='lat' dir='ltr'><strong>ipsius</strong></span> <span class='ocrx_word' id='word_1_476' title='bbox 3299 1900 3573 1971; x_wconf 88' lang='lat' dir='ltr'><strong>indagine.</strong></span> <span class='ocrx_word' id='word_1_477' title='bbox 3611 1918 3678 1957; x_wconf 86' lang='lat' dir='ltr'><strong>ac</strong></span> 
     </span>
    </p>
   </div>
   <div class='ocr_carea' id='block_1_65' title="bbox 2096 1995 2837 2065">
    <p class='ocr_par' dir='ltr' id='par_1_65' title="bbox 2096 1995 2837 2065">
     <span class='ocr_line' id='line_1_65' title="bbox 2096 1995 2837 2065; baseline 0 -17"><span class='ocrx_word' id='word_1_478' title='bbox 2096 1995 2230 2049; x_wconf 83' lang='lat' dir='ltr'><strong>recti</strong></span> <span class='ocrx_word' id='word_1_479' title='bbox 2264 2004 2453 2049; x_wconf 86' lang='lat' dir='ltr'><strong>tenore</strong></span> <span class='ocrx_word' id='word_1_480' title='bbox 2484 1995 2775 2065; x_wconf 83' lang='lat' dir='ltr'><strong>repererit.</strong></span> <span class='ocrx_word' id='word_1_481' title='bbox 2818 2015 2837 2048; x_wconf 79' lang='grc' dir='ltr'><strong>ι</strong></span> 
     </span>
    </p>
   </div>
   <div class='ocr_carea' id='block_1_66' title="bbox 2165 2083 3677 2158">
    <p class='ocr_par' dir='ltr' id='par_1_66' title="bbox 2165 2083 3677 2158">
     <span class='ocr_line' id='line_1_66' title="bbox 2165 2083 3677 2158; baseline -0.001 -18"><span class='ocrx_word' id='word_1_482' title='bbox 2165 2085 2495 2143; x_wconf 68' lang='lat' dir='ltr'><strong>PAMPHILUS.</strong></span> <span class='ocrx_word' id='word_1_483' title='bbox 2553 2086 2664 2158; x_wconf 85' lang='lat'><strong>(59)</strong></span> <span class='ocrx_word' id='word_1_484' title='bbox 2718 2085 2845 2141; x_wconf 63' lang='lat' dir='ltr'><strong>Haec</strong></span> <span class='ocrx_word' id='word_1_485' title='bbox 2908 2086 3126 2155; x_wconf 90' lang='lat' dir='ltr'><strong>quidem</strong></span> <span class='ocrx_word' id='word_1_486' title='bbox 3194 2085 3338 2140; x_wconf 89' lang='lat' dir='ltr'><strong>inter</strong></span> <span class='ocrx_word' id='word_1_487' title='bbox 3398 2083 3677 2154; x_wconf 87' lang='lat' dir='ltr'><strong>principia</strong></span> 
     </span>
    </p>
   </div>
   <div class='ocr_carea' id='block_1_67' title="bbox 2096 2176 3679 2249">
    <p class='ocr_par' dir='ltr' id='par_1_67' title="bbox 2096 2176 3679 2249">
     <span class='ocr_line' id='line_1_67' title="bbox 2096 2176 3679 2249; baseline -0.001 -16"><span class='ocrx_word' id='word_1_488' title='bbox 2096 2178 2253 2249; x_wconf 89' lang='lat' dir='ltr'><strong>primi</strong></span> <span class='ocrx_word' id='word_1_489' title='bbox 2285 2178 2406 2234; x_wconf 90' lang='lat' dir='ltr'><strong>libri</strong></span> <span class='ocrx_word' id='word_1_490' title='bbox 2435 2179 2573 2247; x_wconf 79' lang='grc' dir='ltr'><strong>Περὶ</strong></span> <span class='ocrx_word' id='word_1_491' title='bbox 2594 2176 2796 2249; x_wconf 82' lang='grc' dir='ltr'><strong>ἀρχῶν</strong></span> <span class='ocrx_word' id='word_1_492' title='bbox 2825 2179 3103 2245; x_wconf 86' lang='lat' dir='ltr'><strong>disseruit,</strong></span> <span class='ocrx_word' id='word_1_493' title='bbox 3134 2186 3192 2232; x_wconf 86' lang='lat' dir='ltr'><strong>ut</strong></span> <span class='ocrx_word' id='word_1_494' title='bbox 3217 2178 3526 2232; x_wconf 86' lang='lat' dir='ltr'><strong>ostenderet</strong></span> <span class='ocrx_word' id='word_1_495' title='bbox 3549 2190 3679 2245; x_wconf 68' lang='lat' dir='ltr'><strong>qua:</strong></span> 
     </span>
    </p>
   </div>
   <div class='ocr_carea' id='block_1_68' title="bbox 2094 2266 3680 2339">
    <p class='ocr_par' dir='ltr' id='par_1_68' title="bbox 2094 2266 3680 2339">
     <span class='ocr_line' id='line_1_68' title="bbox 2094 2266 3680 2339; baseline 0 -16"><span class='ocrx_word' id='word_1_496' title='bbox 2094 2269 2202 2323; x_wconf 90' lang='lat' dir='ltr'><strong>sint</strong></span> <span class='ocrx_word' id='word_1_497' title='bbox 2222 2269 2314 2323; x_wconf 88' lang='lat' dir='ltr'><strong>illa</strong></span> <span class='ocrx_word' id='word_1_498' title='bbox 2340 2284 2461 2339; x_wconf 62' lang='lat' dir='ltr'><strong>qua</strong></span> <span class='ocrx_word' id='word_1_499' title='bbox 2490 2269 2779 2325; x_wconf 88' lang='lat' dir='ltr'><strong>manifeste</strong></span> <span class='ocrx_word' id='word_1_500' title='bbox 2813 2271 2868 2325; x_wconf 86' lang='lat' dir='ltr'><strong>in</strong></span> <span class='ocrx_word' id='word_1_501' title='bbox 2898 2268 3265 2324; x_wconf 88' lang='lat' dir='ltr'><strong>ecclesiastica</strong></span> <span class='ocrx_word' id='word_1_502' title='bbox 3290 2266 3680 2337; x_wconf 66' lang='lat' dir='ltr'><strong>praedicatione</strong></span> 
     </span>
    </p>
   </div>
   <div class='ocr_carea' id='block_1_69' title="bbox 2096 2359 3679 2432">
    <p class='ocr_par' dir='ltr' id='par_1_69' title="bbox 2096 2359 3679 2432">
     <span class='ocr_line' id='line_1_69' title="bbox 2096 2359 3679 2432; baseline -0.001 -16"><span class='ocrx_word' id='word_1_503' title='bbox 2096 2363 2289 2416; x_wconf 87' lang='lat' dir='ltr'><strong>tradita</strong></span> <span class='ocrx_word' id='word_1_504' title='bbox 2319 2372 2465 2425; x_wconf 91' lang='lat' dir='ltr'><strong>sunt,</strong></span> <span class='ocrx_word' id='word_1_505' title='bbox 2498 2371 2553 2417; x_wconf 89' lang='lat' dir='ltr'><strong>et</strong></span> <span class='ocrx_word' id='word_1_506' title='bbox 2583 2378 2704 2432; x_wconf 67' lang='lat' dir='ltr'><strong>qua</strong></span> <span class='ocrx_word' id='word_1_507' title='bbox 2735 2362 2845 2416; x_wconf 92' lang='lat' dir='ltr'><strong>sint</strong></span> <span class='ocrx_word' id='word_1_508' title='bbox 2879 2377 3000 2432; x_wconf 62' lang='lat' dir='ltr'><strong>qua;</strong></span> <span class='ocrx_word' id='word_1_509' title='bbox 3031 2376 3135 2416; x_wconf 84' lang='lat' dir='ltr'><strong>non</strong></span> <span class='ocrx_word' id='word_1_510' title='bbox 3181 2371 3368 2431; x_wconf 90' lang='lat' dir='ltr'><strong>aperte</strong></span> <span class='ocrx_word' id='word_1_511' title='bbox 3399 2359 3679 2415; x_wconf 82' lang='lat' dir='ltr'><strong>deﬁniun-</strong></span> 
     </span>
    </p>
   </div>
   <div class='ocr_carea' id='block_1_70' title="bbox 2095 2445 3676 2516">
    <p class='ocr_par' dir='ltr' id='par_1_70' title="bbox 2095 2445 3676 2516">
     <span class='ocr_line' id='line_1_70' title="bbox 2095 2445 3676 2516; baseline -0.001 -16"><span class='ocrx_word' id='word_1_512' title='bbox 2095 2456 2205 2500; x_wconf 90' lang='lat' dir='ltr'><strong>tur.</strong></span> <span class='ocrx_word' id='word_1_513' title='bbox 2244 2448 2317 2502; x_wconf 93' lang='lat' dir='ltr'><strong>De</strong></span> <span class='ocrx_word' id='word_1_514' title='bbox 2344 2447 2543 2516; x_wconf 89' lang='lat' dir='ltr'><strong>quibus</strong></span> <span class='ocrx_word' id='word_1_515' title='bbox 2575 2447 2808 2516; x_wconf 88' lang='lat' dir='ltr'><strong>singulis</strong></span> <span class='ocrx_word' id='word_1_516' title='bbox 2841 2447 3140 2503; x_wconf 89' lang='lat' dir='ltr'><strong>secundum</strong></span> <span class='ocrx_word' id='word_1_517' title='bbox 3164 2460 3285 2501; x_wconf 88' lang='lat' dir='ltr'><strong>eam</strong></span> <span class='ocrx_word' id='word_1_518' title='bbox 3310 2445 3676 2512; x_wconf 88' lang='lat' dir='ltr'><strong>divisionem,</strong></span> 
     </span>
    </p>
   </div>
   <div class='ocr_carea' id='block_1_71' title="bbox 2093 2536 3678 2608">
    <p class='ocr_par' dir='ltr' id='par_1_71' title="bbox 2093 2536 3678 2608">
     <span class='ocr_line' id='line_1_71' title="bbox 2093 2536 3678 2608; baseline 0 -18"><span class='ocrx_word' id='word_1_519' title='bbox 2093 2552 2258 2608; x_wconf 89' lang='lat' dir='ltr'><strong>quam</strong></span> <span class='ocrx_word' id='word_1_520' title='bbox 2292 2554 2459 2607; x_wconf 88' lang='lat' dir='ltr'><strong>supra</strong></span> <span class='ocrx_word' id='word_1_521' title='bbox 2504 2540 2784 2605; x_wconf 90' lang='lat' dir='ltr'><strong>ostendit,</strong></span> <span class='ocrx_word' id='word_1_522' title='bbox 2818 2539 3051 2607; x_wconf 82' lang='lat' dir='ltr'><strong>sparsim</strong></span> <span class='ocrx_word' id='word_1_523' title='bbox 3101 2538 3343 2605; x_wconf 76' lang='lat' dir='ltr'><strong>disputat</strong></span> <span class='ocrx_word' id='word_1_524' title='bbox 3372 2537 3425 2591; x_wconf 92' lang='lat' dir='ltr'><strong>in</strong></span> <span class='ocrx_word' id='word_1_525' title='bbox 3457 2536 3678 2605; x_wconf 90' lang='lat' dir='ltr'><strong>reliquo</strong></span> 
     </span>
    </p>
   </div>
   <div class='ocr_carea' id='block_1_72' title="bbox 2094 2628 3675 2700">
    <p class='ocr_par' dir='ltr' id='par_1_72' title="bbox 2094 2628 3675 2700">
     <span class='ocr_line' id='line_1_72' title="bbox 2094 2628 3675 2700; baseline 0 -18"><span class='ocrx_word' id='word_1_526' title='bbox 2094 2642 2324 2697; x_wconf 78' lang='lat' dir='ltr'><strong>corpore</strong></span> <span class='ocrx_word' id='word_1_527' title='bbox 2358 2629 2653 2694; x_wconf 77' lang='lat' dir='ltr'><strong>librorum,</strong></span> <span class='ocrx_word' id='word_1_528' title='bbox 2677 2644 2741 2685; x_wconf 68' lang='lat' dir='ltr'><strong>ea</strong></span> <span class='ocrx_word' id='word_1_529' title='bbox 2774 2632 2993 2700; x_wconf 87' lang='lat' dir='ltr'><strong>quidem</strong></span> <span class='ocrx_word' id='word_1_530' title='bbox 3035 2645 3156 2698; x_wconf 64' lang='lat' dir='ltr'><strong>quae</strong></span> <span class='ocrx_word' id='word_1_531' title='bbox 3176 2643 3243 2684; x_wconf 88' lang='lat' dir='ltr'><strong>ex</strong></span> <span class='ocrx_word' id='word_1_532' title='bbox 3274 2628 3499 2684; x_wconf 85' lang='lat' dir='ltr'><strong>definito</strong></span> <span class='ocrx_word' id='word_1_533' title='bbox 3526 2644 3675 2698; x_wconf 76' lang='lat' dir='ltr'><strong>pra:-</strong></span> 
     </span>
    </p>
   </div>
   <div class='ocr_carea' id='block_1_73' title="bbox 2092 2718 3679 2790">
    <p class='ocr_par' dir='ltr' id='par_1_73' title="bbox 2092 2718 3679 2790">
     <span class='ocr_line' id='line_1_73' title="bbox 2092 2718 3679 2790; baseline 0 -17"><span class='ocrx_word' id='word_1_534' title='bbox 2092 2719 2263 2774; x_wconf 89' lang='lat' dir='ltr'><strong>dicari</strong></span> <span class='ocrx_word' id='word_1_535' title='bbox 2291 2718 2360 2773; x_wconf 91' lang='lat' dir='ltr'><strong>ab</strong></span> <span class='ocrx_word' id='word_1_536' title='bbox 2389 2719 2637 2775; x_wconf 84' lang='lat' dir='ltr'><strong>Ecclesia</strong></span> <span class='ocrx_word' id='word_1_537' title='bbox 2663 2734 2830 2790; x_wconf 91' lang='lat' dir='ltr'><strong>supra</strong></span> <span class='ocrx_word' id='word_1_538' title='bbox 2873 2719 3083 2785; x_wconf 91' lang='lat' dir='ltr'><strong>docuit,</strong></span> <span class='ocrx_word' id='word_1_539' title='bbox 3114 2719 3371 2775; x_wconf 90' lang='lat' dir='ltr'><strong>omnibus</strong></span> <span class='ocrx_word' id='word_1_540' title='bbox 3404 2718 3679 2775; x_wconf 80' lang='lat' dir='ltr'><strong>adhibitis</strong></span> 
     </span>
    </p>
   </div>
   <div class='ocr_carea' id='block_1_74' title="bbox 2092 2812 3679 2884">
    <p class='ocr_par' dir='ltr' id='par_1_74' title="bbox 2092 2812 3679 2884">
     <span class='ocr_line' id='line_1_74' title="bbox 2092 2812 3679 2884; baseline 0.001 -17"><span class='ocrx_word' id='word_1_541' title='bbox 2092 2813 2489 2882; x_wconf 89' lang='lat' dir='ltr'><strong>probamentis,</strong></span> <span class='ocrx_word' id='word_1_542' title='bbox 2537 2829 2602 2869; x_wconf 92' lang='lat' dir='ltr'><strong>ex</strong></span> <span class='ocrx_word' id='word_1_543' title='bbox 2632 2813 2934 2884; x_wconf 82' lang='lat' dir='ltr'><strong>Scripturis</strong></span> <span class='ocrx_word' id='word_1_544' title='bbox 2968 2813 3176 2869; x_wconf 86' lang='lat' dir='ltr'><strong>sanctis</strong></span> <span class='ocrx_word' id='word_1_545' title='bbox 3221 2812 3567 2869; x_wconf 79' lang='lat' dir='ltr'><strong>manifestius</strong></span> <span class='ocrx_word' id='word_1_546' title='bbox 3619 2823 3679 2869; x_wconf 88' lang='lat' dir='ltr'><strong>et</strong></span> 
     </span>
    </p>
   </div>
   <div class='ocr_carea' id='block_1_75' title="bbox 2090 2902 3675 2971">
    <p class='ocr_par' dir='ltr' id='par_1_75' title="bbox 2090 2902 3675 2971">
     <span class='ocr_line' id='line_1_75' title="bbox 2090 2902 3675 2971; baseline 0 -14"><span class='ocrx_word' id='word_1_547' title='bbox 2090 2902 2432 2959; x_wconf 76' lang='lat' dir='ltr'><strong>constantius</strong></span> <span class='ocrx_word' id='word_1_548' title='bbox 2454 2917 2747 2969; x_wconf 87' lang='lat' dir='ltr'><strong>asserens;</strong></span> <span class='ocrx_word' id='word_1_549' title='bbox 2782 2904 2850 2958; x_wconf 90' lang='lat' dir='ltr'><strong>de</strong></span> <span class='ocrx_word' id='word_1_550' title='bbox 2872 2903 2959 2958; x_wconf 90' lang='lat' dir='ltr'><strong>his</strong></span> <span class='ocrx_word' id='word_1_551' title='bbox 2994 2917 3122 2958; x_wconf 90' lang='lat' dir='ltr'><strong>vero</strong></span> <span class='ocrx_word' id='word_1_552' title='bbox 3155 2905 3222 2957; x_wconf 91' lang='lat' dir='ltr'><strong>de</strong></span> <span class='ocrx_word' id='word_1_553' title='bbox 3251 2902 3449 2971; x_wconf 91' lang='lat' dir='ltr'><strong>quibus</strong></span> <span class='ocrx_word' id='word_1_554' title='bbox 3482 2911 3675 2957; x_wconf 86' lang='lat' dir='ltr'><strong>osten-</strong></span> 
     </span>
    </p>
   </div>
   <div class='ocr_carea' id='block_1_76' title="bbox 2091 2994 3672 3066">
    <p class='ocr_par' dir='ltr' id='par_1_76' title="bbox 2091 2994 3672 3066">
     <span class='ocr_line' id='line_1_76' title="bbox 2091 2994 3672 3066; baseline -0.002 -14"><span class='ocrx_word' id='word_1_555' title='bbox 2091 2998 2171 3052; x_wconf 91' lang='lat' dir='ltr'><strong>dit</strong></span> <span class='ocrx_word' id='word_1_556' title='bbox 2208 3012 2317 3053; x_wconf 87' lang='lat' dir='ltr'><strong>non</strong></span> <span class='ocrx_word' id='word_1_557' title='bbox 2349 2996 2659 3061; x_wconf 87' lang='lat' dir='ltr'><strong>manifeste,</strong></span> <span class='ocrx_word' id='word_1_558' title='bbox 2704 3011 2883 3066; x_wconf 87' lang='lat' dir='ltr'><strong>neque</strong></span> <span class='ocrx_word' id='word_1_559' title='bbox 2938 3012 3005 3051; x_wconf 83' lang='lat' dir='ltr'><strong>ex</strong></span> <span class='ocrx_word' id='word_1_560' title='bbox 3053 2996 3278 3052; x_wconf 85' lang='lat' dir='ltr'><strong>definito</strong></span> <span class='ocrx_word' id='word_1_561' title='bbox 3331 2996 3384 3050; x_wconf 93' lang='lat' dir='ltr'><strong>in</strong></span> <span class='ocrx_word' id='word_1_562' title='bbox 3419 2994 3672 3051; x_wconf 83' lang='lat' dir='ltr'><strong>Ecclesia</strong></span> 
     </span>
    </p>
   </div>
   <div class='ocr_carea' id='block_1_77' title="bbox 2015 3088 3671 3188">
    <p class='ocr_par' dir='ltr' id='par_1_77' title="bbox 2015 3088 3671 3188">
     <span class='ocr_line' id='line_1_77' title="bbox 2015 3088 3671 3188; baseline -0.002 -43"><span class='ocrx_word' id='word_1_563' title='bbox 2015 3129 2057 3188; x_wconf 64' lang='grc' dir='ltr'>ο</span> <span class='ocrx_word' id='word_1_564' title='bbox 2090 3090 2398 3162; x_wconf 86' lang='lat' dir='ltr'><strong>praedicari,</strong></span> <span class='ocrx_word' id='word_1_565' title='bbox 2425 3088 2777 3160; x_wconf 89' lang='lat' dir='ltr'><strong>opinionibus</strong></span> <span class='ocrx_word' id='word_1_566' title='bbox 2810 3088 3005 3188; x_wconf 82' lang='lat' dir='ltr'><strong>magis,</strong></span> <span class='ocrx_word' id='word_1_567' title='bbox 3143 3088 3229 3144; x_wconf 91' lang='lat' dir='ltr'><strong>his</strong></span> <span class='ocrx_word' id='word_1_568' title='bbox 3274 3088 3527 3144; x_wconf 83' lang='lat' dir='ltr'><strong>sensibus</strong></span> <span class='ocrx_word' id='word_1_569' title='bbox 3571 3088 3671 3158; x_wconf 88' lang='lat' dir='ltr'><strong>qui</strong></span> 
     </span>
    </p>
   </div>
   <div class='ocr_carea' id='block_1_78' title="bbox 2095 3179 3675 3253">
    <p class='ocr_par' dir='ltr' id='par_1_78' title="bbox 2095 3179 3675 3253">
     <span class='ocr_line' id='line_1_78' title="bbox 2095 3179 3675 3253; baseline -0.002 -17"><span class='ocrx_word' id='word_1_570' title='bbox 2095 3182 2395 3253; x_wconf 88' lang='lat' dir='ltr'><strong>disputanti</strong></span> <span class='ocrx_word' id='word_1_571' title='bbox 2428 3184 2478 3236; x_wconf 92' lang='lat' dir='ltr'><strong>ei</strong></span> <span class='ocrx_word' id='word_1_572' title='bbox 2502 3192 2560 3236; x_wconf 90' lang='lat' dir='ltr'><strong>et</strong></span> <span class='ocrx_word' id='word_1_573' title='bbox 2587 3180 2847 3236; x_wconf 88' lang='lat' dir='ltr'><strong>tractanti</strong></span> <span class='ocrx_word' id='word_1_574' title='bbox 2879 3182 2947 3235; x_wconf 93' lang='lat' dir='ltr'><strong>de</strong></span> <span class='ocrx_word' id='word_1_575' title='bbox 2993 3179 3190 3236; x_wconf 90' lang='lat' dir='ltr'><strong>talibus</strong></span> <span class='ocrx_word' id='word_1_576' title='bbox 3223 3192 3517 3235; x_wconf 88' lang='lat' dir='ltr'><strong>occurrere</strong></span> <span class='ocrx_word' id='word_1_577' title='bbox 3565 3194 3675 3248; x_wconf 82' lang='lat' dir='ltr'><strong>po-</strong></span> 
     </span>
    </p>
   </div>
   <div class='ocr_carea' id='block_1_79' title="bbox 2094 3272 3677 3345">
    <p class='ocr_par' dir='ltr' id='par_1_79' title="bbox 2094 3272 3677 3345">
     <span class='ocr_line' id='line_1_79' title="bbox 2094 3272 3677 3345; baseline -0.003 -15"><span class='ocrx_word' id='word_1_578' title='bbox 2094 3285 2337 3342; x_wconf 89' lang='lat' dir='ltr'><strong>tuerunt,</strong></span> <span class='ocrx_word' id='word_1_579' title='bbox 2369 3290 2530 3345; x_wconf 87' lang='lat' dir='ltr'><strong>quam</strong></span> <span class='ocrx_word' id='word_1_580' title='bbox 2557 3276 2724 3329; x_wconf 85' lang='lat' dir='ltr'><strong>certis</strong></span> <span class='ocrx_word' id='word_1_581' title='bbox 2755 3273 3031 3343; x_wconf 87' lang='lat' dir='ltr'><strong>aliquibus</strong></span> <span class='ocrx_word' id='word_1_582' title='bbox 3053 3286 3117 3328; x_wconf 91' lang='lat' dir='ltr'><strong>ac</strong></span> <span class='ocrx_word' id='word_1_583' title='bbox 3144 3272 3384 3328; x_wconf 77' lang='lat' dir='ltr'><strong>definitis</strong></span> <span class='ocrx_word' id='word_1_584' title='bbox 3409 3272 3677 3327; x_wconf 89' lang='lat' dir='ltr'><strong>assertio-</strong></span> 
     </span>
    </p>
   </div>
   <div class='ocr_carea' id='block_1_80' title="bbox 2091 3362 3674 3433">
    <p class='ocr_par' dir='ltr' id='par_1_80' title="bbox 2091 3362 3674 3433">
     <span class='ocr_line' id='line_1_80' title="bbox 2091 3362 3674 3433; baseline -0.004 -11"><span class='ocrx_word' id='word_1_585' title='bbox 2091 3368 2253 3423; x_wconf 90' lang='lat' dir='ltr'><strong>nibus</strong></span> <span class='ocrx_word' id='word_1_586' title='bbox 2281 3367 2476 3431; x_wconf 91' lang='lat' dir='ltr'><strong>utitur,</strong></span> <span class='ocrx_word' id='word_1_587' title='bbox 2508 3366 2559 3420; x_wconf 91' lang='lat' dir='ltr'><strong>id</strong></span> <span class='ocrx_word' id='word_1_588' title='bbox 2589 3374 2696 3428; x_wconf 91' lang='lat' dir='ltr'><strong>est,</strong></span> <span class='ocrx_word' id='word_1_589' title='bbox 2724 3364 3019 3420; x_wconf 83' lang='lat' dir='ltr'><strong>discutiens</strong></span> <span class='ocrx_word' id='word_1_590' title='bbox 3039 3371 3094 3419; x_wconf 91' lang='lat' dir='ltr'><strong>et</strong></span> <span class='ocrx_word' id='word_1_591' title='bbox 3121 3370 3462 3433; x_wconf 88' lang='lat' dir='ltr'><strong>pertractans</strong></span> <span class='ocrx_word' id='word_1_592' title='bbox 3486 3362 3674 3431; x_wconf 90' lang='lat' dir='ltr'><strong>potius</strong></span> 
     </span>
    </p>
   </div>
   <div class='ocr_carea' id='block_1_81' title="bbox 2090 3456 3673 3530">
    <p class='ocr_par' dir='ltr' id='par_1_81' title="bbox 2090 3456 3673 3530">
     <span class='ocr_line' id='line_1_81' title="bbox 2090 3456 3673 3530; baseline -0.004 -16"><span class='ocrx_word' id='word_1_593' title='bbox 2090 3475 2253 3530; x_wconf 86' lang='lat' dir='ltr'><strong>quam</strong></span> <span class='ocrx_word' id='word_1_594' title='bbox 2299 3457 2594 3513; x_wconf 78' lang='lat' dir='ltr'><strong>afﬁrmans.</strong></span> <span class='ocrx_word' id='word_1_595' title='bbox 2640 3456 2699 3513; x_wconf 90' lang='lat' dir='ltr'><strong>ln</strong></span> <span class='ocrx_word' id='word_1_596' title='bbox 2749 3457 3001 3513; x_wconf 91' lang='lat' dir='ltr'><strong>omnibus</strong></span> <span class='ocrx_word' id='word_1_597' title='bbox 3038 3466 3215 3511; x_wconf 92' lang='lat' dir='ltr'><strong>tamen</strong></span> <span class='ocrx_word' id='word_1_598' title='bbox 3268 3456 3543 3511; x_wconf 86' lang='lat' dir='ltr'><strong>sermonis</strong></span> <span class='ocrx_word' id='word_1_599' title='bbox 3588 3456 3673 3509; x_wconf 80' lang='lat' dir='ltr'><strong>sui</strong></span> 
     </span>
    </p>
   </div>
   <div class='ocr_carea' id='block_1_82' title="bbox 2092 3548 3673 3619">
    <p class='ocr_par' dir='ltr' id='par_1_82' title="bbox 2092 3548 3673 3619">
     <span class='ocr_line' id='line_1_82' title="bbox 2092 3548 3673 3619; baseline -0.003 -13"><span class='ocrx_word' id='word_1_600' title='bbox 2092 3551 2362 3615; x_wconf 91' lang='lat' dir='ltr'><strong>meminit,</strong></span> <span class='ocrx_word' id='word_1_601' title='bbox 2394 3550 2512 3619; x_wconf 91' lang='lat' dir='ltr'><strong>ejus</strong></span> <span class='ocrx_word' id='word_1_602' title='bbox 2550 3564 2711 3619; x_wconf 84' lang='lat' dir='ltr'><strong>quem</strong></span> <span class='ocrx_word' id='word_1_603' title='bbox 2735 3563 2900 3618; x_wconf 88' lang='lat' dir='ltr'><strong>supra</strong></span> <span class='ocrx_word' id='word_1_604' title='bbox 2935 3548 3208 3617; x_wconf 78' lang='lat' dir='ltr'><strong>exposuit,</strong></span> <span class='ocrx_word' id='word_1_605' title='bbox 3250 3562 3373 3603; x_wconf 92' lang='lat' dir='ltr'><strong>cum</strong></span> <span class='ocrx_word' id='word_1_606' title='bbox 3404 3549 3482 3602; x_wconf 89' lang='lat' dir='ltr'><strong>ait</strong></span> <span class='ocrx_word' id='word_1_607' title='bbox 3516 3548 3673 3603; x_wconf 88' lang='lat' dir='ltr'><strong>illam</strong></span> 
     </span>
    </p>
   </div>
   <div class='ocr_carea' id='block_1_83' title="bbox 2090 3639 3671 3711">
    <p class='ocr_par' dir='ltr' id='par_1_83' title="bbox 2090 3639 3671 3711">
     <span class='ocr_line' id='line_1_83' title="bbox 2090 3639 3671 3711; baseline -0.004 -13"><span class='ocrx_word' id='word_1_608' title='bbox 2090 3643 2259 3698; x_wconf 83' lang='lat' dir='ltr'><strong>solam</strong></span> <span class='ocrx_word' id='word_1_609' title='bbox 2301 3642 2667 3711; x_wconf 87' lang='lat' dir='ltr'><strong>recipiendam</strong></span> <span class='ocrx_word' id='word_1_610' title='bbox 2714 3650 2771 3695; x_wconf 86' lang='lat' dir='ltr'><strong>et</strong></span> <span class='ocrx_word' id='word_1_611' title='bbox 2819 3639 3143 3695; x_wconf 88' lang='lat' dir='ltr'><strong>credendam</strong></span> <span class='ocrx_word' id='word_1_612' title='bbox 3192 3655 3316 3695; x_wconf 84' lang='lat' dir='ltr'><strong>esse</strong></span> <span class='ocrx_word' id='word_1_613' title='bbox 3354 3640 3671 3703; x_wconf 81' lang='lat' dir='ltr'><strong>veritatem,</strong></span> 
     </span>
    </p>
   </div>
   <div class='ocr_carea' id='block_1_84' title="bbox 2089 3732 3675 3805">
    <p class='ocr_par' dir='ltr' id='par_1_84' title="bbox 2089 3732 3675 3805">
     <span class='ocr_line' id='line_1_84' title="bbox 2089 3732 3675 3805; baseline -0.005 -14"><span class='ocrx_word' id='word_1_614' title='bbox 2089 3750 2211 3805; x_wconf 61' lang='lat' dir='ltr'><strong>qua;</strong></span> <span class='ocrx_word' id='word_1_615' title='bbox 2250 3736 2304 3789; x_wconf 94' lang='lat' dir='ltr'><strong>in</strong></span> <span class='ocrx_word' id='word_1_616' title='bbox 2354 3735 2502 3789; x_wconf 91' lang='lat' dir='ltr'><strong>nullo</strong></span> <span class='ocrx_word' id='word_1_617' title='bbox 2535 3733 2851 3803; x_wconf 87' lang='lat' dir='ltr'><strong>apostolicis</strong></span> <span class='ocrx_word' id='word_1_618' title='bbox 2887 3743 2942 3787; x_wconf 90' lang='lat' dir='ltr'><strong>et</strong></span> <span class='ocrx_word' id='word_1_619' title='bbox 2971 3732 3360 3788; x_wconf 87' lang='lat' dir='ltr'><strong>ecclesiasticis</strong></span> <span class='ocrx_word' id='word_1_620' title='bbox 3399 3732 3675 3802; x_wconf 87' lang='lat' dir='ltr'><strong>dogmati-</strong></span> 
     </span>
    </p>
   </div>
   <div class='ocr_carea' id='block_1_85' title="bbox 2090 3824 3669 3892">
    <p class='ocr_par' dir='ltr' id='par_1_85' title="bbox 2090 3824 3669 3892">
     <span class='ocr_line' id='line_1_85' title="bbox 2090 3824 3669 3892; baseline -0.004 -10"><span class='ocrx_word' id='word_1_621' title='bbox 2090 3829 2189 3883; x_wconf 94' lang='lat' dir='ltr'><strong>bus</strong></span> <span class='ocrx_word' id='word_1_622' title='bbox 2218 3828 2541 3883; x_wconf 84' lang='lat' dir='ltr'><strong>adversatur</strong></span> <span class='ocrx_word' id='word_1_623' title='bbox 2577 3842 2590 3880; x_wconf 91' lang='lat'><strong>:</strong></span> <span class='ocrx_word' id='word_1_624' title='bbox 2621 3834 2676 3881; x_wconf 89' lang='lat' dir='ltr'><strong>et</strong></span> <span class='ocrx_word' id='word_1_625' title='bbox 2717 3842 2821 3880; x_wconf 92' lang='lat' dir='ltr'><strong>non</strong></span> <span class='ocrx_word' id='word_1_626' title='bbox 2854 3825 3027 3879; x_wconf 86' lang='lat' dir='ltr'><strong>solum</strong></span> <span class='ocrx_word' id='word_1_627' title='bbox 3063 3825 3116 3878; x_wconf 91' lang='lat' dir='ltr'><strong>in</strong></span> <span class='ocrx_word' id='word_1_628' title='bbox 3144 3824 3229 3879; x_wconf 88' lang='lat' dir='ltr'><strong>his</strong></span> <span class='ocrx_word' id='word_1_629' title='bbox 3246 3824 3398 3879; x_wconf 90' lang='lat' dir='ltr'><strong>libris</strong></span> <span class='ocrx_word' id='word_1_630' title='bbox 3430 3838 3669 3892; x_wconf 89' lang='lat' dir='ltr'><strong>quorum</strong></span> 
     </span>
    </p>
   </div>
   <div class='ocr_carea' id='block_1_86' title="bbox 2089 3916 3673 3989">
    <p class='ocr_par' dir='ltr' id='par_1_86' title="bbox 2089 3916 3673 3989">
     <span class='ocr_line' id='line_1_86' title="bbox 2089 3916 3673 3989; baseline -0.003 -13"><span class='ocrx_word' id='word_1_631' title='bbox 2089 3934 2257 3989; x_wconf 91' lang='lat' dir='ltr'><strong>supra</strong></span> <span class='ocrx_word' id='word_1_632' title='bbox 2294 3920 2523 3975; x_wconf 89' lang='lat' dir='ltr'><strong>fecimus</strong></span> <span class='ocrx_word' id='word_1_633' title='bbox 2560 3919 2890 3973; x_wconf 90' lang='lat' dir='ltr'><strong>mentionem</strong></span> <span class='ocrx_word' id='word_1_634' title='bbox 2913 3958 2929 3984; x_wconf 96' lang='lat'><strong>,</strong></span> <span class='ocrx_word' id='word_1_635' title='bbox 2972 3917 3063 3972; x_wconf 88' lang='lat' dir='ltr'><strong>sed</strong></span> <span class='ocrx_word' id='word_1_636' title='bbox 3093 3925 3147 3971; x_wconf 91' lang='lat' dir='ltr'><strong>et</strong></span> <span class='ocrx_word' id='word_1_637' title='bbox 3173 3918 3226 3971; x_wconf 92' lang='lat' dir='ltr'><strong>in</strong></span> <span class='ocrx_word' id='word_1_638' title='bbox 3258 3916 3514 3972; x_wconf 90' lang='lat' dir='ltr'><strong>omnibus</strong></span> <span class='ocrx_word' id='word_1_639' title='bbox 3546 3932 3673 3986; x_wconf 70' lang='lat' dir='ltr'><strong>quae</strong></span> 
     </span>
    </p>
   </div>
   <div class='ocr_carea' id='block_1_87' title="bbox 2089 4009 3671 4084">
    <p class='ocr_par' dir='ltr' id='par_1_87' title="bbox 2089 4009 3671 4084">
     <span class='ocr_line' id='line_1_87' title="bbox 2089 4009 3671 4084; baseline -0.003 -16"><span class='ocrx_word' id='word_1_640' title='bbox 2089 4015 2157 4070; x_wconf 90' lang='lat' dir='ltr'><strong>de</strong></span> <span class='ocrx_word' id='word_1_641' title='bbox 2207 4014 2511 4084; x_wconf 90' lang='lat' dir='ltr'><strong>Scripturis</strong></span> <span class='ocrx_word' id='word_1_642' title='bbox 2539 4015 2785 4081; x_wconf 85' lang='lat' dir='ltr'><strong>exponit,</strong></span> <span class='ocrx_word' id='word_1_643' title='bbox 2836 4013 2937 4067; x_wconf 91' lang='lat' dir='ltr'><strong>hac</strong></span> <span class='ocrx_word' id='word_1_644' title='bbox 2970 4012 3238 4066; x_wconf 88' lang='lat' dir='ltr'><strong>sententia</strong></span> <span class='ocrx_word' id='word_1_645' title='bbox 3282 4010 3360 4064; x_wconf 92' lang='lat' dir='ltr'><strong>uti</strong></span> <span class='ocrx_word' id='word_1_646' title='bbox 3400 4009 3568 4074; x_wconf 71' lang='lat' dir='ltr'><strong>solet,</strong></span> <span class='ocrx_word' id='word_1_647' title='bbox 3615 4018 3671 4063; x_wconf 90' lang='lat' dir='ltr'><strong>et</strong></span> 
     </span>
    </p>
   </div>
   <div class='ocr_carea' id='block_1_88' title="bbox 2088 4099 3667 4173">
    <p class='ocr_par' dir='ltr' id='par_1_88' title="bbox 2088 4099 3667 4173">
     <span class='ocr_line' id='line_1_88' title="bbox 2088 4099 3667 4173; baseline -0.004 -14"><span class='ocrx_word' id='word_1_648' title='bbox 2088 4105 2143 4159; x_wconf 91' lang='lat' dir='ltr'><strong>in</strong></span> <span class='ocrx_word' id='word_1_649' title='bbox 2189 4104 2275 4159; x_wconf 88' lang='lat' dir='ltr'><strong>his</strong></span> <span class='ocrx_word' id='word_1_650' title='bbox 2313 4104 2586 4173; x_wconf 65' lang='lat' dir='ltr'><strong>praicipue</strong></span> <span class='ocrx_word' id='word_1_651' title='bbox 2630 4103 2684 4157; x_wconf 90' lang='lat' dir='ltr'><strong>in</strong></span> <span class='ocrx_word' id='word_1_652' title='bbox 2744 4103 2941 4171; x_wconf 91' lang='lat' dir='ltr'><strong>quibus</strong></span> <span class='ocrx_word' id='word_1_653' title='bbox 2987 4101 3170 4171; x_wconf 84' lang='lat' dir='ltr'><strong>plures</strong></span> <span class='ocrx_word' id='word_1_654' title='bbox 3218 4100 3380 4155; x_wconf 88' lang='lat' dir='ltr'><strong>unius</strong></span> <span class='ocrx_word' id='word_1_655' title='bbox 3435 4099 3667 4170; x_wconf 88' lang='lat' dir='ltr'><strong>capituli</strong></span> 
     </span>
    </p>
   </div>
   <div class='ocr_carea' id='block_1_89' title="bbox 2087 4175 3663 4266">
    <p class='ocr_par' dir='ltr' id='par_1_89' title="bbox 2087 4175 3663 4266">
     <span class='ocr_line' id='line_1_89' title="bbox 2087 4175 3663 4266; baseline -0.005 -15"><span class='ocrx_word' id='word_1_656' title='bbox 2087 4197 2566 4266; x_wconf 83' lang='lat' dir='ltr'><strong>interpretationes</strong></span> <span class='ocrx_word' id='word_1_657' title='bbox 2599 4195 2846 4264; x_wconf 80' lang='lat' dir='ltr'><strong>exponit,</strong></span> <span class='ocrx_word' id='word_1_658' title='bbox 2888 4193 2992 4247; x_wconf 90' lang='lat' dir='ltr'><strong>hoc</strong></span> <span class='ocrx_word' id='word_1_659' title='bbox 3028 4207 3307 4256; x_wconf 77' lang='lat' dir='ltr'><strong>asserens,</strong></span> <span class='ocrx_word' id='word_1_660' title='bbox 3346 4206 3405 4247; x_wconf 88' lang='lat' dir='ltr'><strong>se</strong></span> <span class='ocrx_word' id='word_1_661' title='bbox 3435 4175 3663 4261; x_wconf 83' lang='lat' dir='ltr'><strong>quidem</strong></span> 
     </span>
    </p>
   </div>
   <div class='ocr_carea' id='block_1_90' title="bbox 2086 4284 3667 4357">
    <p class='ocr_par' dir='ltr' id='par_1_90' title="bbox 2086 4284 3667 4357">
     <span class='ocr_line' id='line_1_90' title="bbox 2086 4284 3667 4357; baseline -0.004 -14"><span class='ocrx_word' id='word_1_662' title='bbox 2086 4305 2155 4344; x_wconf 89' lang='lat' dir='ltr'><strong>ne</strong></span> <span class='ocrx_word' id='word_1_663' title='bbox 2183 4288 2312 4357; x_wconf 91' lang='lat' dir='ltr'><strong>quid</strong></span> <span class='ocrx_word' id='word_1_664' title='bbox 2338 4290 2482 4357; x_wconf 90' lang='lat' dir='ltr'><strong>quod</strong></span> <span class='ocrx_word' id='word_1_665' title='bbox 2509 4288 2619 4341; x_wconf 90' lang='lat' dir='ltr'><strong>dici</strong></span> <span class='ocrx_word' id='word_1_666' title='bbox 2653 4288 2826 4356; x_wconf 89' lang='lat' dir='ltr'><strong>possit</strong></span> <span class='ocrx_word' id='word_1_667' title='bbox 2860 4287 3159 4351; x_wconf 90' lang='lat' dir='ltr'><strong>omitteret,</strong></span> <span class='ocrx_word' id='word_1_668' title='bbox 3190 4284 3343 4354; x_wconf 88' lang='lat' dir='ltr'><strong>plura</strong></span> <span class='ocrx_word' id='word_1_669' title='bbox 3379 4284 3465 4339; x_wconf 91' lang='lat' dir='ltr'><strong>vel</strong></span> <span class='ocrx_word' id='word_1_670' title='bbox 3488 4285 3667 4339; x_wconf 64' lang='lat' dir='ltr'><strong>divi-r-</strong></span> 
     </span>
    </p>
   </div>
   <div class='ocr_carea' id='block_1_91' title="bbox 2086 4375 3663 4450">
    <p class='ocr_par' dir='ltr' id='par_1_91' title="bbox 2086 4375 3663 4450">
     <span class='ocr_line' id='line_1_91' title="bbox 2086 4375 3663 4450; baseline -0.004 -16"><span class='ocrx_word' id='word_1_671' title='bbox 2086 4396 2168 4443; x_wconf 88' lang='lat' dir='ltr'><strong>sa,</strong></span> <span class='ocrx_word' id='word_1_672' title='bbox 2203 4389 2363 4450; x_wconf 89' lang='lat' dir='ltr'><strong>prout</strong></span> <span class='ocrx_word' id='word_1_673' title='bbox 2412 4380 2618 4434; x_wconf 82' lang='lat' dir='ltr'><strong>sentire</strong></span> <span class='ocrx_word' id='word_1_674' title='bbox 2669 4379 2868 4448; x_wconf 90' lang='lat' dir='ltr'><strong>potuit,</strong></span> <span class='ocrx_word' id='word_1_675' title='bbox 2917 4376 3240 4448; x_wconf 84' lang='lat' dir='ltr'><strong>protulisse;</strong></span> <span class='ocrx_word' id='word_1_676' title='bbox 3296 4375 3423 4431; x_wconf 92' lang='lat' dir='ltr'><strong>illud</strong></span> <span class='ocrx_word' id='word_1_677' title='bbox 3475 4387 3663 4431; x_wconf 89' lang='lat' dir='ltr'><strong>autem</strong></span> 
     </span>
    </p>
   </div>
   <div class='ocr_carea' id='block_1_92' title="bbox 400 4468 3667 4550">
    <p class='ocr_par' dir='ltr' id='par_1_92' title="bbox 400 4468 3667 4550">
     <span class='ocr_line' id='line_1_92' title="bbox 400 4468 3667 4550; baseline -0.002 -22"><span class='ocrx_word' id='word_1_678' title='bbox 400 4485 502 4538; x_wconf 92' lang='lat' dir='ltr'><strong>est,</strong></span> <span class='ocrx_word' id='word_1_679' title='bbox 536 4474 629 4529; x_wconf 90' lang='lat' dir='ltr'><strong>sed</strong></span> <span class='ocrx_word' id='word_1_680' title='bbox 655 4483 709 4528; x_wconf 91' lang='lat' dir='ltr'><strong>et</strong></span> <span class='ocrx_word' id='word_1_681' title='bbox 729 4473 892 4528; x_wconf 90' lang='lat' dir='ltr'><strong>alium</strong></span> <span class='ocrx_word' id='word_1_682' title='bbox 918 4472 1207 4543; x_wconf 88' lang='lat' dir='ltr'><strong>quemdam</strong></span> <span class='ocrx_word' id='word_1_683' title='bbox 1232 4472 1491 4528; x_wconf 90' lang='lat' dir='ltr'><strong>latentem</strong></span> <span class='ocrx_word' id='word_1_684' title='bbox 1521 4473 1973 4542; x_wconf 80' lang='lat' dir='ltr'><strong>quamplurimas.</strong></span> <span class='ocrx_word' id='word_1_685' title='bbox 2009 4495 2053 4550; x_wconf 76' lang='grc' dir='ltr'>ο</span> <span class='ocrx_word' id='word_1_686' title='bbox 2085 4473 2286 4527; x_wconf 79' lang='lat' dir='ltr'><strong>debere</strong></span> <span class='ocrx_word' id='word_1_687' title='bbox 2322 4474 2495 4527; x_wconf 94' lang='lat' dir='ltr'><strong>teneri</strong></span> <span class='ocrx_word' id='word_1_688' title='bbox 2523 4473 2672 4542; x_wconf 84' lang='lat' dir='ltr'><strong>quod</strong></span> <span class='ocrx_word' id='word_1_689' title='bbox 2706 4472 3038 4542; x_wconf 86' lang='lat' dir='ltr'><strong>apostolicus</strong></span> <span class='ocrx_word' id='word_1_690' title='bbox 3061 4480 3225 4541; x_wconf 88' lang='lat' dir='ltr'><strong>atque</strong></span> <span class='ocrx_word' id='word_1_691' title='bbox 3253 4468 3667 4526; x_wconf 84' lang='lat' dir='ltr'><strong>ecclesiasticus</strong></span> 
     </span>
    </p>
   </div>
   <div class='ocr_carea' id='block_1_93' title="bbox 398 4565 1969 4634">
    <p class='ocr_par' dir='ltr' id='par_1_93' title="bbox 398 4565 1969 4634">
     <span class='ocr_line' id='line_1_93' title="bbox 398 4565 1969 4634; baseline -0.003 -12"><span class='ocrx_word' id='word_1_692' title='bbox 398 4566 609 4622; x_wconf 60' lang='lat' dir='ltr'><strong>Forma:</strong></span> <span class='ocrx_word' id='word_1_693' title='bbox 630 4568 772 4622; x_wconf 90' lang='lat' dir='ltr'><strong>enim</strong></span> <span class='ocrx_word' id='word_1_694' title='bbox 806 4576 931 4621; x_wconf 89' lang='lat' dir='ltr'><strong>sunt</strong></span> <span class='ocrx_word' id='word_1_695' title='bbox 964 4566 1076 4620; x_wconf 73' lang='lat' dir='ltr'><strong>hzec</strong></span> <span class='ocrx_word' id='word_1_696' title='bbox 1108 4580 1228 4634; x_wconf 69' lang='lat' dir='ltr'><strong>qua:</strong></span> <span class='ocrx_word' id='word_1_697' title='bbox 1252 4565 1455 4634; x_wconf 89' lang='lat' dir='ltr'><strong>scripta</strong></span> <span class='ocrx_word' id='word_1_698' title='bbox 1483 4574 1613 4619; x_wconf 90' lang='lat' dir='ltr'><strong>sunt</strong></span> <span class='ocrx_word' id='word_1_699' title='bbox 1650 4580 1969 4619; x_wconf 88' lang='lat' dir='ltr'><strong>sacramen-</strong></span> 
     </span>
    </p>
   </div>
   <div class='ocr_carea' id='block_1_94' title="bbox 401 4656 1970 4729">
    <p class='ocr_par' dir='ltr' id='par_1_94' title="bbox 401 4656 1970 4729">
     <span class='ocr_line' id='line_1_94' title="bbox 401 4656 1970 4729; baseline -0.001 -16"><span class='ocrx_word' id='word_1_700' title='bbox 401 4669 575 4715; x_wconf 90' lang='lat' dir='ltr'><strong>torum</strong></span> <span class='ocrx_word' id='word_1_701' title='bbox 616 4660 993 4729; x_wconf 88' lang='lat' dir='ltr'><strong>quorumdam,</strong></span> <span class='ocrx_word' id='word_1_702' title='bbox 1028 4665 1082 4712; x_wconf 91' lang='lat' dir='ltr'><strong>et</strong></span> <span class='ocrx_word' id='word_1_703' title='bbox 1107 4656 1425 4711; x_wconf 88' lang='lat' dir='ltr'><strong>divinarum</strong></span> <span class='ocrx_word' id='word_1_704' title='bbox 1460 4673 1640 4711; x_wconf 90' lang='lat' dir='ltr'><strong>rerum</strong></span> <span class='ocrx_word' id='word_1_705' title='bbox 1670 4658 1970 4726; x_wconf 90' lang='lat' dir='ltr'><strong>imagines&#39;:</strong></span> 
     </span>
    </p>
   </div>
   <div class='ocr_carea' id='block_1_95' title="bbox 399 4748 1975 4819">
    <p class='ocr_par' dir='ltr' id='par_1_95' title="bbox 399 4748 1975 4819">
     <span class='ocr_line' id='line_1_95' title="bbox 399 4748 1975 4819; baseline 0.001 -16"><span class='ocrx_word' id='word_1_706' title='bbox 399 4751 465 4805; x_wconf 91' lang='lat' dir='ltr'><strong>de</strong></span> <span class='ocrx_word' id='word_1_707' title='bbox 488 4766 593 4819; x_wconf 80' lang='lat' dir='ltr'><strong>quo</strong></span> <span class='ocrx_word' id='word_1_708' title='bbox 628 4752 791 4805; x_wconf 87' lang='lat' dir='ltr'><strong>totius</strong></span> <span class='ocrx_word' id='word_1_709' title='bbox 818 4748 1076 4804; x_wconf 73' lang='lat' dir='ltr'><strong>Ecclesiae</strong></span> <span class='ocrx_word' id='word_1_710' title='bbox 1117 4765 1259 4803; x_wconf 91' lang='lat' dir='ltr'><strong>unus</strong></span> <span class='ocrx_word' id='word_1_711' title='bbox 1300 4758 1381 4803; x_wconf 89' lang='lat' dir='ltr'><strong>est</strong></span> <span class='ocrx_word' id='word_1_712' title='bbox 1420 4763 1613 4804; x_wconf 92' lang='lat' dir='ltr'><strong>sensus</strong></span> <span class='ocrx_word' id='word_1_713' title='bbox 1638 4789 1654 4813; x_wconf 93' lang='lat'><strong>,</strong></span> <span class='ocrx_word' id='word_1_714' title='bbox 1699 4766 1821 4805; x_wconf 90' lang='lat' dir='ltr'><strong>esse</strong></span> <span class='ocrx_word' id='word_1_715' title='bbox 1855 4750 1975 4818; x_wconf 87' lang='lat' dir='ltr'><strong>qui-</strong></span> 
     </span>
    </p>
   </div>
   <div class='ocr_carea' id='block_1_96' title="bbox 398 4836 1975 4910">
    <p class='ocr_par' dir='ltr' id='par_1_96' title="bbox 398 4836 1975 4910">
     <span class='ocr_line' id='line_1_96' title="bbox 398 4836 1975 4910; baseline 0 -15"><span class='ocrx_word' id='word_1_716' title='bbox 398 4836 519 4895; x_wconf 84' lang='lat' dir='ltr'><strong>dein</strong></span> <span class='ocrx_word' id='word_1_717' title='bbox 544 4856 755 4894; x_wconf 90' lang='lat' dir='ltr'><strong>omnem</strong></span> <span class='ocrx_word' id='word_1_718' title='bbox 785 4841 959 4909; x_wconf 79' lang='lat' dir='ltr'><strong>legem</strong></span> <span class='ocrx_word' id='word_1_719' title='bbox 989 4839 1291 4909; x_wconf 81' lang='lat' dir='ltr'><strong>spiritalem</strong></span> <span class='ocrx_word' id='word_1_720' title='bbox 1320 4882 1335 4908; x_wconf 91' lang='lat'><strong>,</strong></span> <span class='ocrx_word' id='word_1_721' title='bbox 1392 4856 1496 4895; x_wconf 91' lang='lat' dir='ltr'><strong>non</strong></span> <span class='ocrx_word' id='word_1_722' title='bbox 1548 4850 1728 4895; x_wconf 87' lang='lat' dir='ltr'><strong>tamen</strong></span> <span class='ocrx_word' id='word_1_723' title='bbox 1762 4857 1823 4894; x_wconf 89' lang='lat' dir='ltr'><strong>ea</strong></span> <span class='ocrx_word' id='word_1_724' title='bbox 1854 4858 1975 4910; x_wconf 65' lang='lat' dir='ltr'><strong>qua:</strong></span> 
     </span>
    </p>
   </div>
   <div class='ocr_carea' id='block_1_97' title="bbox 398 4932 1973 5003">
    <p class='ocr_par' dir='ltr' id='par_1_97' title="bbox 398 4932 1973 5003">
     <span class='ocr_line' id='line_1_97' title="bbox 398 4932 1973 5003; baseline 0.001 -15"><span class='ocrx_word' id='word_1_725' title='bbox 398 4936 570 5003; x_wconf 90' lang='lat' dir='ltr'><strong>spirat</strong></span> <span class='ocrx_word' id='word_1_726' title='bbox 597 4934 704 4996; x_wconf 87' lang='lat' dir='ltr'><strong>lex,</strong></span> <span class='ocrx_word' id='word_1_727' title='bbox 730 4948 849 4988; x_wconf 89' lang='lat' dir='ltr'><strong>esse</strong></span> <span class='ocrx_word' id='word_1_728' title='bbox 884 4933 1138 4987; x_wconf 88' lang='lat' dir='ltr'><strong>omnibus</strong></span> <span class='ocrx_word' id='word_1_729' title='bbox 1173 4943 1328 4999; x_wconf 86' lang='lat' dir='ltr'><strong>nota,</strong></span> <span class='ocrx_word' id='word_1_730' title='bbox 1365 4932 1467 4989; x_wconf 91' lang='lat' dir='ltr'><strong>nisi</strong></span> <span class='ocrx_word' id='word_1_731' title='bbox 1514 4934 1597 4987; x_wconf 91' lang='lat' dir='ltr'><strong>his</strong></span> <span class='ocrx_word' id='word_1_732' title='bbox 1622 4933 1750 4988; x_wconf 89' lang='lat' dir='ltr'><strong>solis</strong></span> <span class='ocrx_word' id='word_1_733' title='bbox 1774 4934 1973 5002; x_wconf 88' lang='lat' dir='ltr'><strong>quibus</strong></span> 
     </span>
    </p>
   </div>
   <div class='ocr_carea' id='block_1_98' title="bbox 397 5023 1973 5096">
    <p class='ocr_par' dir='ltr' id='par_1_98' title="bbox 397 5023 1973 5096">
     <span class='ocr_line' id='line_1_98' title="bbox 397 5023 1973 5096; baseline 0.001 -17"><span class='ocrx_word' id='word_1_734' title='bbox 397 5026 567 5096; x_wconf 92' lang='lat' dir='ltr'><strong>gratia</strong></span> <span class='ocrx_word' id='word_1_735' title='bbox 595 5023 826 5092; x_wconf 85' lang='lat' dir='ltr'><strong>Spiritus</strong></span> <span class='ocrx_word' id='word_1_736' title='bbox 844 5025 1017 5079; x_wconf 87' lang='lat' dir='ltr'><strong>sancti</strong></span> <span class='ocrx_word' id='word_1_737' title='bbox 1046 5023 1097 5077; x_wconf 92' lang='lat' dir='ltr'><strong>in</strong></span> <span class='ocrx_word' id='word_1_738' title='bbox 1119 5025 1289 5079; x_wconf 90' lang='lat' dir='ltr'><strong>verbo</strong></span> <span class='ocrx_word' id='word_1_739' title='bbox 1326 5025 1608 5095; x_wconf 77' lang='lat' dir='ltr'><strong>sapientia:</strong></span> <span class='ocrx_word' id='word_1_740' title='bbox 1637 5040 1702 5080; x_wconf 85' lang='lat' dir='ltr'><strong>ac</strong></span> <span class='ocrx_word' id='word_1_741' title='bbox 1731 5027 1973 5081; x_wconf 79' lang='lat' dir='ltr'><strong>scientia:</strong></span> 
     </span>
    </p>
   </div>
   <div class='ocr_carea' id='block_1_99' title="bbox 393 5120 803 5174">
    <p class='ocr_par' dir='ltr' id='par_1_99' title="bbox 393 5120 803 5174">
     <span class='ocr_line' id='line_1_99' title="bbox 393 5120 803 5174; baseline -0.017 0"><span class='ocrx_word' id='word_1_742' title='bbox 393 5120 745 5174; x_wconf 80' lang='lat' dir='ltr'><strong>contionatur.</strong></span> <span class='ocrx_word' id='word_1_743' title='bbox 786 5136 803 5167; x_wconf 77' lang='grc' dir='ltr'><strong>ι</strong></span> 
     </span>
    </p>
   </div>
   <div class='ocr_carea' id='block_1_100' title="bbox 466 5209 1867 5277">
    <p class='ocr_par' dir='ltr' id='par_1_100' title="bbox 466 5209 1867 5277">
     <span class='ocr_line' id='line_1_100' title="bbox 466 5209 1867 5277; baseline 0.003 -14"><span class='ocrx_word' id='word_1_744' title='bbox 466 5211 511 5242; x_wconf 85' lang='grc'><strong>¹³</strong></span> <span class='ocrx_word' id='word_1_745' title='bbox 539 5209 558 5263; x_wconf 87' lang='lat' dir='ltr'><strong>l</strong></span> <span class='ocrx_word' id='word_1_746' title='bbox 583 5211 706 5265; x_wconf 88' lang='lat' dir='ltr'><strong>Cor.</strong></span> <span class='ocrx_word' id='word_1_747' title='bbox 740 5226 827 5270; x_wconf 84' lang='lat' dir='ltr'><strong>xv,</strong></span> <span class='ocrx_word' id='word_1_748' title='bbox 859 5211 950 5266; x_wconf 70' lang='grc'><strong>42.</strong></span> <span class='ocrx_word' id='word_1_749' title='bbox 1027 5211 1221 5265; x_wconf 73' lang='lat' dir='ltr'><strong>&quot;ibid.</strong></span> <span class='ocrx_word' id='word_1_750' title='bbox 1251 5213 1339 5266; x_wconf 65' lang='lat' dir='ltr'><strong>d5.</strong></span> <span class='ocrx_word' id='word_1_751' title='bbox 1418 5212 1460 5243; x_wconf 79' lang='lat'><strong>&quot;</strong></span> <span class='ocrx_word' id='word_1_752' title='bbox 1506 5211 1629 5267; x_wconf 86' lang='lat' dir='ltr'><strong>Ose.</strong></span> <span class='ocrx_word' id='word_1_753' title='bbox 1679 5229 1731 5277; x_wconf 73' lang='grc' dir='ltr'><strong>κ,</strong></span> <span class='ocrx_word' id='word_1_754' title='bbox 1778 5212 1867 5267; x_wconf 73' lang='grc'><strong>12.</strong></span> 
     </span>
    </p>
   </div>
   <div class='ocr_carea' id='block_1_101' title="bbox 467 5306 1961 5375">
    <p class='ocr_par' dir='ltr' id='par_1_101' title="bbox 467 5306 1961 5375">
     <span class='ocr_line' id='line_1_101' title="bbox 467 5306 1961 5375; baseline 0.003 -16"><span class='ocrx_word' id='word_1_755' title='bbox 467 5306 577 5375; x_wconf 80' lang='grc'>(56)</span> <span class='ocrx_word' id='word_1_756' title='bbox 615 5306 740 5375; x_wconf 79' lang='lat' dir='ltr'><strong>Mss.</strong></span> <span class='ocrx_word' id='word_1_757' title='bbox 771 5306 1012 5374; x_wconf 90' lang='lat' dir='ltr'><strong>plerique</strong></span> <span class='ocrx_word' id='word_1_758' title='bbox 1056 5307 1311 5360; x_wconf 91' lang='lat' dir='ltr'><strong>omittunt</strong></span> <span class='ocrx_word' id='word_1_759' title='bbox 1363 5323 1539 5370; x_wconf 83' lang='lat' dir='ltr'><strong>onere,</strong></span> <span class='ocrx_word' id='word_1_760' title='bbox 1590 5309 1731 5374; x_wconf 87' lang='lat' dir='ltr'><strong>quod</strong></span> <span class='ocrx_word' id='word_1_761' title='bbox 1781 5318 1961 5363; x_wconf 85' lang='lat' dir='ltr'><strong>exstat</strong></span> 
     </span>
    </p>
   </div>
   <div class='ocr_carea' id='block_1_102' title="bbox 394 5374 1961 5439">
    <p class='ocr_par' dir='ltr' id='par_1_102' title="bbox 394 5374 1961 5439">
     <span class='ocr_line' id='line_1_102' title="bbox 394 5374 1961 5439; baseline 0.001 -8"><span class='ocrx_word' id='word_1_762' title='bbox 394 5377 447 5431; x_wconf 90' lang='lat' dir='ltr'><strong>in</strong></span> <span class='ocrx_word' id='word_1_763' title='bbox 477 5374 659 5430; x_wconf 82' lang='lat' dir='ltr'><strong>editis.</strong></span> <span class='ocrx_word' id='word_1_764' title='bbox 690 5374 788 5431; x_wconf 83' lang='lat' dir='ltr'><strong>Ms.</strong></span> <span class='ocrx_word' id='word_1_765' title='bbox 813 5377 1163 5439; x_wconf 89' lang='lat' dir='ltr'><strong>Sorhouicns,</strong></span> <span class='ocrx_word' id='word_1_766' title='bbox 1197 5387 1251 5430; x_wconf 92' lang='lat' dir='ltr'><strong>et</strong></span> <span class='ocrx_word' id='word_1_767' title='bbox 1281 5377 1416 5429; x_wconf 90' lang='lat' dir='ltr'><strong>alter</strong></span> <span class='ocrx_word' id='word_1_768' title='bbox 1442 5379 1503 5431; x_wconf 88' lang='lat' dir='ltr'><strong>S.</strong></span> <span class='ocrx_word' id='word_1_769' title='bbox 1548 5377 1725 5431; x_wconf 79' lang='lat' dir='ltr'><strong>Vitoui</strong></span> <span class='ocrx_word' id='word_1_770' title='bbox 1760 5379 1961 5433; x_wconf 91' lang='lat' dir='ltr'><strong>habent</strong></span> 
     </span>
    </p>
   </div>
   <div class='ocr_carea' id='block_1_103' title="bbox 393 5447 1954 5514">
    <p class='ocr_par' dir='ltr' id='par_1_103' title="bbox 393 5447 1954 5514">
     <span class='ocr_line' id='line_1_103' title="bbox 393 5447 1954 5514; baseline 0.003 -16"><span class='ocrx_word' id='word_1_771' title='bbox 393 5447 540 5500; x_wconf 82' lang='lat' dir='ltr'><strong>clade</strong></span> <span class='ocrx_word' id='word_1_772' title='bbox 571 5462 667 5514; x_wconf 91' lang='lat' dir='ltr'><strong>pro</strong></span> <span class='ocrx_word' id='word_1_773' title='bbox 706 5463 879 5502; x_wconf 81' lang='lat' dir='ltr'><strong>onere.</strong></span> <span class='ocrx_word' id='word_1_774' title='bbox 933 5447 1135 5500; x_wconf 91' lang='lat' dir='ltr'><strong>Deinde</strong></span> <span class='ocrx_word' id='word_1_775' title='bbox 1176 5463 1276 5501; x_wconf 91' lang='lat' dir='ltr'><strong>ms.</strong></span> <span class='ocrx_word' id='word_1_776' title='bbox 1316 5449 1651 5501; x_wconf 84' lang='lat' dir='ltr'><strong>Sorbonicus</strong></span> <span class='ocrx_word' id='word_1_777' title='bbox 1677 5489 1692 5512; x_wconf 93' lang='lat'><strong>,</strong></span> <span class='ocrx_word' id='word_1_778' title='bbox 1726 5451 1954 5503; x_wconf 84' lang='lat' dir='ltr'><strong>necessi-</strong></span> 
     </span>
    </p>
   </div>
   <div class='ocr_carea' id='block_1_104' title="bbox 392 5516 1960 5586">
    <p class='ocr_par' dir='ltr' id='par_1_104' title="bbox 392 5516 1960 5586">
     <span class='ocr_line' id='line_1_104' title="bbox 392 5516 1960 5586; baseline 0.004 -17"><span class='ocrx_word' id='word_1_779' title='bbox 392 5527 497 5569; x_wconf 88' lang='lat' dir='ltr'><strong>tate</strong></span> <span class='ocrx_word' id='word_1_780' title='bbox 530 5533 639 5569; x_wconf 87' lang='lat' dir='ltr'><strong>esse</strong></span> <span class='ocrx_word' id='word_1_781' title='bbox 670 5516 927 5586; x_wconf 78' lang='lat' dir='ltr'><strong>subjectos</strong></span> <span class='ocrx_word' id='word_1_782' title='bbox 955 5534 973 5569; x_wconf 92' lang='lat'><strong><em>:</em></strong></span> <span class='ocrx_word' id='word_1_783' title='bbox 1004 5517 1184 5571; x_wconf 66' lang='lat' dir='ltr'><strong>caeteri</strong></span> <span class='ocrx_word' id='word_1_784' title='bbox 1217 5533 1346 5572; x_wconf 90' lang='lat' dir='ltr'><strong>vero</strong></span> <span class='ocrx_word' id='word_1_785' title='bbox 1398 5533 1527 5572; x_wconf 85' lang='lat' dir='ltr'><strong>mss.</strong></span> <span class='ocrx_word' id='word_1_786' title='bbox 1579 5530 1633 5573; x_wconf 89' lang='lat' dir='ltr'><strong>et</strong></span> <span class='ocrx_word' id='word_1_787' title='bbox 1658 5520 1786 5572; x_wconf 88' lang='lat' dir='ltr'><strong>editi</strong></span> <span class='ocrx_word' id='word_1_788' title='bbox 1813 5559 1827 5583; x_wconf 90' lang='lat'><strong>,</strong></span> <span class='ocrx_word' id='word_1_789' title='bbox 1869 5537 1960 5575; x_wconf 85' lang='lat' dir='ltr'><strong>ue-</strong></span> 
     </span>
    </p>
   </div>
   <div class='ocr_carea' id='block_1_105' title="bbox 392 5587 1711 5656">
    <p class='ocr_par' dir='ltr' id='par_1_105' title="bbox 392 5587 1711 5656">
     <span class='ocr_line' id='line_1_105' title="bbox 392 5587 1711 5656; baseline 0.001 -17"><span class='ocrx_word' id='word_1_790' title='bbox 392 5588 629 5640; x_wconf 82' lang='lat' dir='ltr'><strong>cessitate</strong></span> <span class='ocrx_word' id='word_1_791' title='bbox 656 5604 766 5640; x_wconf 81' lang='lat' dir='ltr'><strong>esse</strong></span> <span class='ocrx_word' id='word_1_792' title='bbox 788 5587 1074 5656; x_wconf 75' lang='lat' dir='ltr'><strong>subjectos.</strong></span> <span class='ocrx_word' id='word_1_793' title='bbox 1708 5652 1711 5655; x_wconf 22' lang='grc' dir='ltr'><em>ν</em></span> 
     </span>
    </p>
   </div>
   <div class='ocr_carea' id='block_1_106' title="bbox 464 5656 1956 5726">
    <p class='ocr_par' dir='ltr' id='par_1_106' title="bbox 464 5656 1956 5726">
     <span class='ocr_line' id='line_1_106' title="bbox 464 5656 1956 5726; baseline 0.003 -17"><span class='ocrx_word' id='word_1_794' title='bbox 464 5656 575 5726; x_wconf 78' lang='grc'>(57)</span> <span class='ocrx_word' id='word_1_795' title='bbox 604 5656 861 5711; x_wconf 66' lang='lat' dir='ltr'><strong>Mcl-linus</strong></span> <span class='ocrx_word' id='word_1_796' title='bbox 888 5659 1065 5721; x_wconf 79' lang='lat' dir='ltr'><strong>habet,</strong></span> <span class='ocrx_word' id='word_1_797' title='bbox 1106 5668 1281 5711; x_wconf 88' lang='lat' dir='ltr'><strong>utrum</strong></span> <span class='ocrx_word' id='word_1_798' title='bbox 1309 5674 1372 5711; x_wconf 70' lang='lat' dir='ltr'><strong>ea:</strong></span> <span class='ocrx_word' id='word_1_799' title='bbox 1394 5660 1588 5713; x_wconf 80' lang='lat' dir='ltr'><strong>semine</strong></span> <span class='ocrx_word' id='word_1_800' title='bbox 1618 5661 1956 5714; x_wconf 84' lang='lat' dir='ltr'><strong>traducatur.</strong></span> 
     </span>
    </p>
   </div>
   <div class='ocr_carea' id='block_1_107' title="bbox 392 5725 1951 5794">
    <p class='ocr_par' dir='ltr' id='par_1_107' title="bbox 392 5725 1951 5794">
     <span class='ocr_line' id='line_1_107' title="bbox 392 5725 1951 5794; baseline 0.003 -14"><span class='ocrx_word' id='word_1_801' title='bbox 392 5725 807 5794; x_wconf 82' lang='lat' dir='ltr'><strong>Gencbrardus,</strong></span> <span class='ocrx_word' id='word_1_802' title='bbox 855 5741 1030 5782; x_wconf 84' lang='lat' dir='ltr'><strong>utrum</strong></span> <span class='ocrx_word' id='word_1_803' title='bbox 1081 5745 1145 5784; x_wconf 81' lang='lat' dir='ltr'><strong>ea:</strong></span> <span class='ocrx_word' id='word_1_804' title='bbox 1191 5731 1384 5784; x_wconf 79' lang='lat' dir='ltr'><strong>semine</strong></span> <span class='ocrx_word' id='word_1_805' title='bbox 1421 5731 1659 5784; x_wconf 80' lang='lat' dir='ltr'><strong>traducis</strong></span> <span class='ocrx_word' id='word_1_806' title='bbox 1706 5732 1951 5787; x_wconf 84' lang='lat' dir='ltr'><strong>ducatur.</strong></span> 
     </span>
    </p>
   </div>
   <div class='ocr_carea' id='block_1_108' title="bbox 2084 4563 3663 4635">
    <p class='ocr_par' dir='ltr' id='par_1_108' title="bbox 2084 4563 3663 4635">
     <span class='ocr_line' id='line_1_108' title="bbox 2084 4563 3663 4635; baseline -0.003 -16"><span class='ocrx_word' id='word_1_807' title='bbox 2084 4566 2255 4620; x_wconf 91' lang='lat' dir='ltr'><strong>lector</strong></span> <span class='ocrx_word' id='word_1_808' title='bbox 2286 4565 2561 4635; x_wconf 89' lang='lat' dir='ltr'><strong>probaret.</strong></span> <span class='ocrx_word' id='word_1_809' title='bbox 2603 4564 2717 4621; x_wconf 85' lang='lat' dir='ltr'><strong>Hoc</strong></span> <span class='ocrx_word' id='word_1_810' title='bbox 2754 4566 2894 4621; x_wconf 91' lang='lat' dir='ltr'><strong>idem</strong></span> <span class='ocrx_word' id='word_1_811' title='bbox 2930 4565 3247 4620; x_wconf 89' lang='lat' dir='ltr'><strong>facitetiam</strong></span> <span class='ocrx_word' id='word_1_812' title='bbox 3285 4578 3407 4618; x_wconf 91' lang='lat' dir='ltr'><strong>cum</strong></span> <span class='ocrx_word' id='word_1_813' title='bbox 3434 4563 3663 4618; x_wconf 65' lang='lat' dir='ltr'><strong>lucreti-</strong></span> 
     </span>
    </p>
   </div>
   <div class='ocr_carea' id='block_1_109' title="bbox 2082 4655 3664 4727">
    <p class='ocr_par' dir='ltr' id='par_1_109' title="bbox 2082 4655 3664 4727">
     <span class='ocr_line' id='line_1_109' title="bbox 2082 4655 3664 4727; baseline -0.004 -13"><span class='ocrx_word' id='word_1_814' title='bbox 2082 4674 2273 4714; x_wconf 90' lang='lat' dir='ltr'><strong>corum</strong></span> <span class='ocrx_word' id='word_1_815' title='bbox 2308 4659 2530 4714; x_wconf 91' lang='lat' dir='ltr'><strong>discutit</strong></span> <span class='ocrx_word' id='word_1_816' title='bbox 2563 4668 2742 4714; x_wconf 90' lang='lat' dir='ltr'><strong>sectas</strong></span> <span class='ocrx_word' id='word_1_817' title='bbox 2780 4680 2790 4713; x_wconf 89' lang='lat'>:</span> <span class='ocrx_word' id='word_1_818' title='bbox 2826 4659 3024 4727; x_wconf 90' lang='lat' dir='ltr'><strong>quibus</strong></span> <span class='ocrx_word' id='word_1_819' title='bbox 3067 4658 3322 4711; x_wconf 81' lang='lat' dir='ltr'><strong>omnibus</strong></span> <span class='ocrx_word' id='word_1_820' title='bbox 3362 4655 3664 4710; x_wconf 89' lang='lat' dir='ltr'><strong>confutatis</strong></span> 
     </span>
    </p>
   </div>
   <div class='ocr_carea' id='block_1_110' title="bbox 2082 4751 3660 4819">
    <p class='ocr_par' dir='ltr' id='par_1_110' title="bbox 2082 4751 3660 4819">
     <span class='ocr_line' id='line_1_110' title="bbox 2082 4751 3660 4819; baseline -0.003 -16"><span class='ocrx_word' id='word_1_821' title='bbox 2082 4761 2246 4819; x_wconf 87' lang='lat' dir='ltr'><strong>atque</strong></span> <span class='ocrx_word' id='word_1_822' title='bbox 2280 4753 2564 4816; x_wconf 89' lang='lat' dir='ltr'><strong>convictis,</strong></span> <span class='ocrx_word' id='word_1_823' title='bbox 2597 4767 2759 4805; x_wconf 87' lang='lat' dir='ltr'><strong>unam</strong></span> <span class='ocrx_word' id='word_1_824' title='bbox 2795 4751 2991 4816; x_wconf 90' lang='lat' dir='ltr'><strong>solam,</strong></span> <span class='ocrx_word' id='word_1_825' title='bbox 3035 4764 3263 4819; x_wconf 82' lang='lat' dir='ltr'><strong>eamque</strong></span> <span class='ocrx_word' id='word_1_826' title='bbox 3290 4762 3453 4817; x_wconf 88' lang='lat' dir='ltr'><strong>quam</strong></span> <span class='ocrx_word' id='word_1_827' title='bbox 3494 4763 3660 4815; x_wconf 76' lang='lat' dir='ltr'><strong>supra</strong></span> 
     </span>
    </p>
   </div>
   <div class='ocr_carea' id='block_1_111' title="bbox 2080 4838 3662 4910">
    <p class='ocr_par' dir='ltr' id='par_1_111' title="bbox 2080 4838 3662 4910">
     <span class='ocr_line' id='line_1_111' title="bbox 2080 4838 3662 4910; baseline -0.003 -15"><span class='ocrx_word' id='word_1_828' title='bbox 2080 4842 2353 4910; x_wconf 68' lang='lat' dir='ltr'><strong>exposuit,</strong></span> <span class='ocrx_word' id='word_1_829' title='bbox 2397 4842 2679 4897; x_wconf 78' lang='lat' dir='ltr'><strong>catholij</strong></span> <span class='ocrx_word' id='word_1_830' title='bbox 2706 4841 2955 4897; x_wconf 88' lang='lat' dir='ltr'><strong>veritatis</strong></span> <span class='ocrx_word' id='word_1_831' title='bbox 2999 4840 3323 4895; x_wconf 85' lang='lat' dir='ltr'><strong>sententiam</strong></span> <span class='ocrx_word' id='word_1_832' title='bbox 3364 4846 3533 4893; x_wconf 90' lang='lat' dir='ltr'><strong>tenet.</strong></span> <span class='ocrx_word' id='word_1_833' title='bbox 3585 4838 3662 4891; x_wconf 88' lang='lat' dir='ltr'><strong>De</strong></span> 
     </span>
    </p>
   </div>
   <div class='ocr_carea' id='block_1_112' title="bbox 2082 4928 3662 5003">
    <p class='ocr_par' dir='ltr' id='par_1_112' title="bbox 2082 4928 3662 5003">
     <span class='ocr_line' id='line_1_112' title="bbox 2082 4928 3662 5003; baseline -0.004 -16"><span class='ocrx_word' id='word_1_834' title='bbox 2082 4934 2277 5002; x_wconf 91' lang='lat' dir='ltr'><strong>quibus</strong></span> <span class='ocrx_word' id='word_1_835' title='bbox 2320 4932 2546 5003; x_wconf 89' lang='lat' dir='ltr'><strong>singulis</strong></span> <span class='ocrx_word' id='word_1_836' title='bbox 2597 4932 2831 5002; x_wconf 90' lang='lat' dir='ltr'><strong>qualiter</strong></span> <span class='ocrx_word' id='word_1_837' title='bbox 2885 4931 3225 5001; x_wconf 88' lang='lat' dir='ltr'><strong>responderit</strong></span> <span class='ocrx_word' id='word_1_838' title='bbox 3268 4928 3560 4995; x_wconf 62' lang='lat' dir='ltr'><strong>haereticis,</strong></span> <span class='ocrx_word' id='word_1_839' title='bbox 3607 4936 3662 4980; x_wconf 85' lang='lat' dir='ltr'><strong>et</strong></span> 
     </span>
    </p>
   </div>
   <div class='ocr_carea' id='block_1_113' title="bbox 2080 5023 3661 5096">
    <p class='ocr_par' dir='ltr' id='par_1_113' title="bbox 2080 5023 3661 5096">
     <span class='ocr_line' id='line_1_113' title="bbox 2080 5023 3661 5096; baseline -0.003 -18"><span class='ocrx_word' id='word_1_840' title='bbox 2080 5027 2352 5096; x_wconf 82' lang='lat' dir='ltr'><strong>quomodo</strong></span> <span class='ocrx_word' id='word_1_841' title='bbox 2385 5029 2638 5082; x_wconf 88' lang='lat' dir='ltr'><strong>universa</strong></span> <span class='ocrx_word' id='word_1_842' title='bbox 2670 5041 2859 5082; x_wconf 92' lang='lat' dir='ltr'><strong>eorum</strong></span> <span class='ocrx_word' id='word_1_843' title='bbox 2906 5026 3156 5095; x_wconf 87' lang='lat' dir='ltr'><strong>dogmata</strong></span> <span class='ocrx_word' id='word_1_844' title='bbox 3191 5024 3510 5087; x_wconf 89' lang='lat' dir='ltr'><strong>destruens,</strong></span> <span class='ocrx_word' id='word_1_845' title='bbox 3544 5023 3661 5090; x_wconf 88' lang='lat' dir='ltr'><strong>ipse</strong></span> 
     </span>
    </p>
   </div>
   <div class='ocr_carea' id='block_1_114' title="bbox 2078 5113 3661 5188">
    <p class='ocr_par' dir='ltr' id='par_1_114' title="bbox 2078 5113 3661 5188">
     <span class='ocr_line' id='line_1_114' title="bbox 2078 5113 3661 5188; baseline -0.006 -13"><span class='ocrx_word' id='word_1_846' title='bbox 2078 5133 2295 5188; x_wconf 84' lang='lat' dir='ltr'><strong>semper</strong></span> <span class='ocrx_word' id='word_1_847' title='bbox 2316 5120 2667 5188; x_wconf 88' lang='lat' dir='ltr'><strong>apostolicam</strong></span> <span class='ocrx_word' id='word_1_848' title='bbox 2698 5117 3100 5174; x_wconf 89' lang='lat' dir='ltr'><strong>confirmaverit</strong></span> <span class='ocrx_word' id='word_1_849' title='bbox 3135 5117 3292 5169; x_wconf 84' lang='lat' dir='ltr'><strong>fidem</strong></span> <span class='ocrx_word' id='word_1_850' title='bbox 3311 5155 3326 5179; x_wconf 94' lang='lat'><strong>,</strong></span> <span class='ocrx_word' id='word_1_851' title='bbox 3354 5114 3399 5168; x_wconf 92' lang='lat' dir='ltr'><strong>si</strong></span> <span class='ocrx_word' id='word_1_852' title='bbox 3422 5113 3661 5167; x_wconf 89' lang='lat' dir='ltr'><strong>velimus</strong></span> 
     </span>
    </p>
   </div>
   <div class='ocr_carea' id='block_1_115' title="bbox 2069 5303 3650 5364">
    <p class='ocr_par' dir='ltr' id='par_1_115' title="bbox 2069 5303 3650 5364">
     <span class='ocr_line' id='line_1_115' title="bbox 2069 5303 3650 5364; baseline -0.006 0"><span class='ocrx_word' id='word_1_853' title='bbox 2069 5308 2175 5364; x_wconf 89' lang='lat' dir='ltr'><strong>Sed</strong></span> <span class='ocrx_word' id='word_1_854' title='bbox 2204 5324 2394 5361; x_wconf 91' lang='lat' dir='ltr'><strong>omnes</strong></span> <span class='ocrx_word' id='word_1_855' title='bbox 2437 5322 2565 5361; x_wconf 90' lang='lat' dir='ltr'><strong>mss.</strong></span> <span class='ocrx_word' id='word_1_856' title='bbox 2597 5319 2653 5359; x_wconf 89' lang='lat' dir='ltr'><strong>ut</strong></span> <span class='ocrx_word' id='word_1_857' title='bbox 2701 5308 2754 5361; x_wconf 92' lang='lat' dir='ltr'><strong>in</strong></span> <span class='ocrx_word' id='word_1_858' title='bbox 2808 5317 2992 5361; x_wconf 89' lang='lat' dir='ltr'><strong>nostro</strong></span> <span class='ocrx_word' id='word_1_859' title='bbox 3052 5314 3222 5359; x_wconf 86' lang='lat' dir='ltr'><strong>textu.</strong></span> <span class='ocrx_word' id='word_1_860' title='bbox 3285 5303 3489 5358; x_wconf 92' lang='lat' dir='ltr'><strong>Deinde</strong></span> <span class='ocrx_word' id='word_1_861' title='bbox 3539 5318 3650 5354; x_wconf 87' lang='lat' dir='ltr'><strong>ms.</strong></span> 
     </span>
    </p>
   </div>
   <div class='ocr_carea' id='block_1_116' title="bbox 2070 5374 3656 5443">
    <p class='ocr_par' dir='ltr' id='par_1_116' title="bbox 2070 5374 3656 5443">
     <span class='ocr_line' id='line_1_116' title="bbox 2070 5374 3656 5443; baseline -0.006 -10"><span class='ocrx_word' id='word_1_862' title='bbox 2070 5380 2442 5441; x_wconf 90' lang='lat' dir='ltr'><strong>Sorhonicus,</strong></span> <span class='ocrx_word' id='word_1_863' title='bbox 2472 5379 2679 5443; x_wconf 85' lang='lat' dir='ltr'><strong>corpori</strong></span> <span class='ocrx_word' id='word_1_864' title='bbox 2706 5378 2972 5439; x_wconf 80' lang='lat' dir='ltr'><strong>induitur,</strong></span> <span class='ocrx_word' id='word_1_865' title='bbox 3028 5392 3120 5430; x_wconf 84' lang='lat' dir='ltr'><strong>nec</strong></span> <span class='ocrx_word' id='word_1_866' title='bbox 3167 5391 3250 5439; x_wconf 82' lang='lat' dir='ltr'><strong>ne,</strong></span> <span class='ocrx_word' id='word_1_867' title='bbox 3303 5375 3431 5428; x_wconf 81' lang='lat' dir='ltr'><strong>satis</strong></span> <span class='ocrx_word' id='word_1_868' title='bbox 3476 5374 3656 5425; x_wconf 82' lang='lat' dir='ltr'><strong>mani-</strong></span> 
     </span>
    </p>
   </div>
   <div class='ocr_carea' id='block_1_117' title="bbox 2066 5449 2996 5518">
    <p class='ocr_par' dir='ltr' id='par_1_117' title="bbox 2066 5449 2996 5518">
     <span class='ocr_line' id='line_1_117' title="bbox 2066 5449 2996 5518; baseline -0.004 -15"><span class='ocrx_word' id='word_1_869' title='bbox 2066 5452 2203 5518; x_wconf 80' lang='lat' dir='ltr'><strong>festa</strong></span> <span class='ocrx_word' id='word_1_870' title='bbox 2229 5450 2605 5515; x_wconf 79' lang='lat' dir='ltr'><strong>prmdicatione</strong></span> <span class='ocrx_word' id='word_1_871' title='bbox 2635 5449 2996 5518; x_wconf 73' lang='lat' dir='ltr'><strong>distinguitur.</strong></span> 
     </span>
    </p>
   </div>
   <div class='ocr_carea' id='block_1_118' title="bbox 2137 5512 3654 5587">
    <p class='ocr_par' dir='ltr' id='par_1_118' title="bbox 2137 5512 3654 5587">
     <span class='ocr_line' id='line_1_118' title="bbox 2137 5512 3654 5587; baseline -0.005 -15"><span class='ocrx_word' id='word_1_872' title='bbox 2137 5512 2252 5587; x_wconf 58' lang='grc'>(58⁷)</span> <span class='ocrx_word' id='word_1_873' title='bbox 2296 5518 2385 5571; x_wconf 87' lang='lat' dir='ltr'><strong>Vel</strong></span> <span class='ocrx_word' id='word_1_874' title='bbox 2412 5518 2611 5587; x_wconf 82' lang='lat' dir='ltr'><strong>quales.</strong></span> <span class='ocrx_word' id='word_1_875' title='bbox 2657 5512 3205 5571; x_wconf 52' lang='lat' dir='ltr'><strong>llicc&#39;desiderantur</strong></span> <span class='ocrx_word' id='word_1_876' title='bbox 3265 5514 3319 5569; x_wconf 88' lang='lat' dir='ltr'><strong>in</strong></span> <span class='ocrx_word' id='word_1_877' title='bbox 3365 5512 3561 5579; x_wconf 87' lang='lat' dir='ltr'><strong>editis,</strong></span> <span class='ocrx_word' id='word_1_878' title='bbox 3593 5522 3654 5566; x_wconf 83' lang='lat' dir='ltr'><strong>et</strong></span> 
     </span>
    </p>
   </div>
   <div class='ocr_carea' id='block_1_119' title="bbox 2068 5592 2683 5643">
    <p class='ocr_par' dir='ltr' id='par_1_119' title="bbox 2068 5592 2683 5643">
     <span class='ocr_line' id='line_1_119' title="bbox 2068 5592 2683 5643; baseline -0.002 -1"><span class='ocrx_word' id='word_1_879' title='bbox 2068 5592 2425 5643; x_wconf 81' lang='lat' dir='ltr'><strong>restituuntur</strong></span> <span class='ocrx_word' id='word_1_880' title='bbox 2453 5604 2515 5641; x_wconf 81' lang='lat' dir='ltr'><strong>ex</strong></span> <span class='ocrx_word' id='word_1_881' title='bbox 2554 5603 2683 5641; x_wconf 89' lang='lat' dir='ltr'><strong>mss.</strong></span> 
     </span>
    </p>
   </div>
   <div class='ocr_carea' id='block_1_120' title="bbox 2139 5652 3652 5729">
    <p class='ocr_par' dir='ltr' id='par_1_120' title="bbox 2139 5652 3652 5729">
     <span class='ocr_line' id='line_1_120' title="bbox 2139 5652 3652 5729; baseline -0.005 -17"><span class='ocrx_word' id='word_1_882' title='bbox 2139 5660 2251 5729; x_wconf 80' lang='lat'><strong>(59)</strong></span> <span class='ocrx_word' id='word_1_883' title='bbox 2282 5659 2351 5711; x_wconf 87' lang='lat' dir='ltr'><strong>Ita</strong></span> <span class='ocrx_word' id='word_1_884' title='bbox 2388 5674 2518 5714; x_wconf 87' lang='lat' dir='ltr'><strong>mss.</strong></span> <span class='ocrx_word' id='word_1_885' title='bbox 2571 5658 2711 5714; x_wconf 79' lang='lat' dir='ltr'><strong>Editi</strong></span> <span class='ocrx_word' id='word_1_886' title='bbox 2746 5672 2893 5724; x_wconf 82' lang='lat' dir='ltr'><strong>vero,</strong></span> <span class='ocrx_word' id='word_1_887' title='bbox 2948 5654 3077 5711; x_wconf 80' lang='lat' dir='ltr'><strong>Htec</strong></span> <span class='ocrx_word' id='word_1_888' title='bbox 3113 5656 3320 5725; x_wconf 86' lang='lat' dir='ltr'><strong>quidem</strong></span> <span class='ocrx_word' id='word_1_889' title='bbox 3360 5655 3415 5709; x_wconf 85' lang='lat' dir='ltr'><strong>in</strong></span> <span class='ocrx_word' id='word_1_890' title='bbox 3444 5652 3652 5724; x_wconf 57' lang='lat' dir='ltr'><strong>princio</strong></span> 
     </span>
    </p>
   </div>
   <div class='ocr_carea' id='block_1_121' title="bbox 2061 5742 2309 5799">
    <p class='ocr_par' dir='ltr' id='par_1_121' title="bbox 2061 5742 2309 5799">
     <span class='ocr_line' id='line_1_121' title="bbox 2061 5742 2309 5799; baseline -0.008 -17"><span class='ocrx_word' id='word_1_891' title='bbox 2061 5746 2169 5799; x_wconf 82' lang='lat' dir='ltr'><strong>pta,</strong></span> <span class='ocrx_word' id='word_1_892' title='bbox 2202 5742 2309 5783; x_wconf 76' lang='lat' dir='ltr'><strong>etc.</strong></span> 
     </span>
    </p>
   </div>
  </div>
