3884 6218
201 348 307 405 553

1339 341 1680 401 APOLOGIA
1720 339 1856 395 PRO
1894 339 2214 397 ORICENE.

3340 340 3445 395 554

197 475 390 516 omnes
418 459 719 516 sententias
747 460 865 529 ejus
893 473 1228 530 congregare
1252 500 1268 525 ,
1308 468 1363 515 et
1394 460 1612 528 longum
1646 457 1778 511 satis
1810 458 1850 513 A
1880 454 2193 519 confitetur,
2227 464 2281 509 et
2310 464 2490 509 tamen
2526 453 2689 507 alium
2720 452 2889 507 Deum
2922 453 3052 522 legis
3080 461 3131 507 et
3158 454 3446 522 propheta-

198 563 305 616 est,
362 565 415 608 et
447 554 554 607 erit
596 563 704 606 tam
758 554 914 607 nobis
962 553 1053 621 qui
1112 552 1408 607 scribimus
1461 566 1775 615 onerosum,

197 662 362 717 quam
392 645 695 715 legentibus
730 646 1033 700 taediosum.
1079 643 1184 698 Sed
1226 643 1418 699 sufficit
1446 658 1613 712 pauca
1649 658 1774 712 pro-

200 738 367 802 ferre,
400 737 453 790 in
484 738 684 805 quibus
716 738 961 792 omnium
991 739 1237 807 profecto
1277 736 1432 791 facile
1455 736 1777 803 dignoscen-

201 838 289 881 tur
320 827 546 881 iudicia.
589 825 779 897 Neque
804 828 950 882 enim
982 838 1175 885 contra
1202 827 1415 882 Domini
1451 826 1773 881 sententiam

197 922 543 974 sentiendum
591 930 697 984 est,
748 929 806 974 ut
849 921 941 990 qui
980 922 1032 974 in
1082 921 1271 990 paucis
1319 920 1593 974 invenitur
1645 919 1777 973 fide-

199 1010 289 1075 lis,
352 1025 457 1065 non
504 1011 667 1065 etiam
740 1012 795 1065 in
854 1011 1039 1065 multis
1110 1022 1165 1067 et
1233 1012 1417 1066 haberi
1479 1012 1672 1068 debeat
1721 1019 1775 1065 ct

197 1105 345 1158 credi
378 1105 549 1160 fidelis
570 1106 635 1160 ¹⁶.
667 1106 905 1160 Primum
927 1121 1062 1176 ergo
1086 1122 1151 1162 ex
1186 1105 1301 1173 ejus
1332 1104 1485 1160 libris
1510 1118 1773 1174 ponemus

194 1195 502 1264 exemplum
534 1196 677 1265 quod
707 1196 784 1250 illi
820 1197 1087 1267 superiori
1116 1196 1425 1259 conveniat,
1448 1210 1515 1249 ex
1545 1209 1609 1249 eo
1632 1193 1773 1248 libro

209 1300 373 1355 quem
411 1286 463 1339 in
490 1286 785 1355 Epistolam
810 1286 958 1341 Pauli
992 1287 1220 1357 apostoli
1248 1287 1312 1340 ad
1343 1285 1524 1339 Titum
1555 1284 1773 1352 scripsit

200 1377 271 1431 de
302 1391 368 1431 eo
399 1376 634 1446 capitulo
673 1378 724 1431 in
761 1393 869 1447 quo
910 1379 1039 1433 dicit
1080 1376 1417 1446 Apostolus:
1453 1374 1771 1429 ereticum

194 1465 461 1521 hominem
490 1478 606 1536 post
632 1467 741 1539 (60)
777 1484 940 1523 unum
986 1470 1362 1537 correptionem
1388 1467 1581 1531 devita,
1603 1466 1771 1519 sciens

197 1565 326 1634 quia
348 1579 618 1631 perversus
641 1574 739 1631 est,
758 1572 806 1617 et
828 1575 1026 1633 peccat,
1053 1565 1142 1635 qui
1163 1573 1239 1618 est
1257 1582 1287 1618 a
1317 1564 1590 1633 semetipso
1612 1564 1768 1617 dam-

194 1662 357 1706 natus
389 1652 453 1704 ".
487 1652 599 1724 (61)
638 1654 711 1708 De
748 1668 855 1722 quo
886 1656 1018 1709 dicit
1044 1654 1219 1725 qualis
1244 1654 1315 1708 sit
1338 1654 1427 1723 qui
1459 1654 1766 1722 haereticus,

209 1755 267 1799 et
294 1744 471 1812 qualis
494 1746 564 1800 sit
594 1746 685 1815 qui
715 1746 1019 1802 catholicus
1039 1755 1122 1801 est
1146 1756 1203 1800 et
1226 1746 1648 1801 ecclesiasticus.

264 1835 556 1892 Oatesnss.
610 1836 725 1909 (62)
765 1855 785 1889 ι
848 1838 1054 1892 Nomen
1097 1838 1342 1903 haeresis,
1378 1846 1634 1906 quantum
1668 1852 1767 1908 ego

191 1926 603 1996 deprehendere
656 1928 827 1996 potui,
884 1927 1050 1983 etiam
1088 1930 1143 1981 in
1175 1927 1414 1997 Epistola
1454 1928 1521 1982 ad
1572 1928 1767 1983 Corin-

194 2019 339 2073 thios
376 2019 695 2087 designatur
747 2019 852 2073 hoc
897 2019 1059 2074 modo
1094 2037 1107 2072 :
1142 2019 1357 2079 Oportet
1384 2020 1523 2073 enim
1544 2018 1766 2074 hrereses

189 2125 324 2175 esse,
358 2119 412 2162 ut
440 2110 645 2174 probati
674 2109 943 2177 manifesti
985 2110 1117 2177 ﬁant
1150 2111 1290 2164 inter
1316 2127 1404 2165 vos
1453 2110 1516 2164 η.
1569 2110 1637 2164 Ει
1669 2112 1768 2163 ite-

192 2215 315 2253 rum
341 2200 407 2253 ad
437 2200 658 2255 Galatas
702 2201 848 2255 inter
872 2215 1035 2270 opera
1077 2201 1258 2254 carnis
1297 2201 1517 2255 haeresis
1552 2213 1768 2270 quoque

190 2305 395 2345 nomen
444 2293 754 2355 ascribitur,
788 2293 930 2347 sicut
961 2294 1038 2346 ait
1070 2309 1085 2348 :
1121 2291 1410 2363 Manifesta
1444 2302 1616 2345 autem
1646 2303 1765 2346 sunt

189 2398 353 2450 opera
394 2384 589 2445 carnis,
626 2400 742 2453 qua:
771 2393 895 2438 sunt
924 2384 1228 2453 fornicatio,
1265 2385 1634 2447 immunditia,
1666 2385 1767 2437 im-

188 2469 447 2539 pudicitia
464 2511 478 2534 ,
496 2469 799 2525 idololatria
820 2512 835 2539 ,
859 2472 1122 2540 veneﬁcia,
1155 2472 1465 2535 inimicitiis,
1484 2472 1766 2526 contentio-

192 2577 311 2625 nes,
343 2562 739 2625 temulationes,
780 2564 875 2617 ira:
899 2602 917 2629 ,
954 2564 1117 2628 rixa’,
1158 2564 1471 2627 discordiw,
1504 2564 1724 2617 haereses
1748 2604 1763 2626 ,

186 2652 491 2716 ebrietates,
525 2653 952 2718 comessationes,
978 2667 1025 2707 et
1053 2654 1134 2707 his
1156 2654 1377 2717 similia,
1406 2669 1526 2720 qute
1555 2664 1602 2707 et
1622 2668 1765 2722 pra:-

189 2744 312 2797 dico
335 2745 480 2797 vobis
496 2745 744 2813 quoniam
767 2746 859 2815 qui
888 2745 1019 2798 talia
1048 2754 1233 2813 agunt,
1272 2760 1489 2813 regnum
1528 2742 1621 2797 Dei
1662 2759 1766 2797 non

186 2834 525 2902 possidebunt
552 2833 639 2892 ⁸⁸³.
658 2832 759 2889 l’er
779 2848 898 2904 qua:
919 2835 1319 2905 cognoscimus,
1349 2833 1604 2902 quoniam
1627 2832 1768 2887 sicut

188 2926 245 2980 hi
283 2927 374 2993 qui
415 2924 861 2981 fornicationibus
888 2925 971 2980 vel
1006 2925 1405 2990 immunditiis,
1456 2935 1619 2994 atque
1660 2923 1765 2979 im-

185 3018 509 3086 pudicitiis,
567 3026 625 3071 et
674 3017 945 3073 idolorum
1000 3016 1235 3072 cultibus
1283 3016 1537 3072 maculati
1594 3026 1762 3081 sunt,-

1882 561 2019 609 rum,
2054 546 2218 599 alium
2270 546 2679 616 Evangeliorum
2727 546 2891 599 Deum
2936 544 3100 601 dicit.
3145 555 3199 599 et
3230 544 3444 597 Patrem

1885 635 2099 691 Domini
2149 637 2318 692 nostri
2345 636 2470 691 Jesu
2502 637 2701 692 Christi
2744 652 2848 689 non
2889 650 3009 690 eum
3036 636 3167 689 dicit
3195 650 3315 690 esse
3355 638 3444 703 qui

1879 740 1909 779 a
1945 725 2062 795 lege
2102 736 2157 782 et
2200 729 2477 798 prophetis
2518 730 2862 798 pratulicatur,
2905 728 3001 782 sed
3042 727 3203 781 alium
3262 732 3446 780 Itesciu

1882 834 2041 889 quem
2071 819 2316 889 ignotum
2344 820 2597 875 omnibus
2642 831 2804 889 atque
2841 820 3091 875 omnibus
3117 820 3443 883 inauditum,

1878 912 2186 980 hujusmodi
2219 914 2466 969 homines
2515 914 2797 969 haereticos
2853 914 3217 985 designamus,
3261 929 3447 983 quam-

1876 1001 2007 1059 libet
2042 1004 2205 1059 variis
2236 1019 2302 1060 ac
2340 1006 2567 1060 diversis
2598 1014 2651 1060 et
2689 1004 2951 1060 fabulosis
2985 1006 3312 1061 concinnent
3338 1005 3443 1059 ista

1876 1091 2165 1161 figmentis,
2195 1095 2330 1149 sicut
2363 1094 2475 1166 (65)
2497 1104 2799 1150 sectatores
2829 1094 3139 1159 Marcionis,
3163 1105 3219 1150 et
3242 1094 3442 1149 Valen-

1877 1183 1996 1247 tini,
2035 1196 2089 1237 et
2124 1185 2394 1252 Basilidis,
2431 1196 2485 1242 et
2509 1187 2559 1241 hi
2590 1188 2680 1257 qui
2710 1202 2769 1242 se
2793 1186 3090 1243 Tethianos
3124 1188 3237 1260 (66)
3268 1186 3444 1257 appelv

1872 1273 2006 1331 lant.
2034 1273 2142 1331 Sed
2174 1286 2228 1331 et
2258 1277 2468 1347 Apelles
2510 1278 2637 1333 licet
2686 1295 2793 1334 non
2831 1279 3084 1334 omnibus
3122 1279 3295 1333 modis
3345 1279 3439 1333 Dei

1872 1382 1993 1423 esse
2035 1371 2261 1439 deneget
2299 1370 2473 1439 legem
2525 1371 2608 1424 vel
2658 1372 2967 1441 prophetas,
3002 1380 3178 1424 tamen
3216 1379 3271 1426 et
3326 1371 3442 1439 ipse

1872 1462 2161 1517 haereticus
2198 1464 2536 1546 deslgnatur,
2563 1465 2819 1533 quoniam
2853 1464 3140 1518 Dominum
3174 1464 3320 1519 hunc
3348 1466 3439 1533 qui

1870 1554 2129 1607 mundum
2162 1554 2350 1619 edidit,
2374 1555 2440 1609 ad
2468 1554 2689 1621 gloriam
2722 1555 2945 1611 alterius
2972 1556 3200 1626 ingenili
3228 1566 3282 1612 et
3311 1558 3435 1611 boni

1876 1642 1967 1699 Dei
2020 1659 2147 1699 eum
2205 1646 2578 1701 construxisse
2634 1648 2999 1716 pronuntiat:
3040 1647 3188 1701 illum
3256 1658 3436 1703 autem

1873 1737 2165 1807 ingenitum
2214 1737 2381 1791 Deum
2414 1739 2464 1792 in
2494 1740 2971 1795 consummatione
3003 1740 3185 1796 saeculi
3217 1741 3437 1797 misisse

1798 1798 1841 1853 Β
1868 1798 2050 1881 Iesum
2074 1826 2350 1884 Christum
2378 1828 2443 1883 ad
2468 1830 2909 1885 emendationem
2940 1831 3147 1895 mundi,
3185 1842 3435 1901 rogatum

1868 1919 2030 1975 abeo
2059 1919 2204 1985 Deo,
2259 1921 2349 1989 qui
2398 1935 2521 1976 eum
2571 1920 2796 1987 fecerat,
2848 1931 2909 1977 ut
2954 1924 3193 1979 mitteret
3236 1923 3433 1980 Filium

1868 2025 2024 2065 suum
2061 2014 2125 2066 ad
2159 2013 2344 2068 mundi
2376 2014 2460 2068 sui
2497 2015 2912 2069 correctionem.
2942 2015 3005 2069 Et
3030 2016 3075 2071 si
3100 2017 3317 2087 quidem
3345 2017 3435 2072 hic

1870 2104 2213 2160 solummodo
2256 2107 2346 2175 qui
2396 2107 2462 2161 de
2504 2107 2612 2161 Deo
2642 2105 2803 2161 Patre
2849 2107 3006 2163 aliter
3047 2110 3215 2163 sentit
3271 2124 3431 2179 quam

1869 2196 2049 2266 regula
2098 2197 2313 2266 pietatis
2354 2198 2618 2269 exposcit,
2662 2198 2949 2254 haereticus
2985 2200 3097 2271 (67)
3154 2201 3434 2257 habendus

1866 2298 2033 2350 esset,
2069 2288 2343 2343 suﬁlceret
2387 2291 2574 2356 utique
2619 2289 2759 2358 quod
2796 2290 3044 2359 superius
3079 2290 3281 2345 dictum
3325 2300 3429 2345 est.

1867 2380 1973 2435 Sed
2010 2397 2149 2436 nunc
2177 2396 2339 2435 unum
2389 2392 2551 2450 atque
2594 2381 2732 2436 idem
2781 2382 3105 2436 credendum
3149 2389 3231 2437 est
3264 2382 3428 2437 etiam

1867 2474 1932 2527 de
1954 2488 2020 2528 eo
2049 2473 2139 2543 qui
2180 2474 2245 2527 de
2285 2471 2515 2527 Domino
2547 2482 2733 2527 nostro
2770 2471 2896 2529 Jesn
2929 2473 3147 2529 Christo
3181 2473 3297 2529 falsi
3320 2474 3433 2528 ali.

1866 2565 1995 2634 quid
2025 2564 2279 2627 senserit,
2328 2564 2441 2619 sive
2472 2564 2770 2619 secundum
2817 2578 2910 2619 eos
2956 2566 3048 2633 qui
3084 2565 3270 2619 dicunt
3304 2580 3428 2620 eum

1866 2669 1931 2709 ex
1962 2654 2160 2725 Joscph
2193 2665 2248 2709 et
2280 2654 2448 2709 Maria
2482 2664 2669 2709 natum
2691 2694 2707 2719 ,
2750 2656 2891 2710 sicut
2929 2665 3053 2709 sunt
3088 2657 3351 2711 Ebiouitat
3377 2666 3433 2713 et

1868 2744 2258 2811 Valentiniani,
2292 2746 2408 2800 sive
2440 2744 2735 2799 secundum
2774 2759 2869 2800 eos
2899 2747 2988 2815 qui
3018 2748 3430 2817 primogenitum

1865 2850 1988 2891 cum
2017 2845 2237 2905 negant,
2258 2844 2313 2891 et
2344 2836 2507 2891 totius
2536 2844 2799 2891 creaturae
2833 2836 3001 2891 Deum
3024 2876 3038 2900 ,
3075 2846 3132 2891 et
3176 2836 3429 2907 Verbum,

1864 2937 1919 2984 et
1940 2927 2298 2999 Sapientiam,
2358 2941 2479 2996 quze
2513 2934 2596 2982 est
2640 2927 2855 2981 initium
2888 2929 3096 2982 viarum
3148 2928 3241 2984 Dei
3282 2940 3433 2987 ante-

1866 3036 2028 3091 quam
2060 3019 2261 3090 aliquid
2298 3020 2473 3084 fleret,
2515 3028 2642 3074 ante
2681 3018 2875 3075 szecula
2910 3017 3221 3086 fundatam,
3272 3032 3435 3092 atque

186 3125 421 3179 regnum
455 3109 547 3164 Dei
581 3126 689 3165 non
713 3110 1085 3179 possidebunt,
1118 3110 1193 3165 ita
1233 3110 1355 3164 ethi
1384 3110 1475 3178 qui
1517 3109 1568 3163 in
1592 3109 1765 3166 haere-
1790 3133 1835 3196 ρ
1868 3123 1993 3167 ante
2034 3127 2225 3169 omnes
2267 3112 2433 3167 colles
2494 3118 2809 3182 generatam
2861 3112 2929 3177 ὀ,
3005 3111 3098 3167 sed
3159 3113 3431 3168 hominem

183 3201 294 3256 sim
327 3200 747 3256 declinaverint.
788 3200 974 3271 Neque
1011 3203 1157 3258 enim
1188 3202 1485 3270 putandum
1515 3210 1598 3257 est
1627 3203 1763 3257 tanti

184 3292 420 3359 apostoli
466 3302 576 3347 tam
607 3293 913 3348 absolutam
945 3294 1271 3348 sententiam
1325 3308 1483 3357 posse
1522 3292 1630 3349 ullo
1673 3309 1766 3364 ge-

182 3400 323 3441 nere
350 3386 633 3441 vacillare.
671 3386 962 3456 Apostolus
988 3386 1133 3441 enim
1179 3392 1265 3440 est
1310 3386 1550 3441 omnium
1579 3386 1765 3441 Eccle-

181 3477 395 3531 sisrum
426 3476 628 3533 Christi
659 3516 674 3542 ,
710 3494 818 3533 non
850 3479 919 3533 ab
949 3478 1190 3542 homine,
1223 3492 1399 3545 neque
1450 3492 1544 3545 per
1591 3476 1765 3531 homi-

184 3583 342 3632 nem,
388 3570 483 3624 sed
526 3584 624 3639 per
670 3568 855 3626 Jesum
905 3569 1182 3625 Christum
1227 3578 1282 3623 et
1331 3568 1496 3624 Deum
1546 3568 1760 3624 Patrem

181 3660 397 3716 electus
430 3662 492 3716 ".
523 3661 815 3732 Propterea
851 3676 1005 3732 ergo,
1034 3660 1338 3717 secundum
1383 3662 1760 3717 auctoritatem

184 3752 473 3808 sententia:
507 3753 676 3823 ipsius
702 3792 718 3817 ,
762 3761 976 3824 oportet
1025 3768 1124 3808 nos
1173 3752 1319 3808 sicut
1358 3754 1563 3823 reliqua
1622 3755 1759 3811 male

181 3859 311 3915 quae
344 3843 456 3915 (65)
489 3847 813 3911 numeravit,
847 3846 920 3901 ita
943 3845 1108 3902 etiam
1132 3860 1326 3901 nomen
1359 3846 1580 3901 haeresis
1606 3847 1761 3902 devi-

182 3946 333 4004 tarc,
385 3950 564 4008 neque
606 3952 729 3996 cum
784 3936 982 3994 talibus
1030 3939 1295 3995 orationis
1356 3939 1619 3997 societate
1661 3942 1760 3997 mi-

181 4029 410 4087 ιωίδτ

257 4117 584 4177 Purmws.
618 4118 687 4175 Et
724 4128 846 4190 post
895 4120 1044 4188 haec,
1078 4121 1267 4191 paucis
1307 4120 1631 4192 quibusdam
1662 4136 1761 4192 per

183 4211 431 4267 medium
453 4211 690 4277 insertis,
722 4210 952 4275 adjecit:

257 4300 551 4358 OBIGENES.
599 4320 617 4353 ι
646 4301 784 4369 Quid
830 4316 962 4357 vero
991 4302 1061 4358 sit
1104 4301 1391 4357 haereticus
1428 4303 1589 4357 homo
1611 4343 1626 4365 ,
1660 4317 1758 4373 pro

177 4396 397 4450 viribus
424 4395 649 4460 nostris,
681 4398 979 4450 secundum
1013 4395 1157 4464 quod
1185 4395 1389 4450 sentire
1416 4394 1527 4467 (64)
1565 4411 1757 4466 possu-

179 4501 334 4554 mus,
362 4487 756 4543 describamus.
799 4486 989 4543 Omnis
1040 4489 1131 4557 qui
1169 4488 1386 4543 Christo
1428 4502 1487 4543 se
1533 4489 1754 4543 credere

260 4604 306 4635 “
346 4602 476 4658 Luc.
510 4619 619 4665 xvt,
649 4603 738 4659 10.
811 4606 853 4637 "
889 4603 997 4661 Tit.
1043 4621 1126 4668 tn,
1177 4603 1267 4671 10,
1312 4606 1397 4660 11.

176 4690 304 4741 vm,
348 4674 441 4737 20,
481 4674 572 4740 22,
599 4674 689 4729 26.

258 4791 374 4855 (60)
407 4792 608 4849 Omnes
633 4809 763 4849 mss.
797 4810 977 4851 unam.
1011 4793 1180 4855 Editi.
1205 4794 1436 4849 'trinam.

258 4863 374 4935 (6|)
411 4863 484 4917 De
512 4881 613 4932 quo
642 4865 771 4918 dicit
798 4865 968 4933 qualis
1001 4868 1065 4918 sit
1096 4866 1184 4934 qui
1211 4866 1509 4927 hiereticns,
1543 4874 1590 4919 et
1616 4882 1749 4935 qua-

180 4936 253 4989 lis
274 4934 342 4988 sit
366 4936 455 5004 qui
480 4936 765 4990 catholicus
787 4946 861 4989 est
887 4944 932 4987 et
955 4936 1358 4989 ecclesiasticus.
1416 4934 1538 4988 llznc
1559 4934 1751 4993 desunt

180 5008 241 5061 in
267 5006 521 5058 omnibus
550 5021 678 5059 mss.
718 5007 940 5069 nostris,
974 5008 1067 5059 sed
1098 5014 1312 5058 exstant
1343 5007 1394 5056 in
1421 5006 1603 5059 editis.

279 5074 469 5143 61MB!
508 5072 907 5127 Commentariis
937 5078 991 5126 in
1035 5072 1202 5143 Epist.
1236 5074 1303 5125 ad
1341 5074 1536 5127 Titum.

280 5076 351 5127 δί
393 5076 469 5127 Ex
508 5076 907 5127 Commentariis
937 5078 991 5126 in
1035 5076 1202 5143 Epist.
1236 5076 1303 5125 ad
1341 5076 1536 5127 Titum.

280 5076 372 5215 63;
398 5144 562 5207 Edili,
591 5155 975 5204 numeraverat,
1009 5145 1082 5196 ita
1120 5160 1305 5197 nomen
1351 5144 1585 5215 haeresis,
1638 5151 1744 5199 etc.

182 5214 317 5271 Mss.
350 5214 661 5275 numeravit,
695 5216 771 5266 ita
801 5216 959 5267 etiam
995 5230 1179 5267 nomen
1206 5214 1439 5274 Ineresis,
1472 5224 1579 5266 etc.

260 5285 375 5355 (64)
412 5285 577 5355 Editi,
625 5285 911 5353 possimus.
1070 5286 1159 5352 qui
1202 5300 1255 5337 se
1292 5283 1499 5336 Christo
1539 5284 1751 5338 credere

180 5357 483 5428 proﬁtetur:
514 5354 643 5409 Mss.
671 5370 795 5428 vero
825 5358 949 5428 utin
985 5364 1153 5408 textu.

263 5426 379 5495 (65)
430 5424 557 5478 Mss.
611 5424 798 5495 nostri
820 5426 1075 5477 omittunt
1106 5430 1409 5495 sectatores
1438 5437 1457 5474 :
1490 5430 1546 5475 et
1590 5421 1752 5495 paulo

183 5490 309 5567 poet
345 5490 488 5567 rccte
518 5496 717 5567 habent
744 5493 1067 5567 _T81It_i_an08._
1092 5492 1361 5567 Merliuus
1414 5506 1562 5556 vero,
1592 5490 1747 5545 ’Eth-

182 5563 410 5630 manus;
442 5564 846 5627 Gcnebrardus,
872 5563 1257 5633 Eutychianos.

256 5638 372 5706 (66)
407 5635 706 5706 Τειιιὶαιιοε.
746 5633 820 5685 Ita
847 5630 1263 5706 quidem_m_ss_.;
1310 5630 1743 5706 _sed_legen_dum

178 5701 403 5761 videtur
438 5704 714 5766 Tatianos,
744 5706 809 5757 de
836 5706 1029 5771 quibus
1062 5701 1393 5771 Epiphanius
1427 5701 1620 5771 haeresi
1651 5701 1744 5763 9.6,

180 5780 257 5832 al.
288 5776 380 5829 46.
418 5776 593 5828 Editio
628 5791 760 5827 nova
794 5770 1119 5841 Hieronymi
1138 5770 1173 5823 ιι
1198 5772 1257 5824 Ι).
1304 5781 1489 5825 nostro
1528 5770 1746 5823 Martia-

186 5866 309 5903 naro
336 5848 547 5917 vulgata
580 5844 738 5897 habet
778 5840 1052 5896 lit/uanos.
1105 5840 1347 5899 llusrtus
1385 5842 1439 5898 in
1476 5840 1743 5896 Addendis

506 5943 774 6002 ΡΑτιιοι..
817 5942 933 5999 Cn.
974 5939 1173 6001 XVII.

1477 4606 1522 4637 ¹⁸
1552 4605 1573 4661 l
1598 4604 1723 4663 Cor.
1749 4624 1825 4673 Il,
1858 4610 1945 4668 l9.

1869 3206 2045 3263 solum
2073 3219 2195 3262 eum
2235 3204 2479 3260 dicentes
2512 3202 2637 3258 :vel
2682 3203 2976 3259 secundum
3004 3218 3097 3259 eos
3141 3207 3230 3273 qui
3269 3205 3433 3259 Deum

1867 3299 2087 3370 quidem
2111 3312 2233 3352 eum
2276 3296 2537 3359 fatentur,
2569 3294 2682 3367 (68)
2716 3310 2821 3350 non
2858 3304 3037 3349 tamen
3075 3298 3435 3366 assumpsisse

1869 3390 2106 3445 animam
2135 3399 2442 3457 corpusque
2470 3394 2743 3441 terrenum
2777 3405 2791 3447 :
2823 3389 2913 3457 qui
2942 3389 3041 3442 sub
3076 3389 3259 3458 specie
3280 3391 3433 3459 quasi

1869 3479 2151 3552 amplioris
2206 3478 2390 3550 gloriae
2424 3477 2550 3534 Jesu
2587 3478 2817 3533 Domino
2870 3477 3197 3549 deferendae,
3250 3484 3431 3535 omnia

1867 3587 1988 3644 quae
2013 3573 2080 3627 ab
2113 3585 2178 3627 eo
2202 3580 2353 3643 gesta
2383 3579 2529 3634 sunt,
2566 3568 2677 3641 (69)
2707 3569 2821 3625 visa
2855 3570 2967 3633 geri
3010 3571 3181 3641 magis
3204 3612 3219 3635 ,
3272 3587 3432 3641 quam

1866 3678 1994 3719 vere
2025 3671 2173 3735 gesta
2201 3675 2323 3717 esse
2338 3668 2605 3715 testantur
2637 3678 2650 3713 :
2676 3660 2877 3730 quique
2911 3675 3087 3731 neque
3117 3661 3186 3717 de
3213 3662 3437 3732 Virgine

1866 3763 2051 3810 natum
2085 3753 2343 3816 fatentur,
2391 3754 2486 3806 sed
2528 3750 2746 3821 triginta
2779 3765 3041 3806 annorum
3079 3753 3254 3808 virum
3304 3770 3426 3809 eum

1864 3847 2182 3917 apparuisse
2210 3845 2261 3899 in
2289 3842 2493 3900 Iudaea.
2537 3842 2644 3897 Alii
2675 3856 2801 3897 vero
2844 3856 2910 3897 ex
2944 3842 3163 3914 Virgine
3204 3846 3420 3914 quidem

1864 3954 1987 3995 eum
2018 3938 2244 3993 credunt
2271 3949 2391 3991 esse
2420 3933 2783 4004 progenitum,
2812 3934 2905 3989 sed
2937 3944 3155 4002 putasse
3176 3950 3234 3990 se
3260 3937 3430 4006 magis

1864 4028 2142 4099 Virginem
2166 4025 2464 4096 peperisse,
2494 4038 2601 4077 non
2629 4031 2804 4077 tamen
2835 4038 2968 4079 vere
3000 4026 3272 4094 peperisse
3299 4042 3430 4081 con-

1866 4123 2111 4177 firmant.
2145 4119 2392 4174 Latuisse
2423 4116 2621 4186 quippe
2669 4118 2831 4171 etiam
2870 4116 3143 4186 Virginem
3175 4120 3433 4188 pulativa!

1865 4209 2235 4284 generationis
2277 4216 2532 4261 asserunt
2562 4214 2986 4265 sacramentum.
3023 4206 3122 4273 Qui
3160 4212 3432 4278 quomodo

1866 4318 1971 4359 non
1993 4302 2060 4357 ab
2086 4299 2325 4355 Ecclesia
2365 4299 2521 4369 longe
2559 4298 2788 4366 ponendi
2824 4308 2967 4363 sunt,
3008 4314 3128 4353 cum
3161 4301 3274 4372 (70)
3306 4302 3430 4371 phi-

1864 4395 2083 4449 larchia:
2113 4392 2301 4446 morbo
2339 4389 2655 4460 languentes
2679 4388 2926 4459 dogmata
2956 4391 3267 4454 statuerint,
3314 4394 3433 4461 qui-

1856 4490 1958 4545 bus
1981 4488 2048 4541 ad
2077 4500 2234 4539 suum
2266 4495 2459 4536 nomen
2486 4479 2779 4551 discipulos
2802 4480 3135 4536 declinarent
3160 4481 3431 4552 ?(7l)Sed

2068 4608 2125 4637 δυ’
2148 4602 2326 4661 Galat.
2356 4616 2410 4668 v,
2440 4598 2630 4658 l9-2l.
2710 4600 2751 4633 "
2777 4598 2953 4657 Galat.
2984 4615 3019 4665 ι,
3059 4600 3112 4655 1.
3188 4601 3234 4633 ⁸⁸
3268 4599 3428 4658 Prov.

1784 4801 1829 4856 ι)
1858 4806 1907 4850 et
1937 4785 2302 4847 emendandis.

1931 4863 2043 4929 (67)
2067 4859 2195 4912 Mss.
2221 4866 2282 4929 et
2314 4852 2527 4929 Merlini
2555 4852 2744 4929 editio,
2777 4851 3052 4929 habendus
3072 4861 3171 4929 est,
3206 4862 3253 4905 et
3287 4854 3428 4927 sum-

1858 4922 2014 4993 ceret,
2070 4940 2176 4984 etc.
2220 4925 2439 4978 Rectius
2488 4923 2907 4983 Genebrardus,
2962 4922 3231 4976 habendus
3272 4922 3422 4985 esset.

1856 5003 2128 5071 sufﬁceret,
2156 5008 2259 5071 etp.

1931 5061 2043 5142 (68)
2090 5066 2227 5142 Ειιὶιί
2275 5079 2377 5118 non
2422 5070 2597 5142 tamen
2633 5062 2981 5142 assumpsisse
3022 5061 3311 5123 hominem,
3368 5065 3426 5116 id

1857 5131 1955 5203 est;
2026 5131 2291 5199 animum.
2344 5142 2448 5186 ειε-
2508 5131 2611 5203 “5-
2668 5132 3035 5203 δθτυθίδίωῖδν
3093 5148 3193 5185 "0"
3246 5143 3423 5186 mm“

1856 5210 2199 5278 assumpsisse
2226 5204 2464 5259 eumdem
2493 5202 2751 5268 animam,
2799 5213 2905 5256 etc.
2942 5202 3136 5256 Castori
3185 5218 3316 5256 mss.
3367 5216 3427 5257 ut

1857 5292 2246 5421 ff](t(?;)m_l:3diti,
2286 5342 2611 5421 phantastice
2657 5343 2851 5421 magis,
2904 5358 3088 5410 quam,
3144 5350 3295 5421 etc.“
3317 5340 3421 5421 Ms.

1860 5409 2194 5474 So'rbonicus
2217 5454 2232 5475 ,
2272 5409 2381 5482 nisa
2414 5427 2589 5479 gerere
2635 5409 2821 5482 magis,
2873 5409 3209 5482 quam,_etc.
3240 5409 3426 5479 .Puulo

1856 5500 1977 5557 post
2004 5488 2152 5552 editi,
2176 5484 2250 5557 _de
2290 5481 2500 5551 Virgine
2525 5480 3028 5536 natum‘testantur.
3058 5480 3249 5535 Caeteri
3288 5498 3419 5534 mss.

1852 5555 2055 5613 rectius
2089 5568 2144 5608 ιιι
2174 5555 2228 5607 in
2260 5563 2428 5606 textu.

1926 5629 2037 5698 (70)
2069 5626 2231 5685 Editi,
2270 5632 2338 5698 Aet
2388 5638 2491 5677 ms.
2533 5622 2753 5687 Regius,
2806 5621 3168 5692 philargyrite.
3226 5620 3419 5674 Cit-teri

1855 5693 1987 5753 mss.
2022 5693 2349 5763 philarchiw.

1955 5758 2043 5833 'll)
2074 5765 2178 5819 Sed
2230 5774 2276 5817 et
2316 5779 2401 5815 eos
2434 5762 2523 5832 qui
2570 5762 2851 5823 hominem,
2883 5771 2988 5814 etc.
3022 5760 3273 5833 ErroArem
3318 5758 3424 5811 Re...

1927 5768 2043 5893 (7i)
2074 5768 2178 5819 Sed
2230 5774 2276 5817 et
2316 5779 2401 5815 eos
2434 5768 2523 5832 qui
2570 5768 2851 5823 hominem,
2883 5771 2988 5814 etc.
3024 5768 3273 5815 Errorem
3318 5768 3419 5811 Item

1852 5839 1973 5911 ryli
2002 5836 2390 5893 Bostrenorum
2435 5832 2671 5902 episcopi
2717 5834 2803 5887 hic
2847 5833 3096 5901 designat
3137 5829 3419 5900 Origenes.

3070 5926 3143 5985 18
