3884 6218
484 298 589 353 555

1689 301 1745 355 S.
1786 296 2114 355 PAMPHILI
2157 296 2510 355 MARTYRIS
3638 311 3730 367 556

482 432 576 469 eos
612 415 701 484 qui
742 415 1017 475 hominem
1058 416 1248 472 dicunt
1287 417 1577 472 Dominum
1627 416 1809 471 .Iesum
1852 430 2058 484 praeco-
2088 418 2133 473 Α
2163 415 2336 470 virum
2381 433 2504 472 cum
2551 418 2636 474 his
2663 421 2914 477 omnibus
2965 437 3085 490 qua
3132 436 3297 493 supra
3345 424 3728 496 exposuimus,

484 511 691 580 genitum
726 520 780 563 et
808 510 1273 579 praedestinatum,
1304 512 1394 580 qui
1442 520 1568 564 ante
1610 512 1899 564 adventum
1936 524 2056 563 car-

482 599 655 652 nalem
690 598 1120 655 substantialiter
1145 608 1199 655 et
1239 601 1459 669 proprie
1490 615 1593 655 non
1620 601 1927 664 exstiterit,
1961 600 2056 655 sed

483 693 624 763 quod
656 693 816 748 homo
858 703 1015 749 natus
1053 693 1232 748 Patris
1274 694 1444 750 solam
1480 694 1535 749 in
1577 709 1635 749 se
1666 696 1912 750 habuerit
1942 693 2058 767 (72)

491 788 770 852 deitatem,
806 803 872 842 ne
898 788 1018 842 illos
1042 789 1258 856 quidem
1289 789 1405 844 sine
1424 789 1664 859 periculo
1692 801 1774 845 est
1802 790 2056 845 Ecclesiae

482 894 713 933 numero
732 880 930 934 sociari
959 898 972 934 :
991 864 1129 934 sicut
1151 888 1205 934 et
1228 879 1347 934 illos
1371 881 1459 950 qui
1487 882 1864 950 superstitiose
1884 881 2056 952 magis

479 985 638 1039 quam
660 971 932 1041 religiose,
948 971 1023 1025 uti
1053 986 1120 1025 ne
1140 971 1427 1025 videantur
1444 973 1579 1026 duos
1597 972 1727 1028 deos
1750 972 2057 1042 dicere,fne-

478 1084 583 1139 que
612 1083 821 1123 rursum
842 1082 1045 1136 negare
1072 1065 1375 1121 Salvatoris
1401 1066 1682 1130 deitatem,
1724 1083 1884 1122 unam
1905 1083 2055 1123 eam-

479 1161 710 1230 demque
728 1159 837 1231 (73)
861 1158 1264 1213 subsistentiam
1286 1156 1464 1212 Patris
1483 1172 1545 1212 ac
1570 1158 1691 1212 Filii
1715 1167 2052 1224 asseverant,

431 1248 530 1304 ‘id
565 1259 667 1313 est,
699 1249 803 1303 duo
827 1248 1045 1317 quidem
1081 1247 1297 1301 nomina
1342 1247 1641 1302 secundum
1679 1248 2053 1302 diversitatem

477 1356 762 1397 causarum
829 1340 1218 1410 recipientem,
1278 1356 1440 1395 unam
1503 1350 1685 1396 tamen
1757 1341 2054 1396 ὑπόστασιν

476 1434 792 1498 subsistere,
846 1434 897 1487 id
941 1442 1025 1487 est
1062 1448 1221 1487 unam
1257 1448 1545 1502 personam
1570 1434 1778 1489 duobus
1826 1435 2058 1490 nomini-

473 1529 578 1582 bus
607 1526 976 1595 subjacentem
1004 1570 1016 1590 ,
1050 1524 1141 1592 qui
1196 1524 1385 1578 Latine
1429 1523 1817 1594 Patripassiani
1871 1523 2053 1595 appel-

476 1619 677 1674 lantur.
716 1618 825 1690 (74)
877 1617 981 1673 Sed
1029 1628 1083 1671 et
1123 1616 1165 1672 si
1217 1617 1307 1686 qui
1342 1626 1467 1671 sunt
1499 1617 1591 1686 qui
1627 1617 1890 1687 Spiritum
1928 1633 2051 1672 san-

476 1724 623 1767 ctum
651 1712 816 1765 alium
844 1709 1060 1779 quidem
1092 1709 1282 1763 dicunt
1309 1722 1427 1763 esse
1463 1709 1554 1778 qui
1581 1707 1683 1762 fuit
1729 1708 1782 1762 in
1813 1709 2048 1778 prophe-

478 1806 569 1871 tis,
602 1806 767 1858 alium
796 1813 973 1858 autem
1010 1803 1100 1872 qui
1131 1800 1233 1855 fuit
1264 1800 1317 1855 in
1348 1799 1611 1871 apostolis
1633 1800 1845 1854 Domini
1876 1800 2043 1854 nostri

470 1895 599 1951 Jesu
629 1895 853 1958 Christi,
889 1909 1053 1947 unum
1085 1901 1246 1962 atque
1280 1890 1423 1945 idem
1451 1890 1705 1946 delictum
1744 1891 2042 1961 impietatis

470 1985 787 2050 admittunt,
824 1983 967 2052 quod
996 1982 1096 2047 illi,
1134 1981 1252 2051 qui,
1282 1990 1543 2050 quantum
1578 1981 1631 2035 in
1662 1995 1722 2036 se
1752 1990 1857 2046 est,
1889 1990 2046 2035 natu-

472 2095 587 2133 ram
619 2078 833 2133 deitatis
865 2085 1071 2139 secant,
1097 2084 1151 2130 et
1190 2075 1302 2145 (75)
1337 2074 1595 2130 scindunt
1629 2090 1794 2128 unum
1830 2074 1968 2145 legis
1992 2082 2047 2128 et

471 2170 886 2240 Evangeliorum
944 2170 1131 2223 Deum.
1196 2167 1300 2222 Sed
1354 2175 1410 2222 et
1454 2166 1528 2221 illi
1578 2167 1671 2236 qui
1707 2182 1810 2220 non
1854 2181 2045 2221 omnes

470 2266 734 2317 humanas
775 2263 987 2315 animas
1046 2260 1207 2313 unius
1257 2258 1370 2331 (76)
1425 2259 1777 2329 ejusdemque
1834 2267 2042 2312 natura:

467 2356 654 2410 dicunt
683 2370 803 2411 esse
841 2353 923 2408 vel
971 2352 1327 2417 substantiae,
1374 2352 1471 2405 sed
1525 2351 1771 2405 diversas
1815 2359 2041 2404 naturas

468 2448 798 2512 animarum,
836 2448 977 2502 inter
1009 2461 1102 2501 eas
1137 2447 1369 2500 haereses
1410 2442 1731 2497 numerandi
1764 2452 1893 2496 sunt
1922 2456 2043 2511 quas

465 2541 809 2611 iniquitatem
858 2542 908 2595 in
962 2540 1246 2595 Excelsum
1299 2538 1593 2607 loquuntur
1631 2536 1699 2600 ²¹,
1751 2545 1913 2602 atque
1958 2534 2043 2588 in-

462 2633 726 2704 justitiam
787 2633 1236 2702 iniquitatemque
1298 2630 1416 2699 ejus
1477 2637 1753 2683 accusant.
1820 2627 2040 2681 Necnon

467 2737 523 2783 et
581 2727 657 2781 illi
717 2728 806 2795 qui
869 2727 1022 2780 liberi
1079 2726 1289 2780 arbitrii
1336 2734 1659 2795 potestatem
1713 2739 1779 2777 ex
1831 2723 2041 2777 anima-

465 2822 565 2878 bus
631 2821 844 2876 aulerre
889 2820 1138 2873 nituntur
1198 2817 1338 2871 velut
1385 2816 1505 2887 ,(77)
1578 2815 1887 2884 perniciosa
1938 2816 2039 2870 do-

473 2924 674 2984 gmata,
711 2912 981 2967 communi
1012 2912 1261 2965 humanae
1290 2910 1432 2975 vitae,
1459 2919 1511 2965 et
1540 2907 1728 2962 virtuti
1760 2909 2043 2962 continen-

464 3008 555 3061 tia:
585 3004 759 3059 labem
799 3005 1089 3073 quamdam
1129 3002 1329 3056 inferre
1361 3001 1638 3068 judicandi
1670 3009 1817 3067 sunt,
1845 3015 1913 3054 ne
1940 3000 2042 3053 hu-

2077 1757 2125 1817 Β

2171 510 2335 563 etiam
2377 510 2443 565 de
2478 521 2814 567 mortuorum
2852 515 3249 570 resurrectione
3296 514 3470 583 ﬁdes,
3520 518 3584 573 de
3630 535 3725 589 qua

2158 614 2395 660 sanctus
2445 606 2725 675 apostolus
2773 606 2973 664 Paulus
3019 610 3092 665 ita
3126 614 3480 681 pronuntiat,
3531 615 3654 685 quia
3688 619 3726 672 si

2157 697 2281 765 quis
2344 706 2504 767 negat
2566 702 3023 757 resurrectionem
3089 714 3431 759 mortuorum
3467 747 3481 770 ,
3540 722 3725 763 conse-

2156 803 2327 858 quens
2354 799 2510 844 estut
2533 790 2735 847 Christi
2764 794 3215 849 resurrectionem
3234 807 3392 866 neget
3409 798 3473 849 ".
3493 797 3605 869 (79)
3625 797 3724 853 Ha-

2155 880 2348 935 beatur
2376 881 2730 938 nihilominus
2758 885 2810 938 in
2848 885 3223 941 ecclesiastico
3250 888 3439 942 ordine
3464 890 3628 943 etiam
3666 891 3725 944 de

2155 972 2374 1028 diabolo
2407 975 2567 1041 ratio,
2599 984 2653 1031 et
2681 977 2749 1031 de
2785 977 2934 1031 omni
2967 976 3086 1047 ejus
3128 979 3398 1045 exercitu,
3429 982 3569 1049 quod
3599 997 3721 1053 ago-

2156 1081 2252 1121 nes
2281 1068 2541 1137 quosdam
2585 1079 2641 1123 et
2680 1070 2978 1125 certamina
3019 1071 3307 1127 adversum
3341 1088 3530 1130 omnes
3555 1075 3723 1129 homi-

2155 1172 2253 1214 nes
2278 1200 2294 1226 ,
2342 1160 2615 1230 praecipue
2647 1170 2825 1216 tamen
2861 1163 3124 1218 adversus
3158 1178 3254 1218 eos
3284 1165 3376 1234 qui
3408 1166 3643 1221 credunt
3671 1166 3720 1222 in

2156 1250 2445 1306 Dominum
2496 1262 2742 1308 nostrum
2773 1252 2958 1309 Jesum
3004 1253 3332 1322 Christum,
3384 1267 3725 1314 moventzet

2153 1344 2298 1413 quod
2337 1346 2714 1401 necessitatem
2745 1348 2961 1416 quidem
3007 1347 3289 1418 imponere
3341 1351 3599 1418 peccandi
3634 1366 3725 1422 per

2154 1451 2355 1506 agones
2377 1447 2433 1492 et
2456 1440 2756 1494 certamina
2797 1454 2906 1494 non
2936 1438 3153 1506 valent,
3182 1442 3511 1509 persuadere
3550 1452 3724 1499 tamen

2152 1533 2207 1578 et
2238 1523 2490 1594 decipere
2520 1526 2587 1580 ad
2621 1528 3031 1583 subversionem
3082 1540 3314 1598 possunt
3360 1546 3454 1587 eos
3485 1534 3575 1603 qui
3622 1550 3723 1588 non

2153 1614 2300 1668 omni
2330 1615 2577 1669 custodia
2626 1631 2722 1670 sua
2771 1618 2939 1672 corda
2987 1621 3373 1687 praemuniunt.
3410 1621 3727 1679 llabendum

2154 1712 2240 1758 est
2280 1714 2462 1759 autem
2495 1707 2546 1760 in
2580 1708 2967 1763 ecclesiasticis
3014 1710 3532 1782 observationibus,
3584 1719 3727 1785 quod

2154 1812 2329 1868 neque
2375 1799 2656 1855 hominum
2687 1802 2809 1871 quis
2850 1818 2881 1855 a
2921 1804 3029 1857 Deo
3079 1802 3131 1857 in
3169 1806 3527 1873 perditionem
3560 1810 3729 1865 tradi-

2150 1901 2237 1948 tus
2264 1903 2368 1958 est,
2400 1895 2495 1949 sed
2528 1897 2899 1965 unusquisque
2941 1898 3281 1965 pereuntium
3313 1913 3409 1953 sua
3441 1900 3728 1973 negligen-

2147 1984 2221 2039 tia
2257 1994 2449 2055 pereat
2473 1995 2527 2041 et
2560 1987 2720 2056 culpa
2750 2027 2765 2051 ,
2795 1989 2885 2058 qui
2915 1986 3123 2043 habens
3153 1990 3364 2044 arbitrii
3397 1991 3728 2059 libertatem,

2146 2079 2346 2150 eligere
2376 2081 2514 2149 quod
2560 2080 2759 2135 bonum
2810 2092 2893 2136 est
2942 2092 2998 2135 et
3032 2084 3209 2152 potuit
3251 2091 3305 2136 et
3336 2083 3538 2138 debuit.
3573 2084 3730 2152 Quod

2146 2172 2309 2225 etiam
2344 2171 2411 2226 de
2459 2172 2578 2242 ipso
2611 2173 2827 2227 diabolo
2859 2174 3200 2229 sentiendum
3242 2184 3346 2240 est,
3379 2177 3467 2244 qui
3501 2177 3553 2231 in
3590 2193 3728 2232 con-

2145 2274 2333 2334 spectu
2388 2263 2601 2318 Domini
2658 2266 3051 2335 omnipotentis
3103 2268 3434 2322 describitur
3489 2272 3731 2326 restitis-

2145 2369 2203 2410 se
2227 2355 2295 2423 ",
2327 2366 2382 2410 et
2411 2357 2719 2412 deseruisse
2767 2366 2970 2412 statum
3000 2376 3155 2413 suum
3185 2360 3235 2413 in
3268 2375 3378 2429 quo
3413 2361 3598 2416 fuerat
3628 2363 3729 2417 im-

2145 2448 2447 2504 maculatus
2473 2452 2517 2483 ²⁵
2554 2452 2685 2520 :qui
2716 2451 2899 2521 utique
2926 2453 3189 2521 potuisset
3238 2453 3292 2506 in
3332 2455 3432 2508 hoc
3469 2464 3620 2509 statu
3671 2456 3723 2510 in

2144 2556 2252 2610 quo
2285 2541 2354 2595 ab
2404 2542 2558 2597 initio
2584 2543 2683 2596 l'uit
2708 2585 2723 2610 ,
2775 2559 2948 2614 usque
2977 2545 3028 2597 in
3062 2543 3222 2599 tinem
3258 2559 3623 2613 perseverare
3680 2550 3726 2604 si

2145 2633 2421 2688 voluisset.
2455 2635 2780 2704 Designatus
2802 2676 2816 2701 ,
2855 2645 2913 2689 ut
2943 2638 3206 2701 arbitror,
3243 2637 3396 2692 nobis
3420 2647 3528 2702 est,
3561 2650 3727 2707 prout

2142 2726 2415 2794 potuimus
2445 2764 2461 2790 ,
2505 2736 2561 2779 et
2607 2728 2912 2795 descriptus
2943 2728 3069 2798 quis
3101 2736 3155 2783 et
3198 2730 3373 2799 qualis
3425 2739 3575 2786 esset
3615 2732 3726 2804 (80)

2144 2817 2435 2872 haereticus
2456 2858 2470 2883 ,
2508 2828 2563 2873 et
2593 2833 2711 2887 quae
2740 2819 2823 2873 vel
2852 2822 2904 2874 in
2958 2822 3156 2889 quibus
3183 2821 3301 2890 ejus
3328 2823 3583 2892 dogmata
3630 2826 3728 2879 fal-

2142 2924 2324 2978 saeque
2359 2910 2645 2979 opiniones
2689 2911 3014 2977 habeantur,
3042 2921 3098 2967 et
3136 2928 3258 2983 quae
3288 2914 3359 2970 sit
3388 2914 3726 2973 ecclesiasti-

2142 3016 2219 3056 cae
2254 3000 2613 3056 observantia:
2652 3002 2879 3070 puritas.
2916 3021 2935 3053 ι

464 3098 607 3151 mani
639 3096 898 3167 propositi
931 3111 1016 3149 res
1043 3102 1264 3162 putetur
1296 3092 1502 3147 bonum
1532 3093 1661 3162 quid
1695 3092 1779 3147 vei
1813 3090 1995 3146 facere
2021 3132 2035 3156 ,

2212 3092 2541 3149 Psupmws.
2575 3094 2641 3148 Et
2672 3104 2791 3162 post
2819 3108 2990 3164 pauca
3015 3094 3222 3151 addidit
3252 3097 3397 3153 haec:

453 3192 548 3245 vel
580 3190 760 3245 dicere
787 3231 801 3255 ,
843 3189 927 3242 vel
954 3188 1156 3243 sentire
1185 3204 1199 3241 :
1232 3200 1299 3239 ex
1330 3201 1439 3256 quo
1469 3186 1533 3238 ad
1572 3193 1941 3253 contemptum
1972 3198 2037 3238 ac

462 3283 847 3353 negligentiam
885 3280 1052 3334 divini
1084 3278 1284 3348 'judicii
1326 3292 1478 3331 tuens
1503 3278 1741 3330 humana
1773 3276 2035 3331 formabi-

463 3384 571 3428 tur.
605 3373 688 3426 Sit
721 3384 899 3426 autem
930 3370 982 3423 in
1006 3369 1376 3424 ecclesiastico
1398 3367 1590 3422 ordine
1622 3367 1784 3420 etiam
1815 3367 1880 3419 de
1911 3380 2036 3435 pec-

463 3476 707 3521 catorum
740 3464 1019 3533 suppliciis
1054 3462 1222 3525 ﬁdes,
1254 3470 1310 3514 et
1349 3460 1416 3515 de
1444 3460 1527 3514 his
1559 3460 1646 3529 qui
1678 3458 1899 3529 praemia
1934 3460 2031 3512 ho—

461 3574 543 3613 me
591 3555 1019 3612 conversationis
1064 3563 1128 3608 et
1164 3552 1374 3606 vitaarin
1407 3564 1572 3620 regno
1624 3549 1838 3604 Domini
1886 3548 2036 3615 justo

456 3651 579 3719 ejus
613 3648 818 3718 judicio
853 3644 1121 3715 recepturi
1173 3655 1319 3698 sunt.
1373 3642 1429 3698 Si
1486 3643 1610 3713 quis
1654 3658 1786 3710 ergo
1837 3643 2031 3695 horum

460 3744 664 3813 a.iquid
693 3782 707 3807 ,
759 3757 880 3809 qum
930 3754 1092 3807 supra
1130 3737 1482 3807 exposuimus
1506 3779 1522 3803 ,
1555 3747 1897 3791 commutare
1943 3737 2033 3793 vel

458 3836 777 3891 subvertere
806 3832 917 3903 (78)
936 3840 1182 3896 conatur,
1210 3829 1357 3884 velut
1384 3846 1673 3894 perversus,
1711 3839 1765 3882 et
1795 3846 1826 3882 a
1854 3840 2034 3883 semet-

456 3929 573 3993 ipso
619 3926 923 3987 damnatus,
959 3925 1251 3976 secundum
1301 3922 1626 3975 sententiam
1674 3920 1915 3989 Apostoli
1961 3922 2026 3987 “,

456 4020 619 4074 etiam
658 4032 687 4069 a
735 4016 891 4069 nobis
926 4023 1193 4083 praecepto
1227 4013 1651 4082 obsequentihus
1681 4011 1799 4080 ejus
1826 4053 1842 4079 ,
1879 4015 2031 4069 simi-

456 4111 581 4166 liter
614 4108 891 4163 habendus
922 4117 1027 4161 est.
1076 4106 1329 4174 Desiguet
1376 4114 1556 4157 autem
1593 4105 2025 4162 ecclesiasticum

510 4255 568 4286 ε²¹
610 4252 810 4307 Psalm.
841 4266 1012 4312 Lxxn,
1055 4247 1112 4302 8.
1217 4252 1260 4282 ²¹
1291 4248 1397 4302 Tit.
1426 4265 1509 4315 ιιι,
1549 4250 1636 4305 Η.

452 4324 500 4356 ’⁸
525 4324 626 4379 lsa.
654 4339 756 4378 va
780 4362 796 4387 ,
830 4322 883 4376 5.
982 4322 1025 4352 ³⁷
1064 4319 1203 4376 Psal.
1236 4336 1359 4385 CXL,
1383 4320 1439 4374 5.

1735 4252 1780 4283 ³³
1808 4250 1828 4304 Ι
1854 4250 1978 4309 Cor.
2014 4269 2105 4318 xv,
2141 4254 2227 4309 i5.

2214 3185 2503 3242 ORIGENES.
2568 3205 2586 3237 ‹
2643 3186 3030 3256 Requisierunt
3078 3199 3211 3243 sane
3260 3190 3481 3259 quidam
3535 3201 3721 3247 utrum

2144 3281 2422 3343 haeresim,
2463 3280 2578 3350 (8i)
2619 3296 2684 3333 an
2724 3280 2961 3335 schisma
3004 3290 3254 3350 oporteat
3287 3283 3471 3336 vocari
3501 3298 3601 3338 eos
3632 3285 3720 3354 qui

2141 3371 2499 3442 Cataphrygae
2548 3372 2916 3435 nominantur,
2966 3371 3319 3426 observantes
3375 3370 3541 3427 falsos
3592 3390 3722 3444 pro-

2141 3461 2334 3529 phetas
2382 3470 2437 3513 et
2487 3460 2729 3514 dicentes
2764 3476 2777 3512 :
2808 3457 2892 3512 Ne
2922 3462 3142 3512 accedas
3192 3458 3260 3511 ad
3310 3474 3423 3525 me,
3465 3462 3722 3529 quoniam

2137 3555 2363 3609 mundus
2397 3570 2511 3607 sum
2534 3553 2581 3584 ³⁸
2610 3572 2624 3608 :
2663 3567 2768 3607 non
2800 3554 2942 3607 enim
2975 3550 3088 3622 (89.)
3118 3553 3303 3621 accepi
3339 3567 3591 3616 uxorem,
3621 3568 3722 3607 nec

2137 3656 2220 3702 est
2250 3645 2552 3715 sepulcrum
2584 3654 2773 3714 patens
2798 3654 2985 3713 guttur
3021 3658 3197 3697 meum
3220 3683 3235 3708 ,
3266 3643 3360 3696 sed
3389 3657 3508 3698 sum
3537 3642 3723 3698 Naza-

2137 3755 2277 3795 rzeus
2308 3739 2427 3799 Dei,
2463 3753 2568 3792 non
2599 3737 2787 3792 bibens
2812 3739 2994 3790 vinum
3026 3737 3168 3791 sicut
3199 3735 3293 3789 illi.
3333 3754 3352 3788 ι

2209 3833 2531 3887 PAMPHILUS.
2588 3829 2708 3885 Ista:
2744 3844 2903 3884 voces
2933 3838 3058 3883 sunt
3087 3828 3204 3896 ejus
3235 3827 3324 3896 qui
3354 3826 3505 3881 velut
3533 3828 3720 3884 haere-

2141 3926 2278 3981 ticus
2323 3933 2634 3986 accusatur,
2685 3932 2739 3975 et
2787 3921 3070 3990 corruptio
3102 3936 3166 3975 ac
3213 3921 3445 3990 perditio
3497 3924 3719 3975 anima-

2137 4030 2278 4077 rum,
2314 4014 2383 4068 ah
2413 4014 2498 4067 his
2523 4013 2615 4080 qui
2649 4025 2992 4079 nequaquam
3018 4011 3215 4065 ostium
3243 4011 3324 4065 ori
3354 4025 3453 4066 suo
3478 4020 3534 4066 et
3561 4011 3721 4066 clau-

2136 4116 2246 4164 stra
2299 4104 2455 4160 labiis
2480 4104 2594 4159 suis
2621 4102 2900 4171 imponere
2930 4117 2958 4154 a
3009 4100 3276 4170 PrOpheta
3308 4103 3622 4158 didicerunt
3647 4106 3717 4160 ".

2336 4251 2382 4283 "
2410 4249 2618 4307 Daniel.
2662 4266 2716 4314 x,
2748 4247 2843 4315 1'5;
2872 4247 3096 4318 Apocal.
3128 4262 3223 4311 xu,
3252 4245 3301 4298 7.
3399 4246 3445 4277 "
3479 4244 3608 4301 Jud.
3660 4249 3717 4304 6.

452 4445 533 4499 De
572 4445 735 4499 haece
775 4442 968 4496 ha‘resi
1004 4439 1125 4493 vide
1171 4438 1316 4507 quod
1357 4437 1591 4493 diximus
1641 4436 2014 4509 Origenianor.
2050 4444 2093 4497 ι)
2123 4439 2260 4492 inter
2302 4455 2390 4492 eos
2423 4438 2694 4492 Iuereticos
2746 4434 3059 4488 numerandi
3113 4440 3233 4487 sunt
3267 4432 3389 4503 qui,
3435 4442 3546 4487 etc.
3600 4433 3714 4489 Sed

451 4515 545 4570 lib.
578 4532 617 4576 ι,
654 4529 768 4580 cap.
793 4513 849 4575 ’5,
876 4523 977 4585 art.
1014 4514 1068 4585 8.
1332 4582 1341 4585 _
1578 4577 1626 4585 _,
1774 4579 1784 4585 _
1980 4581 1989 4585 -

2152 4525 2312 4585 tumes
2341 4524 2473 4585 mss.
2504 4520 2561 4561 ut
2594 4509 2644 4560 in
2672 4518 2842 4585 textu.
2913 4574 2925 4585 .
2962 4573 2975 4585 ,
3145 4573 3158 4585 .
3195 4572 3208 4585 ,
3269 4573 3279 4585 .
3420 4582 3430 4585 _
3529 4574 3539 4585 .
3584 4583 3593 4585 -
3675 4576 3687 4585 .

523 4572 633 4656 (7‘2)
670 4572 1206 4656 Editi,’dieinitatem,
1242 4596 1303 4656 ne
1326 4582 1466 4656 ipsos
1501 4577 1707 4646 quidem
1742 4579 2019 4656 sineperi-
2192 4578 2305 4656 (77)
2338 4578 2427 4656 Sic
2466 4577 2821 4656 IIIS-5.”ll-()Sll‘l,
2874 4573 2978 4629 nisi
3018 4573 3159 4654 quod
3195 4572 3457 4656 ltahe‘ant,
3492 4574 3713 4656 virtutis

451 4644 568 4710 ιιιιό
600 4644 710 4709 esse
744 4652 1147 4723 (Gcnchrardtts
1186 4644 1388 4723 omittit
1426 4644 1575 4701 esse:
1606 4664 1706 4701 ius.
1728 4647 2019 4723 Sorbgui—
2120 4644 2475 4723 continentiw.
2528 4648 2699 4723 ΕιΙίιίΔ
2728 4659 2855 4698 vero
2876 4684 2891 4709 ,
2955 4645 3253 4723 pernicioso
3307 4644 3585 4723 dogmate.
3610 4681 3629 4697 .
3656 4685 3671 4700 .
3695 4681 3710 4696 .

453 4741 552 4779 cus
578 4742 724 4795 pas-se
752 4716 852 4792 pro
900 4722 1054 4792 esse),
1086 4721 1335 4795 Ecciesia:
1366 4736 1581 4795 numero
1631 4720 1845 4771 sociari.
1900 4718 2018 4773 (Zie-
2118 4731 2165 4772 et
2201 4718 2379 4773 virtuti
2412 4716 2745 4774 continentiae
2766 4753 2781 4768 .
2808 4753 2854 4769 ..
2876 4752 2891 4766 .
2913 4730 2974 4768 ne
3003 4716 3222 4766 humani
3262 4716 3515 4781 prapositi
3550 4730 3714 4782 repu-

450 4796 551 4849 tcri
578 4790 708 4849 inss.
743 4790 799 4846 ut
824 4795 874 4846 in
908 4790 1075 4864 testu,
1110 4792 1210 4845 nisi
1239 4792 1381 4859 quod
1419 4790 1648 4842 habeant
1676 4805 1783 4841 esse
1807 4803 1905 4858 pro
1937 4800 2013 4843 est
2117 4798 2416 4864 τρια-τελείῳ.
2510 4856 2541 4864 _
2614 4857 2625 4864 _
2724 4856 2735 4864 _
2956 4862 2961 4864 Α
3024 4853 3067 4864 __
3153 4853 3183 4864 ί.
3251 4852 3283 4864 η
3364 4852 3432 4864 m
3475 4851 3488 4864 _
3585 4853 3623 4864 η

448 4868 592 4936 quod
620 4866 893 4936 legendum
928 4851 1154 4936 videtur.
1383 4930 1394 4936 _
1528 4930 1537 4936 _
1703 4930 1713 4936 _
1807 4851 1822 4858 ’
1943 4930 1954 4936 _
2188 4860 2303 4929 (78)
2331 4858 2458 4913 Mss.
2509 4856 2837 4936 Sorbouicus
2860 4895 2874 4916 ,
2915 4862 2971 4909 et
3022 4853 3216 4907 Montis
3251 4852 3308 4907 S.
3340 4851 3659 4936 Michaelis
3690 4896 3707 4920 ,

522 4936 631 5005 (75)
662 4926 787 5006 Mss.
813 4934 1223 5006 subsistentinnt.
1259 4929 1395 5006 Editi
1414 4930 2011 5006 ,_su_bsta_ntiam,_niale.
2116 4926 2359 4992 conatur,
2388 4938 2563 5006 peccat
2591 4928 2727 4980 velut
2750 4942 3024 5006 pet-versus
3040 4937 3085 4976 et
3105 4942 3147 5005 ⁸ιι
3171 4926 3709 5006 seutetipsodunma-

520 4997 634 5074 (74)
687 5005 782 5057 Ms.
822 5003 1185 5074 Corheiensis,
1222 5010 1275 5054 et
1313 4999 1525 5074 Merlini
1560 5000 1728 5074 editio
1756 5041 1769 5063 ,
1814 5000 1919 5055 Sed
1966 5012 2013 5074 et
2115 5010 2220 5061 tus,
2250 5009 2296 5051 et
2320 5000 2626 5063 secundum,
2651 5010 2758 5050 etc.
2791 4997 2895 5050 Sed
2931 4997 3119 5049 caeteri
3144 5010 3272 5047 mss.
3306 5005 3363 5046 et
3393 4997 3523 5047 editi
3563 5006 3622 5048 ut
3655 4999 3710 5050 in

447 5070 535 5147 qui
563 5070 683 5129 sunt
709 5077 819 5141 qui,
863 5072 1430 5147 etc._Genebrardus,
1478 5070 1580 5124 Sed
1628 5081 1695 5147 _e_t_
1726 5080 1847 5147 sunt
1898 5071 2009 5140 qui,
2116 5080 2287 5147 textu,
2327 5137 2345 5147 Ι
2646 5136 2658 5147 _
2729 5135 2739 5146 O
2983 5135 2994 5147 '
3030 5135 3043 5147 .
3221 5133 3233 5147 _
3348 5133 3357 5143 .

447 5132 575 5208 οἶιρη
606 5132 746 5216 quod
772 5132 1236 5216 contrariutnerat
1268 5142 1350 5216 li_is
1379 5132 1497 5208 quas
1532 5140 1724 5216 scribit
1748 5132 2012 5206 Origenes
2182 5138 2294 5216 (79)
2327 5137 2402 5216 ita
2440 5152 2571 5191 mss.
2610 5135 2887 5216 plerique;
2923 5135 3044 5216 ἰιίδί
3092 5133 3234 5214 quod
3265 5132 3504 5216 quidam
3536 5135 3709 5201 paulo

448 5218 540 5269 ιιι».
566 5203 639 5270 ἠ’
668 5215 740 5266 De
779 5213 1071 5279 principiis,
1121 5227 1242 5279 cap.
1288 5210 1341 5270 7,
1389 5203 1535 5262 tium.
1577 5209 1628 5268 l,
1666 5210 1806 5261 Duos
1837 5203 2011 5262 autem
2115 5203 2231 5279 ρρὲι
2266 5203 2530 5262 habeant:
2579 5203 2626 5258 et
2655 5210 2719 5259 de
2748 5203 3030 5275 umnijure
3057 5206 3314 5279 exercitii.
3366 5203 3505 5279 (ῥαιιί
3542 5219 3707 5271 vero,

448 5287 679 5352 Spiritus
713 5274 918 5336 sanctos
948 5274 1216 5351 nunquam
1248 5281 1549 5352 audivimus
1571 5279 1634 5330 ab
1670 5279 2009 5352 aliquorprrv-
2116 5278 2474 5352 Habentur._...
2502 5280 2729 5352 rationes
2777 5274 2913 5345 (ius.
2944 5277 3272 5352 Sorhonicus
3296 5313 3311 5337 ,
3355 5274 3705 5329 “alleluia...

447 5346 641 5410 dicari.
703 5357 807 5408 Sed
858 5354 1037 5406 caeteri
1070 5346 1211 5405 'tnss.
1255 5356 1420 5403 nostri
1464 5350 1552 5416 qui
1599 5346 2004 5425 recteqltdhent,
2111 5350 2286 5425 ratio)
2312 5350 2445 5425 etde
2477 5350 2615 5399 omni
2656 5346 2767 5425 ejus
2800 5348 3054 5425 exercitu,
3087 5356 3191 5425 etc.
3226 5415 3237 5425 .

444 5428 549 5481 Sed
568 5437 614 5480 et
648 5428 693 5480 si
720 5426 809 5488 qui
828 5434 948 5475 sunt
976 5423 1085 5489 qui,
1105 5433 1235 5495 etc_.,
1259 5430 1499 5488 apertam
1527 5420 2005 5495 contradictionem
2181 5416 2294 5487 (80)
2332 5418 2651 5495 ζιιιιιηιιειιε.
2696 5419 2974 5495 omittitur
3022 5421 3072 5468 in
3109 5416 3379 5495 plerisque
3403 5428 3563 5495 mss,
3605 5417 3703 5483 qui

444 5501 681 5552 solvunt.
712 5486 781 5549 lbi
820 5494 960 5546 enim
986 5486 1091 5544 non
1119 5486 1436 5549 allirntatnr,
1465 5491 1557 5542 sed
1588 5491 1879 5542 dubitatur.
2110 5486 2291 5556 postea
2332 5490 2531 5541 habent
2558 5504 2676 5539 cum
2711 5489 2895 5548 editis,
2918 5503 3095 5539 eorum
3138 5486 3405 5552 dogmata.
3456 5486 3564 5537 Sed
3604 5503 3698 5540 re-

515 5568 626 5635 (75)
662 5571 749 5620 Sic
772 5562 957 5635 omnes
986 5578 1116 5615 mss.
1144 5561 1284 5635 inditi
1325 5574 1488 5635 vero,
1527 5559 1878 5635 “scindunt,
1920 5559 2006 5610 di-

440 5628 620 5691 centes,
648 5654 805 5689 unum
837 5634 1007 5700 Legts,
1036 5642 1081 5684 et
1109 5631 1335 5684 alterunt
1365 5628 1772 5697 Evangeliorum
1814 5628 1999 5700 Deum.

514 5709 625 5777 (76)
657 5708 732 5760 lta
767 5722 867 5759 tllS.
902 5699 1121 5771 liegius.
1165 5700 1357 5777 caeteri
1380 5714 1531 5777 Iverg
1571 5714 1698 5777 mss.
1732 5709 1784 5750 et
1833 5699 2003 5777 editi,

438 5767 774 5846 ejusdemque
795 5767 1108 5832 dicunt}st
1131 5769 1459 5828 substantiae.
1496 5767 1661 5824 Paulo
1691 5779 1813 5839 post
1846 5768 2001 5836 editi,

2108 5561 2247 5611 ctius
2292 5574 2391 5613 tns.
2432 5557 2788 5618 Surhonirus,
2823 5559 2935 5625 ejus
2969 5562 3242 5625 dogmata.

2178 5631 2290 5699 (81)
2325 5629 2485 5689 Ε‹Ιιιὶ,
2525 5644 2593 5679 an
2621 5623 2925 5681 schismata.
2958 5623 3160 5680 Deinde
3191 5640 3324 5682 mss.
3364 5623 3570 5694 plures,
3603 5626 3705 5697 qui

2106 5696 2492 5765 Caladhrygus,
2521 5709 2625 5751 etc.

2177 5770 2290 5841 (82)
2329 5770 2478 5838 Mss.,
2508 5768 2702 5839 accepi.
2734 5768 2898 5837 Editi,
2931 5766 3154 5837 accipio.

3843 2390 3845 2451 l
