3884 6218
184 366 187 369 ’
225 358 325 414 557

1427 353 1771 412 APOLOGIA
1811 355 1950 413 Pao
1990 338 2311 414 omam.

3380 352 3484 408 558

222 477 352 544 Quae.
402 475 617 545 quidem
664 491 768 531 non
818 476 869 530 in
897 477 1115 549 publico
1144 478 1212 533 ab
1257 492 1322 533 eo
1372 477 1515 532 dicta
1551 487 1676 531 sunt
1703 517 1717 541 ,
1751 476 1803 531 id
1834 484 1880 541 Α
1909 478 2023 540 des,
2058 476 2404 532 ineﬂ'abiliter
2448 483 2503 528 et
2534 471 2988 527 intestimabiliter
3030 471 3221 527 melior
3262 480 3315 526 et
3348 487 3486 541 prte-

223 578 309 623 est
338 569 391 623 in
421 569 691 623 communi
726 569 981 625 Ecclesia:
1035 571 1305 625 auditorio
1330 612 1344 634 ,
1378 586 1446 625 ne
1484 571 1621 624 forte
1651 580 1803 639 pute-

225 672 314 715 tur
361 672 581 730 pr0pter
625 661 907 715 audientes
946 661 1298 716 favorabilem
1335 671 1550 731 aptasse
1595 676 1803 715 sermo-

222 768 342 807 nem
380 769 394 805 :
428 752 521 806 sed
548 766 613 807 ex
661 753 769 807 illis
813 754 928 808 haec
963 753 1114 807 libris
1144 752 1467 821 protulimus
1494 768 1680 821 ,'quos
1736 752 1789 806 in

222 850 429 895 secreto
458 842 598 908 apud
627 841 977 910 semetipsum
1003 840 1151 893 nullo
1181 841 1388 894 arbitro
1414 842 1794 895 intercedente

222 935 477 989 dictabat.
498 937 554 989 In
586 951 693 1005 quo
721 934 983 989 attentius
1012 950 1106 989 vos
1140 934 1265 988 illud
1288 935 1409 989 volo
1438 934 1789 988 considerare

221 1028 363 1095 quod
396 1028 549 1091 dixit,
584 1028 711 1097 quia
736 1029 780 1082 si
818 1029 942 1096 quis
970 1028 1165 1082 horum
1198 1027 1403 1095 aliquid
1433 1034 1803 1081 commutave-

222 1119 334 1182 rit,
370 1119 654 1172 hzereticus
687 1128 772 1172 est
795 1159 810 1184 ,
854 1128 907 1174 et
940 1129 1134 1189 peccat
1166 1121 1219 1172 in
1272 1118 1627 1172 subversione
1660 1118 1803 1184 posi-

222 1217 311 1263 tus
336 1246 353 1271 ,
384 1217 438 1261 et
484 1224 517 1260 a
548 1208 825 1275 semetipso
855 1210 1141 1261 damnatus
1168 1247 1184 1271 ,
1224 1207 1519 1261 secundum
1555 1206 1802 1275 Apostoli

220 1299 547 1353 sententiain
581 1298 627 1330 ³⁸
654 1316 669 1351 :
700 1300 857 1368 cujus
886 1310 942 1352 et
989 1315 1089 1354 nos
1126 1298 1446 1353 auctoritati
1497 1298 1802 1366 obsequen-

224 1403 306 1447 tes
341 1392 530 1446 eadem
585 1391 790 1445 sentire
841 1390 1120 1444 debemus.
1159 1390 1295 1445 Cum
1332 1405 1461 1456 ergo
1497 1390 1610 1443 haec
1639 1388 1711 1442 ita
1743 1402 1803 1442 se

224 1483 481 1547 habeant,
514 1482 626 1552 (85)
658 1496 997 1551 consequens
1031 1481 1272 1535 arbitror
1306 1481 1646 1550 interrogare
1670 1480 1802 1534 istos

222 1576 371 1643 ipsos
395 1584 739 1628 accusatores
768 1573 885 1642 ejus
907 1611 922 1635 ,
959 1572 1005 1626 si
1051 1572 1151 1641 ipsi
1180 1572 1345 1625 aliter
1375 1585 1536 1641 quam
1563 1569 1680 1640 ejus
1709 1584 1804 1623 vo-

222 1666 380 1720 cibus
404 1665 745 1733 designatum
770 1673 875 1728 est,
905 1662 990 1718 vel
1021 1664 1085 1717 de
1125 1662 1381 1717 haeretico
1419 1662 1685 1723 sentiunt,
1714 1659 1800 1713 vel

1907 571 2140 623 stantior
2186 569 2314 623 solis
2344 575 2428 621 est
2457 566 2768 633 splendor?
2814 565 2893 618 Ita
2928 579 3083 619 mens
3130 574 3316 618 nostra
3362 579 3484 618 cum

1909 661 2051 714 intra
2083 660 2267 714 carnis
2315 665 2371 712 et
2413 656 2695 728 sanguinis
2730 658 2967 710 claustra
3017 654 3389 718 concluditur,
3427 665 3488 709 et

1906 767 2003 821 pro
2035 750 2157 805 talis
2178 751 2418 805 materia}
2450 748 2868 819 participatione
2907 747 3155 801 hebetior
3195 758 3358 815 atque
3379 747 3485 801 ob-

1908 842 2080 896 tusior
2113 842 2357 897 redditur
2382 882 2397 907 ,
2432 839 2548 913 (87)
2581 839 2708 892 licet
2736 838 2803 891 ad
2833 838 3296 906 comparationem
3328 847 3487 892 natu-

1905 948 1980 987 raa
2009 946 2283 1002 corporeze
2306 932 2462 999 longe
2495 928 2808 999 prmcellens
2837 928 3122 993 habeatur,
3155 937 3331 983 tamen
3359 944 3482 984 cum

1906 1025 1971 1079 ad
2010 1024 2335 1093 incorporea
2374 1025 2587 1088 nititur,
2616 1030 2779 1089 atque
2805 1035 2991 1075 eorum
3022 1020 3366 1075 intuitionem
3405 1021 3484 1075 ri-

1906 1122 2108 1179 matur,
2147 1123 2275 1169 tune
2308 1114 2558 1169 scintillae
2594 1111 2822 1181 alicujus
2852 1109 2963 1182 (88)
2992 1120 3085 1163 aut
3114 1109 3354 1166 lucernte
3391 1111 3482 1165 vix

1913 1206 2127 1262 obtinet
2157 1205 2357 1261 locum.
2398 1204 2536 1272 Quid
2570 1213 2748 1257 autem
2780 1203 2831 1257 in
2864 1202 3113 1257 omnibus
3146 1203 3487 1259 intellectua-

1905 1298 2047 1355 libus
2076 1342 2091 1365 ,
2129 1300 2180 1354 id
2224 1309 2308 1354 est
2363 1297 2697 1365 iucorporeis
2721 1339 2736 1364 ,
2791 1305 2897 1350 tam
2926 1305 3186 1366 praestans
3211 1298 3485 1364 omnibus,

1913 1401 2019 1448 tam
2074 1392 2419 1447 ineffabiliter
2463 1401 2623 1458 atque
2676 1388 3125 1443 iuaestimabiliter
3172 1390 3487 1458 prmcellens

1906 1495 2010 1550 est,
2043 1500 2207 1555 quam
2236 1483 2379 1539 Deus
2405 1485 2428 1538 ‘l
2453 1481 2621 1553 Cujus
2652 1481 2838 1550 utique
2870 1489 3060 1534 natura
3092 1482 3209 1537 acie
3238 1482 3488 1539 humana:

1908 1574 2108 1630 utentis
2133 1573 2335 1628 intendi
2368 1582 2529 1641 atque
2560 1572 2778 1635 intueri,
2815 1570 3071 1641 quamvis
3101 1572 3173 1625 sit
3193 1573 3485 1642 purissima

1913 1681 2065 1721 mens
2092 1680 2153 1719 ac
2181 1664 2556 1733 limpidissima
2585 1703 2599 1727 ,
2634 1679 2737 1718 non
2770 1672 2969 1731 potest.
3006 1662 3207 1717 Verum
3253 1679 3360 1719 non
3406 1665 3488 1719 vi-

222 1756 293 1810 de
316 1755 601 1810 catholico.
662 1754 856 1808 Dieant
903 1754 1005 1823 ipsi
1044 1767 1163 1821 qua:
1208 1752 1311 1805 alia
1364 1760 1489 1806 sunt
1537 1749 1801 1805 ecclesia-
1836 1748 1878 1803 B
1910 1758 2069 1811 detur
2096 1756 2414 1819 absurdum,
2459 1755 2504 1808 si
2537 1752 2604 1808 ad
2645 1754 3033 1807 evidentiorem
3059 1755 3135 1810 rei
3167 1754 3488 1811 manifesta-

223 1848 363 1902 stica
395 1848 683 1916 dogmata,
727 1846 773 1900 si
802 1845 916 1900 haec
955 1861 1059 1899 nou
1102 1854 1225 1899 sunt
1275 1858 1392 1911 quae
1443 1842 1690 1912 superius
1725 1843 1793 1896 ab

225 1940 319 1995 illo
367 1939 573 2007 digesta
626 1947 799 1992 sunt.‘
833 1938 897 1992 Et
948 1938 1064 1992 haec
1113 1936 1324 2005 quidem
1370 1934 1695 2006 generaliter
1740 1935 1807 1989 de

222 2032 477 2087 omnibus
540 2030 927 2087 ecclesiasticis
980 2028 1323 2100 dogmatibus
1393 2030 1461 2083 ab
1519 2027 1610 2082 illo
1663 2028 1807 2084 dicta

223 2124 356 2176 sint.

297 2211 592 2281 Pergamus
620 2220 799 2265 autem
828 2218 880 2265 et
914 2223 1036 2279 quze
1067 2209 1383 2280 specialiter
1413 2209 1479 2264 de
1526 2208 1757 2280 singulis
1790 2248 1804 2273 ,

232 2311 291 2356 et
322 2303 552 2357 maxime
597 2303 664 2356 de
714 2301 1099 2372 principalibus
1145 2302 1348 2367 rebus,
1396 2302 1462 2355 de
1506 2312 1692 2356 saneta
1746 2314 1811 2355 ac

222 2395 384 2448 beata
410 2392 678 2449 Trinitate
699 2434 713 2459 ,
770 2392 822 2447 id
855 2399 938 2448 est
995 2391 1062 2445 de
1090 2390 1252 2446 Patre
1278 2431 1292 2456 ,
1320 2402 1374 2446 et
1407 2391 1544 2445 Filio
1567 2432 1582 2457 ,
1608 2400 1660 2445 et
1683 2390 1807 2460 Spi-

224 2486 336 2538 ritu
357 2495 546 2539 saueto
565 2485 797 2540 senserit
822 2485 1139 2547 indicantes,
1168 2492 1223 2538 et
1249 2482 1584 2553 proferentes
1613 2484 1665 2538 in
1693 2498 1810 2538 me-

222 2575 372 2628 dium
415 2592 477 2630 ea
511 2591 632 2645 qua:
662 2576 717 2629 in
743 2575 973 2631 diversis
1006 2575 1086 2629 sui
1118 2576 1297 2646 Operis
1327 2575 1693 2631 voluminibus
1728 2576 1811 2629 in-

222 2677 371 2723 serta
416 2669 729 2736 mandavit,
775 2679 829 2724 et
859 2679 916 2723 ut
949 2670 1116 2738 ipsius
1161 2669 1429 2723 sententia
1462 2669 1528 2723 de
1559 2668 1812 2722 maximis

221 2770 280 2814 et
321 2760 520 2814 divinis
574 2763 735 2816 rebus
773 2773 891 2831 quae
938 2762 1102 2817 fuerit
1136 2761 1481 2824 ostendatur,
1514 2767 1569 2813 et
1599 2759 1808 2815 duobus

226 2853 318 2907 vel
353 2853 525 2908 tribus
571 2867 761 2907 vocum
816 2869 1036 2908 suarum
1087 2853 1310 2907 testibus
1348 2851 1459 2922 (84)
1495 2859 1600 2905 stet
1649 2864 1812 2905 omne

222 2942 451 2995 verbum
479 2941 811 2997 defensionis
834 2941 951 3010 ejus
968 2943 1034 2996 ’⁸.
1059 2941 1267 2997 Iudicat
1296 2956 1426 3008 ergo
1453 2940 1583 3009 quid
1618 2940 1682 2995 de
1702 2938 1812 2995 Deo

219 3035 392 3091 Patre
421 3036 795 3105 omnipotente
841 3035 1076 3090 senserit
1127 3036 1179 3089 in
1212 3034 1294 3087 his
1324 3034 1453 3103 ipsis
1479 3033 1633 3087 libris
1657 3072 1673 3098 ,
1719 3032 1808 3102 qui

221 3142 390 3195 quam
420 3126 653 3182 maxime
682 3125 749 3179 ab
777 3122 1187 3180 accusatoribus
1210 3120 1323 3196 (85)
1365 3120 1731 3185 celebrantur,

218 3227 331 3284 est,
372 3217 512 3287 Περὶ
539 3215 759 3287 ἀρχῶν,
792 3216 1041 3272 scribens
1073 3215 1187 3269 haec
1228 3233 1241 3268 :

839 3307 1069 3364 CAPUT
1119 3306 1185 3361 ll.

617 3399 694 3456 De
724 3400 831 3456 Deo
868 3399 1031 3455 Patre
1058 3400 1427 3468 omnipotente.

300 3492 593 3551 ORIGENES.
634 3492 746 3565 (86)
776 3510 795 3544 ‹
827 3492 985 3548 Omni
1017 3492 1182 3563 igitur
1204 3506 1368 3547 sensu
1391 3491 1482 3561 qui
1522 3488 1805 3559 corporale

225 3586 437 3656 aliquid
470 3588 536 3641 de
561 3586 674 3640 Deo
723 3582 955 3653 intelligi
984 3582 1223 3653 suggerit
1248 3621 1264 3648 ,
1312 3591 1470 3651 prout
1495 3581 1769 3650 potuimus
1793 3618 1809 3642 ,

225 3678 547 3743 confutato,
614 3677 844 3732 dicimus
895 3675 1193 3730 secundum
1248 3676 1540 3728 veritatem
1589 3672 1807 3743 quidem

223 3769 404 3824 Deum
448 3766 1055 3837 incomprehensibilem
1093 3780 1216 3821 esse
1256 3777 1422 3833 atque
1458 3763 1809 3819 inaestimabi-

225 3864 360 3918 lem.
400 3862 458 3916 Si
487 3862 617 3931 quid
643 3861 789 3914 enim
838 3859 965 3913 illud
991 3868 1077 3913 est
1105 3859 1248 3928 quod
1295 3858 1502 3911 sentire
1529 3856 1612 3909 vel
1643 3855 1809 3909 intel-

225 3956 401 4024 ligere
423 3954 491 4009 de
525 3953 633 4008 Deo
664 3952 998 4021 potuerimus
1022 3994 1037 4018 ,
1066 3951 1250 4005 multis
1280 3949 1439 4020 longe
1465 3948 1641 4002 modis
1684 3962 1808 4002 eum

224 4047 521 4102 meliorem
571 4059 693 4099 esse
723 4044 791 4098 ab
821 4058 889 4098 eo
933 4042 1073 4113 quod
1109 4043 1413 4108 sensimus,
1463 4056 1686 4096 necesse
1727 4050 1813 4095 est

224 4141 405 4196 credi.
442 4139 593 4195 Sicut
619 4138 763 4194 enim
818 4138 860 4192 si
903 4138 1183 4191 videamus
1223 4135 1455 4204 aliquem
1507 4133 1598 4188 vix
1652 4147 1812 4203 posse

224 4232 529 4289 scintillam
565 4230 785 4284 luminis
810 4269 825 4292 .
859 4239 953 4283 aut
979 4227 1313 4283 brevissimae
1364 4225 1598 4279 lucerna:
1630 4224 1810 4278 lumen

225 4324 500 4394 aspicere,
539 4332 595 4377 et
616 4336 738 4376 eum
765 4322 917 4390 cujus
949 4320 1094 4375 acies
1118 4317 1403 4374 oculorum
1440 4316 1561 4386 plus
1590 4315 1811 4373 luminis

1758 3085 1881 3174 ωε

1912 1849 2114 1903 tionem
2148 1847 2314 1902 etiam
2350 1846 2456 1900 alia
2488 1854 2706 1901 utamur
2737 1847 3107 1902 similitudine.
3158 1845 3273 1919 (89)
3317 1848 3487 1904 luter-

1910 1939 2037 1994 dum
2072 1936 2214 1992 oculi
2244 1936 2416 1990 nostri
2443 1936 2611 2005 ipsam
2641 1946 2891 1991 naturam
2924 1939 3061 1993 lucis
3087 1978 3103 2004 ,
3134 1937 3187 1992 id
3216 1946 3325 2003 est,
3356 1941 3487 1997 sub-

1910 2032 2169 2087 stantiam
2218 2028 2349 2083 solis
2388 2028 2587 2082 intueri
2639 2044 2741 2083 non
2792 2038 3020 2099 possunt
3066 2047 3080 2084 :
3133 2030 3478 2101 splendorem

1910 2134 2041 2173 vero
2071 2117 2225 2186 ejus,
2259 2119 2342 2173 vel
2384 2118 2564 2171 radios
2606 2116 2869 2174 fenestris
2914 2119 3075 2185 forte,
3124 2121 3210 2174 vel
3262 2121 3489 2191 quibus.

1918 2212 2053 2267 libet
2083 2211 2343 2265 luminum
2371 2210 2624 2266 brevibus
2648 2212 3005 2281 receptaculis
3047 2210 3250 2267 infusos
3275 2214 3489 2268 intuen-

1913 2312 2015 2371 tes,
2046 2303 2392 2357 considerare
2419 2318 2706 2372 possumus
2734 2301 2905 2358 fomes
2933 2304 3045 2372 ipse
3065 2307 3148 2359 vel
3176 2304 3298 2359 fons
3320 2319 3462 2374 quan

1915 2404 2000 2450 tus
2037 2395 2107 2449 sit
2134 2394 2382 2463 corporei
2438 2394 2675 2448 luminis.
2713 2392 2790 2449 lta
2822 2409 2952 2465 ergo
3000 2395 3153 2465 quasi
3189 2395 3324 2450 radii
3358 2394 3482 2465 qui-

1912 2491 2034 2542 dam
2062 2497 2191 2543 sunt
2222 2487 2317 2541 Dei
2348 2495 2554 2541 naturae
2598 2502 2763 2556 Opera
2794 2488 2987 2541 divina:
3018 2485 3399 2551 Providentiae,
3430 2495 3490 2541 et

1913 2593 2004 2634 ars
2034 2578 2405 2632 universitatis
2432 2575 2612 2643 hujus,
2645 2577 2710 2630 ad
2760 2576 3220 2647 comparationem
3255 2574 3365 2647 (90)
3402 2575 3486 2644 ip-

1914 2669 2026 2725 sius
2058 2669 2374 2724 substantia:
2408 2683 2471 2723 ac
2498 2678 2727 2722 naturae.
2762 2667 2898 2735 Quia
2944 2682 3077 2738 ergo
3104 2683 3258 2723 mens
3298 2676 3487 2722 nostra

1914 2760 2087 2829 ipsum
2124 2775 2221 2831 per
2246 2761 2481 2830 seipsam
2527 2758 2696 2814 Deum
2743 2760 2885 2814 sicut
2914 2770 2995 2814 est
3024 2775 3129 2814 non
3163 2768 3341 2829 potest
3396 2759 3485 2813 in-

1916 2852 2053 2906 tueri
2084 2894 2099 2918 ,
2133 2867 2199 2907 ex
2233 2851 2633 2920 pulchritudine
2659 2868 2883 2922 operum
2913 2891 2929 2916 ,
2962 2861 3015 2907 et
3050 2853 3242 2907 decore
3271 2861 3489 2908 creatu-

1915 2957 2124 3007 rarum,
2160 2951 2443 3012 parentem
2493 2942 2863 2998 universitatis
2890 2942 3161 3013 intelligit.
3196 2943 3308 2997 Non
3356 2958 3488 3015 ergo

1917 3049 2114 3104 corpus
2150 3035 2366 3105 aliquod
2397 3076 2411 3099 ,
2450 3044 2542 3089 aut
2580 3036 2633 3091 in
2670 3051 2900 3107 corpore
2934 3052 3058 3094 esse
3084 3038 3353 3106 putandus
3404 3048 3491 3093 est

1914 3125 2076 3192 Deus,
2102 3126 2198 3181 sed
2236 3127 2617 3182 intellectualis
2650 3138 2840 3183 natura
2867 3170 2883 3196 ,
2913 3129 3139 3198 simplex
3166 3169 3182 3194 ,
3210 3130 3342 3184 nihil
3371 3145 3491 3185 om-

1914 3218 2045 3272 nino
2088 3218 2139 3272 in
2174 3232 2233 3273 se
2290 3218 2657 3287 adthuCtionis
2705 3220 3038 3285 admittens,
3088 3220 3165 3275 uti
3192 3236 3264 3277 ne
3314 3223 3490 3289 majus

1914 3310 2116 3380 aliquid
2199 3320 2254 3366 et
2306 3312 2533 3368 inferius
2588 3314 2641 3368 in
2710 3328 2769 3368 se
2816 3314 3016 3370 habere
3066 3314 3338 3381 credatur,
3392 3316 3489 3369 sed

1914 3410 1974 3455 ut
2017 3401 2089 3455 sit
2132 3416 2199 3456 ex
2231 3404 2378 3457 omni
2438 3412 2590 3473 parte
2648 3404 2816 3475 μονὰς
2846 3443 2863 3471 ,
2898 3416 2992 3471 et,
3040 3413 3098 3459 ut
3148 3405 3223 3459 ita
3269 3406 3443 3461 dicam
3472 3446 3491 3473 ,

1914 3491 2059 3559 ὲνὰς,
2088 3503 2143 3547 et
2168 3508 2320 3548 mens
2344 3535 2360 3561 ,
2402 3510 2462 3549 ac
2491 3495 2614 3551 fons
2648 3512 2710 3550 ex
2745 3511 2852 3566 quo
2885 3496 3096 3550 initium
3135 3496 3311 3551 totius
3336 3496 3494 3550 intel-

1914 3583 2162 3640 lectualis
2195 3594 2403 3639 naturae
2432 3585 2516 3639 vel
2551 3586 2750 3640 mentis
2787 3594 2892 3641 est.
2944 3584 3095 3642 Meus
3136 3601 3266 3641 vero
3294 3595 3352 3641 ut
3376 3600 3492 3641 mo-

1914 3685 2102 3731 veatur
2124 3676 2209 3731 vel
2238 3684 2512 3745 operetur,
2550 3691 2654 3731 non
2690 3676 2894 3747 indiget
2927 3676 3048 3731 loco
3080 3690 3365 3745 corporeo,
3391 3691 3491 3731 ne—

1914 3782 2019 3837 que
2051 3767 2294 3823 sensibili
2328 3767 2729 3837 magnitudine,
2761 3767 2843 3822 vel
2871 3766 3142 3835 corporali
3175 3766 3492 3823 habituaut

1914 3860 2119 3926 colore,
2152 3875 2327 3928 neque
2359 3859 2466 3913 alio
2492 3858 2602 3914 ullo
2636 3875 2863 3930 prorsus
2915 3861 3119 3931 indiget
3152 3860 3343 3915 horum
3369 3876 3489 3932 qua:

1914 3951 2157 4020 corporis
2206 3950 2315 4021 (9|)
2368 3949 2451 4003 vel
2507 3952 2746 4005 materiae
2794 3953 3012 4021 propria
3066 3960 3213 4008 sunt.
3262 3951 3491 4023 Propter

1913 4041 2055 4106 quod
2087 4050 2277 4094 natura
2308 4041 2394 4095 illa
2440 4041 2667 4112 simplex
2690 4080 2704 4105 ,
2727 4050 2784 4096 et
2829 4051 2940 4096 tota
2973 4056 3147 4105 mens,
3178 4051 3238 4097 ut
3270 4057 3491 4097 movea-

1916 4141 2002 4184 tur
2038 4132 2121 4186 vel
2168 4142 2425 4201 operetur
2451 4133 2655 4202 aliquid
2680 4173 2695 4200 ,
2732 4134 2865 4188 nihil
2898 4134 3171 4189 dilationis
3205 4143 3300 4189 aut
3353 4150 3491 4190 cuu-

1915 4224 2169 4280 ctationis
2205 4225 2408 4281 habere
2452 4236 2671 4296 potest,
2708 4240 2773 4280 ne
2802 4241 2899 4294 per
2931 4226 3238 4297 hujusmodi
3289 4228 3484 4296 adjun-

1914 4319 2148 4369 ctionem
2184 4317 2557 4372 circumscribi
2594 4318 2677 4371 vel
2725 4317 2958 4372 inhiberi
3006 4317 3349 4387 aliquatenus
3399 4318 3485 4371 vi-

225 4429 433 4486 capere
470 4428 631 4485 quam
671 4427 830 4482 supra
859 4413 1115 4472 diximus,
1150 4426 1254 4463 non
1289 4408 1451 4473 valet,
1500 4407 1545 4461 si
1584 4406 1809 4462 velimus
1841 4426 1885 4480 ι)
1915 4408 2106 4462 deatur
2157 4409 2349 4463 divinae
2401 4421 2609 4464 natura:
2651 4410 2973 4480 simplicitas
2997 4449 3012 4473 ,
3074 4411 3151 4463 uti
3212 4424 3281 4463 ne
3342 4409 3485 4479 quod

225 4510 304 4563 de
334 4507 582 4562 claritate
604 4515 658 4561 et
689 4504 979 4575 splendore
1011 4502 1138 4557 solis
1162 4500 1412 4564 edocere,
1444 4503 1621 4554 nenne
1643 4512 1805 4566 opor-

226 4599 375 4656 tebit
404 4612 503 4653 nos
534 4598 583 4651 ei
615 4598 818 4661 dicere,
863 4595 987 4665 quia
1016 4593 1163 4650 omni
1192 4592 1295 4646 hoc
1323 4589 1525 4645 lumine
1554 4588 1698 4659 quod
1726 4589 1809 4642 vi-

312 4738 359 4773 ”
392 4737 499 4795 Tit.
524 4738 717 4805 1",“.
790 4738 835 4771 “
862 4736 1050 4792 Matth.
1076 4750 1234 4799 xvtu,
1262 4731 1350 4788 16.

309 4904 423 4978 (85)
453 4904 622 4978 βάἰιὶ,
654 4904 981 4978 conveniens.
1006 4900 1157 4965 Mss.,
1187 4913 1526 4978 consequens.

309 4906 401 4978 (85
455 4904 622 4970 Editi,
654 4904 981 4958 conveniens.
1006 4904 1157 4965 Mss.,
1187 4913 1526 4967 consequens.

308 4904 423 5048 (84)
451 4974 590 5031 Editi
615 5016 630 5041 ,
666 4975 757 5044 ﬁat
808 4990 907 5044 pro
932 4981 1067 5039 stet,
1097 4973 1240 5040 quod
1294 4970 1587 5039 praeferunt
1624 4978 1813 5022 omnes

226 5063 373 5107 11188.

309 5116 425 5191 (85)
456 5117 546 5171 Sic
570 5115 980 5191 _editi,_et__mss.
1000 5111 1275 5191 plerique.
1315 5109 1412 5191 Ms.
1445 5123 1577 5163 vero
1608 5107 1813 5162 Sorbo-

228 5182 416 5249 nidus,
448 5198 501 5241 et
533 5186 673 5240 alter
712 5187 769 5239 S.
806 5182 1057 5251 Remigii,
1091 5182 1445 5251 infamantur.

309 5247 424 5330 (86)
682 5255 805 5330 πρε
839 5247 1092 5323 ρτὶιιὲἱρζ,
1124 5247 1243 5318 cap.
1285 5250 1337 5330 β,
1371 5264 1516 5301 ιιυιη.
1538 5247 1601 5330 ‘5.

310 5319 652 5403 (‘87:)UEditi,
701 5319 965 5403 licet-“pro
1008 5319 1486 5401 eoniparatione....
1530 5319 1804 5403 habeatur.

227 5387 372 5457 Ms‘s.
401 5387 541 5450 ilicet
573 5387 665 5467 [aL
696 5387 955 5465 illicojad
996 5391 1531 5467 comparationem...
1567 5387 1804 5440 habetur.

229 5474 347 5528 Sed
377 5464 655 5537 legendum
685 5464 899 5519 videtur
926 5473 983 5515 ut
1008 5464 1067 5537 in
1099 5472 1269 5537 textu.

310 5527 571 5612 (88)”.“55.
603 5537 769 5612 nostri
799 5575 814 5596 .
843 5542 896 5589 et
935 5534 1062 5612 editi
1092 5534 1346 5612 omittupt
1384 5538 1472 5607 aut
1512 5543 1538 5608 ε⁶
1567 5527 1661 5610 sed
1695 5527 1808 5581 hinc

229 5600 343 5666 τοὶ
380 5600 555 5661 vastat
583 5611 635 5659 in
664 5608 784 5658 aliis
816 5619 946 5657 mss.
982 5604 1243 5655 librorum
1274 5601 1347 5653 De
1372 5600 1663 5669 principiis.

311 5680 542 5749 (89)Ms.
582 5677 933 5749 Sorbonicus,
960 5672 1237 5749 interdum
1262 5673 1399 5723 oculi
1445 5670 1489 5722 si
1541 5671 1801 5749 ipsum":

229 5738 447 5821 infusos
476 5738 1435 5821 intuentur,_considerarepossunt?“
1461 5750 1636 5821 pcto“,
1664 5738 1805 5817 ψιρι(

234 5812 351 5881 non
390 5822 545 5875 male.
598 5817 791 5873 Gtt-teri
824 5832 953 5871 mss.
991 5830 1044 5870 et
1085 5813 1216 5869 editi
1269 5821 1326 5866 ut
1373 5812 1425 5866 in
1481 5817 1626 5865 textu
1655 5849 1669 5875 ,
1702 5812 1806 5863 nisi

1915 4512 1999 4553 εει
2050 4500 2667 4569 ργὶιιείρὶυιιι“οηιηίυιη
2704 4541 2719 4567 ,
2768 4501 3126 4569 compositum
3180 4500 3487 4554 inveniatur

1916 4601 1973 4645 et
2026 4592 2339 4660 diversum,
2395 4592 2530 4664 (92)
2589 4604 2644 4648 et
2704 4594 2775 4648 sit
2841 4592 3055 4659 multa,
3109 4606 3215 4646 non
3283 4606 3491 4658 unum,

1922 4894 2062 4965 quod
2088 4907 2217 4965 mss.
2248 4891 2503 4965 emittant
2534 4889 2722 4965 nostri,
2750 4896 2866 4965 post
2891 4884 3049 4965 oculi.

1992 4964 2104 5033 (90)
2129 4962 2239 5016 Vox
2266 4963 2430 5028 ipsius
2466 4963 2616 5033 deest
2640 4953 2892 5033 mediiis,
2928 4968 2981 5033 et
3008 4958 3058 5033 in
3093 4968 3225 5032 mss.
3260 4953 3492 5033 nostris;

1919 5026 2011 5089 sed
2046 5026 2224 5089 exstat
2254 5026 2304 5085 in
2346 5048 2475 5085 mss.
2526 5030 2785 5083 librorum
2817 5027 2957 5096 Περὶ
2994 5026 3214 5093 ἀρχῶν,
3247 5026 3493 5096 etresti-

1918 5106 2115 5159 tueuda
2146 5103 2380 5155 videtur.
2413 5101 2614 5155 Deinde
2644 5100 2772 5152 editi
2802 5139 2818 5158 ,
2867 5094 3037 5163 ipsum
3070 5112 3163 5162 per
3196 5111 3250 5147 se
3299 5094 3486 5153 Deum,

1920 5174 2047 5228 Mss.
2083 5174 2249 5226 nostri
2285 5212 2299 5233 ,
2329 5173 2497 5241 ipsum
2524 5186 2616 5237 per
2660 5185 2712 5241 se
2759 5170 2929 5235 ipsum
2980 5167 3181 5241 Deum;
3229 5166 3336 5241 sed
3355 5182 3487 5217 mss.

1923 5245 2181 5298 librorum
2224 5242 2297 5294 De
2328 5234 2598 5309 principiis
2619 5280 2634 5305 ,
2673 5234 2846 5308 ipsum
2876 5253 2967 5307 per
2996 5253 3051 5289 se
3093 5238 3261 5305 ipsam
3295 5234 3486 5299 Deum,

1914 5316 2055 5385 quod
2086 5313 2286 5385 rectius
2317 5313 2548 5385 videtur.

1984 5385 2096 5454 (9i)
2127 5382 2285 5443 Editi,
2319 5382 2393 5454 vel
2420 5382 2645 5449 propria:
2674 5380 2911 5435 materiae
2952 5376 3165 5446 prapria
3187 5383 3329 5429 sunt.
3379 5374 3487 5427 Sed

1911 5453 2102 5510 omnes
2131 5469 2261 5507 mss.
2294 5462 2349 5507 ut
2380 5453 2431 5503 in
2472 5462 2640 5505 textu.

1983 5524 2092 5596 (92)
2124 5524 2324 5596 Omnes
2357 5521 2513 5585 hujus
2532 5520 2798 5596 Apologia;
2826 5534 2956 5577 mss,
2985 5526 3035 5570 et
3066 5514 3307 5596 air-malta
3330 5553 3344 5576 ,
3381 5528 3485 5592 non

1914 5576 2243 5663 uniirn'qnid,
2270 5576 2491 5660 oportet,
2518 5576 2624 5647 etc.
2661 5576 2797 5643 Eiliti
2827 5605 2978 5663 vero,
3006 5598 3067 5663 et_
3091 5576 3208 5639 libri
3245 5584 3316 5636 De
3339 5583 3488 5647 prin-

1913 5667 2066 5727 ci;.iis
2097 5659 2204 5718 tam
2239 5665 2367 5717 editi
2400 5676 2559 5734 quam
2610 5678 2763 5725 mss.,
2788 5672 2832 5734 et
2863 5661 2926 5711 ait
2960 5659 3127 5710 multa
3160 5672 3262 5734 non
3297 5668 3485 5734 unum.

1911 5737 2049 5804 quod
2092 5743 2289 5799 oportet
2323 5774 2336 5801 ,
2366 5728 2471 5789 etc.
2517 5731 2769 5788 Judiccnt
2800 5732 3029 5786 lectores
3063 5742 3182 5798 qua:
3214 5728 3374 5781 lectio
3419 5728 3488 5779 si!

1913 5804 2267 5875 prml'erenda.
