3884 6218
444 347 546 399 559

1657 345 1714 400 S.
1754 345 2075 399 PAMPHILI
2118 344 2475 399 MARTYRIS

3602 344 3707 403 56-)

444 472 587 539 quod
626 477 842 536 oportet
890 468 1053 523 totius
1096 483 1367 537 corporeae
1416 468 1764 524 admislionis
1797 469 2027 523 alienum
2061 476 2100 529 Α
2132 484 2195 522 ex
2227 470 2395 525 nostri
2430 484 2625 524 sensus
2658 469 3134 539 contemplatione,
3168 468 3348 523 divina
3374 476 3589 531 natura,
3624 469 3705 522 in-

444 576 550 615 una
606 561 717 616 sola
750 601 767 627 ,
821 570 880 615 ut
935 561 1009 615 ita
1061 561 1292 616 dixerim
1325 600 1340 626 ,
1396 560 1616 617 deitatis
1663 563 1848 633 specie
1896 576 2025 617 con-

444 664 523 710 sta
533 669 609 708 re.
658 672 676 706 ι

514 742 840 800 ΡΑιιριιιιυε.
876 742 1000 797 llaec
1031 743 1084 799 in
1113 744 1287 811 primo
1315 745 1452 799 libro
1486 748 1625 816 Περὶ
1648 744 1850 815 ἀρχῶν
1891 746 2026 799 scri-

443 836 521 890 bit
554 837 619 891 de
653 837 832 891 divina
878 844 1091 890 natura.
1126 833 1181 888 In
1232 837 1469 893 secundo
1504 852 1637 892 vero
1661 878 1676 902 ,
1704 838 1829 908 quia
1879 838 2021 892 idem

444 931 586 985 Deus
634 928 847 985 Veteris
883 939 939 983 et
979 927 1110 983 Novi
1148 926 1483 984 Testameuti
1533 931 1645 995 sit,
1704 936 1807 986 hoc
1862 930 2023 985 modo

443 1021 614 1077 refert
640 1040 653 1075 :
1589 1074 1597 1091 ,

513 1114 805 1169 Οιιιρεμεε.
834 1112 945 1183 (95)
974 1132 991 1165 ι
1023 1111 1118 1167 His
1138 1127 1233 1183 per
1250 1113 1518 1177 ordinem,
1544 1122 1702 1182 prout
1726 1112 2021 1182 potuimus.

442 1205 681 1261 breviter
704 1206 948 1274 digestis,
979 1220 1320 1273 consequens
1354 1214 1458 1270 est,
1475 1205 1773 1260 secundum
1808 1204 1858 1258 id
1876 1204 2020 1273 quod

439 1316 506 1355 ex
540 1299 694 1353 initio
726 1297 1065 1367 propositum
1118 1307 1239 1359 est,
1288 1296 1574 1350 confutare
1599 1296 1763 1349 etiam
1799 1310 1893 1349 eos
1929 1294 2017 1362 qni

439 1400 634 1459 putant
659 1390 819 1443 alium
851 1390 1015 1444 Deum
1047 1402 1170 1443 esse
1202 1386 1420 1443 Patrem
1454 1387 1667 1443 Domini
1699 1388 1868 1441 nostri
1890 1384 2017 1441 Jesu

439 1482 644 1538 Christi
673 1520 689 1547 ,
725 1489 926 1549 praeter
956 1480 1103 1534 illum
1138 1480 1226 1549 qui
1268 1479 1352 1534 vel
1392 1479 1561 1550 Moysi
1597 1493 1853 1548 responsa
1883 1478 2018 1550 legis

438 1577 623 1639 dabat,
652 1576 734 1628 vel
769 1574 1061 1643 prophetas
1085 1574 1355 1638 mittebat,
1386 1574 1475 1642 qni
1503 1584 1586 1626 est
1620 1572 1760 1626 Deus
1800 1581 2015 1641 patrum

438 1668 752 1731 Abraham,
789 1665 938 1721 Isaac
988 1676 1043 1720 et
1085 1662 1273 1720 Jacob.
1320 1664 1545 1734 Oportet
1575 1664 1717 1717 enim
1752 1663 1928 1731 primo
1962 1663 2014 1716 in

438 1762 543 1817 hac
575 1775 673 1815 nos
703 1759 823 1814 ﬁdei
855 1758 1065 1813 ratione
1117 1756 1346 1811 ﬁrmari.
1377 1755 1841 1811 Considerandum
1883 1770 2014 1825 ergo

2132 564 2389 635 tuitisque
2418 564 2770 619 nihilominus
2790 564 2903 635 (96)
2931 564 3195 619 creaturis
3226 561 3343 633 ejus
3374 562 3701 623 visibilibus.

2131 656 2235 711 ﬁde
2278 671 2496 726 quoque
2544 656 2911 710 invisiliilibus
2959 654 3344 723 contemplatis
3373 694 3389 717 ,
3423 655 3549 724 quia
3594 669 3701 708 non

2127 749 2307 803 omnia
2350 749 2434 803 vel
2478 748 2651 803 oculis
2692 748 2876 802 videre
2916 756 3093 815 potest
3130 747 3363 800 humana
3397 746 3699 816 fragilitas,

2125 842 2210 895 vel
2244 839 2456 895 ratione
2481 838 2762 908 complecti
2792 880 2807 905 ,
2840 852 2907 892 eo
2944 838 3086 907 quod
3119 838 3363 890 omnium
3399 838 3699 893 rationabi-

2125 933 2254 987 lium
2291 932 2561 989 inﬁrmius
2584 942 2639 987 et
2665 931 2915 1001 l‘ragilius
2943 931 3142 985 animal
3172 948 3270 986 nos
3303 947 3491 987 sumus
3517 932 3700 986 homi-

2124 1038 2219 1078 nes
2252 1042 2263 1077 :
2291 1024 2665 1094 praestantiora
2712 1024 2857 1078 enim
2899 1032 3026 1078 sunt
3050 1038 3112 1076 ea
3164 1038 3284 1093 qua:
3332 1024 3417 1077 vel
3450 1025 3501 1078 in
3536 1023 3695 1088 cmlo,

2123 1114 2203 1167 vel
2235 1127 2398 1182 super
2430 1114 2597 1169 etelos
2644 1112 2910 1167 habentur
2938 1133 2952 1169 :
2980 1124 3225 1181 superest
3256 1124 3312 1168 ut
3339 1115 3530 1169 harum
3580 1130 3699 1168 om-

2122 1208 2271 1262 nium
2297 1215 2695 1269 creaturarum,
2731 1214 2785 1259 et
2817 1204 2930 1265 Dei.
2975 1205 3206 1259 medium
3230 1247 3245 1270 ,
3286 1205 3337 1259 id
3384 1216 3469 1259 est
3495 1207 3699 1261 media-

2124 1306 2293 1352 torem
2326 1311 2665 1367 quaeramus,
2694 1310 2854 1364 quem
2895 1295 3089 1350 Paulus
3121 1295 3394 1365 apostolus
3424 1297 3696 1367 primoge-

2121 1387 2291 1441 nitum
2324 1386 2502 1441 omnis
2553 1394 2820 1441 creaturas
2876 1388 3208 1456 pronuntiat.
3244 1386 3496 1443 Videntes
3549 1390 3693 1445 enim

2118 1494 2183 1535 ea
2211 1495 2330 1549 quae
2362 1481 2427 1534 de
2458 1478 2575 1548 ejus
2609 1480 2898 1551 majestate
2941 1480 2992 1534 in
3026 1482 3325 1547 Scripturis
3373 1482 3581 1538 sanctis
3610 1499 3698 1538 re-

2118 1570 2371 1627 feruntur
2417 1580 2471 1625 et
2520 1572 2793 1627 intuentes
2849 1575 2992 1643 quod
3041 1575 3213 1642 imago
3253 1575 3529 1629 insisibilis
3563 1575 3694 1637 Dei,

2116 1662 2495 1729 primogenitae
2524 1664 2692 1716 omnis
2710 1676 2969 1718 creatura:
3002 1666 3231 1729 dicatur,
3263 1676 3318 1719 et
3347 1667 3490 1736 quod
3511 1668 3568 1720 in
3583 1669 3695 1731 ipso

2122 1763 2301 1807 creata
2323 1755 2427 1808 sint
2448 1757 2645 1821 omnia,
2669 1757 2773 1810 sive
2801 1772 2918 1825 qua:
2947 1757 3001 1808 in
3024 1756 3185 1820 rcelis,
3217 1757 3321 1811 sive
3345 1773 3466 1827 qua:
3484 1759 3537 1811 in
3552 1769 3693 1812 terra

436 1862 521 1908 est
554 1851 685 1906 illud
715 1850 858 1919 quod
908 1850 1223 1917 frequenter
1259 1848 1310 1901 in
1348 1845 1655 1916 Evangeliis
1696 1846 1914 1909 dicitur,
1957 1855 2012 1900 et
2045 1829 2087 1884 Β
2119 1831 2263 1910 sunt,
2293 1846 2524 1899 visibilia
2556 1856 2602 1900 et
2632 1847 2937 1907 invisibilia,
2962 1848 3070 1901 sive
3111 1847 3307 1913 throni,
3326 1850 3433 1905 sive
3459 1851 3696 1904 domina-

437 1946 492 2000 in
539 1942 765 2014 singulis
811 1943 1115 2011 quibusque
1151 1939 1363 1994 Domini
1400 1947 1455 1994 et
1489 1937 1791 1992 Salvatoris
1836 1937 2007 1992 nostri

435 2036 600 2107 gestis
628 2035 937 2105 adjungitur
964 2049 978 2087 :
1008 2032 1076 2086 Ut
1106 2032 1381 2099 impleatur
1408 2032 1547 2102 quod
1580 2032 1779 2085 dictum
1804 2040 1879 2084 est
1918 2046 2010 2100 per

435 2126 756 2194 Pmphetam
792 2127 836 2159 ³⁰
869 2125 1018 2179 illum
1055 2133 1111 2178 et
1142 2124 1289 2177 illum
1319 2142 1334 2179 :
1367 2138 1491 2177 cum
1543 2122 1889 2175 manifestum
1936 2120 2009 2175 sit

434 2218 722 2289 prophetas
752 2231 872 2271 esse
900 2217 1042 2271 illius
1066 2216 1156 2269 Dei
1180 2215 1273 2285 qtti
1306 2215 1563 2269 mundum
1604 2213 1755 2269 fecit.
1791 2212 1869 2267 Ex
1893 2213 2006 2283 ipsa

432 2325 562 2380 ergo
604 2310 991 2379 consequentia
1038 2308 1398 2369 concluditur,
1428 2306 1684 2377 quoniam
1738 2306 1829 2374 qui
1881 2320 2008 2375 pro-

431 2403 763 2474 pltetas(9l)
798 2403 983 2469 misit,
1034 2402 1099 2455 de
1146 2400 1365 2455 Christo
1395 2415 1514 2469 qua:
1565 2400 1801 2467 gerenda
1852 2406 2009 2451 erant

434 2495 547 2561 ipse
596 2492 883 2561 praedixit:
919 2500 974 2545 et
1018 2491 1240 2544 dubium
1291 2504 1395 2543 non
1438 2498 1522 2543 est
1549 2487 1693 2557 quod
1726 2487 1841 2541 haec
1898 2500 2005 2540 non

430 2585 640 2638 alienus
679 2583 798 2651 quis
851 2584 918 2636 ab
962 2597 1028 2637 eo
1056 2622 1070 2646 ,
1121 2581 1212 2635 sed
1250 2579 1411 2634 Pater
1460 2580 1631 2648 ipsius
1659 2578 2003 2649 praedicebat.

431 2674 541 2730 Sed
596 2686 651 2729 et
702 2674 832 2728 illud
886 2673 1030 2742 quod
1086 2672 1399 2740 frequenter
1446 2669 1691 2740 exempla
1726 2669 1793 2724 de
1829 2670 2005 2726 Veteri

433 2765 784 2821 Testamento
814 2780 842 2817 a
881 2763 1163 2817 Salvatore
1194 2761 1563 2830 proferuntur,
1588 2761 1669 2816 vel
1694 2762 1761 2815 ab
1790 2775 2009 2831 aposto-

432 2856 499 2911 lis
527 2855 664 2924 ejus,
698 2871 802 2909 non
835 2854 980 2907 aliud
1021 2854 1245 2917 iudicat,
1280 2853 1379 2906 nisi
1408 2853 1551 2921 quod
1580 2837 1877 2905 auctoritas
1916 2865 2007 2904 ve-

430 2950 642 3003 tcrihus
682 2962 711 3000 a
743 2947 1023 3000 Salvatore
1058 2955 1112 2999 et
1144 2945 1211 2999 ab
1240 2942 1356 3011 ejus
1387 2942 1663 3012 discipulis
1692 2943 2003 2997 adhibetur.

432 3042 540 3097 Sed
576 3050 631 3095 et
657 3039 784 3093 illud
816 3038 955 3107 quod
989 3038 1055 3091 ad
1090 3037 1476 3105 benignitatem
1504 3049 1810 3104 provocans
1842 3034 2005 3088 disci-

431 3134 587 3205 pulos
615 3148 742 3188 suos
769 3130 1020 3186 Salvator
1045 3130 1171 3183 dicit
1208 3148 1222 3183 :
1260 3129 1438 3183 Estote
1479 3128 1739 3197 perfecti,
1774 3131 1908 3182 sicut
1955 3139 2005 3183 et

2115 1940 2302 2004 tiones;
2344 1941 2449 1994 sive
2488 1941 2839 2009 principatus,
2870 1942 2975 1995 sive
3016 1951 3299 2010 potestates
3325 1982 3340 2007 ,
3384 1945 3566 1996 omnia
3600 1961 3695 2013 per

2113 2031 2310 2097 ipsum,
2336 2040 2381 2084 et
2408 2031 2463 2085 in
2487 2031 2600 2098 ipso
2639 2043 2818 2085 creata
2846 2040 2969 2085 sunt
3003 2046 3015 2060 ο
3037 2042 3084 2086 et
3110 2034 3217 2101 ipse
3244 2045 3318 2087 est
3350 2043 3473 2088 ante
3493 2051 3691 2099 omnes,

2114 2132 2163 2175 et
2198 2124 2373 2176 omnia
2406 2124 2462 2177 in
2488 2123 2579 2176 illo
2602 2134 2840 2177 constant
2867 2125 2931 2189 ³⁸,
2966 2125 3058 2191 qui
3087 2136 3169 2179 est
3204 2134 3369 2196 caput
3406 2127 3648 2181 omnium
3673 2169 3689 2192 ,

2114 2215 2259 2269 solus
2292 2216 2497 2271 habens
2524 2226 2689 2284 caput
2741 2216 2904 2270 Deum
2953 2215 3168 2271 Patrem
3195 2256 3212 2281 ,
3242 2217 3383 2271 sicut
3429 2218 3690 2286 scriptum

2113 2318 2214 2370 est.
2246 2308 2413 2376 Caput
2443 2319 2615 2362 autem
2643 2307 2839 2362 Christi
2874 2308 3011 2363 Deus
3044 2309 3090 2341 ⁸⁸
3121 2328 3135 2364 :
3169 2310 3509 2378 pervidentes
3525 2312 3689 2364 etiam

2113 2400 2255 2470 quod
2299 2400 2557 2467 scriptum
2596 2410 2681 2455 est
2716 2422 2724 2453 :
2765 2401 3022 2467 quoniam
3068 2418 3218 2456 nemo
3267 2404 3404 2456 novit
3439 2383 3687 2467 Patrem,

2114 2496 2215 2548 nisi
2244 2492 2451 2559 Filius;
2481 2510 2644 2565 neque
2672 2491 2871 2546 Filium
2902 2496 3019 2563 quis
3066 2495 3226 2559 novit,
3261 2495 3363 2547 nisi
3394 2493 3560 2548 Pater
3586 2494 3636 2528 “
3670 2510 3687 2561 ;

2112 2586 2258 2657 (quis
2285 2585 2428 2641 enim
2460 2600 2618 2640 nosse
2641 2594 2818 2655 potest
2846 2600 2969 2655 qua:
3002 2586 3072 2639 sit
3098 2586 3386 2654 sapientia,
3436 2587 3538 2641 nisi
3591 2587 3683 2657 qui

2114 2680 2294 2750 genuit
2327 2694 2446 2733 eam
2475 2696 2488 2733 :
2516 2688 2605 2733 aut
2637 2680 2759 2747 quis
2810 2680 2876 2733 ad
2927 2679 3186 2750 liquidum
3232 2694 3351 2748 qua:
3390 2680 3461 2734 sit
3487 2681 3691 2736 veritas

2114 2772 2302 2836 novit,
2351 2770 2457 2825 nisi
2488 2771 2731 2824 veritatis
2760 2769 2966 2825 Pater?
3013 2771 3133 2840 quis
3180 2779 3329 2825 certe
3374 2771 3686 2826 universam

2114 2862 2276 2917 Verbi
2310 2862 2391 2916 sui
2424 2870 2695 2926 naturam,
2726 2871 2888 2931 atque
2918 2862 3084 2931 ipsius
3110 2861 3203 2914 Dei
3230 2862 3318 2930 qui
3350 2876 3416 2915 ex
3445 2860 3556 2915 Deo
3579 2872 3686 2926 est,

2115 2953 2445 3023 investigare
2478 2954 2671 3021 potuit,
2701 2953 2801 3007 nisi
2834 2954 2981 3007 solus
3008 2953 3170 3017 Deus,
3207 2954 3345 3021 apud
3379 2969 3540 3021 quem
3568 2965 3690 3007 erat

2116 3042 2347 3097 Verbum
2383 3043 2445 3104 ?)
2490 3043 2601 3114 (97)
2638 3042 2749 3097 Pro
2789 3053 2936 3098 certo
2987 3044 3188 3098 habere
3214 3044 3470 3098 debemus
3496 3084 3513 3108 ,
3542 3046 3685 3113 quod

2113 3133 2217 3187 hoc
2252 3132 2487 3188 Verbum
2511 3175 2526 3199 ,
2564 3135 2678 3189 sive
2712 3135 2849 3189 ratio
2879 3134 3108 3189 dicenda
3139 3144 3222 3190 est
3246 3175 3260 3197 ,
3291 3136 3429 3191 hanc
3461 3137 3685 3205 sapien-

433 3226 595 3280 Peter
624 3235 788 3277 vester
824 3221 1039 3275 cwlestis
1072 3219 1331 3289 perfectus
1360 3230 1433 3273 est
1464 3259 1480 3284 ,
1516 3221 1603 3290 qui
1647 3221 1808 3273 solem
1847 3237 2004 3273 suum
2034 3192 2075 3251 θ
2113 3225 2238 3278 tiam
2264 3262 2280 3289 ,
2322 3224 2465 3280 banc
2498 3227 2782 3280 veritatem
2830 3225 3007 3281 nullus
3039 3226 3178 3281 alius
3208 3227 3311 3281 nisi
3345 3228 3493 3281 solus
3524 3226 3688 3283 Pater

431 3318 562 3371 oriri
574 3316 722 3387 jubet
753 3330 909 3383 super
935 3314 1094 3366 bonos
1120 3323 1166 3367 et
1192 3312 1378 3377 malos,
1409 3324 1457 3367 et
1495 3314 1625 3379 pluit
1656 3329 1812 3381 super
1828 3314 2004 3382 justas

430 3421 478 3464 et
523 3410 744 3477 injustas
785 3407 829 3438 “
874 3424 887 3461 :
937 3406 1110 3460 cuivis
1155 3406 1321 3460 etiam
1380 3406 1592 3476 exigua:
1640 3405 2005 3476 intelligentia:

430 3502 548 3555 viro
596 3498 1069 3553 evidentissimum
1134 3497 1375 3567 suggerit
1432 3497 1811 3566 intellectum,
1862 3498 2004 3567 quod

431 3610 536 3650 non
573 3594 735 3647 alium
787 3591 853 3645 ad
910 3591 1228 3645 imitandum
1275 3590 1532 3660 proponit
1563 3590 1841 3660 discipulis
1890 3592 2006 3647 suis

431 3686 621 3751 Deum,
669 3684 772 3740 nisi
821 3684 1087 3738 factorem
1136 3681 1305 3749 solis,
1341 3693 1397 3737 et
1432 3682 1703 3737 :imhrium
1754 3682 2006 3753 prmbito-

427 3795 564 3835 rem.
599 3797 620 3831 ι

498 3872 826 3928 ΡΛιιιιιεειυε.
869 3867 998 3923 Post
1033 3867 1148 3920 haec
1200 3866 1252 3920 in
1302 3867 1762 3937 consequentibus
1816 3866 2004 3923 multis

428 3968 760 4038 argumentis
788 3975 951 4036 atque
981 3962 1246 4031 exemplis
1276 3959 1679 4029 Scripturarum
1707 3960 2000 4026 allirmans,

426 4056 666 4112 ostendit
698 4056 952 4124 quoniam
980 4067 1119 4107 unus
1152 4061 1206 4105 et
1234 4052 1373 4104 idem
1410 4050 1553 4105 Deus
1577 4090 1592 4114 ,
1626 4050 1766 4105 Deus
1799 4060 1884 4106 est
1929 4051 2005 4105 leo

430 4150 534 4219 gis,
564 4158 619 4203 et
644 4146 1081 4215 Evangeliorum,
1114 4154 1168 4199 et
1200 4142 1608 4213 prophetarum,
1638 4151 1693 4195 et
1729 4142 2003 4211 apostolo-

427 4256 572 4304 rum,
598 4239 781 4310 justtts
807 4248 861 4292 et
893 4240 1085 4302 bonus,
1126 4236 1423 4291 visibilium
1458 4244 1511 4290 et
1552 4234 1897 4289 invisibilitnn
1939 4251 2002 4290 ac

428 4334 597 4389 totius
631 4330 999 4385 universitatis
1030 4329 1310 4384 Dominus.
1342 4328 1623 4394 Quomodo
1649 4342 1780 4397 ergo
1813 4342 2000 4387 sense-

427 4423 500 4477 rit
532 4422 598 4476 de
640 4420 749 4475 Deo
778 4419 937 4473 Patre
965 4458 979 4481 ,
1010 4434 1075 4472 es
1126 4420 1209 4472 his
1234 4418 1351 4484 ejus
1384 4418 1603 4485 scriptis
1628 4459 1643 4481 ,
1680 4432 1800 4485 qua:
1836 4433 1999 4487 supra

2108 3317 2256 3371 novit
2287 3332 2300 3370 :
2329 3318 2394 3372 de
2443 3332 2583 3386 quo,
2616 3317 2754 3373 sicut
2787 3318 3049 3387 scriptum
3081 3328 3163 3372 est
3197 3336 3210 3371 :
3242 3317 3324 3372 Ne
3362 3320 3532 3388 ipsum
3569 3324 3690 3389 qui-

2106 3408 2223 3461 dem
2260 3410 2513 3462 mundunt
2548 3426 2731 3476 capere
2769 3425 2919 3477 posse
2946 3411 3176 3463 arbitror
3223 3408 3383 3463 libros
3430 3413 3520 3475 qui
3549 3412 3689 3465 seri-

2106 3498 2351 3554 berentur
2374 3502 2418 3533 ³⁸
2454 3502 2519 3555 de
2552 3502 2718 3572 gloria
2763 3512 2819 3556 et
2866 3504 2935 3556 de
2969 3502 3252 3571 majestate
3279 3502 3399 3556 Filii
3433 3502 3546 3557 Dei.
3578 3503 3686 3558 litt-

2107 3591 2362 3659 possibile
2393 3606 2624 3662 namque
2656 3602 2738 3647 est
2776 3592 2971 3647 litteris
3003 3595 3341 3647 committere
3365 3607 3429 3648 ea
3455 3610 3578 3665 qua:
3615 3597 3687 3651 ad

2108 3681 2407 3737 Salvatoris
2435 3684 2659 3751 gloriam
2690 3686 2983 3754 pertinent.
3018 3703 3037 3736 ι

2175 3774 2499 3831 PAMPHILUS.
2556 3777 2729 3832 Uuunt
2779 3777 2919 3831 istud
2955 3778 3321 3832 testimonium
3372 3779 3440 3834 de
3477 3780 3689 3835 deitate

2104 3866 2223 3922 Filii
2254 3868 2342 3922 Dei
2373 3882 2443 3921 ex
2471 3868 2573 3922 illis
2599 3866 2750 3921 libris
2777 3866 3097 3937 protulimus
3122 3906 3138 3933 ,
3179 3870 3271 3937 qui
3319 3871 3567 3925 maxime
3612 3876 3685 3928 ab

2104 3959 2513 4012 aecusatoribus
2541 3968 2863 4027 arguuntur.
2906 3956 3133 4012 Dubium
3180 3968 3360 4013 autem
3410 3976 3513 4014 non
3549 3972 3637 4016 est
3663 4002 3680 4026 ,

2105 4050 2246 4119 quod
2294 4050 2483 4105 eodem
2517 4065 2679 4106 sensu
2714 4050 2875 4105 etiam
2926 4052 2979 4104 in
3026 4051 3238 4105 caeteris
3290 4052 3533 4119 sentiat,
3576 4068 3683 4108 nec

2104 4142 2203 4195 sibi
2236 4143 2307 4197 sit
2338 4144 2452 4205 ipse
2484 4142 2813 4197 contrarius.
2864 4142 2940 4197 De
2981 4157 3047 4197 eo
3092 4144 3235 4214 quod
3271 4157 3375 4197 non
3414 4145 3487 4197 sit
3514 4144 3686 4200 Pater

2102 4241 2390 4300 antequam
2420 4232 2611 4292 Filius.
2638 4233 2731 4287 sed
2770 4243 3072 4287 coaeternus
3113 4233 3186 4287 sit
3214 4231 3389 4289 Filius
3418 4232 3594 4299 Patri,
3625 4237 3684 4290 in

2102 4325 2276 4392 primo
2308 4324 2444 4378 libro
2482 4323 2556 4377 De
2582 4323 2770 4379 Genesi
2803 4326 2917 4380 haec
2948 4325 3025 4379 ait
3052 4344 3063 4379 :

2145 4415 2434 4468 URIGENBS.
2476 4414 2611 4485 (97')
2662 4432 2681 4466 ‹
2734 4414 2849 4470 Non
2997 4415 3072 4467 Οὐ
3099 4414 3400 4487 γὰρὸΘεὸς
3423 4417 3537 4489 (98)
3562 4418 3683 4474 Πα-

427 4510 793 4578 esposuitnns,
819 4508 1037 4562 claruit.
1072 4506 1364 4562 Videamus
1412 4520 1543 4575 ergo
1596 4522 1738 4561 nunc
1765 4508 1999 4575 qualiter

2116 4510 2245 4560 enim
2265 4506 2424 4571 Deus,
2441 4524 2560 4561 cum
2576 4511 2725 4579 prius
2747 4523 2851 4562 non
2924 4507 3032 4579 τὴρ
3052 4502 3193 4562 εἶναι
3222 4509 3446 4579 ἤρξατο,
3469 4510 3683 4564 κωλυό-

427 4611 483 4657 et
505 4603 571 4657 de
602 4600 693 4656 Dei
729 4598 865 4654 Filio
894 4599 1146 4652 disserat.

1035 4686 1261 4744 CAPUT
1302 4684 1388 4739 lll.

918 4782 990 4836 De
1013 4783 1206 4835 deitate
1239 4778 1369 4832 Filii
1401 4777 1517 4831 Dei.

498 4880 788 4936 OBlGENl-IS.
827 4876 938 4945 (95)
966 4894 984 4926 ι
1017 4874 1118 4931 Pro
1135 4874 1342 4927 viribus
1372 4872 1533 4940 igitur
1558 4869 1760 4924 nostris
1786 4869 1999 4939 perexi-

430 4974 551 5043 guis
590 4972 925 5025 considerata
953 4985 1017 5023 ex
1051 4984 1272 5038 cperunt
1307 4980 1526 5019 suorum
1564 5002 1580 5027 ,
1626 4964 1799 5033 magis
1831 4979 1993 5032 quam

501 5068 546 5098 ⁸ο
584 5065 769 5117 Matth.
819 5080 934 5127 χιιι,
962 5063 1031 5117 55
1061 5079 1077 5124 ;
1115 5077 1285 5126 xxvtt,
1319 5059 1409 5113 '55.

428 5153 511 5203 Il,
538 5136 630 5194 27.
707 5135 750 5165 ³⁵
774 5132 930 5191 Joatt.
969 5149 1080 5196 ut,
1106 5134 1197 5186 23).

504 5232 614 5303 (93)
641 5231 716 5303 Et:
743 5229 838 5282 lib.
874 5243 910 5280 tt
955 5226 1346 5303 Deprincipiis,
1392 5240 1511 5293 cap.
1549 5223 1605 5286 4,
1646 5240 1790 5303 num.
1826 5224 1877 5277 l.

508 5294 622 5372 (94')
655 5302 764 5354 Sic.
794 5314 921 5351 mss.
958 5298 1098 5351 Editi
1126 5312 1253 5372 vero
1275 5294 1988 5372 perptfrtttll;tittisiquWB-de

434 5363 641 5427 Christo
674 5372 930 5423 credenda
951 5377 1099 5421 erant
1122 5369 1227 5435 ipse
1269 5367 1532 5433 pru'dixit.
1561 5363 1707 5419 Libri
1739 5364 1814 5435 De
1841 5366 1988 5431 prin-

434 5444 581 5513 cipiis
609 5453 725 5513 tam,
752 5440 880 5493 editi
915 5454 1075 5513 quant
1116 5432 1289 5513 mss_.,_
1318 5437 1493 5499 misit,
1521 5451 1641 5504 qua:
1682 5438 1746 5488 de
1778 5432 1987 5489 Christo

433 5508 902 5585 prwdice_nda__erat
942 5512 1046 5585 ipse
1070 5508 1336 5585 prardiagit.

529 5584 618 5653 95)
650 5583 724 5653 Ex
760 5581 851 5632 lib.
883 5594 920 5631 tt
959 5572 1587 5653 Πεᾼρνὶηςιρὶξδηαιρηϐ.
1614 5590 1761 5653 num.
1796 5575 1846 5628 1.

529 5588 618 5653 95)
650 5588 724 5636 Ex
760 5588 851 5632 lib.
883 5594 920 5631 tt
959 5588 1032 5630 Ue
1052 5592 1341 5645 principiis,
1373 5589 1491 5643 cap.
1517 5588 1582 5636 t5,
1614 5590 1761 5627 nttm.
1796 5588 1846 5628 ι.

504 5588 614 5727 ἓθϐ)
654 5652 725 5705 ita
752 5660 897 5727 rec_t_e
922 5649 1072 5709 editi,
1101 5647 1291 5727 etltbt‘i
1327 5646 1689 5727 Deprincipiis
1726 5656 1832 5697 tant
1860 5645 1985 5699 editi

433 5718 607 5793 quiun'
640 5738 797 5793 ωδε).Δ
833 5720 959 5772 Mss.
1002 5732 1130 5771 vero
1175 5718 1333 5793 hujus
1385 5719 1691 5793 Apologiw,
1728 5727 1987 5768 creaturis

437 5785 549 5863 ejus
586 5790 894 5860 visibilibus,
942 5789 1342 5859 comemplautes
1384 5785 1479 5858 [λιι.
1514 5803 1821 5856 rursumque
1858 5805 1986 5840 cou-

2105 4608 2246 4651 essct
2268 4596 2445 4665 Pater,
2470 4612 2656 4669 postea
2692 4600 2853 4656 Pater
2927 4620 3104 4673 μενος,
3124 4603 3198 4662 ὡς
3212 4604 3682 4674 οιγινόμενοιπα-

2103 4704 2219 4742 esse
2264 4692 2448 4756 t'mpit,
2487 4691 2632 4746 velut
2682 4694 2851 4763 impe-
2924 4697 3077 4767 τέρες
3119 4697 3414 4769 ἄνθρωποι,
3453 4701 3559 4753 ὑπὸ
3583 4701 3679 4755 τοῦ

2103 4781 2245 4835 ditus
2295 4784 2563 4850 aliquibus
2602 4799 2669 4839 ex
2721 4801 2850 4840 cau-
2926 4792 3000 4863 μὴ
3025 4792 3284 4846 δύνασθαί
3313 4811 3399 4847 πω
3439 4797 3685 4867 πατέρες

2104 4874 2197 4938 sis,
2220 4875 2416 4943 quibus
2440 4876 2684 4932 homines
2708 4894 2848 4932 mor-
2921 4880 3079 4938 εἶναι.
3116 4887 3177 4938 Ei
3216 4885 3324 4958 γὰρ
3348 4888 3436 4939 ἀεὶ
3471 4888 3685 4951 τέλειος

2104 4965 2237 5018 tales
2279 4966 2521 5035 impediri
2561 4970 2756 5035 Solent,
2796 4983 2851 5028 ut
2920 4977 2949 5028 ὁ
2974 4977 3124 5043 Θεὸς,
3147 4980 3242 5033 καὶ
3279 4979 3544 5051 πάρεστιν
3580 4982 3683 5034 ait-

1515 5058 1558 5089 ³³
1586 5057 1778 5111 Matth.
1808 5073 1856 5119 ν,
1893 5057 1985 5125 48,

2116 5096 2128 5112 .
2207 5060 2250 5090 ³⁸
2283 5060 2493 5117 Coloss.
2536 5083 2574 5129 ι,
2610 5065 2803 5122 iii-l7.
2882 5071 2928 5102 ³³
2959 5071 2978 5125 l
3010 5075 3135 5129 (lor.
3168 5090 3242 5141 si,
3273 5075 3328 5130 3.
3404 5077 3451 5108 "
3481 5076 3682 5134 Matth.

2095 5222 2427 5296 temp/antes]
2464 5228 2589 5290 quia
2619 5244 2724 5281 non
2759 5230 2956 5295 omnia,
2987 5242 3093 5286 etc.

2169 5296 2281 5363 (97)
2302 5295 2427 5349 Mss.
2461 5298 2618 5371 hujus
2648 5299 2920 5369 Apologia:
2946 5303 3149 5356 habent
3186 5322 3197 5358 :
3238 5302 3387 5356 Unde
3412 5320 3507 5371 pro
3529 5318 3682 5361 certo

2095 5365 2286 5489 {tabfre
2310 5376 2460 5487 ,detc.
2490 5368 2595 5421 Sed
2630 5371 2761 5424 edtti
2786 5365 2888 5435 .et
2935 5372 3059 5427 libri
3092 5374 3169 5428 De
3201 5365 3477 5445 prtucipits
3503 5381 3682 5431 Otnit-

2123 5453 2190 5489 un
2254 5453 2322 5487 un
2365 5454 2413 5489 e.

2123 5453 2215 5489 Ulll
2254 5453 2413 5489 unae.

2170 5507 2303 5575 (97‘)
2334 5507 2409 5559 Ex
2435 5506 2609 5561 lihrot
2640 5507 2693 5561 iu
2727 5506 2990 5565 Cenesim.

2165 5582 2275 5647 (ηδ)
2321 5580 2402 5629 Οὐ
2454 5580 2562 5647 γὰρ
2618 5582 2651 5631 ό
2690 5581 2852 5645 Θεός,
2902 5596 3007 5635 etc.
3060 5580 3210 5637 llun-c
3245 5583 3420 5639 locum
3484 5584 3683 5643 Grmce

2092 5650 2597 5729 extubetlﬂusenms
2642 5652 2733 5705 lib.
2784 5667 2800 5705 ι
2850 5654 3099 5708 adversus
3146 5655 3461 5710 Marcellum
3504 5660 3681 5729 Amp:

2093 5735 2300 5783 rituum,
2331 5735 2450 5788 pag.
2477 5720 2566 5774 22.
3622 5718 3646 5729 ’
3661 5718 3673 5730 ’
