3884 6218
252 355 353 412 561

255 491 360 528 non
409 475 589 531 statim
625 490 694 529 ex
733 490 841 546 quo
881 484 1004 533 sunt

252 569 417 621 etiam
466 577 647 636 patres
696 585 819 625 esse
874 585 1000 640 pos-

254 662 387 715 sint.
451 640 509 715 Si
580 660 725 715 enim
792 676 1005 730 semper

255 752 534 819 perfectus
584 760 672 806 est
710 751 869 808 Dens.
906 767 1003 806 nec

255 839 412 894 deest
441 839 489 893 ei
518 840 688 893 virtus
716 855 817 907 qua
847 839 1005 893 Pater

253 935 345 999 sit,
367 934 626 989 etbonmn
650 943 731 988 est
747 948 1001 989 esseeum

255 1026 472 1080 Patrem
515 1026 637 1081 talis
668 1025 824 1088 Filii,
871 1027 1002 1096 quid

252 1117 457 1184 tliﬂ'ert,
485 1120 717 1189 autqnid
740 1120 841 1175 hoc
864 1120 1004 1174 bono

251 1229 315 1268 se
350 1214 597 1276 t'ramlat,
652 1224 706 1269 et
747 1230 851 1268 non
894 1224 1006 1268 sta-

254 1306 424 1367 tim,si
446 1306 517 1358 ita
533 1305 637 1359 dici
659 1304 1003 1375 potest.(98‘)

252 1411 319 1448 es
348 1409 455 1460 quo
486 1404 660 1462 potest
679 1410 801 1449 esse
822 1394 1003 1459 Pater,

252 1488 487 1542 emcitur
527 1486 727 1567 Pater?
774 1487 1003 1557 Idipsnm

255 1590 440 1635 autem
485 1582 647 1635 etiam
690 1582 754 1636 de
802 1580 1005 1651 Spiritu

253 1683 447 1727 sancto
469 1673 753 1727 dicendum
779 1684 881 1730 est.
928 1695 947 1727 ι

330 1764 655 1821 Purmws.
709 1768 865 1822 Aliud
911 1771 1284 1826 testimonium
1315 1772 1382 1827 de
1422 1771 1609 1827 eadem
1656 1787 1714 1829 re
1760 1788 1824 1828 ex

256 1856 415 1913 libris
449 1857 703 1925 Epistula:
725 1860 794 1913 ad
824 1862 1091 1916 Hebraeos.

331 1950 623 2005 ORIGENES.
658 1951 769 2022 (99)
821 1972 839 2003 ι
884 1952 998 2008 Lux
1060 1965 1239 2009 autem
1286 1964 1487 2009 aeterna
1515 1956 1645 2025 quid
1689 1956 1831 2009 aliud

256 2043 600 2098 sentiendum
627 2052 733 2106 est,
767 2058 930 2113 quam
986 2046 1130 2099 Deus
1166 2045 1348 2111 Pater,
1407 2049 1497 2115 qui
1556 2062 1831 2115 nunquam

257 2135 363 2189 fuit
385 2135 603 2204 quando
638 2134 727 2188 lux
758 2136 975 2203 quidem
1000 2148 1169 2197 esset,
1191 2138 1449 2205 Splendor
1482 2153 1611 2192 vero
1638 2138 1687 2191 ei
1724 2154 1830 2193 non

255 2227 510 2283 adesset?
556 2224 742 2298 Neque
777 2226 919 2281 enim
958 2227 1046 2280 lux
1094 2228 1211 2283 sine
1250 2230 1535 2298 splendore
1582 2245 1680 2284 suo
1727 2246 1831 2283 un-

256 2332 422 2388 quam
457 2316 681 2386 intelligi
714 2325 909 2386 potest.
944 2315 1095 2383 Quod
1119 2320 1162 2371 si
1198 2332 1386 2371 verum
1410 2328 1517 2378 est.
1550 2333 1824 2387 nunquam

255 2416 345 2463 est
376 2407 511 2477 (99')
569 2408 785 2475 quando
819 2405 984 2462 Filius
1013 2422 1118 2461 non
1155 2405 1321 2462 Filius
1349 2407 1473 2462 fuit.
1500 2408 1827 2463 Eratautem

258 2514 394 2563 non,
428 2498 660 2555 sicut’de
680 2508 878 2553 aeterna
904 2498 1023 2554 luce
1062 2500 1318 2563 diximus,
1351 2500 1593 2568 innatus,
1621 2517 1688 2555 ne
1714 2504 1822 2557 duo

255 2591 523 2663 principia
558 2592 696 2646 lucis
729 2590 1008 2646 videamus
1042 2591 1318 2656 inducere,
1355 2592 1451 2646 sed
1493 2593 1632 2647 sicut
1682 2594 1832 2665 inge-

256 2687 386 2740 nitae
414 2684 549 2739 lucis
569 2683 843 2753 splendor,
869 2686 1040 2752 ipsam
1079 2683 1222 2737 illaut
1256 2684 1430 2738 lucem
1472 2684 1684 2739 initium
1731 2686 1828 2739 ba-

256 2777 395 2832 bens
418 2791 481 2829 ac
514 2774 743 2839 fontem,
790 2784 952 2830 natus
994 2776 1215 2845 quidem
1268 2793 1333 2831 ex
1378 2778 1530 2848 ipsa;
1581 2777 1675 2831 sed
1726 2792 1830 2831 non

255 2878 379 2920 erat
417 2870 633 2935 quando
662 2883 767 2921 non
796 2878 935 2922 erat.
976 2886 994 2919 ι

331 2955 657 3014 Passennus.
710 2956 866 3012 Aliud
912 2957 1279 3013 testimonium
1332 2959 1399 3014 de
1441 2960 1629 3017 eadem
1676 2976 1732 3015 re
1764 2961 1831 3017 de

257 3046 417 3101 libris
451 3044 706 3115 Epistola’
732 3047 801 3100 ad
837 3045 1122 3102 Romanos.

334 3137 621 3193 Ontceuss.
692 3136 772 3209 (l)
823 3158 841 3191 ι
891 3138 1042 3204 Quod
1083 3140 1425 3206 promiserat,
1476 3140 1679 3209 inquit,
1739 3158 1831 3211 per

256 3228 536 3299 prophetas
580 3246 701 3283 suos
741 3230 795 3283 in
820 3229 1105 3299 Scripturis
1136 3232 1331 3284 sanctis
1354 3232 1417 3284 de
1443 3228 1583 3285 Filio
1610 3248 1704 3285 suo
1738 3231 1829 3301 qui

258 3322 548 3374 secundum
584 3337 793 3375 carnem
836 3321 1004 3389 factus
1054 3334 1129 3377 est
1179 3339 1244 3377 ea:
1290 3325 1484 3378 semine
1541 3323 1711 3379 David
1762 3324 1830 3379 “.

260 3412 462 3467 Factus
499 3422 582 3467 est
618 3414 759 3480 quod
818 3424 945 3469 ante
996 3430 1101 3469 non
1156 3424 1293 3469 erat.
1360 3416 1704 3473 Manifestum
1752 3427 1835 3473 est

261 3503 407 3556 enim
443 3505 566 3571 quia
607 3505 904 3558 secundum
940 3520 1159 3561 carnem
1197 3524 1301 3563 non
1346 3515 1466 3563 erat
1503 3508 1652 3577 prius
1690 3526 1705 3561 :
1742 3522 1830 3563 se-

261 3596 496 3649 cundum
514 3595 764 3665 spiritum
792 3612 919 3653 vero
946 3606 1230 3669 eratante,
1261 3610 1315 3656 et
1344 3615 1448 3655 non
1480 3599 1831 3669 eratquando

261 3700 369 3739 IIOlI
397 3694 533 3739 erat.
571 3703 590 3736 Ι

337 3774 660 3833 Purpureus.
721 3775 855 3833 ltem
934 3779 987 3832 in
1060 3778 1201 3835 libro
1275 3779 1452 3849 primo
1513 3780 1656 3849 napi
1729 3781 1832 3851 ἁρ-

263 3867 409 3937 χῶν.
445 3867 598 3933 Quod
627 3881 779 3924 extra
812 3870 980 3925 ullum
1020 3871 1231 3926 initium
1270 3882 1356 3928 est
1388 3874 1664 3943 generatio
1709 3873 1833 3930 Filii

266 3959 384 4014 Dei.

336 4070 624 4127 ORIGENES.
662 4072 763 4145 (Γ)
792 4090 810 4125 ι
840 4072 896 4128 Si
925 4088 1054 4143 ergo
1092 4073 1257 4129 semel
1282 4083 1427 4130 recte
1450 4085 1723 4145 receptum
1751 4088 1834 4131 est

261 4164 600 4235 unigenitum
649 4164 844 4219 Filium
877 4166 969 4220 Dei
1008 4166 1331 4237 sapientiam
1378 4166 1494 4236 ejus
1538 4181 1663 4222 esse
1705 4167 1836 4221 sub-

262 4255 595 4308 stantialiter
622 4256 1030 4321 subsistentem,
1065 4259 1249 4312 nescio
1288 4258 1335 4311 si
1365 4257 1478 4327 jam
1516 4257 1657 4311 ultra
1706 4272 1835 4312 eva-

263 4347 380 4416 gari
450 4364 641 4403 sensus
676 4361 859 4405 noster
908 4353 1103 4405 debeat
1151 4352 1216 4405 ad
1247 4353 1628 4418 suspicandum
1657 4352 1731 4423 (2)
1769 4367 1835 4406 ne

262 4436 404 4490 forte
434 4437 547 4505 ipsa
578 4440 927 4494 subsistentia
972 4439 1088 4507 ejus
1134 4456 1452 4509 corporeum
1486 4441 1687 4509 aliquid
1738 4443 1833 4496 ha-

335 4550 382 4582 ³⁸
409 4549 564 4607 Rom.
593 4568 629 4619 ι,
664 4552 720 4620 2,
758 4553 813 4609 5.
888 4554 955 4585 ³⁸·
992 4554 1120 4625 Sap.
1149 4571 1244 4621 vn,
1265 4554 1359 4608 ‘35.

1075 569 1235 623 αὑτὸν
1284 565 1422 624 εἶναι
1445 610 1459 634 ,
1524 572 1617 624 καὶ
1662 572 1823 626 καλὸν

1074 664 1235 718 αὑτὸν
1279 659 1417 718 εἶναι
1472 666 1692 737 Πατέρα
1728 665 1822 719 τοῦ

1072 756 1315 811 τοιούτου
1370 758 1499 811 Υἱοῦ
1520 798 1533 819 ,
1593 760 1645 812 τι
1698 760 1826 812 ἀνα-ο

1074 847 1348 913 ϐάλλεται,
1384 852 1476 903 καὶ
1507 851 1697 903 ἑαυτὸν
1731 850 1822 904 τοῦ

1075 940 1241 995 καλοῦ
1306 942 1618 1013 στερίσκει,
1691 942 1823 1010 καὶ,

1073 1033 1149 1097 ὡς
1170 1033 1319 1088 ἔστιν
1346 1037 1541 1097 εἰπεῖν,
1568 1035 1626 1101 ἐξ
1656 1031 1717 1090 οὗ
1744 1036 1828 1089 δύ-

1075 1145 1231 1181 ναται
1264 1129 1452 1200 Πατὴρ
1495 1124 1630 1183 εἶναι
1659 1129 1822 1186 Υἱοῦε

1076 1223 1149 1275 Τὸ
1196 1222 1328 1276 αὐτὸ
1410 1224 1657 1294 μέντοιγε
1733 1227 1828 1279 καὶ

1076 1316 1204 1386 περὶ
1239 1312 1331 1367 τοῦ
1375 1313 1528 1382 ἁγίου
1575 1314 1827 1386 Πνεύμα-

1075 1422 1166 1469 τος
1189 1405 1427 1460 λεκτέον.

1449 358 1789 416 APOLOCIA
1830 359 1962 416 PRO
1998 361 2319 417 ORIGENE.

1074 475 1154 548 τῷ
1192 476 1419 549 δύναμις
1465 480 1557 533 τοῦ
1609 480 1826 550 Πατέρα

1940 480 2220 540 beat,eum
2261 494 2422 533 omne
2469 478 2613 547 quod
2657 493 2974 548 corporeum
3007 486 3109 541 est,
3156 477 3237 531 vel
3277 476 3492 543 habitu,

3390 356 3495 412 502

1925 570 2008 623 vel
2045 578 2247 631 colore,
2274 570 2357 623 vel
2384 571 2747 638 magnitudine
2775 570 3107 639 designetur.
3144 566 3208 621 Et
3235 569 3356 636 quis
3394 583 3496 621 nn-

1926 677 2085 730 quam
2114 665 2228 717 sani
2265 676 2456 716 sensus
2500 661 2738 716 habitum
2774 661 2858 716 vel
2912 660 3170 723 colorem,
3218 668 3311 712 aut
3351 674 3497 712 trien-

1927 771 2069 811 sura:
2119 757 2542 826 magnitudinem
2596 756 2649 810 in
2700 755 2978 824 Sapientia
3029 752 3345 822 requisivit,
3400 765 3497 819 per

1926 848 2069 915 quod
2109 845 2384 915 Sapientia
2424 848 2543 902 est?
2590 846 2875 911 Quomodo
2921 854 3100 899 autem
3139 854 3291 898 extra
3336 842 3495 910 lmjns

1929 937 2218 1008 Sapientiae
2240 938 2644 1009 generationem
2686 935 2850 992 fuisse
2878 936 3166 1005 aliquando
3198 935 3366 991 Deum
3395 935 3496 989 ιιι.-

1929 1039 2086 1093 trem,
2121 1029 2204 1084 vel
2230 1032 2295 1084 ad
2320 1042 2580 1099 punctum
2613 1028 2872 1085 momenti
2907 1028 3137 1099 alicujus
3172 1037 3347 1098 potest
3374 1027 3495 1095 quis

1928 1127 2130 1182 sentire
2163 1126 2246 1182 vel
2296 1128 2542 1191 credere,
2600 1126 2693 1195 qui
2758 1135 2937 1179 tamen
2990 1126 3134 1193 pium
3189 1124 3391 1192 aliquid
3431 1124 3497 1175 de

1930 1218 2042 1273 Deo
2064 1218 2368 1288 intelligere
2398 1218 2631 1280 noverit,
2657 1215 2744 1270 vel
2785 1215 3025 1269 sentire?
3055 1216 3159 1270 Aut
3196 1214 3339 1269 enim
3390 1226 3495 1265 non

1928 1308 2170 1377 potuisse
2200 1308 2363 1363 Deum
2388 1308 2528 1360 dicet
2557 1320 2814 1375 generare
2847 1304 3179 1374 Sapientiam
3208 1312 3496 1369 antequam

1930 1410 2235 1471 generaret,
2273 1410 2331 1454 ut
2372 1415 2516 1463 eam,
2560 1415 2677 1467 quae
2712 1414 2817 1453 non
2860 1407 3003 1463 erat,
3048 1395 3151 1470 (2‘)
3186 1405 3369 1463 postea
3415 1408 3495 1463 ge-

1931 1493 2109 1546 nuerit
2146 1502 2203 1545 ut
2228 1502 2373 1549 esset
2401 1507 2414 1545 :
2442 1502 2534 1546 aut
2560 1493 2796 1563 potuisse
2837 1493 3078 1563 quidem,
3113 1493 3203 1546 sed
3236 1490 3398 1560 (quod
3433 1501 3496 1543 ne

1935 1584 2037 1637 diei
2071 1584 2285 1653 quidem
2337 1584 2405 1638 de
2460 1584 2569 1638 Deo
2630 1583 2714 1639 l‘as
2765 1584 2868 1655 est)
2910 1584 3144 1638 noluisse
3190 1595 3495 1653 generare:

1930 1676 2073 1746 quod
2107 1685 2397 1744 utrumque
2436 1686 2490 1729 et
2520 1676 2811 1731 absurdum
2830 1689 2971 1737 esse,
3002 1686 3056 1730 et
3091 1674 3313 1743 impium
3331 1671 3478 1727 omni

1932 1766 2033 1821 bus
2068 1772 2236 1834 patet,
2262 1764 2338 1837 ('5)
2398 1765 2451 1818 id
2477 1774 2579 1825 est,
2618 1773 2790 1817 utaut
2817 1779 2883 1819 ex
2913 1778 2979 1818 eo
3010 1764 3153 1833 quod
3188 1778 3293 1817 non
3327 1763 3496 1831 potuit

1863 1856 1903 1911 Β
1936 1857 2097 1920 Deus,
2123 1854 2411 1926 proﬁceret
2436 1865 2492 1908 ut
2520 1864 2749 1926 posset;
2788 1864 2878 1908 aut
2924 1869 2987 1908 ex
3023 1869 3088 1909 eo
3118 1869 3239 1908 ctnn
3291 1862 3497 1922 posset,

1932 1948 2296 2004 dissimularet
2322 1962 2583 2019 generare
2607 1945 2962 2015 Sapientiam.
2989 1946 3212 2015 PrOpter
3234 1944 3373 2013 quod
3403 1960 3496 1999 nos

1932 2054 2147 2109 semper
2186 2039 2350 2093 Deum
2396 2038 2613 2093 Patrem
2666 2036 2913 2091 novimus
2951 2037 3208 2107 unigeniti
3256 2035 3377 2091 Filii
3416 2036 3497 2089 sui

1936 2147 2001 2186 ex
2033 2131 2149 2201 ipso
2185 2131 2401 2199 quidem
2435 2131 2566 2195 nati,
2592 2139 2646 2185 et
2676 2128 2820 2201 quod
2846 2136 2932 2182 est
2965 2127 3033 2181 ab
3064 2128 3183 2196 ipso
3212 2126 3498 2187 trahentis,

1933 2227 2051 2282 sine
2086 2223 2196 2278 ullo
2247 2232 2429 2277 tamen
2463 2222 2640 2290 initio,
2678 2238 2782 2276 non
2824 2219 2999 2277 solum
3029 2234 3093 2276 eo
3119 2218 3262 2290 quod
3312 2217 3479 2286 aliqui

1932 2318 2032 2371 bus
2067 2326 2368 2385 temporum
2413 2313 2606 2382 spatiis
2643 2312 2896 2382 distingui
2928 2320 3126 2381 potest,
3169 2310 3261 2365 sed
3306 2324 3373 2363 ne
3406 2308 3497 2362 illo

1932 2405 2152 2474 quidem
2200 2404 2346 2474 quod
2388 2403 2501 2459 sola
2538 2402 2677 2473 apud
2722 2402 3072 2472 semetipsam
3113 2416 3265 2455 mens
3305 2398 3499 2455 intueri

1932 2497 2091 2562 solet,
2141 2505 2196 2553 et
2239 2496 2403 2561 nudo,
2460 2504 2517 2550 ut
2576 2496 2654 2549 ita
2693 2494 2946 2559 dixerim,
3008 2494 3288 2548 intellectu
3341 2502 3499 2563 atque

1932 2587 2115 2641 animo
2146 2587 2473 2657 conspicari.
2506 2586 2672 2641 Extra
2702 2600 2863 2641 omne
2894 2600 3028 2655 ergo
3058 2586 3201 2655 quod
3243 2585 3326 2639 Vel
3371 2585 3499 2653 dici,

1930 2680 2018 2735 vel
2053 2679 2278 2749 intelligi
2311 2688 2487 2747 potest
2511 2678 2748 2746 initium,
2784 2686 3095 2749 generatam
3120 2691 3240 2732 esse
3269 2677 3499 2732 creden'

1932 2769 2060 2824 dum
2087 2780 2173 2825 est
2195 2770 2549 2838 Sapientiam.
2599 2787 2617 2820 ι

2002 2861 2331 2917 PAMPHILUS.
2356 2861 2511 2915 Aliud
2535 2858 2901 2915 testimonium
2943 2856 3043 2928 (δ’)
3073 2856 3140 2912 de
3175 2856 3400 2911 eisdem.

2002 2952 2291 3008 ΟιιισεΝεε.
2318 2950 2393 3019 (1)
2430 2968 2448 3001 ι
2498 2950 2597 3016 Qui
2631 2959 2809 3003 autem
2845 2948 3056 3002 initium
3074 2948 3363 3003 datVerbo
3386 2946 3499 3013 Dei,

1934 3044 2019 3099 vel
2048 3044 2339 3114 Sapientiae
2364 3043 2481 3105 Dei,
2502 3042 2599 3113 (4⁸)
2622 3042 2834 3096 intuere
2862 3056 2929 3096 ne
2958 3041 3199 3110 magisin
3225 3042 3397 3111 ipsum
3421 3040 3500 3094 in-

1932 3138 2171 3209 genitum
2204 3136 2416 3191 Patrem
2447 3135 2779 3204 impietatem
2820 3149 2971 3189 suam
2999 3133 3188 3202 jactet,
3218 3149 3339 3189 cum
3376 3149 3499 3189 eum

1937 3238 2095 3300 neget
2125 3244 2338 3299 semper
2358 3227 2571 3283 Patrem
2597 3225 2782 3292 fuisse,
2798 3236 2851 3280 et
2876 3227 3132 3296 genuisse
3162 3226 3415 3294 Verbum,
3444 3236 3500 3281 et

1935 3322 2189 3377 habuisse
2209 3320 2539 3392 Sapientiam
2565 3320 2925 3376 anterioribus
2945 3320 3024 3374 vel
3049 3321 3402 3390 temporibus,
3422 3320 3502 3376 vel

1934 3414 2163 3479 maculis,
2198 3414 2279 3468 vel
2298 3414 2489 3482 siquid
2517 3413 2643 3467 illud
2667 3414 2909 3484 estquod
2938 3414 3200 3468 nominari
3235 3422 3430 3483 potest.
3482 3432 3501 3465 ι

2006 3506 2330 3562 Purmws.
2409 3503 2537 3561 Item
2600 3504 2747 3560 aliud
2815 3504 3183 3561 testimonimn
3253 3506 3319 3561 de
3394 3506 3501 3561 eis-

1933 3596 2076 3654 dem.

2004 3709 2296 3768 ORIGENES.
2352 3710 2433 3783 (5)
2483 3728 2503 3763 ε
2540 3708 2779 3765 Eﬂicitur
2828 3724 2959 3782 ergo
3005 3710 3177 3764 virtus
3220 3708 3391 3763 altera
3448 3709 3501 3763 in

1935 3816 2029 3857 sua
2052 3801 2383 3871 proprietate
2421 3803 2752 3870 subsistens,
2784 3803 2938 3857 utait
2974 3817 3154 3857 sermo
3185 3801 3499 3868 Scripturae,

1932 3907 2098 3963 vapor
2120 3894 2337 3964 quidam
2361 3894 2545 3964 prinue
2565 3904 2618 3950 et
2648 3894 2896 3964 ingenitae
2920 3894 3134 3949 virtutis
3154 3892 3248 3947 Dei
3270 3892 3360 3958 ³⁸⁵,
3394 3893 3500 3947 hoc

1935 3990 2150 4058 quidem
2189 3991 2330 4059 quod
2379 4000 2485 4058 est,
2530 3990 2658 4047 inde
2697 3992 2920 4047 trahens
2975 4009 2989 4045 :
3041 4006 3147 4046 non
3191 4001 3275 4045 est
3320 3998 3501 4044 autem

1934 4082 2150 4151 quando
2209 4097 2312 4137 non
2363 4082 2545 4137 fuerit.
2610 4082 2667 4137 Si
2710 4083 2855 4137 enim
2896 4081 3019 4152 quis
3058 4080 3289 4136 voluerit
3321 4081 3504 4135 dicere

1934 4172 2087 4241 quasi
2123 4173 2273 4242 prius
2300 4189 2404 4228 non
2435 4173 2723 4238 exstiterit,
2778 4172 2872 4229 sed
2898 4182 3088 4243 postea
3143 4172 3209 4227 ad
3241 4170 3339 4244 (5‘)
3370 4173 3502 4227 sub-

1935 4263 2238 4317 sistentiam
2297 4266 2529 4329 venerit,
2579 4265 2723 4319 dicat
2768 4280 2989 4320 causam
3034 4278 3203 4333 quare
3245 4264 3336 4331 qui
3381 4279 3499 4316 eam

1935 4352 2212 4407 substituit
2245 4353 2424 4418 Pater,
2462 4366 2589 4411 ante
2624 4358 2727 4411 hoc
2766 4372 2869 4410 non
2901 4357 3109 4411 iecerit.
3146 4356 3297 4423 Quod
3330 4358 3373 4411 si
3403 4358 3499 4408 ali-

1934 4447 2076 4513 quod
2111 4459 2295 4499 semen
2321 4446 2534 4499 initium
2566 4446 2777 4501 dederit
2805 4460 2911 4516 quo
2940 4460 3108 4516 vapor
3156 4446 3258 4501 iste
3295 4459 3362 4499 es
3409 4445 3503 4499 Dei

335 4668 591 4746 (98')_Sic
620 4669 747 4746 editi
766 4685 789 4746 ;.
814 4685 952 4746 mssl
967 4685 1113 4746 vero,
1136 4687 1188 4725 se
1215 4669 1373 4727 Pater
1402 4674 1552 4746 edicit
1602 4665 1817 4722 Patrem
1860 4678 1905 4733 Ι)
1934 4670 2347 4746 omittuntesse,
2367 4671 2595 4746 (sicutet
2629 4670 2909 4746 Merlinus‘.
2944 4669 3326 4725 Genebrardus
3352 4686 3501 4746 vero,

261 4739 460 4813 [al.Ase'
479 4739 883 4813 Ratreeﬁicitur
912 4739 1111 4813 Pater].

335 4809 451 4879 (99)
504 4809 579 4863 Ex
603 4809 821 4865 librtsin
843 4811 1011 4874 Epist.
1035 4809 1101 4863 ad
1130 4810 1397 4867 Hebraea.

337 4882 475 4959 (ω’)
501 4880 573 4933 Ita
590 4880 1057 4959 ms._Sorbon_icns.
1073 4883 1262 4959 gzeteri
1289 4899 1416 4937 vero
1439 4900 1594 4959 mssﬂ
1619 4891 1829 4959 quando

266 4948 442 5023 Filius
466 4966 564 5003 non
589 4948 762 5003 Filius
787 4950 1032 5018 nonfuit.
1071 4952 1237 5014 Editi,
1280 4961 1490 5023 quando
1530 4948 1704 5013 Filius
1728 4977 1831 5013 non

261 5021 367 5087 fuit
403 5037 417 5073 :
450 5030 502 5071 et
526 5030 706 5086 postea
740 5022 997 5074 omittunt
1028 5024 1259 5075 innatus.

368 5091 421 5161 lt
446 5090 522 5142 Ex
547 5092 639 5144 lib.
666 5105 681 5143 t
712 5089 968 5161 inils‘pist.
998 5094 1064 5144 ad
1093 5090 1267 5158 Rom,
1295 5110 1441 5148 num.
1466 5096 1500 5150 4
1528 5107 1579 5151 et
1600 5098 1653 5152 5.

366 5160 435 5233 Γ)
472 5160 546 5233 Ex
572 5160 665 5214 lib.
704 5175 719 5213 ι
758 5160 1158 5233 Deprincipiis,
1190 5179 1309 5233 cap.
1336 5166 1393 5226 ‘2,
1416 5182 1562 5219 num.
1586 5169 1643 5222 2.

338 5231 418 5303 (2)
489 5231 560 5303 Ita
606 5244 737 5303 mss.
788 5230 1048 5299 plerique.
1112 5230 1271 5286 Mssﬁ
1303 5250 1430 5289 vero
1475 5239 1717 5303 quidam,
1764 5248 1819 5293 et

264 5302 421 5371 editi,
447 5318 507 5353 ne
533 5300 668 5369 forte
705 5302 819 5371 ipsa
838 5303 1127 5355 substantia
1161 5303 1296 5371 ejus,
1349 5315 1455 5359 etc.
1495 5300 1640 5361 Libri
1692 5300 1821 5362 editi

268 5370 347 5447 2e
368 5372 638 5437 principiis
660 5410 676 5435 ,
702 5387 764 5423 ne
796 5370 927 5447 forte
950 5374 1063 5447 ipso
1092 5370 1222 5426 idea:
1246 5379 1535 5447 substantia
1554 5378 1687 5447 ejus.
1713 5388 1819 5431 etc.

268 5439 399 5512 Mss.
445 5456 571 5493 vero
616 5443 926 5512 eorunnlem
971 5439 1282 5503 librorum.
1334 5461 1397 5496 ne
1444 5439 1592 5512 forte
1632 5449 1823 5500 ιιιιΥΑ

264 5510 586 5573 ὑπόστασις,
634 5510 687 5562 id
720 5518 797 5563 est
837 5512 1124 5565 substantia
1180 5514 1313 5580 ejus.
1354 5510 1483 5579 etc.,
1512 5519 1599 5571 ubi
1642 5534 1824 5572 vocem

265 5580 735 5655 llllI'A_onmibns
762 5581 1090 5655 incognitam
1112 5584 1239 5637 nilnl
1270 5585 1410 5655 aliud
1442 5602 1558 5639 esse.
1584 5592 1827 5655 suspicor

263 5665 428 5723 quam
459 5651 575 5710 ipsa
606 5665 625 5703 .'
651 5666 812 5720 quam
842 5666 1025 5706 vocem
1074 5653 1305 5723 imperiti
1353 5654 1557 5710 librarii
1585 5651 1824 5712 Graecam

263 5720 629 5793 crediderunt.

341 5788 441 5860 if!)
472 5790 597 5845 Mss.
648 5790 913 5860 plerique,
954 5800 1130 5859 postea
1159 5797 1391 5863 genuerit
1432 5812 1559 5851 esse.
1602 5798 1828 5864 Quidam

1933 4749 1988 4794 et
2011 4740 2136 4795 libri
2177 4743 2253 4796 De
2291 4742 2566 4812 principiis
2615 4752 2721 4795 tam
2770 4742 2899 4796 editi
2952 4757 3114 4812 quam
3172 4756 3302 4796 mss.
3352 4752 3410 4796 ut
3450 4744 3501 4796 in

1936 4822 2101 4866 textu.

2000 4881 2078 4950 (5)
2128 4881 2223 4937 Sic
2258 4898 2389 4937 mss.
2432 4882 2573 4935 Etlili
2616 4897 2763 4945 vero,
2794 4882 2851 4935 id
2884 4891 2985 4945 est,
3032 4898 3138 4936 non
3178 4898 3243 4936 ea,
3267 4899 3328 4937 eo
3360 4885 3499 4953 quod

1932 4953 2222 5019 nonpotuit
2269 4953 2407 5006 Deus
2439 4953 2684 5023 perﬁcere
2734 4963 2788 5007 ut
2833 4963 3023 5020 posset,
3063 4962 3113 5008 et
3151 4969 3217 5006 ea:
3275 4971 3335 5008 eo
3382 4970 3501 5007 cum

1968 5030 2124 5084 asset,
2162 5035 2267 5077 etc.

1930 5037 2124 5089 posset,
2162 5037 2267 5077 etc.

2001 5090 2100 5163 (δ’)
2163 5093 2361 5148 Omnes
2388 5109 2544 5163 rmss.,
2570 5095 2633 5146 de
2663 5095 2878 5148 eisdem.
2908 5093 3071 5160 Editi,
3104 5093 3356 5163 ejusdem.

1999 5162 2075 5231 (4)
2106 5165 2175 5217 Es
2201 5164 2292 5218 lib.
2326 5179 2347 5217 ιΔ
2371 5162 2758 5232 Deprincipiis,
2792 5180 2912 5232 cap.
2932 5165 2989 5220 ‘3.
3016 5162 3164 5219 num.
3199 5166 3253 5219 5.

1998 5233 2099 5302 (4⁸)
2124 5234 2251 5287 Mss.
2308 5235 2532 5301 aliquot,
2592 5236 2880 5289 intueatur.
2938 5234 3137 5292 Deinde
3176 5235 3504 5297 editi,velsi

1927 5304 2055 5380 quid
2082 5306 2231 5380 aliud
2256 5315 2348 5357 est.
2375 5308 2482 5359 Sed
2527 5322 2716 5360 omnes
2753 5320 2883 5359 mss.
2930 5314 2986 5358 et
3024 5304 3145 5359 libri
3187 5306 3263 5359 De
3304 5306 3502 5374 priuet-

1929 5376 2028 5439 piis
2064 5386 2120 5428 ut
2147 5376 2198 5428 in
2230 5384 2397 5429 textu.

2000 5443 2077 5514 (5)
2104 5443 2179 5515 Ex
2207 5444 2300 5498 lib.
2325 5461 2341 5498 ι
2376 5445 2446 5498 De
2469 5445 2741 5514 principiis
2767 5461 2887 5515 cap.
2906 5445 2962 5511 2,
2994 5460 3141 5500 num.
3169 5445 3222 5499 9.

2003 5516 2104 5583 (5‘)
2146 5514 2307 5578 Editi,
2361 5513 2749 5581 substantiam;
2791 5513 2848 5570 et
2898 5518 3057 5584 paulo
3088 5528 3227 5583 post,
3271 5514 3410 5584 quod
3460 5513 3505 5566 si

1934 5588 2148 5652 aliquod
2176 5586 2353 5647 semel,
2391 5597 2497 5639 etc.
2536 5590 2640 5639 Sed
2688 5602 2817 5641 mss.
2846 5587 3095 5655 plerique
3136 5587 3293 5655 utin
3331 5592 3501 5638 testu.

1935 5656 2103 5779 Lilgri'
2144 5655 2217 5737 De
2261 5658 2530 5725 principiis
2594 5659 2793 5713 habent
2848 5653 3133 5711 subsistere
3194 5653 3342 5723 fecit,
3405 5669 3505 5725 pro

1939 5746 1995 5779 su
2037 5744 2060 5779 ε
2089 5736 2226 5779 ttutt.

1939 5728 2226 5780 substituit.
