3884 6218
418 281 525 339 565

1627 289 1681 344 S.
1725 288 2048 347 PAMPIIILI
2088 292 2446 350 MARTYRIS

3577 299 3677 356 564

417 406 620 459 virtute
650 403 995 469 processerit,
1036 403 1229 457 iterum
1260 403 1334 475 (6)
1360 406 1788 479 interrogabitur
1832 426 1999 480 quare
2029 417 2073 473 A
2103 414 2246 468 enim
2276 430 2372 483 per
2398 414 2744 485 adoptionem
2778 415 3013 486 Spiritus
3033 414 3207 471 Filius
3230 414 3289 470 ﬁt
3313 415 3675 484 extrinsecus,

416 507 523 551 non
553 505 607 550 et
631 502 756 549 ante
786 491 912 548 illud
944 495 1089 565 Quod
1118 496 1255 550 dixit
1292 498 1505 552 initium
1540 514 1556 552 :
1592 506 1647 555 et
1678 500 1749 554 ita
1776 517 1991 572 semper

416 587 486 642 de
514 586 878 641 anterioribus
922 586 1282 655 inquirentes,
1314 599 1367 642 et
1404 591 1568 644 verbo
1607 591 1990 663 interrogatio-

418 679 503 733 nis
531 678 907 740 ascendentes.
949 680 1329 748 perveniemus
1365 682 1415 735 in
1454 683 1600 737 illum
1627 685 1986 750 intellectum,

416 779 475 823 ut
518 770 772 838 quoniam
805 785 1018 838 semper
1064 779 1118 826 et
1177 783 1384 841 poterat
1422 774 1580 835 Deus,
1638 786 1692 829 et
1745 778 1988 843 volebat,

416 874 690 927 numquam
718 860 792 930 (7)
824 860 904 912 vel
934 859 1195 925 decuerit,
1223 863 1300 915 vel
1326 880 1488 919 causa
1522 865 1701 936 aliqua
1724 872 1989 924 exsistere

416 952 672 1020 patuerit,
728 961 785 1005 ut
835 968 938 1005 nou
984 953 1084 1007 hoc
1148 955 1288 1022 quod
1348 956 1543 1009 bonum
1593 968 1641 1012 et
1686 959 1899 1014 volebat
1936 970 1990 1013 et

418 1052 645 1111 poterat,
688 1058 901 1114 semper
929 1044 1195 1099 habuerit.
1231 1044 1309 1100 Ex
1357 1062 1464 1114 quo
1502 1051 1807 1105 ostenditur
1844 1067 1987 1106 sem-

415 1148 512 1203 per
538 1131 707 1187 l'uisse
740 1150 993 1204 vaporem
1034 1135 1195 1189 istum
1243 1138 1466 1192 virtutis
1514 1140 1605 1194 Dei
1647 1141 1850 1196 nullum
1893 1144 1989 1196 ha-

412 1226 628 1279 bentem
673 1225 908 1292 initium,
968 1228 1070 1282 nisi
1118 1230 1291 1297 ipsum
1346 1230 1537 1284 Deum.
1599 1230 1786 1303 Neque
1843 1236 1986 1290 enim

412 1311 641 1372 decebat
676 1317 820 1373 aliud
843 1315 890 1372 ei
924 1334 1043 1374 esse
1074 1320 1314 1385 initium,
1346 1323 1448 1375 nisi
1500 1324 1697 1392 ipsum,
1734 1326 1876 1380 unde
1904 1336 1989 1380 est

411 1419 467 1463 et
519 1409 785 1476 nascitur,
841 1412 1028 1466 Deum.
1106 1412 1417 1468 Secundum
1473 1417 1791 1486 Apostolnm
1857 1434 1989 1473 vero

411 1499 701 1567 dicentem,
735 1504 857 1570 quia
886 1502 1133 1558 Christus
1161 1505 1254 1559 Dei
1285 1506 1450 1559 virtus
1492 1516 1567 1561 est
1608 1504 1676 1573 "',
1721 1505 1837 1580 jam
1881 1526 1985 1563 nou

412 1592 583 1647 solum
624 1608 792 1662 vapor
837 1595 1052 1650 virtutis
1088 1593 1205 1663 Dei,
1238 1597 1331 1651 sed
1362 1606 1421 1651 et
1456 1597 1632 1653 virtus
1677 1612 1744 1653 ex
1785 1599 1991 1655 virtute

411 1685 637 1740 dicenda
668 1696 772 1743 cst.
806 1706 824 1740 ι

2096 507 2187 561 sed
2223 517 2414 561 natura
2448 507 2618 563 Filius
2644 518 2748 563 est.
2790 525 2808 560 ι

2166 598 2495 654 PAMPHILUS.
2535 600 2662 655 Item
2698 601 2765 655 de
2797 599 2985 655 eodem
3021 600 3165 656 aliud
3197 602 3586 657 testimonium.

2161 712 2450 768 Oatccxes.
2503 732 2521 765 ι
2567 712 2858 768 Videamus

2092 824 2221 879 ergo
2249 810 2455 878 quiszsit
2483 808 2731 863 Salvator
2758 826 2857 863 no-

2092 915 2223 961 ster.
2246 904 2506 973 Splendor
2530 905 2855 975 diciturglo-

2093 1018 2185 1055 ria:
2204 1002 2269 1063 ’9,
2289 1001 2339 1055 id
2362 1011 2466 1064 est,
2483 1010 2694 1055 (eterna:
2718 1002 2853 1056 lucis

2091 1097 2336 1166 splendor
2350 1097 2429 1162 Μ³;
2457 1106 2509 1151 et
2534 1108 2741 1151 certum
2764 1109 2851 1151 est

2094 1192 2237 1258 quod
2270 1189 2524 1259 Splendor
2557 1204 2622 1244 ex
2650 1189 2851 1243 lumine

2093 1280 2527 1350 inseparabiliter
2616 1295 2836 1349 genera-

2094 1384 2199 1438 tur,
2252 1384 2306 1428 et
2353 1374 2525 1429 donec
2567 1384 2852 1443 permanet

2091 1469 2204 1533 lux,
2234 1474 2513 1535 per'manet
2534 1481 2747 1536 semper
2794 1476 2851 1521 et

2091 1562 2365 1632 splendor.
2420 1560 2673 1615 Salvator
2715 1575 2847 1629 ergo

2091 1666 2276 1711 noster
2320 1655 2409 1723 qui
2440 1654 2723 1722 Sapientia
2764 1661 2848 1707 est

480 1775 809 1832 Psurntws.
858 1777 986 1832 Item
1029 1777 1172 1832 aliud
1213 1778 1580 1834 testimonium
1637 1783 1705 1836 de
1759 1782 1980 1838 eisdem.

2100 1750 2409 1822 [Sapientia
2486 1757 2669 1803 autem
2752 1747 2842 1800 Dei

480 1871 769 1927 ORIGENES.
810 1871 902 1941 1(8)
978 1890 997 1924 ι
1055 1871 1496 1941 Sempiterunm,
1575 1875 1658 1929 vel
1723 1885 1983 1931 aeternum

409 1965 627 2034 proprie
652 1964 867 2028 dicitur,
900 1965 1041 2033 quod
1070 1981 1243 2035 neque
1276 1962 1487 2020 initium
1522 1976 1575 2021 ut
1599 1980 1744 2023 esset
1774 1970 1982 2037 habuit,

410 2069 585 2126 tteque
619 2072 836 2111 cessare
868 2069 1103 2125 unquam
1142 2068 1320 2126 potest
1366 2074 1487 2113 esse
1530 2062 1672 2130 qttod
1730 2072 1837 2117 est.
1874 2062 1987 2118 lloc

407 2160 585 2203 autem
616 2149 926 2219 designatur
953 2149 1091 2217 apud
1132 2146 1420 2215 Joannem,
1453 2167 1577 2206 cum
1616 2155 1747 2208 dicit
1787 2171 1797 2204 :
1839 2154 1985 2221 Quo-

409 2243 551 2293 niam
589 2236 728 2294 Deus
762 2239 857 2294 lux
893 2249 968 2295 est
1013 2240 1078 2296 ³⁸.
1131 2242 1399 2312 Splendor
1449 2256 1630 2299 autem
1683 2244 1819 2302 lucis
1866 2250 1984 2318 ejus

408 2331 683 2401 Sapientia
720 2344 816 2386 sua
859 2344 962 2398 est,
1006 2333 1081 2402 (9)
1119 2349 1223 2387 non
1272 2335 1442 2388 solum
1502 2337 1801 2392 secundum
1838 2341 1983 2409 quod

409 2425 497 2478 lux
520 2437 622 2491 est,
649 2426 740 2479 sed
785 2436 840 2479 et
863 2428 1161 2480 secundum
1192 2428 1334 2496 quod
1375 2432 1705 2498 sempiterna
1748 2432 1834 2487 lux
1876 2444 1980 2499 est,

404 2517 482 2576 ἔδει
513 2528 569 2571 ιιι
594 2530 829 2573 aeternus
861 2528 913 2573 et
935 2518 1262 2574 aeternitatis
1296 2520 1552 2589 Splendor
1592 2523 1663 2576 sit
1699 2524 1981 2593 Sapientia

410 2624 524 2667 tua.
551 2609 708 2676 Quod
745 2611 788 2664 si
838 2612 1052 2680 integre
1092 2612 1443 2683 intelligatur,
1484 2614 1772 2669 manifeste
1803 2617 1983 2671 deela-

406 2714 513 2767 rat,
563 2705 688 2773 quia
738 2704 850 2775 (10)
900 2706 1255 2760 Subsistentia
1308 2705 1431 2760 Filii
1495 2708 1564 2762 ab
1630 2709 1749 2778 ipso
1817 2707 1982 2767 Patre

405 2794 707 2855 descendit,
732 2798 822 2849 sed
854 2812 957 2849 non
991 2797 1385 2864 temporalitcr,
1425 2814 1602 2867 neque
1630 2801 1699 2855 ab
1734 2801 1842 2856 ullo
1872 2802 1980 2857 alio

404 2888 579 2955 initio,
619 2890 742 2952 nisi,
777 2900 832 2943 ut
858 2889 1120 2954 diximus,
1152 2893 1218 2944 ab
1255 2891 1369 2959 ipso
1405 2892 1530 2947 Deo.
1570 2912 1587 2943 s

477 2982 803 3038 PAHPHILUS.
862 2983 1013 3047 ltem,
1065 2986 1130 3038 de
1190 2986 1494 3041 anei-nitate
1547 2982 1669 3040 Filii
1736 2987 1863 3053 Dei,
1926 2998 1980 3043 et

404 3074 867 3145 inseparabilitate
899 3073 1018 3143 ejus
1048 3090 1076 3128 a
1112 3073 1291 3142 Patre,
1334 3076 1480 3129 aliud
1522 3077 1886 3131 testimonium
1913 3080 1978 3134 de

403 3164 544 3223 libro
570 3168 761 3237 primo.

464 3261 754 3317 ORIGENES.
788 3259 901 3332 (ll)
932 3277 951 3310 r
983 3258 1264 3314 Infandum
1298 3271 1479 3315 autem
1515 3272 1598 3318 est
1627 3272 1681 3319 et
1710 3264 1983 3332 illicitum,

403 3348 575 3406 Deum
600 3352 813 3409 Patrem
844 3352 958 3425 (12)
990 3353 1040 3406 in
1070 3353 1427 3423 generatione
1454 3348 1575 3408 Filii
1596 3357 1675 3410 sui
1701 3358 1982 3426 nnigeniti,

403 3457 566 3515 atque
614 3447 666 3499 in
718 3446 1072 3501 subsistentia
1130 3452 1285 3516 ejus,
1337 3462 1623 3517 exaequare
1687 3448 1846 3506 alicui
1900 3448 1982 3508 vel

406 3538 716 3603 hominum,
754 3538 838 3592 vel
872 3538 1102 3593 aliorqu
1133 3540 1489 3594 animantiqu
1522 3542 1805 3612 generanti
1840 3561 1855 3610 ;
1889 3546 1984 3601 sed

402 3644 626 3687 necesse
658 3642 740 3687 est
766 3645 1057 3701 exceptum
1101 3634 1304 3703 aliquid
1343 3650 1466 3689 esse
1498 3645 1550 3689 et
1580 3636 1688 3689 Deo
1734 3636 1979 3706 dignum,

412 3723 569 3793 cujus
595 3723 738 3778 nulla
770 3740 991 3794 prorsus
1018 3727 1355 3794 comparatio
1385 3744 1486 3781 uou
1514 3728 1566 3781 in
1593 3729 1751 3783 rebus
1783 3728 1978 3791 solum,

399 3814 596 3870 sedne
644 3816 696 3870 in
745 3818 1076 3887 cogitatione
1128 3820 1344 3889 qttidem
1397 3819 1478 3873 vel
1533 3835 1693 3873 sensu
1746 3820 1977 3874 inveniri

400 3918 602 3977 potest,
648 3919 705 3963 ut
751 3910 983 3964 humana
1040 3911 1295 3979 cogitatio
1350 3912 1521 3981 possit
1570 3914 1978 3980 apprehendere

398 4000 668 4068 quomodo
722 4000 1001 4071 ingenitus
1053 4003 1194 4057 Deus
1234 4002 1395 4059 Pater
1428 4002 1655 4058 eﬂieitur
1709 4006 1975 4075 unigeniti

401 4087 543 4148 Filii.
576 4090 671 4147 Est
705 4109 940 4164 namque
973 4096 1043 4149 ita
1077 4106 1276 4151 aeterna
1303 4108 1357 4150 et
1391 4098 1725 4166 sempiterna
1750 4112 1978 4167 genera-

406 4190 499 4246 tio.
537 4184 652 4257 (15)
686 4186 831 4241 sicut
878 4184 1135 4258 splendor
1183 4200 1477 4258 generatur
1537 4203 1605 4243 ex
1671 4189 1806 4243 luce.
1860 4188 1977 4244 Non

474 4326 520 4359 "
548 4326 568 4381 l
597 4326 724 4384 Cor.
751 4344 790 4394 ι,
832 4326 920 4382 24.
1000 4326 1045 4358 ⁸¹¹
1075 4327 1090 4381 I
1128 4324 1281 4383 Joan.
1312 4343 1350 4393 ι,
1382 4327 1436 4383 5.
1538 4329 1582 4361 ³⁸
1618 4328 1785 4385 Hebr.
1827 4345 1864 4395 t,
1898 4329 1952 4384 5.

2092 1847 2204 1916 ipsa
2231 1852 2314 1898 est
2345 1842 2602 1912 splendor
2622 1849 2839 1895 πίθηκε

2087 1938 2259 2010 lucis)
2316 1935 2754 2007 inseparabiliter
2785 1943 2840 1989 et

2088 2031 2459 2085 indesinenter
2547 2038 2839 2097 generatur

2087 2141 2153 2180 ex
2213 2124 2394 2179 Patre.
2459 2121 2552 2177 Sic
2599 2122 2744 2176 enim
2788 2130 2842 2176 et

2087 2218 2201 2285 ipsa
2230 2217 2295 2271 de
2335 2231 2395 2271 se
2438 2213 2713 2284 Sapientia
2744 2228 2841 2283 per

2088 2313 2432 2367 Salomonem
2482 2311 2614 2365 dicit
2650 2323 2666 2363 :
2707 2310 2839 2363 Ante

2084 2423 2260 2461 omnes
2359 2404 2519 2458 colles
2624 2410 2839 2472 generat

2084 2515 2165 2553 me
2198 2499 2264 2553 δί.
2299 2498 2412 2553 Νοη
2454 2499 2600 2552 enim
2652 2497 2789 2550 dixit
2822 2513 2835 2549 :

2083 2594 2218 2648 Ante
2260 2610 2436 2647 omnes
2464 2591 2625 2646 colles
2658 2590 2842 2660 genuit

2085 2703 2190 2754 me,
2234 2688 2352 2748 sed.
2401 2697 2613 2755 generat
2651 2702 2751 2739 me.
2784 2683 2839 2738 ln

2082 2795 2189 2849 quo
2226 2778 2590 2849 significantia
2646 2775 2844 2833 semei-

2084 2871 2361 2926 ternitatis
2383 2879 2485 2925 est.
2534 2888 2553 2920 ι

3001 714 3113 786 (14)
3184 714 3410 785 Ἰδωμεν
3480 715 3535 768 δὲ
3593 716 3678 780 τίς

2927 807 3084 878 ἡμῶν
3157 810 3303 861 ἐστιν
3367 809 3395 859 ὁ
3465 809 3671 879 Σωτήρ.

2939 902 3321 969 Ἀπιιύγασμα
3364 900 3565 966 δόξης.
3604 902 3675 954 Τὸ

2939 995 3320 1061 Ἄπαὺγασμα
3346 992 3457 1060 τῆς
3495 993 3675 1058 δόξης

2921 1088 3041 1158 οὐχὶ
3112 1087 3255 1154 ἅπαξ
3335 1088 3671 1159 γεγέννηται,

2923 1183 3016 1234 καὶ
3052 1182 3172 1252 οὐχὶ
3207 1184 3500 1251 γεννᾶται·
3543 1182 3676 1235 ἀλλὰ

2923 1275 3045 1328 ὅσον
3073 1277 3191 1329 ἐστὶ
3222 1264 3282 1328 τὸ
3312 1275 3428 1346 φῶς
3466 1293 3674 1345 ποιητι-

2922 1368 3015 1422 κδν
3065 1367 3159 1421 τοῦ
3222 1368 3671 1439 ἀπανγάσματος,

2922 1462 3016 1515 ἐπὶ
3042 1462 3296 1515 τοσοῦτον
3338 1464 3588 1530 γεννᾶται
3617 1463 3676 1515 τὸ

2920 1554 3261 1625 ἀπαύγασμα
3280 1554 3377 1625 τῆς
3398 1554 3554 1623 δόξης
3579 1554 3675 1607 τοῦ

2919 1645 3075 1699 Θεοῦ.
3119 1647 3175 1697 '0
3198 1647 3387 1717 Σωτὴρ
3409 1647 3564 1717 ἡμῶν
3589 1648 3675 1700 Σο-

2919 1740 3015 1808 φία
3048 1740 3163 1793 ἐστὶ
3190 1740 3284 1792 τοῦ
3314 1740 3469 1793 Θεοῦ.
3520 1742 3675 1795 Ἐστι

2914 1834 2969 1887 δὲ
3023 1834 3057 1906 ἠ
3115 1835 3282 1901 Σοφία
3334 1834 3676 1906 ἀπαύγασμα

2912 1925 3086 1995 φωτὸς
3104 1926 3292 1979 ἀϊδίου.
3317 1928 3379 1979 ΕΞ
3406 1922 3499 1981 οὖν
3514 1930 3543 1979 ὁ
3562 1929 3676 1980 Σω-

2909 2022 3014 2093 τὴρ
3044 2022 3130 2074 ἀεὶ
3166 2025 3439 2090 γεννᾶται,
3466 2024 3560 2075 καὶ
3589 2024 3677 2077 διὰ

2914 2113 3073 2166 τοῦτο
3094 2112 3242 2182 λέγει
3258 2128 3271 2143 ⁶
3299 2114 3417 2183 Πρὸ
3442 2114 3511 2167 δὲ
3536 2116 3674 2171 πάνυ

2912 2227 3031 2263 των
3063 2209 3311 2274 ,Βουνῶν
3357 2209 3543 2280 γεννᾷ
3576 2230 3674 2281 με·

2910 2305 3033 2376 οὐχί
3062 2305 3138 2358 δέ’
3173 2305 3292 2375 Πρὸ
3326 2306 3383 2358 δὲ
3432 2306 3679 2361 πάντων

2905 2396 3153 2464 ,Βουνῶν
3198 2397 3519 2469 γεγένιηκέ
3577 2417 3675 2467 με.

2918 2489 3075 2556 ἀλλὰ,
3108 2490 3222 2558 πρὸ
3255 2488 3496 2542 πάντων
3524 2490 3677 2553 ﬁev-

2910 2582 3034 2636 νῶν
3076 2580 3262 2651 γεννᾷ
3308 2598 3398 2647 με,
3443 2582 3536 2635 καὶ
3587 2579 3677 2633 ἀεὶ

2912 2680 3171 2748 γεννᾶται
3235 2679 3264 2730 ὁ
3315 2676 3507 2748 Σωτὴρ
3570 2676 3678 2729 ὑπὸ

2914 2773 3007 2826 τοῦ
3040 2769 3275 2841 Πατρός,
3304 2779 3409 2825 etc.

2041 4328 2086 4361 ⁸ο
2114 4328 2241 4398 Sap.
2273 4344 2375 4393 vn,
2394 4326 2487 4382 ‘26.

2648 2977 2903 3033 lNrenra.
2937 2993 3098 3035 nova.

2166 3072 2453 3127 Videamus
2483 3082 2661 3126 autem
2701 3074 2819 3141 quis
2858 3073 2924 3125 sit
2977 3070 3225 3127 Salvator
3257 3083 3451 3126 noster.
3482 3071 3678 3139 Splen-

2010 3138 2055 3198 C
2089 3144 2189 3197 dor
2218 3140 2291 3198 est
2331 3143 2536 3212 gloria'.
2565 3138 2832 3207 Splendor
2860 3143 3046 3212 gloria:
3086 3160 3187 3195 non
3222 3144 3379 3196 semel
3412 3146 3675 3207 nascitur,

2092 3224 2140 3268 et
2179 3216 2417 3280 deinceps
2464 3214 2608 3267 nasci
2643 3213 2834 3265 desinit
2866 3231 2882 3267 :
2916 3216 3006 3267 sed
3045 3215 3281 3274 quandiu
3326 3215 3533 3267 exsistit
3579 3216 3679 3267 lux

2092 3285 2311 3355 efﬁciens
2341 3283 2657 3355 splendoris,
2698 3285 2884 3336 tandiu
2916 3285 3159 3355 gignitur
3210 3284 3457 3355 splendor
3486 3285 3676 3351 gloria:

2092 3352 2209 3408 Dei.
2255 3353 2501 3408 Salvator
2559 3362 2736 3406 noster
2774 3360 2852 3407 est
2905 3352 3176 3421 Sapientia
3226 3352 3339 3406 Dei.
3395 3353 3677 3421 Sapientia

2094 3441 2212 3479 vero
2253 3424 2498 3487 splendor
2554 3435 2628 3477 est
2675 3422 2807 3477 lucis
2860 3436 3089 3478 mternte.
3150 3422 3208 3477 Si
3251 3440 3371 3493 ergo
3429 3423 3679 3479 Salvator

2091 3511 2295 3563 semper
2337 3494 2593 3564 gignitur,
2642 3503 2690 3549 et
2732 3506 2938 3561 prapter
2973 3495 3069 3547 hoc
3111 3495 3284 3547 dicit:
3312 3496 3451 3548 Ante
3478 3509 3676 3548 omnes

2090 3565 2256 3618 colles
2308 3575 2531 3633 generat
2571 3580 2698 3618 me:
2748 3580 2850 3617 non
2884 3581 3051 3618 vero:
3107 3566 3247 3618 Ante
3299 3580 3491 3619 omnes
3549 3566 3676 3619 col-

2092 3633 2170 3690 les
2196 3637 2372 3703 genuit
2412 3651 2513 3695 me,
2538 3636 2651 3698 sed,
2690 3635 2832 3687 Ante
2862 3634 3245 3704 omnesicolles
3279 3646 3506 3704 generat
3546 3653 3673 3702 me;

2088 3716 2136 3760 et
2159 3707 2203 3760 si
2225 3722 2426 3774 semper
2446 3721 2511 3758 ea:
2544 3704 2703 3760 Patre
2733 3717 3014 3775 generatur
3044 3703 3311 3770 Salvator,
3346 3717 3452 3761 etc.

2692 3812 2921 3873 CAPUT
2979 3819 3067 3873 IV.

2598 3907 2671 3965 De
2714 3906 2915 3978 Spiritu
2954 3922 3158 3966 sancto.

2158 4003 2448 4058 ORIGENES.
2478 4001 2590 4072 (15)
2642 4020 2659 4052 ι
2702 4002 2939 4070 Tempus
2984 4013 3066 4057 est
3120 4019 3265 4058 nunc
3315 4018 3414 4073 pro
3460 4004 3675 4059 viribus

2085 4097 2152 4153 de
2175 4095 2378 4167 Spiritu
2410 4107 2598 4150 sancto
2622 4092 2733 4165 (i6)
2772 4109 2939 4163 pauca
2979 4096 3311 4159 describere,
3347 4112 3511 4165 queui
3556 4096 3671 4150 Do-

2086 4190 2265 4244 minus
2310 4198 2366 4242 et
2410 4187 2665 4241 Salvator
2718 4198 2901 4241 noster
2936 4188 2988 4240 in
3028 4187 3319 4259 Evangelio
3364 4189 3671 4243 secundum

2563 4327 2607 4359 “
2638 4325 2801 4381 Prov.
2828 4342 2944 4391 vni,
2972 4326 3063 4381 9.5.

476 4445 551 4517 (6)
586 4446 680 4503 Sic
698 4462 887 4502 omnes
922 4463 1054 4504 mss.
1091 4446 1233 4503 Editi
1274 4463 1429 4515 vero,
1456 4459 1509 4504 et
1545 4450 1668 4505 libri
1715 4450 1787 4504 De
1828 4452 1977 4519 prin-
2009 4457 2053 4511 D
2083 4450 2223 4505 Editi
2262 4465 2414 4512 vero,
2448 4448 2845 4519 generationem,
2887 4446 3024 4500 Filii
3072 4449 3155 4501 sui
3197 4448 3475 4516 nnigeniti,
3508 4460 3677 4517 atque

395 4520 570 4589 cipiis,
594 4520 1053 4589 interrogabimns.

473 4589 551 4658 (7)
585 4591 754 4650 Alias,
801 4588 893 4641 Vel
942 4590 1141 4652 decuit,
1180 4590 1257 4645 vel
1299 4606 1461 4643 causa
1517 4591 1696 4661 aliqua
1727 4592 1976 4645 exsistere

401 4661 592 4724 potuit,
623 4670 678 4711 ut
711 4676 813 4712 non
855 4661 1044 4713 bonum
1083 4661 1179 4714 Iwc
1215 4663 1354 4728 quod
1401 4660 1609 4714 uolebat
1638 4660 1730 4732 [aL
1775 4672 1830 4714 ut
1876 4680 1977 4716 non

402 4734 499 4782 hoc
527 4732 665 4799 quod
716 4734 905 4800 bonum
938 4742 983 4783 et
1031 4732 1261 4796 volebat;
1299 4732 1371 4782 al.
1424 4743 1477 4783 ut
1522 4748 1623 4784 non
1682 4732 1779 4785 hoc
1834 4736 1976 4800 quor!

402 4801 591 4853 bonum
623 4810 696 4852 est
729 4811 773 4852 et
802 4799 1040 4864 volebat;
1078 4801 1147 4854 al.
1187 4814 1240 4855 ut
1289 4818 1390 4855 non
1426 4803 1562 4869 quod
1607 4806 1795 4855 bonum
1836 4799 1979 4868 pote-

400 4880 481 4941 rat
517 4881 562 4922 et
607 4869 831 4941 volebat]
869 4887 1068 4938 semper
1111 4872 1371 4926 habuerit.
1430 4876 1534 4926 Sed
1589 4874 1788 4928 rectius
1842 4891 1973 4929 mss.

398 4940 603 5004 aliquot
628 4955 683 4992 ιιι
718 4941 770 4993 in
803 4950 969 4994 textu.

468 5010 546 5135 (ἓ)
578 5011 779 5094 Exlil).
808 5026 822 5063 l
853 5011 924 5063 De
954 5012 1246 5094 principiis,
1282 5032 1399 5084 cap.
1436 5014 1492 5095 β,
1529 5031 1676 5069 num.
1710 5014 1795 5070 Η.

494 5082 545 5135 Jl
580 5082 741 5135 Editi.
783 5092 837 5135 et
868 5097 996 5135 mss.
1034 5085 1191 5135 httttts
1222 5087 1514 5135 Anoloamz-
1549 5102 1651 5135 non
1693 5086 1795 5135 salu

493 5082 545 5155 9)
580 5082 741 5143 Editi.
783 5092 841 5155 et_
868 5097 996 5135 mss.
1034 5085 1191 5149 hujus
1222 5082 1514 5155 Apologiaz,
1549 5102 1651 5138 non
1693 5086 1859 5139 solum
1895 5103 1976 5139 se-

396 5152 630 5205 cundum
663 5154 799 5212 quod
825 5152 916 5204 lux
938 5162 1035 5215 est,
1066 5155 1140 5206 ita
1177 5166 1231 5208 ut
1274 5152 1582 5209 a'ternitatis
1624 5156 1873 5222 splendor
1908 5159 1974 5209 sit

397 5223 661 5292 sapientia
697 5238 815 5288 sua,
843 5223 1060 5277 omissis
1094 5225 1307 5279 cameris
1344 5241 1465 5294 qua:
1516 5229 1805 5279 restituunt
1852 5227 1973 5280 libri

401 5294 485 5416 De.
497 5294 766 5361 principiis
796 5302 902 5346 tam
927 5294 1054 5349 editi
1078 5310 1237 5364 quant
1260 5311 1391 5350 mss.
1416 5306 1471 5350 et
1496 5312 1614 5365 qua:
1645 5296 1973 5351 restituenda

401 5374 469 5416 νιι
490 5374 666 5415 o-utur.
1700 5380 1717 5405 s

397 5374 666 5417 Vltlt'lllllf.
1700 5380 1717 5405 s

470 5434 583 5498 (10)
626 5432 716 5486 Sic
743 5442 890 5487 recte
928 5450 1060 5488 mss.
1092 5435 1353 5503 plerique,
1398 5445 1452 5491 et
1500 5436 1621 5489 libri
1662 5436 1734 5489 De
1777 5438 1974 5505 princi-

395 5504 497 5577 piis
531 5516 636 5557 tam
664 5505 791 5577 editi
834 5521 992 5572 quam
1022 5520 1148 5559 mss.
1184 5506 1327 5561 Editi
1360 5523 1485 5561 vero
1511 5518 1566 5560 et
1596 5523 1725 5563 mss.
1757 5504 1971 5577 quidam

397 5574 559 5643 hujus
588 5576 853 5644 Apologia:
874 5616 888 5635 .
914 5577 1229 5629 substantia.

468 5647 581 5717 (11)
622 5644 696 5697 Ex
740 5648 830 5698 lib.
861 5648 979 5717 t_I)e
1008 5646 1305 5715 principiis,
1338 5663 1456 5717 cap.
1479 5647 1534 5709 2,
1579 5664 1726 5701 num.
1758 5648 1812 5701 4.

469 5716 581 5785 (1⁸3)
612 5718 683 5768 Ita
716 5717 834 5769 libri
874 5715 947 5769 De
980 5719 1203 5783 princip.
1263 5718 1337 5771 Ita
1391 5715 1551 5771 etiam
1609 5736 1799 5771 omnes
1842 5735 1968 5771 mss.

399 5790 592 5850 nostri,
625 5787 727 5843 nisi
760 5789 901 5855 quod
931 5788 1178 5854 habeant,
1224 5804 1375 5860 atque
1406 5792 1459 5843 in
1505 5791 1803 5845 substantia
1836 5791 1969 5859 ejus.

2084 4522 2383 4573 substantia
2410 4521 2619 4589 ejus....
2663 4517 2741 4571 vel
2774 4517 3005 4572 aliorum
3041 4520 3395 4572 animantium
3438 4536 3673 4589 generu-

2084 4592 2234 4644 tioni.

2156 4661 2264 4732 (15)
2288 4661 2420 4714 Vide
2453 4658 2827 4732 Origenianor.
2861 4658 2953 4713 lib.
2982 4660 3543 4732 ιι,Α‹ιιιαιει.γ2,-ιιιιηι,
3573 4660 3670 4720 24,

2084 4728 2173 4785 ubi
2204 4728 2334 4785 solis
2364 4731 2663 4797 solarisque
2696 4730 2827 4782 radii
2856 4730 3101 4798 exempla
3132 4732 3196 4783 ad
3250 4728 3673 4798 signiﬁcandam

2086 4813 2344 4856 aeternam
2372 4800 2532 4854 Verbi
2559 4800 2964 4869 generationem
2990 4801 3375 4854 discutiuntur.

2155 4872 2265 4942 (14)
2299 4873 2375 4925 Ex
2409 4868 2593 4942 hotuil.
2626 4870 2659 4924 9
2699 4871 2753 4923 in
2792 4868 3017 4942 Jerem.,
3043 4886 3191 4923 num.
3236 4871 3389 4942 4.7—-
3422 4869 3677 4942 ’ἔδωμεν

2082 4940 2297 5005 δὲτίς,
2330 4953 2433 4997 etc.
2459 4941 2646 4994 Graeca
2680 4942 2792 4993 haec
2834 4940 3153 4993 adducimus
3199 4957 3263 4993 ex
3300 4941 3521 4994 homilia
3549 4946 3586 4996 9
3618 4946 3676 4993 in

2081 5012 2389 5070 Jeremiam.
2428 5027 2574 5064 num.
2610 5011 2666 5072 4,
2698 5011 2796 5063 sub
2833 5009 3016 5070 linem.
3047 5012 3190 5064 unde
3239 5020 3530 5064 contextus
3580 5014 3679 5066 ille

2081 5084 2439 5151 depromitur,
2472 5097 2574 5133 nou
2600 5092 2811 5133 Veroex
2862 5080 2999 5151 libro
3030 5083 3203 5148 primo
3238 5081 3311 5133 De
3356 5082 3674 5147 principiis,

2082 5165 2139 5207 ut
2166 5156 2336 5219 prima
2376 5152 2553 5205 fronte
2585 5152 2808 5204 iuuuere
2838 5150 3089 5204 videntur
3116 5151 3467 5220 prarcedentia
3502 5150 3678 5205 Pani—

2081 5224 2212 5292 phili
2247 5228 2431 5276 verba.
2478 5221 2533 5273 In
2572 5223 2714 5292 hunc
2760 5232 3078 5292 contextum
3127 5223 3326 5292 videsis
3368 5220 3677 5292 Qrigenia-

2083 5289 2198 5346 nor.
2232 5294 2324 5346 lib.
2366 5309 2423 5358 Il,
2451 5303 2641 5359 quaest.
2691 5291 2746 5352 2,
2796 5307 2944 5345 num.
2990 5291 3080 5344 ‘25.
3129 5290 3269 5343 Editi
3297 5332 3312 5354 ,
3368 5289 3675 5344 Videamus

2082 5380 2203 5428 ergo
2247 5366 2375 5432 quid
2423 5372 2580 5415 sit....
2630 5362 2892 5428 Splendor
2920 5362 3117 5414 dicitur
3154 5363 3312 5413 etiam
3348 5362 3555 5429 gloriae.
3616 5365 3675 5414 id

2080 5446 2178 5496 est,
2216 5434 2467 5499 splendor
2492 5433 2703 5484 luminis
2728 5433 2932 5484 a’terni.
2966 5432 3069 5484 Sed
3110 5447 3301 5485 (tuine;
3343 5447 3473 5499 mss.
3511 5442 3575 5483 ut
3616 5436 3670 5483 in

2083 5498 2253 5565 textu,
2312 5515 2505 5570 printer
2551 5502 2930 5556 Cot'betensetu
2968 5503 3058 5570 qui
3120 5502 3318 5565 habet,
3370 5498 3673 5555 Videamus

2080 5592 2199 5643 ergo
2226 5577 2313 5641 qui
2338 5576 2429 5637 sit,
2453 5583 2558 5626 etc.

2153 5645 2265 5714 (15)
2301 5645 2372 5697 Ex
2408 5644 2499 5697 lib.
2538 5659 2571 5696 ll
2612 5641 2685 5695 De
2729 5643 2973 5714 princip,
3004 5657 3125 5714 cap.
3150 5643 3205 5708 7,
3244 5657 3392 5694 num.
3421 5642 3472 5695 1.

2154 5712 2266 5785 (lli)
2295 5715 2457 5779 Editi,
2486 5726 2532 5767 et
2573 5714 2692 5766 libri
2729 5712 2802 5764 De
2837 5713 3134 5785 principiis,
3175 5730 3341 5782 pauca
3371 5713 3663 5768 disserere.

2084 5786 2209 5842 Mss.
2250 5783 2378 5843 sero
2403 5785 2612 5850 nostri,
2642 5800 2813 5853 pauca
2838 5783 3145 5837 describere.
