3884 6218
302 216 410 273 565

1502 225 1838 282 APOLOCIA
1877 227 2012 283 PRO
2052 227 2372 283 ORIGENE.

3450 225 3552 279 566

303 337 566 392 Joannem
621 336 956 392 Paraclctum
1030 340 1329 397 nominavit
1382 343 1446 397 κ’.
1507 344 1658 399 Sicut
1722 347 1865 399 enim
1900 348 2143 407 Atacem
2208 356 2411 399 certum
2486 355 2569 399 est
2637 346 2777 414 quod
2839 344 3072 399 tenebrae
3136 359 3239 397 non
3308 359 3542 415 (‘ompre

305 427 448 481 idem
498 429 610 495 ipse
659 428 831 493 Deus,
884 440 1048 499 alque
1106 433 1244 486 idem
1294 434 1408 502 ipse
1466 435 1748 498 Christus,
1808 438 1879 489 ita

304 519 448 571 idem
498 520 614 588 ipse
642 530 697 574 et
753 520 988 590 Spiritus
1027 534 1247 579 sanctus
1301 534 1414 588 est,
1472 528 1559 596 qui
1610 529 1772 581 etiam
1822 528 1874 581 in

303 610 585 677 prophetis
645 620 699 665 et
743 612 795 665 in
834 613 1092 682 apostolis
1138 613 1259 677 fuit,
1292 614 1343 667 id
1379 624 1483 677 est,
1523 617 1637 669 sive
1685 617 1736 668 in
1778 616 1882 671 illis

303 702 396 770 qui
422 711 547 756 ante
574 703 862 758 adventum
910 703 1113 757 Christi
1150 705 1258 758 Deo
1288 705 1657 767 crediderunt,
1688 706 1801 760 sive
1827 708 1877 760 in

306 793 394 848 his
433 795 522 865 qui
554 809 653 863 per
702 796 980 850 Christum
1035 796 1396 867 confugerunt
1449 798 1516 851 ad
1570 797 1759 852 Deum.
1816 799 1880 852 Et

303 888 444 943 duos
466 889 679 958 quidem
716 889 855 944 Deos
884 890 1196 944 audivimus
1237 906 1398 946 ausos
1443 906 1564 946 esse
1597 894 1881 948 hmreticos

303 979 520 1047 dicere,
561 991 615 1035 et
658 982 792 1036 duos
818 982 1096 1037 Christos:
1127 983 1235 1055 (17)
1267 984 1403 1037 duos
1430 994 1607 1038 autem
1649 985 1882 1054 Spiritus

304 1085 524 1126 sanctos
552 1088 823 1142 nunquam
864 1074 1166 1130 audivimus
1194 1077 1261 1131 ab
1295 1076 1473 1145 aliquo
1521 1077 1821 1146 praedicari.
1855 1097 1873 1131 ι

380 1165 703 1220 Puentws.
780 1167 934 1234 Quod
1001 1169 1190 1222 eadem
1268 1170 1339 1222 sit
1398 1169 1881 1224 inconvertibilitas

306 1254 540 1325 Spiritus
564 1260 735 1313 sancti
767 1275 888 1328 qua:
928 1258 1103 1316 Patris
1130 1268 1184 1315 et
1220 1260 1364 1314 Filii.
1403 1260 1477 1317 De
1522 1261 1657 1315 libro
1699 1262 1879 1330 ιΠερὶ

303 1350 530 1419 ἀρχῶν.

378 1441 669 1499 Οιιιεειηεε.
703 1445 815 1517 (18)
842 1465 859 1498 ‹
891 1444 1045 1500 Nulla
1075 1462 1205 1516 ergo
1233 1457 1423 1502 natura
1447 1459 1549 1514 est,
1587 1459 1879 1508 secundum

308 1536 457 1604 quod
495 1553 592 1591 nos
618 1540 903 1603 sentimus,
935 1554 1055 1608 qua:
1109 1554 1214 1593 non
1262 1540 1432 1608 possit
1485 1542 1725 1611 recipere
1768 1560 1881 1596 ma-

305 1627 419 1682 lum
457 1648 471 1683 :
516 1630 627 1701 (19)
662 1633 754 1687 sed
791 1649 896 1687 non
937 1633 1219 1697 continuo,
1263 1634 1389 1703 quia
1421 1634 1652 1689 dicimus
1679 1636 1875 1689 nullam

1986 436 2251 490 hendant.
2277 435 2539 490 Similiter
2566 444 2747 489 autem
2778 446 2832 489 et
2863 443 3055 488 natura
3089 433 3323 499 Spiritus
3353 435 3548 500 sancti,

1984 545 2104 599 qua:
2155 538 2342 583 saneta
2398 538 2503 591 est,
2541 543 2649 581 non
2688 526 2881 595 recipit
2911 525 3283 594 pollutionem.
3314 524 3545 578 Natura-

1984 623 2107 677 liter
2128 624 2301 688 enim,
2334 621 2414 675 vel
2439 620 2871 675 substantialiter
2898 627 3084 674 sancta
3116 632 3219 673 εει.
3245 617 3300 673 Si
3324 633 3428 688 qua
3452 633 3546 670 au-

1985 728 2091 771 tem
2130 716 2236 768 alia
2283 724 2471 767 natura
2521 723 2707 767 Sancta
2761 719 2865 775 est,
2911 727 2975 764 ex
3027 711 3397 779 assumptione
3425 709 3545 770 hoc,

1985 808 2065 863 vel
2098 806 2457 875 inspiratione
2492 805 2728 872 Spiritus
2756 803 2927 857 sancti
2960 803 3122 856 habet
3151 813 3211 854 ιιι
3238 800 3545 855 sanctilice-

1985 910 2091 961 tur,
2129 915 2233 953 non
2275 914 2338 951 ex
2391 912 2487 951 sua
2541 905 2734 951 natura
2769 896 2871 950 hoc
2916 895 3224 966 possidens,
3264 893 3356 948 sed
3403 894 3545 947 acci-

1982 994 2150 1057 dens;
2184 1001 2406 1061 propter
2429 990 2569 1060 quod
2597 999 2652 1044 et
2675 988 2924 1043 decidere
2948 997 3126 1057 potest
3156 988 3298 1057 quod
3324 987 3543 1041 accidit.

1983 1086 2059 1139 Ita
2095 1096 2148 1138 et
2172 1085 2439 1152 justitiam
2469 1084 2805 1137 accidentem
2839 1082 2961 1151 quis
2995 1081 3193 1136 habere
3222 1089 3420 1148 potest,
3447 1095 3546 1131 un~

1984 1176 2049 1230 de
2078 1185 2132 1228 et
2161 1176 2411 1229 decidere
2437 1189 2556 1229 eam
2590 1173 2850 1242 possibile
2873 1182 2973 1227 est.
3002 1173 3109 1226 Sed
3139 1182 3193 1225 et
3224 1170 3549 1240 sapientiam

1982 1266 2105 1336 quis
2148 1265 2501 1320 accidentem'
2540 1261 2894 1315 nihilominus
2946 1260 3133 1323 habet,
3189 1257 3440 1326 quamvis
3491 1256 3545 1309 iu

1983 1367 2170 1413 nostra
2210 1360 2284 1411 sit
2325 1355 2558 1424 positum
2598 1362 2867 1423 potestate
2913 1352 3092 1405 studio
3123 1360 3306 1403 nostro
3338 1357 3391 1403 et
3423 1348 3545 1402 vita:

1983 1448 2199 1511 merito,
2231 1446 2275 1501 si
2304 1445 2584 1514 sapientiae
2616 1458 2837 1512 operam
2863 1442 3072 1503 demus,
3090 1439 3225 1493 elIici
3251 1438 3545 1507 sapitntcs;

1982 1549 2035 1596 et
2058 1542 2103 1595 si
2135 1553 2349 1607 semper
2380 1538 2432 1591 id
2462 1536 2623 1591 studii
2653 1548 2925 1605 geramus,
2959 1532 3071 1602 (25)
3096 1544 3311 1601 semper
3339 1529 3545 1599 sapiew

1987 1634 2073 1689 tite
2119 1632 2538 1701 participetnus;
2592 1638 2649 1683 et
2692 1628 2743 1681 id
2791 1626 2947 1681 nobis
2980 1624 3065 1678 vel
3104 1623 3223 1693 plus
3254 1622 3339 1675 vel
3370 1622 3546 1676 minus

304 1736 429 1776 esse
452 1735 699 1779 naturam
736 1741 855 1794 qum
892 1742 996 1780 non
1040 1728 1207 1796 possit
1240 1729 1481 1798 recipere
1529 1730 1750 1795 malum,
1788 1731 1871 1785 id-
1912 1700 1953 1753 Β
1982 1726 2192 1781 accidat
2234 1724 2317 1779 vel
2348 1738 2443 1787 pro
2482 1720 2606 1775 vita:
2649 1719 2864 1783 merito,
2898 1716 2980 1771 vel
3010 1731 3107 1785 pro
3139 1714 3301 1771 studii
3331 1715 3545 1784 quanti-

303 1814 456 1869 circo
485 1816 869 1873 confirmamus
901 1833 1115 1873 omnem
1162 1830 1411 1873 naturam
1457 1822 1725 1890 recepisse
1762 1839 1874 1876 ma-

302 1906 439 1971 lum,
477 1908 528 1961 id
551 1917 654 1974 est,
690 1910 884 1963 malam
913 1909 1159 1965 eﬂ'ectam
1196 1929 1208 1964 :
1240 1912 1332 1964 sed
1381 1911 1524 1966 sicut
1552 1924 1635 1966 est
1672 1914 1871 1980 dicere,

300 1998 429 2066 quia
461 2002 637 2056 omnis
672 2003 905 2056 hominis
940 2013 1131 2057 natura
1174 2004 1364 2073 recipit
1412 2015 1470 2059 ut
1522 2010 1692 2075 possit
1725 2010 1874 2062 navi-

300 2105 453 2159 gare,
491 2107 596 2146 non
628 2105 804 2149 tamen
849 2111 913 2149 ex
941 2109 1004 2149 eo
1043 2096 1205 2150 etiam
1247 2096 1422 2150 omnis
1467 2099 1629 2152 homo
1659 2100 1876 2170 naviga-

304 2183 415 2251 bit;
446 2194 500 2238 et
522 2185 711 2240 iterum
733 2191 879 2241 omni
912 2187 1115 2242 homini
1146 2190 1404 2258 possibile
1433 2199 1514 2244 est
1547 2192 1756 2247 discere
1783 2208 1873 2246 ar-

304 2286 411 2329 tem
440 2278 868 2347 grammaticam,
909 2280 991 2335 vel
1039 2283 1382 2348 medicinam,
1424 2299 1528 2336 non
1580 2293 1753 2338 tamen
1795 2285 1874 2339 id-

301 2367 451 2422 circo
491 2368 791 2423 ostenditur
817 2371 992 2425 omnis
1031 2372 1194 2427 homo
1236 2373 1314 2427 vel
1360 2376 1596 2428 medicus
1641 2391 1757 2430 esse
1791 2377 1873 2430 vel

303 2461 732 2527 grammaticus:
764 2462 838 2515 ita
884 2462 927 2515 si
958 2462 1188 2519 dicimus
1233 2467 1431 2519 nullam
1473 2480 1592 2521 esse
1630 2479 1869 2521 naturain

302 2563 424 2619 qua;
449 2564 552 2602 non
579 2551 747 2617 possit
780 2552 1018 2621 recipere
1050 2555 1275 2617 malum,
1329 2571 1432 2609 non
1487 2568 1661 2612 tamen
1696 2559 1871 2611 conti-

303 2656 411 2695 nuo
447 2642 607 2695 etiam
659 2645 928 2713 recepisse
979 2646 1178 2700 malum
1231 2647 1560 2716 designatur.
1612 2668 1630 2699 ›
1662 2648 1773 2721 (‘20)
1810 2649 1874 2704 Et

303 2746 519 2786 rursum
555 2751 567 2787 :
604 2753 623 2784 ‹
651 2733 801 2788 Nulla
839 2747 1028 2790 natura
1069 2747 1153 2792 est
1199 2754 1320 2807 quae
1363 2757 1466 2794 non
1516 2742 1739 2809 recipiat
1781 2743 1875 2796 bo-

300 2836 431 2874 num
474 2841 487 2877 :
522 2840 617 2879 nec.
651 2834 829 2879 tamen
856 2827 1059 2883 idcirco
1102 2829 1278 2883 omnis
1326 2841 1515 2885 natura
1558 2832 1874 2900 probabitur

300 2913 575 2981 recepisse
602 2916 740 2982 quod
781 2918 977 2970 bonum
1008 2928 1109 2972 est.
1149 2938 1168 2971 ο

372 3000 701 3059 PAMPHILUS.
738 3006 802 3058 Et
833 3017 949 3074 post
981 3023 1149 3077 pauca
1176 3009 1413 3064 addidit:

373 3094 663 3150 OntGENEs.
700 3115 717 3147 ι
748 3096 904 3151 Nulla
933 3113 1062 3167 ergo
1096 3110 1289 3153 natura
1322 3109 1403 3155 est
1441 3116 1559 3170 quae
1590 3117 1695 3156 non
1726 3104 1868 3158 reci-

298 3185 415 3255 piat
446 3188 664 3253 malum,
698 3199 921 3258 excepta
951 3190 1042 3243 Dei
1079 3200 1295 3257 natura,
1325 3193 1439 3262 (21)
1468 3209 1588 3262 qua:
1621 3194 1740 3250 fons
1770 3195 1868 3249 bo-

301 3291 495 3330 norum
525 3279 765 3332 omnium
802 3291 906 3347 est,
934 3291 984 3335 et
1022 3282 1245 3339 Christi.
1282 3282 1559 3353 Sapientia
1591 3287 1733 3339 enim
1762 3298 1867 3351 est,

299 3377 357 3423 et
389 3370 651 3437 sapientia
681 3372 863 3441 utique
887 3374 1168 3427 stultitiam
1198 3376 1435 3441 recipere
1460 3393 1562 3429 non
1584 3388 1777 3446 potest.
1802 3380 1871 3432 Et

293 3455 506 3524 jnstitia
530 3466 609 3510 est
634 3474 648 3521 ;
674 3458 883 3527 justitia
905 3473 1081 3515 autem
1102 3478 1372 3532 nunquam
1398 3465 1637 3533 profecto
1654 3467 1871 3534 injusti-

300 3545 431 3599 tiam
483 3549 674 3614 capiet.
714 3550 779 3603 Et
812 3549 1040 3606 Verbum
1077 3563 1180 3620 est,
1207 3555 1287 3607 vel
1339 3556 1498 3621 ratio,
1527 3573 1644 3625 qua:
1688 3558 1871 3626 utique

298 3638 684 3696 irrationabilis
711 3642 843 3697 eﬂici
877 3660 979 3699 non
1010 3656 1203 3715 potest.
1230 3646 1341 3718 (22)
1361 3650 1463 3702 Sed
1483 3658 1538 3702 et
1571 3649 1660 3702 lux
1688 3660 1792 3710 est,
1818 3660 1872 3705 et

371 3756 417 3831 ’θ’
443 3756 597 3814 Joan.
632 3774 743 3831 xIY.
774 3759 864 3814 26.
963 3760 1009 3792 ⁸³
1034 3762 1173 3817 Psal.
1207 3778 1259 3825 L,
1292 3764 1380 3820 15.
1479 3763 1526 3795 “
1553 3765 1686 3821 Dan.
1726 3780 1799 3831 tv,
1824 3763 1877 3819 6.

295 3828 345 3860 ⁵⁸
374 3830 492 3882 Aet.
523 3843 638 3891 vui,
666 3828 751 3882 i8.

370 3921 481 3992 (17)
510 3921 651 3976 Duos
680 3935 851 3976 autem
886 3924 1115 3992 Spiritus
1141 3938 1369 3989 sanctos,
1397 3938 1500 3982 etc.
1548 3929 1602 3981 In
1641 3930 1776 3983 libro
1820 3947 1863 3984 tt

303 3989 388 4045 De
422 3994 690 4058 principiis
745 3989 937 4047 locum
982 3995 1124 4051 hunc
1182 4000 1511 4051 contrarium
1542 4001 1771 4054 diximus
1816 4002 1864 4055 ci

296 4076 458 4134 quem
488 4064 886 4134 supra,cap_.41,
917 4065 1080 4118 refert
1111 4067 1422 4134 Pamphilus
1447 4084 1513 4121 ex
1536 4068 1864 4122 Commenta-

298 4131 736 4206 ri0_0rigenis_in
775 4132 941 4206 Epist.
978 4135 1045 4187 ad
1078 4136 1183 4190 Tit.
1218 4131 1297 4198 tit,
1335 4139 1421 4199 10,
1462 4139 1549 4190 ubi
1588 4139 1742 4206 juxta
1766 4138 1871 4193 Ge-

298 4201 624 4274 uebrarduin
665 4204 734 4255 ita
775 4203 1050 4271 legebatur
1077 4224 1090 4259 :
1117 4206 1219 4259 Sed
1254 4220 1299 4259 et
1342 4218 1462 4261 sunt
1485 4201 1869 4274 qui'Spiritum

296 4282 539 4347 sanctum
565 4271 726 4347 aiium
757 4275 966 4342 quidem
999 4277 1176 4347 dicunt
1212 4294 1325 4330 esse
1366 4281 1454 4346 qui
1492 4271 1593 4347 fuit
1637 4271 1692 4331 in
1736 4296 1864 4342 pro--

1979 1828 2107 1873 late.
2139 1836 2159 1869 ι

2049 1909 2372 1963 PAMPHILUS.
2420 1904 2575 1971 Quod
2636 1903 2862 1971 aequalis
2924 1901 3025 1956 sibi
3075 1900 3145 1955 sit
3195 1898 3456 1962 Trinitas,
3493 1910 3546 1952 et

1978 2003 2118 2071 quod
2163 2000 2397 2070 Spiritus
2440 2009 2660 2053 sanctus
2709 2013 2817 2051 non
2866 1995 2937 2050 sit
2972 2005 3241 2050 creatura.
3289 1994 3363 2050 De
3405 1994 3545 2049 libro

1979 2094 2150 2163 primo
2182 2090 2322 2159 Περὶ
2357 2088 2574 2158 ἀρχῶν.

2048 2183 2339 2238 Οιιιειειιεε.
2375 2182 2488 2251 (24)
2535 2199 2552 2232 ‹
2587 2179 2661 2232 De
2707 2178 2908 2245 Spiritu
2958 2192 3091 2231 vero
3146 2186 3367 2240 saneto,
3416 2176 3543 2244 quia

1976 2288 2079 2341 est,
2128 2277 2311 2330 multa;
2358 2291 2456 2329 nos
2499 2274 2800 2342 Scriptum
2844 2274 3157 2332 docuerunt,
3204 2272 3343 2326 sicut
3379 2270 3543 2324 David

1976 2370 2028 2422 in
2064 2367 2508 2437 tpiinquagesimo
2536 2365 2745 2433 psalmo
2795 2366 2964 2418 dicit:
3011 2364 3076 2418 Et
3113 2364 3372 2433 Spiritum
3417 2378 3543 2415 san-

1975 2471 2114 2514 ctum
2169 2469 2315 2511 tuum
2364 2474 2425 2511 ne
2471 2457 2685 2525 auferas
2717 2473 2748 2509 a
2787 2455 2945 2509 me”.
2971 2455 3036 2507 Et
3068 2456 3120 2507 in
3155 2454 3374 2507 Daniele
3412 2453 3543 2507 dici—

1976 2560 2101 2603 tur:
2135 2548 2363 2615 Spiritus
2400 2555 2613 2601 sanctus
2651 2546 2741 2616 qui
2770 2547 2825 2599 in
2864 2552 2913 2598 te
2952 2554 3029 2599 est
3051 2544 3116 2596 “.
3147 2544 3201 2598 In
3236 2543 3385 2598 Novo
3412 2557 3540 2597 vero

1974 2641 2325 2695 Testamento
2384 2639 2784 2694 abundantibus
2851 2637 3178 2693 testimoniis
3225 2635 3536 2698 edocemur,

1975 2751 2094 2789 cum
2138 2734 2372 2802 Spiritus
2427 2742 2648 2787 sanctus
2684 2746 2847 2800 super
2876 2730 3155 2786 Christum
3192 2728 3540 2782 descendisse

1974 2826 2354 2894 perscribitur,
2385 2836 2440 2878 et
2488 2838 2607 2877 cum
2666 2824 2779 2892 ipse
2839 2822 3096 2875 Dominus
3144 2819 3434 2873 insuﬂlavit
3485 2818 3538 2870 in

1974 2919 2245 2988 apostolos
2296 2925 2415 2986 post
2470 2914 2956 2978 resurrectionem,
3024 2913 3210 2966 dicens
3254 2928 3268 2964 :
3309 2896 3580 2975 Accipite.

1977 3008 2240 3075 Spiritum
2288 3017 2523 3061 sanctum
2539 3005 2603 3058 ⁸⁵.
2646 3004 2709 3058 Et
2735 3006 2801 3056 ad
2847 3002 3070 3056 Mariam
3101 3003 3301 3055 dicitur
3334 3003 3400 3054 ab
3436 3015 3536 3051 au-

1976 3099 2133 3168 gelo:
2165 3100 2397 3168 Spiritus
2438 3106 2653 3151 sanctus
2687 3094 2800 3165 (25)
2838 3096 3002 3147 veniet
3044 3110 3202 3161 super
3232 3104 3281 3145 te
3297 3092 3362 3145 ⁸⁸.
3393 3092 3534 3145 Pau-

1976 3191 2061 3243 lus
2094 3204 2219 3243 vero
2255 3189 2429 3252 docet,
2454 3212 2457 3213 ν
2482 3187 2606 3256 quia
2649 3200 2794 3238 nemo
2835 3193 3000 3253 potest
3049 3185 3222 3236 dicere
3254 3183 3535 3236 Dominum

1975 3281 2178 3345 Iesum,
2216 3282 2317 3334 nisi
2347 3281 2403 3333 in
2448 3278 2649 3346 Spiritu
2677 3289 2855 3330 sancio
2875 3276 2941 3328 ⁸⁷.
2970 3275 3037 3328 Ει
3073 3275 3125 3327 in
3161 3273 3382 3328 Actibus
3410 3288 3540 3341 apo-

1977 3374 2234 3428 stolorum
2266 3388 2359 3440 per
2386 3372 2786 3439 impositionem
2828 3383 3081 3421 manuum
3119 3364 3535 3435 apostolicarum

1975 3466 2210 3535 Spiritus
2235 3475 2456 3517 sanctus
2498 3464 2730 3516 dabatur
2761 3462 2812 3515 in
2846 3461 3113 3529 baptismo
3135 3458 3199 3511 ⁸⁸.
3237 3457 3311 3510 Ex
3342 3456 3538 3526 quibus

1972 3560 2219 3613 omnibus
2274 3557 2561 3610 didicimus
2614 3563 2775 3607 tantae
2831 3568 2951 3607 esse
3002 3561 3056 3606 et
3111 3548 3453 3604 auctoritatis
3483 3559 3538 3602 et

1972 3650 2251 3720 dignitatis
2283 3648 2638 3703 substantiam
2682 3646 2854 3699 sancti
2897 3644 3152 3712 Spiritus,
3191 3652 3251 3696 ιιι
3299 3640 3536 3695 salutare

1982 3764 2027 3796 "'
2056 3764 2210 3819 Joan.
2248 3780 2339 3831 xx,
2396 3763 2486 3816 22.
2564 3762 2609 3793 ⁸⁸
2642 3761 2773 3816 Luc.
2824 3778 2861 3826 ι,
2902 3760 2991 3814 55.
3068 3759 3110 3790 ⁸⁷
3140 3759 3156 3812 l
3189 3756 3314 3813 Cor.
3358 3774 3454 3823 xu,
3483 3759 3537 3813 5.

1964 3932 2105 3984 bitur
2136 3929 2383 3996 recepisse
2420 3926 2559 3998 quod
2595 3929 2781 3981 bonum
2812 3937 2906 3981 est.
2935 3925 3057 3980 Haec
3093 3942 3194 3978 non
3224 3934 3538 3998 comparent

1965 4001 2156 4055 inloco
2182 4002 2348 4052 citato
2384 3996 2501 4051 libri
2541 3999 2696 4066 primi
2744 3998 2815 4049 De
2849 3998 3139 4064 principiis,
3168 3996 3256 4047 ubi
3299 4010 3394 4061 pro
3434 3996 3539 4047 illis

1965 4070 2144 4124 verbis
2178 4070 2414 4137 legitur:
2450 4069 2752 4121 Secundum
2799 4084 2891 4119 nos
2932 4083 3152 4135 namque
3193 4082 3254 4118 ne
3288 4066 3533 4137 diabolus

1965 4143 2172 4208 quidem
2208 4135 2323 4204 ipse
2363 4139 2589 4204 inciipax
2620 4138 2716 4203 fuit
2768 4138 2889 4188 boni
2918 4153 2934 4189 :
2961 4154 3063 4189 non
3111 4146 3286 4208 tamen
3323 4135 3534 4208 idcirco

1967 4204 2091 4278 quia
2127 4211 2299 4276 potuit
2329 4210 2553 4278 recipere
2588 4209 2802 4268 bonum,
2834 4208 2991 4258 etiam
3038 4205 3221 4278 voluit,
3251 4207 3328 4258 vel
3353 4204 3534 4278 virtuti

1971 4273 2181 4345 operam
2210 4280 2372 4331 dedit.
2407 4277 2577 4330 Aliter
2607 4279 2831 4330 fortasse
2858 4278 3063 4344 legerat
3096 4278 3146 4328 in
3184 4273 3374 4345 Graeco
3406 4274 3535 4326 Ilie-

296 4339 491 4420 phetis,
517 4341 717 4430 talium.
765 4339 946 4430 autem.
984 4349 1074 4413 qui
1123 4346 1223 4413 fuit
1269 4354 1321 4402 in
1361 4339 1612 4413 aposiotis
1656 4339 1868 4401 Domini
1902 4370 1943 4424 ι)
1971 4339 2250 4419 ronytnus,
2285 4349 2373 4429 qui
2412 4347 2733 4430 ini-epistola
2777 4348 2843 4400 ad
2886 4339 3103 4426 divitum
3152 4345 3314 4398 refert
3342 4342 3536 4421 Ocige-

298 4413 467 4484 nostri
500 4408 629 4463 .Iesu
657 4412 874 4465 Christi.
915 4408 1019 4467 Sed
1052 4408 1181 4469 mss.
1226 4419 1314 4484 qui
1351 4408 1549 4480 ferunt,
1590 4419 1696 4471 Sed
1731 4430 1777 4470 et
1822 4420 1865 4472 si

338 4482 389 4530 ui
419 4484 687 4550 sunt,qui,
715 4492 846 4539 etc..
868 4495 1108 4549 apertam
1139 4482 1622 4543 c0uiradicli0n0tlt
1653 4489 1861 4541 tollunt.

326 4550 375 4602 hi
410 4554 553 4603 enim
601 4568 704 4603 non
751 4554 1068 4618 allirtuatur,
1115 4558 1208 4609 sed
1243 4559 1538 4610 dubitatur.
1597 4557 1862 4612 Ctetcrum

296 4619 606 4699 cuttinlibris
644 4622 1013 4699 [Iepidpxtbr
1052 4627 1317 4699 posterior
1348 4629 1419 4680 sit
1451 4629 1863 4680 Commentarius

296 4690 354 4769 ξι
380 4688 574 4769 .Epist.
616 4695 682 4769 ad
724 4688 935 4769 "ritum,
965 4688 1177 4748 interim
1232 4696 1410 4751 forsan
1458 4698 1644 4769 audire
1694 4701 1867 4766 potuit

296 4758 561 4836 Origenes
592 4761 1028 4836 pluresSpiritus
1080 4776 1300 4821 sanctos
1335 4784 1363 4820 a
1398 4758 1715 4836 quibusdam
1751 4770 1861 4821 lner

301 4831 488 4909 reticis
513 4831 842 4909 prafdicari.
870 4834 934 4909 Et
960 4845 1109 4888 certe
1153 4852 1392 4909 canones
1415 4831 1717 4909 'apostolici
1771 4839 1859 4907 qui

299 4901 460 4978 tertio
487 4901 708 4953 circiter
747 4905 964 4978 saeculo,
987 4922 1072 4978 ‘ac
1100 4907 1322 4974 proinde
1351 4901 1492 4960 circa
1528 4908 1642 4975 ipsa
1674 4901 1857 4973 Orige-

297 4973 382 5021 Itis
420 4980 659 5037 tempora
690 4973 919 5026 confecti
951 4973 1221 5036 videntur,
1248 4980 1501 5030 damnant
1534 4973 1743 5032 canone
1767 4979 1858 5042 41,

295 5042 543 5119 Ettiirqtii
594 5042 951 5108 baptizaverit
990 5044 1043 5099 in
1091 5056 1198 5100 tres
1246 5047 1430 5111 Filios,
1494 5057 1586 5101 aut
1641 5048 1693 5100 in
1751 5060 1860 5104 tres

295 5111 530 5177 Spiritus
554 5122 790 5165 sanctus.

366 5182 479 5254 (ιβ)
513 5180 705 5254 _lib.
742 5198 755 5235 ι
793 5182 866 5235 De
899 5184 1144 5253 princip.,
1182 5202 1299 5254 cap.
1325 5186 1377 5248 8,
1407 5203 1551 5242 num.
1585 5188 1637 5241 5.

365 5251 478 5319 (19)
508 5251 611 5305 Sed
648 5270 750 5304 non
775 5251 1044 5315 continuo,
1070 5251 1209 5323 quia
1248 5251 1470 5310 dicimus
1515 5259 1711 5309 nuilam
1749 5274 1859 5311 esse

292 5329 540 5392 naturam
563 5338 679 5390 qua:
707 5340 805 5375 non
841 5326 999 5388 possit
1045 5329 1270 5392 recipere
1308 5328 1522 5379 nmium.
1560 5328 1681 5381 lla’c
1718 5329 1857 5381 desi-

290 5391 550 5466 derantur
579 5410 627 5466 tu
656 5393 805 5466 libris
839 5404 944 5446 tum
973 5391 1333 5465 editisquam
1365 5414 1495 5450 mss.
1539 5399 1692 5466 hujus
1724 5398 1856 5465 Apo-

290 5459 479 5525 logiw;
528 5463 620 5515 sed
670 5464 1022 5517 restituuntur
1054 5482 1117 5518 ex
1165 5459 1415 5519 otiiiiibus
1464 5459 1852 5521 codicibns'li-

290 5529 511 5583 lirnrutu
555 5531 627 5584 De
648 5535 942 5599 principiis.
966 5545 1018 5586 et
1052 5538 1381 5589 restituenda
1416 5539 1684 5591 videntur.

364 5600 475 5675 ('20)
514 5600 575 5652 Et
608 5619 846 5655 rursum:
880 5602 1045 5656 Nulla
1098 5619 1285 5658 natura
1321 5616 1395 5659 est
1440 5626 1553 5675 qua:
1584 5626 1682 5660 non
1720 5610 1848 5661 reci.

288 5672 403 5737 piat
428 5672 617 5724 bonum
646 5688 663 5728 .'
690 5690 777 5726 ucc
809 5683 980 5729 tamen
1017 5676 1213 5730 idcirco
1246 5682 1415 5732 omnis
1442 5672 1629 5733 natura
1663 5684 1848 5748 proba-

1975 4414 2095 4473 ueni
2130 4414 2426 4471 asseruisse
2457 4419 2724 4469 diabolum
2751 4434 2854 4469 non
2895 4417 3194 4479 incapacem
3237 4431 3346 4466 esse
3370 4414 3534 4465 virtu-

1973 4489 2058 4547 tis,
2084 4498 2129 4541 et
2167 4499 2338 4540 tamen
2374 4495 2599 4540 necdum)
2627 4487 2751 4538 velle
2775 4502 2955 4551 capere
2985 4486 3241 4547 virtutem,
3273 4487 3422 4550 quasi
3450 4485 3534 4538 hic

1975 4559 2222 4611 inuueret
2262 4558 2620 4611 Adamantius
2671 4557 2784 4609 l'ore
2823 4566 2881 4608 ut
2924 4556 3214 4623 aliquando
3255 4554 3382 4607 velit
3421 4556 3535 4605 dia-

1972 4628 2126 4682 holus
2174 4643 2369 4694 capere
2425 4627 2699 4680 virtutem.
2761 4626 2891 4680 Vide
2943 4626 3251 4694 Origenian.
3310 4625 3404 4677 lib.
3457 4640 3529 4688 ιι,

1971 4710 2165 4766 qumst.
2194 4697 2248 4757 5.
2278 4713 2423 4754 num.
2452 4698 2540 4761 11,
2578 4698 2773 4758 12,15,
2803 4697 2891 4752 14.

2043 4768 2155 4840 (21)
2192 4769 2337 4820 Libri
2373 4769 2531 4833 hujus
2574 4769 2843 4840 Apologiiu
2875 4765 3141 4840 latuediti
3170 4780 3332 4840 quam
3372 4780 3528 4840 Inss..

1967 4834 2083 4907 quae
2113 4840 2228 4906 [ous
2257 4841 2483 4891 omnium
2512 4850 2605 4897 est,
2644 4851 2687 4890 et
2717 4838 2911 4890 Christi
2936 4837 3029 4909 [aL
3078 4848 3123 4890 et
3149 4834 3418 4909 Christus]
3446 4855 3535 4888 sa-

1967 4910 2161 4973 pientia
2189 4917 2361 4967 est.-et
2398 4910 2656 4975 sapientia
2692 4920 2887 4978 utique,
2915 4908 3020 4963 etc.
3055 4908 3163 4961 Sed
3187 4908 3385 4961 rectius
3410 4909 3557 4961 libri

1966 4979 2045 5031 De
2069 4980 2364 5047 principiis,
2396 4989 2451 5030 ut
2488 4981 2536 5031 in
2579 4991 2764 5031 nostro
2790 4992 2958 5031 textu.

2040 5050 2148 5119 (ἓέ)
2188 5049 2371 5101 Plures
2404 5065 2533 5103 mss.
2583 5050 2779 5101 habent
2824 5051 2995 5102 lumen
3038 5064 3137 5118 pro
3184 5049 3371 5101 lucem.
3429 5047 3528 5099 Ms.

1967 5119 2200 5187 Regius:
2237 5119 2341 5171 Sed
2376 5131 2420 5170 et
2467 5120 2560 5171 lux
2596 5129 2668 5171 est
2700 5133 2746 5171 et
2787 5120 2980 5173 lumen.
3007 5119 3218 5173 Certant
3248 5129 3322 5171 est
3357 5128 3530 5171 autem
3585 5122 3592 5131 '

1963 5195 2099 5259 quod
2125 5191 2538 5242 tenebrielumeu
2580 5207 2679 5242 non
2718 5189 3173 5258 comprehendunt.

2036 5260 2147 5330 (‘25)
2182 5260 2303 5314 Mss.
2332 5260 2530 5325 plures,
2563 5264 2607 5313 si
2635 5277 2834 5329 semper
2856 5260 3148 5325 sapientiw.
3183 5260 3381 5313 Deiude
3412 5275 3529 5308 om-

1963 5346 2080 5392 nes,
2113 5330 2507 5396 parlicipamus,
2538 5341 2582 5382 et
2618 5331 2669 5379 id
2697 5335 2841 5383 nobis
2864 5331 2939 5383 vel
2970 5332 3089 5397 plus
3122 5331 3194 5381 vel
3232 5330 3401 5381 minus
3437 5346 3528 5379 uc-

1962 5404 2132 5461 (edat,
2168 5411 2272 5451 etc.
2311 5398 2415 5451 S'ed
2451 5402 2601 5468 editi,
2639 5412 2693 5453 et
2727 5401 2845 5455 libri
2884 5401 2958 5454 De
2999 5401 3274 5468 principiis
3327 5399 3529 5451 rectius

1961 5481 2018 5524 ut
2045 5472 2095 5522 in
2134 5481 2316 5523 nostro
2345 5481 2515 5524 textu.

2030 5542 2141 5606 (‘24)
2172 5542 2251 5591 Ex
2283 5541 2371 5593 lib.
2406 5560 2416 5594 ι
2450 5542 2523 5594 De
2553 5544 2801 5609 princip.,
2833 5558 2951 5607 cap.
2988 5541 3041 5605 3,
3071 5556 3217 5593 uttm.
3245 5540 3300 5592 2.

2029 5611 2141 5679 (25)
2169 5614 2259 5662 Sic.
2306 5628 2434 5667 mss.
2473 5613 2735 5682 plerique.
2765 5614 2956 5668 Cat-teri
2991 5626 3137 5678 vero,
3168 5620 3221 5666 ct
3256 5610 3408 5676 editi,
3436 5626 3526 5662 su-

1957 5684 2214 5751 perveniet
2244 5682 2293 5733 in
2327 5691 2394 5739 te.
