3884 6218
414 243 516 299 5ϋ¹1

1629 249 1686 305 S.
1730 248 2055 305 PAMPlllLl
2099 250 2289 305 MART
2301 251 2453 306 YlilS

3563 253 3678 307 568

414 362 678 431 baptisma
713 379 818 419 non
870 366 1025 422 aliter
1064 368 1167 423 nisi
1223 370 1695 426 excellentissima:
1742 373 1984 428 omnium
2016 380 2061 437 Α
2093 372 2171 426 vel
2205 374 2347 438 Filii,
2378 373 2574 429 salvari
2607 375 2725 430 sine
2752 372 2955 446 Spiritu
2987 384 3198 429 sancto.
3226 374 3300 428 De
3330 375 3524 445 quibus
3546 378 3671 431 dis-

414 454 701 512 Trinitatis
726 460 1067 526 auctoritate,
1119 460 1170 514 id
1201 472 1285 516 est
1316 461 1514 529 Patris,
1544 474 1598 518 et
1627 463 1769 529 Filii,
1792 474 1847 519 et
1870 466 1991 535 Spi-

415 549 553 601 ritus
592 550 765 603 sancti
815 551 1292 620 cognominatione
1328 554 1691 623 compleatur,
1720 567 1775 610 et
1802 556 1989 611 innato

416 635 524 692 Deo
563 638 733 705 Patri,
766 650 820 695 et
851 643 1134 713 unigenito
1174 644 1292 714 ejus
1334 645 1495 711 Filio,
1530 662 1723 702 nomen
1769 663 1987 718 quoque

414 727 653 793 Spiritus
679 734 853 787 sancti
896 736 1199 804 copuletur.
1240 737 1371 803 Quis
1409 754 1539 809 ergo
1588 754 1689 795 non
1720 744 1982 813 obstupe-

412 830 527 875 scat
557 833 761 891 quanta
808 824 1059 892 majestas
1091 828 1164 882 sit
1198 827 1434 898 Spiritus
1472 834 1669 899 sancti,
1708 848 1830 886 cum
1860 849 1983 888 eum
2044 830 2059 839 ’

411 915 501 982 qui
533 915 731 970 dixerit
763 918 986 971 Verbum
1038 920 1089 973 in
1156 920 1350 976 Filium
1389 923 1621 979 hominis
1649 926 1833 979 audiat
1864 942 1985 996 spe-

413 1022 535 1061 rare
569 1009 782 1063 veniam
810 1026 967 1079 posse
996 1028 1012 1077 ;
1038 1028 1158 1067 eum
1185 1030 1312 1069 vero
1338 1016 1430 1085 qui
1468 1017 1519 1071 in
1554 1015 1815 1087 Spiritum
1849 1032 1981 1072 san-

409 1104 555 1152 ctum
613 1098 1092 1170 blasphemaverit,
1129 1108 1341 1160 veniam
1397 1124 1502 1162 non
1558 1109 1757 1167 habere
1808 1125 1983 1183 neque

410 1189 461 1243 in
503 1192 756 1259 presenti
789 1195 1010 1260 sanculo,
1041 1212 1217 1267 neque
1246 1200 1298 1254 in
1329 1199 1573 1255 futuro”
1596 1201 1657 1255 2»

475 1281 804 1341 Purmws.
836 1286 901 1340 Et
937 1299 1056 1357 post
1096 1306 1265 1360 pauca
1296 1291 1493 1361 adjecit
1537 1310 1550 1347 :

476 1375 760 1429 υιιισειιεε.
801 1394 819 1427 ι
848 1376 1229 1435 Verumtamen
1268 1397 1438 1451 usque
1470 1386 1537 1438 ad
1576 1397 1815 1453 pra‘sens
1858 1384 1979 1439 nul-

406 1465 514 1520 lum
542 1482 851 1524 sermonem
884 1472 936 1524 in
972 1472 1270 1543 Scripturis
1292 1477 1495 1532 sanctis
1524 1477 1767 1532 invenire
1799 1479 1978 1548 potuia

406 1577 547 1627 mus,
588 1578 683 1633 per
714 1579 875 1633 quem
912 1564 1147 1633 Spiritus
1202 1576 1421 1621 sanctus
1461 1566 1673 1623 factura
1726 1583 1847 1623 esse
1891 1570 1977 1625 vel

401 1666 651 1711 creatura
684 1660 975 1714 diceretur.
1003 1680 1021 1713 ι

2093 467 2383 529 cutieutcs,
2421 467 2538 519 sine
2584 466 2745 520 dubio
2804 467 3168 521 necessarium
3206 467 3311 521 erit
3361 477 3416 520 ut
3461 483 3665 535 opera—

2093 557 2293 610 tionem
2322 554 2610 624 specialem
2648 554 2886 622 Spiritus
2912 553 3105 617 sancti,
3142 553 3429 621 specialem
3460 552 3669 618 Patris,

2091 648 2172 701 vel
2202 645 2350 711 Filii,
2382 646 2777 700 describamus.
2808 644 3059 699 Arbitror
3093 644 3261 715 igitur
3294 644 3667 716 operationem

2158 798 2270 871 (9.7)
2305 801 2427 853 Ὅτι
2480 799 2508 852 ὁ
2557 799 2656 870 μὲν
2708 797 2838 862 Θεὸς
2912 800 3130 868 quidem
3185 814 3305 855 esse
3353 799 3551 868 Patris,
3607 811 3669 857 et

2086 897 2180 949 καὶ
2238 896 2425 966 Πατὴρ
2475 895 2711 965 συνέχων
2768 894 2837 947 τὰ
2911 892 3066 956 Filii,
3133 902 3239 946 tam
3326 892 3378 946 in
3452 894 3665 948 sanctis

2085 988 2264 1041 πάντα.
2324 987 2513 1057 φθάνει
2566 989 2647 1051 εἰς
2714 986 2837 1041 ἕκα-
2907 999 3069 1054 quam
3129 986 3182 1039 in
3237 987 3662 1056 peccatoribus,

2086 1096 2210 1132 στον
2249 1078 2357 1132 τῶν
2409 1078 2578 1131 ὄντων
2631 1078 2838 1149 μεταδι-
2908 1078 2961 1131 in
3024 1076 3430 1132 rationabilibus
3477 1078 3666 1132 homi-

2080 1172 2204 1237 δοὺς
2231 1174 2443 1243 ἑκάστῳ
2459 1171 2565 1225 ἀπὸ
2587 1171 2680 1226 τοῦ
2707 1172 2835 1226 ἰδίου
2912 1170 3073 1224 nibus
3111 1179 3165 1223 et
3190 1171 3242 1223 in
3268 1170 3428 1224 mutis
3446 1170 3664 1224 anima-

2079 1265 2140 1319 τὸ
2175 1261 2344 1319 εἶναι·
2389 1264 2463 1317 ὢν
2513 1264 2620 1335 γάρ
2652 1267 2827 1317 ἐστιν·
2906 1263 3195 1330 libus;sed
3226 1276 3280 1320 et
3322 1264 3373 1319 in
3420 1265 3505 1322 his
3534 1280 3661 1335 qua:

2079 1359 2315 1415 ἐλάττων
2343 1361 2400 1414 δὲ
2431 1360 2566 1432 πρὸς
2601 1353 2691 1413 τὸν
2722 1360 2832 1413 Πα-
2903 1358 3152 1412 exanima
3202 1369 3347 1424 sunt,
3385 1368 3438 1413 et
3461 1359 3511 1412 in
3538 1374 3659 1413 om-

2078 1455 2210 1527 τέρα
2251 1456 2280 1508 ὁ
2316 1454 2442 1517 Υἱὸς
2477 1454 2692 1522 φθάνων
2741 1454 2833 1507 ἐπὶ
2905 1452 3067 1506 nibus
3093 1452 3315 1507 omnino
3344 1468 3462 1522 qua:
3487 1462 3656 1507 sunt:

2080 1548 2218 1621 μόνα
2245 1552 2315 1603 τὰ
2342 1550 2559 1617 λογικά·
2586 1548 2833 1620 δεύτερος
2906 1545 3286 1613 operationem
3317 1560 3449 1599 vero
3478 1545 3659 1614 Spiri-

2076 1647 2184 1714 γάρ
2216 1643 2330 1696 ἐστι
2352 1642 2444 1697 τοῦ
2482 1642 2693 1713 Πατρός
2714 1651 2727 1671 ⁶
2747 1640 2829 1694 ἔτι

2904 1646 2991 1693 tus
3058 1638 3229 1692 sancti
3310 1652 3655 1707 nequaquam

471 1746 798 1806 PAIIPIIILUS.
850 1751 912 1806 Et
944 1753 1164 1808 insertis
1217 1754 1591 1824 compluribus
1640 1742 1956 1813 testimonii:

2075 1735 2131 1789 δὲ
2187 1730 2347 1808 ἦττον
2389 1736 2449 1789 τὸ
2512 1735 2734 1806 Πνεῦμα
2769 1731 2830 1787 τὸ
2902 1745 3126 1799 prorsus
3178 1730 3415 1785 incidere
3468 1730 3552 1785 vel
3594 1733 3654 1785 in

400 1836 467 1892 de
490 1838 693 1894 virtute
721 1842 957 1912 Spiritus
984 1844 1183 1910 sancti,
1210 1856 1330 1917 post
1350 1846 1627 1916 aliquanta
1656 1850 1823 1904 etiam
1855 1850 1970 1905 bare

398 1929 593 1998 Itljecit
621 1951 634 1986 :

468 2022 758 2079 Oameatzs.
796 2046 814 2081 ι
841 2027 897 2083 Si
930 2030 1206 2086 revelante
1243 2028 1382 2086 Filio
1424 2035 1704 2103 cognoscit
1751 2036 1966 2092 Patrem

396 2113 633 2185 Spiritus
679 2128 918 2181 sanctus,
948 2136 1077 2191 ergo
1115 2137 1182 2176 ex
1220 2123 1523 2192 ignorantia
1575 2126 1642 2179 ad
1673 2127 1959 2183 scientiam

398 2209 545 2261 venit
578 2227 592 2263 :
622 2212 763 2278 quod
797 2211 980 2279 utique
1029 2222 1084 2267 et
1115 2213 1337 2282 impium
1392 2216 1598 2284 pariter
1630 2225 1685 2272 et
1733 2220 1958 2273 stultum

390 2309 495 2362 est,
531 2300 792 2369 Spiritum
840 2314 1088 2357 sanctum
1119 2306 1385 2371 conﬁteri,
1415 2315 1469 2360 et
1504 2308 1862 2378 ignorantiam
1909 2314 1956 2368 ei

390 2392 685 2446 ascribere.
722 2392 836 2447 Non
893 2395 1036 2447 enim
1074 2411 1195 2449 cum
1245 2397 1388 2451 aliud
1438 2398 1644 2468 aliquid
1674 2412 1821 2457 esset
1858 2418 1963 2459 au-

392 2492 478 2536 tea
506 2496 665 2551 quam
708 2481 943 2552 Spiritus
979 2496 1223 2549 sanctus,
1259 2503 1355 2556 per
1396 2486 1696 2557 prolectqu
1727 2494 1870 2547 venit
1900 2494 1956 2548 in

394 2574 497 2627 hoc
525 2583 582 2626 ut
613 2584 759 2629 esset
788 2573 1025 2645 Spiritus
1050 2587 1271 2634 sanctus
1296 2595 1308 2629 ι
1343 2589 1400 2633 ιιι
1428 2581 1551 2649 quis
1583 2582 1780 2637 audeat
1810 2585 1961 2640 dice-

393 2679 471 2729 re,
501 2668 628 2736 quia
680 2678 807 2722 tunc
840 2668 1059 2737 quidem
1107 2682 1229 2723 cum
1282 2673 1520 2727 nondum
1549 2683 1695 2729 esset
1724 2676 1963 2745 Spiritus

390 2770 639 2823 sanctus,
666 2760 946 2828 ignorabat
993 2761 1211 2817 Patrem
1244 2780 1257 2816 :
1289 2775 1473 2833 postea
1506 2782 1636 2822 vero
1666 2783 1826 2837 quam
1874 2786 1961 2825 re-

389 2852 529 2921 ccpit
563 2852 871 2917 scientiam,
896 2854 1061 2908 etiam
1091 2854 1332 2924 Spiritus
1362 2869 1584 2913 sanctus
1604 2858 1828 2916 eﬂ‘ectus
1852 2874 1957 2918 est.

388 2943 541 3009 Quod
559 2944 604 2997 si
634 2955 798 3012 esset,
831 2959 1100 3015 nunquam
1128 2947 1314 3016 utique
1338 2948 1391 3002 in
1422 2950 1626 3007 unitate
1651 2951 1952 3023 Trinitatis,

389 3033 442 3087 id
501 3044 607 3101 εει,
661 3034 757 3088 Dei
810 3034 987 3092 Patris
1036 3037 1487 3105 inconvertibilis,
1523 3050 1578 3096 et
1634 3033 1756 3097 Filii
1814 3044 1954 3113 ejus,

385 3128 549 3181 etiam
588 3128 702 3197 ipse
731 3128 967 3199 Spiritus
1013 3140 1236 3185 sanctus
1272 3132 1588 3200 haberetur,
1614 3136 1718 3191 nisi
1748 3138 1876 3207 quia
1907 3148 1963 3194 et

386 3218 500 3287 ipsc
526 3232 740 3284 semper
766 3228 884 3273 erat
912 3219 1149 3287 Spiritus
1180 3231 1425 3276 sanctus.
1461 3240 1479 3272 ι

460 3310 789 3366 ΡΑιιιδιιιιιιε.
818 3312 882 3365 Ει
913 3324 1031 3381 post
1065 3329 1233 3382 pauca
1259 3314 1457 3381 adjecit
1486 3333 1501 3370 :

454 3400 741 3458 Omcsuas.
776 3422 795 3455 ι
828 3404 1049 3458 Rectum
1088 3415 1265 3459 tamen
1298 3407 1510 3461 videtur
1536 3408 1808 3478 inquirere
1829 3411 1959 3479 quid

388 3510 568 3550 causa:
597 3499 667 3550 sit
695 3498 836 3566 quod
867 3498 956 3567 qui
992 3508 1339 3569 regeneratur
1371 3514 1468 3567 per
1503 3501 1671 3555 Deum
1713 3503 1766 3557 in
1814 3505 1960 3559 salu-

385 3598 516 3650 tem,
550 3602 684 3655 opus
714 3589 877 3643 habet
907 3598 960 3642 et
990 3586 1173 3653 Patre,
1210 3600 1263 3644 et
1297 3588 1452 3655 Filio,
1487 3600 1542 3647 et
1586 3591 1793 3662 Spiritu
1825 3611 1955 3649 san-

385 3688 496 3745 cto,
539 3696 641 3734 non
680 3692 1031 3750 percepturus
1065 3681 1317 3747 salutem,
1354 3683 1454 3737 nisi
1488 3684 1559 3737 sit
1591 3684 1800 3754 integra
1831 3685 1955 3740 Tri-

387 3774 571 3827 nitas:
604 3772 715 3844 (26)
744 3787 842 3827 nec
884 3774 1143 3841 possibile
1183 3775 1252 3828 sit
1295 3775 1610 3843 participem
1645 3777 1729 3831 vel
1757 3776 1952 3845 Patris,

452 3870 498 3902 δ’
534 3869 726 3924 Matth.
750 3886 847 3935 stt,
878 3870 978 3937 32;
1009 3870 1137 3923 Luc.
1165 3886 1269 3936 xu,
1304 3870 1390 3924 10.
1467 3871 1513 3903 ⁸ο
1544 3871 1714 3926 Exod.
1750 3888 1831 3937 Ill,
1866 3876 1954 3932 Μ.

452 3964 563 4034 (26)
592 3965 750 4035 Εχιίιί,
792 3983 883 4019 nec
927 3967 1175 4033 possibile
1213 3976 1287 4018 est
1328 3966 1641 4034 participem
1688 3968 1807 4035 ﬁeri
1840 3967 1951 4023 Pa-

382 4042 475 4091 tris
516 4033 563 4089 et
610 4033 761 4097 Filii,
802 4038 911 4090 sine
949 4036 1155 4101 Spiritu
1200 4048 1401 4092 sancto.
1454 4033 1581 4091 Mss.
1620 4033 1820 4104 plures,
1861 4058 1951 4094 nec

380 4106 623 4177 possibile
656 4107 719 4158 sit
747 4122 857 4177 esse
887 4107 1191 4171 participem
1230 4106 1341 4177 (;tli_i
1372 4108 1615 4173 quidam,
1642 4118 1701 4177 et
1725 4111 1843 4163 iibri
1877 4111 1949 4164 De

380 4174 599 4245 princip.
631 4176 937 4243 participem
987 4177 1126 4242 ﬁeri)
1174 4174 1253 4229 vel
1301 4174 1500 4237 Patris,
1531 4180 1606 4231 vel
1661 4176 1811 4242 Filii,
1839 4183 1951 4234 sine

382 4242 586 4303 Spiritu
614 4242 955 4300 sancto.Sed
983 4248 1178 4301 rectius
1211 4262 1313 4300 ms.
1343 4246 1540 4316 licgius
1573 4260 1630 4300 ut
1678 4248 1731 4301 in
1765 4266 1951 4306 nostro

380 4326 553 4373 textu.

2072 1827 2225 1896 ἆγιον
2279 1827 2372 1880 ἐπὶ
2454 1825 2649 1897 μόνους
2703 1827 2829 1889 τοὺς

2069 1923 2257 1992 ἁγίους
2281 1922 2665 1994 διικνούμενοψ
2686 1921 2825 1976 ὥστε

2069 2014 2210 2071 κατὰ
2235 2016 2392 2069 τοῦτο
2450 2016 2649 2087 μείζων
2677 2019 2710 2087 ἡ
2738 2015 2827 2069 δύ-

2068 2126 2231 2180 ναμις
2274 2108 2366 2162 τοῦ
2429 2110 2643 2181 Πατρὸς
2676 2109 2827 2182 παρὰ

2068 2198 2158 2251 τὸν
2211 2198 2339 2251 Υἱδν
2368 2198 2463 2252 καὶ
2504 2198 2563 2251 τὸ
2600 2198 2825 2269 Πνεῦμα

2069 2290 2131 2343 τὸ
2162 2291 2316 2360 ἆγιον
2335 2308 2349 2321 ·
2386 2290 2583 2344 πλείων
2600 2289 2655 2343 δὲ
2675 2292 2707 2360 ὴ
2726 2290 2820 2343 τοῦ

2069 2383 2201 2437 Υἰοῦ
2267 2384 2418 2456 παρὰ
2468 2384 2528 2436 τὸ
2594 2384 2817 2453 Πνεῦμα

2065 2474 2127 2528 τὸ
2159 2475 2313 2544 ἅγιον
2334 2493 2347 2505 ο
2372 2476 2465 2529 καὶ
2510 2473 2671 2528 πάλιν
2703 2474 2820 2527 δια.-

2066 2566 2233 2637 φέρου
2241 2582 2307 2618 σα,
2341 2565 2536 2636 μᾶλλον
2550 2563 2644 2618 τοῦ
2663 2565 2820 2633 ἁγίου

2066 2660 2383 2730 Πνεῦματος
2410 2659 2685 2731 ἡδύναμις
2715 2676 2821 2713 πα-

2067 2753 2135 2825 ρὰ
2163 2754 2231 2806 τὰ
2257 2752 2391 2808 ἄλλα
2417 2753 2568 2822 ἅγια.

2899 1839 2960 1879 ea
3013 1840 3133 1894 qua:
3184 1825 3431 1880 exanima
3496 1835 3652 1891 sunt,

2898 1921 2979 1977 vel
3011 1923 3062 1974 in
3090 1936 3151 1976 ea
3186 1936 3306 1991 qua:
3352 1922 3652 1976 animantia

2897 2014 3137 2082 quidem,
3165 2014 3258 2067 sed
3294 2023 3440 2067 mula
3469 2023 3597 2067 sunt
3632 2028 3651 2066 :

2896 2107 2990 2161 sed
3046 2121 3113 2160 ιιε
3165 2106 3218 2159 in
3277 2106 3383 2159 illis
3428 2107 3649 2175 quidem

2896 2198 3127 2253 inveniri
3157 2200 3251 2267 qui
3296 2198 3653 2254 rationabiles

2892 2290 3108 2360 quidem
3135 2300 3282 2348 sunt.
3311 2293 3405 2346 sed
3438 2292 3489 2345 in
3526 2308 3647 2345 ma-

2892 2381 3004 2435 litia
3062 2382 3242 2451 positi,
3278 2398 3376 2437 nec
3421 2383 3650 2442 omnino

2891 2475 2958 2529 ad
2995 2475 3219 2529 meliora
3275 2476 3549 2529 conversi.
3584 2474 3646 2530 lit

2893 2567 2999 2622 illis
3027 2577 3206 2621 autem
3239 2567 3369 2622 solis
3404 2568 3649 2623 arbitror

2890 2673 3010 2713 esse
3052 2670 3185 2728 opus
3223 2659 3456 2727 Spiritus
3509 2674 3644 2714 san-

2889 2752 2984 2816 cti,
3016 2751 3246 2822 qui-jam
3296 2767 3356 2808 se
3393 2754 3477 2808 -ad
3528 2769 3647 2809 me-

2063 2869 2196 2924 liora
2228 2878 2576 2936 convertunt,
2616 2878 2669 2923 et
2694 2883 2789 2938 per
2818 2868 2933 2924 vias
2961 2868 3162 2926 ChriSSi
3195 2868 3323 2925 Jesu
3361 2871 3642 2938 incedunt,

2062 2963 2115 3017 id
2144 2975 2249 3029 est,
2283 2962 2397 3034 (9.8)
2428 2963 2514 3031 qui
2551 2972 2678 3016 sunt
2712 2962 2764 3015 in
2814 2962 2967 3017 novis
3027 2963 3243 3017 actibus
3302 2963 3640 3029 incedentes,

1987 3078 2034 3142 ο
2065 3064 2120 3109 ει
2151 3055 2203 3108 in
2249 3055 2356 3109 Deo
2393 3066 2793 3123 permanentes.
2845 3052 3115 3121 Quoniam
3167 3064 3349 3109 autem
3391 3054 3641 3124 operatio

2063 3143 2242 3199 Patris
2279 3154 2335 3200 et
2365 3144 2488 3199 Filii
2525 3154 2609 3199 est
2634 3154 2689 3198 et
2719 3144 2772 3199 iu
2803 3144 3032 3208 sanctis,
3066 3154 3122 3199 et
3151 3143 3205 3197 in
3234 3145 3639 3213 peccatoribus,

2064 3224 2451 3291 manifestatur
2482 3250 2546 3289 ex
2578 3250 2643 3291 eo
2673 3236 2815 3304 quod
2848 3234 2961 3307 (29)
2993 3251 3185 3291 omnes
3219 3237 3310 3306 qui
3339 3236 3640 3293 rationabi-

2059 3326 2136 3382 les
2165 3338 2312 3393 suut,
2347 3325 2511 3382 Verbi
2544 3327 2660 3391 Dei,
2689 3326 2741 3380 id
2771 3336 2873 3393 est,
2905 3326 3131 3380 rationis
3162 3328 3453 3396 participes
3481 3336 3631 3393 sunt,

2059 3427 2115 3474 et
2146 3435 2240 3489 per
2276 3422 2377 3474 hoc
2412 3419 2559 3472 velut
2586 3418 2793 3473 semina
2828 3418 3076 3485 quadam
3106 3418 3266 3471 insita
3292 3418 3397 3471 sibi
3433 3428 3637 3488 gerunt

2060 3511 2341 3580 sapientiae
2373 3518 2427 3563 ει
2475 3510 2739 3575 scientiae,
2764 3509 2904 3579 quod
2943 3517 3026 3562 est
3081 3506 3350 3563 Christus.
3383 3509 3496 3579 ('50)
3526 3510 3637 3565 Sed

2059 3610 2123 3655 et
2148 3600 2250 3653 hoc
2282 3600 2455 3668 ipsum
2476 3599 2618 3665 quod
2646 3607 2731 3652 est
2751 3606 2806 3651 et
2839 3605 3125 3665 permanet
3148 3597 3326 3652 omnis
3356 3607 3633 3665 creatura,

2060 3689 2304 3758 operatio
2342 3699 2427 3743 est
2478 3688 2570 3741 Dei
2623 3687 2799 3743 Patris
2848 3688 2937 3757 qui
2994 3687 3178 3741 dixit:
3220 3687 3333 3757 Ego
3367 3706 3484 3742 sum
3539 3691 3633 3761 qui

2060 3798 2176 3835 sum
2203 3780 2247 3812 '°
2276 3798 2289 3834 :
2318 3792 2437 3849 qua:
2471 3780 2719 3850 pervenit
2768 3794 2931 3848 super
2982 3792 3187 3834 omnes.
3216 3777 3335 3849 ipse
3365 3790 3450 3836 est
3487 3783 3633 3837 enim

2061 3986 2162 4026 nus
2187 3972 2300 4041 ipse
2332 3970 2621 4025 evincitur.
2650 3968 2786 4041 )‘ide
2815 3968 3184 4041 Origenianor.
3218 3968 3311 4025 lib.
3347 3985 3407 4031 tt,
3432 3980 3628 4039 quiest.

2058 4043 2114 4105 2,
2148 4040 2295 4095 num.
2325 4040 2393 4093 27
2425 4052 2479 4094 et
2511 4041 2602 4095 28.
2634 4040 2898 4094 Caeterum
2947 4040 3076 4093 editi
3113 4042 3347 4093 habent:
3382 4042 3629 4095 Arbitror

2059 4129 2304 4181 ergo.....
2357 4127 2513 4181 quam
2558 4113 2613 4162 in
2655 4110 3014 4178 peccatoribus
3054 4111 3503 4164 irrationabilibus
3535 4113 3634 4165 lio.

2059 4180 2307 4243 minibus,
2338 4192 2448 4235 etc.
2480 4180 2585 4251 Sed
2617 4195 2820 4251 omnes
2841 4194 2973 4251 mss.
3030 4190 3135 4251 tam
3165 4181 3321 4247 hujus
3357 4182 3631 4251 Apologia

2059 4266 2220 4321 quam
2255 4252 2515 4305 librorum
2548 4249 2621 4321 De
2652 4248 2947 4321 principiis,
2983 4260 3039 4321 ut
3074 4250 3124 4302 in
3159 4260 3343 4303 nostro
3381 4248 3554 4306 textu.

2131 4321 2245 4390 (‘28)
2273 4324 2366 4375 Sic
2395 4337 2494 4374 ms.
2553 4320 2773 4390 Regius.
2828 4320 2900 4390 Ita
2946 4320 3109 4372 etiam
3158 4320 3336 4373 caeteri
3390 4336 3523 4377 mss.
3575 4332 3632 4376 et

449 4387 561 4457 (27)
595 4385 780 4466 ’Ότι-ό
811 4385 930 4466 μὲν
962 4388 1263 4466 Gedc,_etc:
1317 4384 1518 4466 Graeca
1564 4388 1677 4466 haec
1728 4388 1945 4466 exhibet
1978 4412 2022 4466 ι)
2052 4384 2360 4466 cdi'ti,'t_tisi_
2385 4390 2528 4458 quod
2587 4384 3196 4466 oririttautjncetlentes,
3236 4400 3304 4466 et
3343 4391 3473 4466 editi
3509 4393 3625 4466 ha-

377 4456 673 4525 imperator
706 4456 1043 4510 Justinuanus
1072 4459 1136 4508 ad
1181 4456 1384 4509 calcem
1434 4458 1674 4525 epistolae
1724 4461 1790 4512 ad
1837 4459 1947 4511 Me-

380 4536 628 4592 nam;et
680 4526 1058 4595 Hieronymus,
1093 4526 1317 4593 epistola
1368 4526 1436 4579 94
1482 4527 1547 4579 ad
1603 4530 1843 4591 Avitum,
1892 4529 1945 4582 id

379 4600 542 4650 etiam
585 4597 799 4649 crimini
835 4598 994 4650 vertit
1040 4598 1257 4663 Origeui
1314 4595 1457 4664 quod
1492 4598 1689 4651 dixerit
1742 4596 1947 4652 Filium

378 4668 870 4739 quoiqtteminorem
913 4667 1171 4739 l’atre,eo
1195 4672 1331 4733 quod
1354 4668 1617 4739 secundus
1653 4670 1716 4721 ab
1740 4669 1830 4721 illo
1853 4670 1945 4731 sit,

378 4733 426 4791 ει
458 4733 713 4805 Spiritum
749 4748 989 4790 sanctum
1014 4736 1318 4807 inferiorem
1346 4733 1493 4789 Filio
1521 4739 1575 4790 in
1607 4740 1805 4791 sanctis
1829 4740 1948 4807 qui—

377 4812 578 4872 busque
629 4809 1047 4876 versuri:atqne
1096 4806 1193 4876 hoc
1246 4808 1429 4858 ordine
1464 4809 1717 4876 majorem
1766 4807 1944 4860 Putris

377 4878 744 4945 fortitudinem
792 4893 902 4929 esse
931 4874 1087 4943 quam
1122 4874 1256 4927 Filii
1302 4888 1352 4930 et
1390 4874 1625 4945 Spiritus
1669 4879 1857 4942 sancti,
1894 4890 1942 4931 et

378 4963 586 4999 rursum
609 4947 859 5011 majorem
890 4946 1019 4999 Filii
1051 4946 1415 5008 fortitudinem
1440 4964 1549 5000 esse
1580 4965 1737 5015 quant
1771 4947 1942 5013 Spiri-

380 5029 465 5069 tus
523 5018 689 5069 sancti
722 5028 816 5069 ,ἐι
856 5027 1233 5083 consequenter
1282 5018 1444 5078 ipsius
1494 5020 1664 5069 sancti
1712 5018 1943 5080 Spiritus

376 5088 626 5155 majorem
654 5103 765 5138 esse
802 5088 1041 5139 virtutem
1072 5086 1273 5139 cwteris
1294 5103 1411 5152 qua:
1448 5100 1631 5140 sancta
1673 5090 1937 5141 dicun'ur.

383 5158 506 5212 lla'c
536 5156 762 5209 liulinns
787 5158 1105 5224 quibusdam
1136 5157 1414 5218 detractis,
1442 5159 1762 5223 quilmsdam
1792 5160 1943 5210 addi-

378 5230 449 5297 tis
497 5226 787 5289 cntollivit;
823 5244 885 5278 ac
928 5225 1075 5297 forte
1105 5226 1227 5297 inde
1257 5236 1340 5280 εει
1392 5230 1537 5295 quod
1586 5228 1943 5297 Hieronymus

374 5296 465 5349 hb.
495 5313 531 5350 ιι
561 5309 613 5350 ει
643 5311 701 5349 ιιι
744 5298 993 5350 adrersas
1042 5295 1295 5362 Rufinum
1349 5298 1690 5351 contenderit
1736 5295 1821 5350 vel
1855 5297 1943 5351 Di-

376 5371 619 5437 dytnum,
648 5367 741 5437 vel
788 5369 1077 5433 ipsummct
1131 5366 1408 5437 lluliuum,
1441 5367 1523 5419 vel
1556 5370 1722 5419 alium
1758 5371 1941 5423 nescio

374 5436 535 5505 quem
574 5446 682 5490 tam
713 5436 901 5491 Graece
949 5452 1110 5505 quam
1147 5436 1341 5491 Latine
1386 5438 1437 5490 iu
1500 5439 1691 5491 bonam
1730 5450 1939 5505 partem

374 5511 659 5576 plerasque
704 5508 770 5561 de
824 5506 961 5562 Filio
1010 5521 1064 5561 et
1088 5507 1297 5575 Spiritu
1349 5516 1538 5561 sancto
1578 5507 1941 5576 blasphemias

371 5591 741 5632 cmumutasse
764 5591 884 5647 qua:
908 5578 959 5631 in
987 5576 1172 5632 Graeco
1203 5578 1359 5643 hujus
1385 5576 1658 5645 Apologia:
1685 5588 1937 5632 contextu

375 5650 791 5717 rtnnnarebaut;
852 5650 996 5717 quod
1051 5650 1105 5701 in
1165 5649 1616 5715 interpretatione
1674 5648 1937 5701 librorum

376 5718 513 5781 (lat
550 5715 771 5787 ἀρκῶν,
807 5715 945 5775 unde
982 5720 1128 5775 locus
1158 5720 1244 5773 hic
1273 5720 1507 5784 eruitur,
1546 5718 1742 5773 l'ccisse
1790 5720 1938 5774 ltuli-

2050 4463 2213 4514 beant
2248 4461 2299 4512 iu
2334 4455 2459 4523 line,
2504 4455 3011 4527 permanent.Libri
3054 4474 3182 4511 vero
3225 4458 3299 4511 De
3351 4459 3625 4525 principiis

2051 4541 2158 4582 tam
2192 4531 2319 4583 editi
2361 4526 2521 4597 quam
2570 4545 2725 4593 mss.,
2763 4526 2851 4596 qui
2883 4538 3003 4581 sunt
3043 4530 3097 4581 in
3133 4529 3281 4582 bonis
3316 4530 3545 4597 actibus,
3576 4543 3627 4586 et

2047 4602 2100 4653 in
2127 4600 2230 4653 Deo
2258 4610 2583 4667 permanent.

2120 4670 2233 4737 (‘19)
2270 4670 2431 4729 Etliti,
2470 4685 2647 4721 omnes
2675 4666 3037 4727 rationabiles,
3075 4666 3229 4721 Verbi
3266 4668 3380 4723 Dei.
3419 4669 3625 4726 Deinde

2048 4740 2211 4793 iidem
2243 4741 2473 4800 editi,et
2507 4739 2627 4791 libri
2665 4737 2739 4790 De
2791 4739 3066 4801 principiis
3115 4748 3223 4791 tam
3275 4740 3407 4793 editi
3455 4757 3621 4807 quam

2047 4826 2203 4872 ιιιεε.,
2238 4810 2508 4871 sapientiw
2538 4818 2584 4860 et
2612 4808 2842 4874 justitia:
2866 4811 2996 4861 :sed
3020 4824 3210 4863 omnes
3239 4809 3397 4878 hujus
3426 4810 3625 4879 Apolo—

2044 4881 2143 4948 gia:
2184 4896 2309 4948 Ittss.
2346 4889 2402 4931 ut
2432 4881 2482 4930 in
2515 4888 2685 4932 textu.

2117 4950 2230 5018 (50)
2265 4947 2367 5003 Sed
2399 4958 2447 4999 et
2482 4949 2577 5000 hoc
2600 4948 2772 5018 ipsum
2798 4947 2939 5018 quod
2962 4958 3035 5001 est
3072 4958 3119 4999 et
3149 4960 3416 5014 permanet
3450 4951 3619 5004 omnis

2043 5015 2308 5081 creatura,
2339 5028 2573 5085 Operatio
2609 5028 2680 5070 est
2716 5017 2809 5069 Dei
2827 5015 3005 5070 Patris
3035 5019 3124 5086 qui
3149 5018 3287 5071 dixit
3315 5034 3333 5071 :
3366 5020 3475 5086 Ego
3498 5037 3617 5073 sunt

2044 5093 2135 5157 qui
2170 5108 2288 5144 ειιιιι
2315 5106 2328 5141 :
2352 5105 2467 5157 qua:
2523 5089 2749 5157 pervenit
2783 5104 2938 5156 super
2971 5105 3172 5142 omnes.
3208 5088 3328 5155 Ipse
3369 5101 3443 5141 est
3480 5094 3618 5142 enim

2043 5156 2135 5227 qui
2162 5161 2323 5212 solent
2365 5156 2516 5210 suum
2542 5159 2670 5229 oriri
2696 5156 2843 5229 jubet
2868 5228 2873 5229 ν
2898 5160 3019 5227 (ιιιε.
3054 5158 3269 5229 Regius,
3300 5161 3429 5211 oriri
3465 5162 3617 5229 facit)

2042 5246 2197 5293 super
2221 5232 2380 5281 bonos
2404 5238 2451 5280 et
2480 5228 2671 5292 malos,
2694 5239 2741 5280 et
2766 5227 2897 5293 pluit
2928 5244 3082 5293 super
3100 5228 3275 5297 justas
3296 5240 3342 5281 et
3369 5227 3616 5297 injustas.

2046 5300 2169 5353 llaec
2200 5300 2579 5353 desiderantur
2610 5299 2660 5349 in
2697 5298 2848 5349 libris
2878 5298 3015 5365 Περὶ
3053 5296 3255 5364 ἀρχῶν
3308 5296 3427 5351 ιειιι
3455 5300 3619 5352 ιυΙίιιε

2041 5386 2201 5438 quam
2241 5384 2395 5433 mss,
2426 5369 2513 5421 ubi
2542 5383 2639 5435 pro
2674 5368 2775 5420 illis
2799 5369 2977 5421 verbis
3004 5369 3197 5437 legitur
3224 5369 3316 5422 lib.
3345 5386 3381 5429 t,
3409 5385 3532 5437 cap.
3558 5370 3615 5431 ’5,

2046 5457 2196 5492 Ιιιιιιι.
2234 5440 2304 5492 6:
2344 5440 2425 5491 Ex
2450 5456 2509 5490 eo
2558 5447 2730 5489 autent
2768 5438 2859 5504 qui
2900 5454 3013 5489 vere
3064 5448 3160 5499 est,
3192 5439 3285 5507 qui
3338 5440 3467 5491 dixit
3524 5456 3619 5499 ιε,-

2044 5509 2264 5578 Moysen
2285 5525 2305 5562 :
2342 5510 2450 5577 Ego
2478 5524 2595 5561 sum
2624 5509 2713 5575 qui
2745 5522 2884 5568 sum,
2924 5509 3097 5560 omnia
3130 5524 3449 5577 quiecunque
3493 5520 3614 5561 sunt

2039 5582 2352 5647 participant
2382 5595 2398 5631 :
2434 5594 2550 5646 qua:
2591 5578 2925 5645 partiripatio
2961 5578 3051 5629 Dei
3090 5578 3264 5630 Patris
3299 5580 3526 5645 pervenit
3559 5583 3612 5632 in

2042 5667 2217 5703 omnes
2269 5663 2373 5700 tam
2410 5654 2585 5718 justas
2637 5664 2793 5716 quam
2839 5661 3137 5713 peccatores
3172 5659 3219 5699 et
3273 5650 3610 5703 rationabiles

2041 5734 2194 5785 atque
2224 5718 2630 5784 irrationabiles,
2675 5727 2719 5772 et
2762 5719 2815 5771 in
2846 5721 3016 5771 omnia
3059 5720 3268 5772 omnino
3300 5734 3415 5775 ante
3459 5729 3601 5772 sunt.
