3840 6222
168 309 276 367 569

1368 288 1709 350 aromata
1745 287 1882 346 eno
1918 266 2255 342 calceus.

3336 267 3441 322 570

173 429 267 498 qui
302 426 467 481 solem
495 440 648 480 suum
682 423 812 479 oriri
850 421 1001 493 jubet
1034 436 1192 487 super
1224 419 1388 473 bonos
1416 428 1466 472 et
1497 415 1686 482 malos,
1711 423 1757 468 et
1792 417 1835 474 Α
1868 410 2053 463 limam
2084 402 2454 474 cognitionem
2508 396 2813 498 pravalens
2851 389 3442 498 pervenirez‘hlspera-

175 517 314 591 pluit
338 533 497 589 super
510 516 691 585 justas
721 533 772 570 et
806 515 1037 585 injustas
1065 513 1139 565 ³¹.
1168 529 1186 562 s

739 643 992 684 INTEBPR.
1028 641 1188 681 NOVA.

249 747 495 801 Arbitror
524 745 691 800 Deum
715 746 922 814 quidem
953 754 1000 799 et
1027 744 1261 805 Patrem,
1279 759 1394 796 cum
1427 741 1600 795 omnia
1628 756 1752 814 ron-

181 820 371 881 tineat,
398 819 467 869 ad
503 810 906 885 unumquodque
935 817 1130 869 entiam
1161 815 1449 879 peruenire,
1486 828 1596 864 esse
1618 810 1752 885 uni-

180 889 368 954 cuique
416 883 794 956 impatientem
821 883 904 940 Vde
952 902 1047 939 suo
1080 885 1226 956 :ipse
1260 887 1397 956 enim
1429 892 1513 956 est
1538 883 1628 949 qui
1657 889 1753 934 est.

183 950 365 1013 Minor
390 950 507 1010 vero
539 956 697 1011 Patre
729 955 907 1010 Filius
932 958 999 1007 ad
1038 950 1150 1008 sola
1204 950 1546 1007 rationabilia
1574 966 1752 1019 perve-

182 1032 295 1089 nit;
322 1039 394 1081 est
425 1029 562 1081 enim
615 1028 874 1080 secundus
901 1045 930 1079 a
960 1023 1140 1077 Patre.
1174 1025 1362 1077 Adhuc
1393 1025 1549 1075 etiam
1582 1022 1756 1072 minor

182 1098 435 1165 Spiritus.
459 1107 674 1151 sanctus
716 1099 785 1149 ad
836 1097 977 1149 solos
1010 1104 1219 1147 sanctos
1266 1094 1555 1165 pertingit;
1575 1090 1665 1165 Ita
1692 1106 1757 1143 ea:

180 1160 280 1221 hoc
322 1167 493 1237 major
510 1178 586 1221 est
607 1176 841 1234 potestas
868 1165 1067 1227 Patris,
1098 1160 1412 1237 qllarntFilii
1442 1160 1491 1215 et
1517 1160 1755 1237 Spiritus

179 1231 645 1306 sanctifamplior
672 1239 798 1291 item
840 1246 1068 1301 potestas
1112 1231 1270 1298 Filii,
1318 1249 1477 1306 quam
1522 1231 1755 1306 S_pi_ri_tus

179 1309 382 1371 saneli;
415 1325 477 1360 ae
507 1300 729 1360 rursum
782 1300 1123 1374 pra'stantior
1180 1315 1252 1358 est
1304 1300 1477 1356 sancti
1526 1300 1755 1371 Spiritus

178 1378 369 1442 uirtus,
396 1395 552 1447 quam
576 1378 806 1430 aliorum
836 1385 1143 1430 sanctorum
1174 1377 1398 1428 eutium.

251 1488 581 1544 Pupuiws.
614 1487 679 1541 Et
705 1495 830 1556 post
864 1485 1090 1541 multam
1123 1485 1190 1540 de
1219 1484 1379 1539 Patre
1408 1495 1460 1539 et
1492 1481 1630 1539 Filio
1660 1497 1756 1553 per

182 1583 592 1651 Scriptttrarum
620 1582 864 1649 exempla
902 1579 1284 1646 assertionem,
1320 1578 1529 1633 addidit
1557 1579 1709 1632 haec:

252 1675 545 1731 ORIGENES.
580 1694 599 1726 ι
628 1673 866 1743 Spiritus
907 1687 1038 1728 vero
1065 1672 1241 1727 sancti
1276 1670 1753 1742 participationem

1867 500 2016 554 tione
2051 497 2129 549 rei
2165 504 2222 549 et
2251 503 2473 561 stupore
2524 488 2824 559 proclamat
2858 495 2911 539 et
2940 484 3093 548 dicit;
3141 482 3187 536 Ο
3210 481 3442 535 altitudo

1862 590 2171 644 divitiarum
2207 582 2478 652 sapientiae
2505 590 2551 636 et
2586 579 2816 634 scientia:
2847 576 2943 631 Dei
2961 577 3038 629 "l
3070 575 3182 643 (55)
3213 574 3277 628 Et
3297 574 3442 643 quod

1862 675 2248 747 desperatione
2289 669 2547 742 perlecta:
2578 665 3079 736 comprehensionis
3118 664 3231 718 hare
3260 662 3442 716 excla-

1864 768 2119 827 maverit,
2148 764 2272 818 audi
2303 764 2479 830 ipsmn
2506 760 2812 815 dicentem:
2844 758 3014 822 Quam
3044 754 3442 808 iuscrustabilia

1862 871 1986 915 sunt
2012 860 2221 930 judicia
2265 856 2383 919 Dei,
2422 865 2467 907 et
2498 869 2657 922 quam
2691 848 3073 920 irtvestigabiles
3099 849 3196 901 via’
3217 847 3332 913 eius
3353 845 3436 898 “2

1865 954 1979 1009 Non
2010 956 2157 1007 enim
2208 950 2345 1004 dixit
2374 946 2589 1002 dillicile
2623 958 2782 1014 posse
2810 941 3067 1002 scrutari,
3093 940 3184 994 sed
3215 938 3439 993 omnino

1866 1063 1970 1102 non
2014 1059 2197 1115 posse,
2230 1041 2436 1111 judicia
2480 1039 2616 1093 Dei:
2648 1051 2747 1090 nec
2798 1035 2935 1087 dixit
2961 1031 3180 1087 dillicile
3214 1029 3440 1083 investi-

1864 1139 1978 1209 gari
2024 1152 2184 1204 posse
2230 1135 2348 1188 vias
2403 1132 2545 1201 ejus,
2598 1129 2693 1184 sed
2748 1142 2853 1181 non
2898 1139 3054 1194 posse
3101 1119 3440 1191 investigari.

1863 1231 2349 1297 Quantumcunque
2396 1223 2540 1278 enim
2589 1222 2712 1291 quis
2760 1217 3049 1274 scrutando
3092 1221 3442 1283 promoveat.

1863 1333 1917 1377 et
1949 1321 2129 1377 studio
2163 1318 2276 1389 (56)
2332 1316 2623 1371 intentiore
2674 1313 2942 1384 proﬁciat,
3003 1308 3177 1379 gratia
3226 1317 3442 1375 quoque

1865 1414 1959 1469 Dei
2016 1413 2255 1482 adjutus,
2313 1423 2582 1478 sensuque
2634 1406 2985 1466 illuminatus,
3026 1402 3093 1455 ad
3141 1400 3442 1469 perlectum

1866 1505 2025 1561 linem
2060 1520 2247 1559 eorum
2283 1518 2403 1572 quae
2444 1501 2815 1569 requiruntur,
2852 1496 3136 1563 pervenire
3164 1508 3267 1546 non
3292 1498 3445 1560 pote-

1866 1598 1970 1665 rit;
2005 1612 2106 1652 nec
2132 1596 2306 1649 onmis
2334 1607 2491 1647 tuens
2514 1607 2634 1661 qua:
2663 1598 2843 1645 creata
2873 1596 2979 1653 est,
3003 1583 3256 1654 possibile
3280 1582 3443 1637 habet

1865 1691 1973 1744 ullo
2032 1704 2230 1759 genere
2285 1684 2793 1755 comprehendere:
2838 1680 2933 1736 sed
2992 1694 3115 1733 cum
3180 1673 3446 1730 invenerit

185 1780 216 1818 ³
251 1766 460 1821 sane“!
496 1764 868 1819 lanlllmmOdO
920 1764 1107 1820 haberi
1152 1764 1476 1819 Ῐηνεηίιηυε·
1528 1763 1759 1831 Propter
1791 1789 1833 1844 Β
1863 1779 2258 1850 aliquantulum
2303 1791 2367 1829 ex
2408 1776 2491 1830 his
2521 1788 2643 1843 quas
2682 1780 3021 1842 quaeruntur,
3067 1768 3265 1821 iterum
3296 1765 3446 1819 videt

182 1856 323 1924 quod
354 1855 555 1909 dicitur
581 1873 593 1909 :
620 1853 790 1909 Nemo
813 1865 977 1923 potest
1006 1855 1180 1907 dicere
1207 1850 1319 1925 (3i)
1351 1852 1631 1907 Dominum
1661 1851 1757 1910 Je-

182 1965 322 2010 sum,
350 1948 453 2001 nisi
476 1948 526 2000 in
565 1947 771 2016 Spiritu
804 1959 988 2001 sancto
1013 1948 1079 2001 ⁸².
1113 1947 1179 2001 Ει
1207 1950 1297 2001 vix
1338 1944 1629 2014 aliquando
1658 1947 1760 2015 ipsi

184 2038 416 2108 apostoli
459 2038 602 2108 digni
640 2039 907 2093 habentur
945 2037 1474 2104 audirezAccipietis
1517 2037 1760 2091 virtutem

181 2130 591 2199 supervenientis
622 2128 855 2198 Spiritus
877 2129 1050 2182 sancti
1080 2130 1135 2182 in
1154 2145 1243 2182 vos
1260 2127 1327 2183 ⁸³.
1362 2127 1592 2196 Propter
1615 2129 1761 2197 quod

184 2232 239 2277 et
266 2236 607 2291 consequens
646 2231 801 2290 puto,
833 2223 959 2290 quia
1002 2220 1092 2287 qui
1127 2218 1436 2288 peccaverit
1479 2218 1533 2271 in
1566 2217 1759 2271 Filium

189 2315 446 2379 hominis,
499 2312 657 2367 venia
706 2313 900 2382 dignus
950 2311 1114 2376 est",
1149 2326 1248 2380 pro
1298 2324 1365 2364 eo
1421 2309 1560 2378 quod
1598 2308 1642 2362 is
1670 2307 1762 2378 qui

190 2404 353 2461 Verbi
386 2405 468 2459 vel
500 2405 728 2459 rationis
753 2414 834 2459 est
868 2404 1160 2472 particeps,
1191 2402 1235 2457 si
1276 2401 1489 2456 desinat
1522 2400 1765 2453 rationa-

190 2499 373 2555 biliter
404 2501 606 2561 vivere,
654 2497 870 2552 videtur
922 2498 973 2549 in
1039 2496 1427 2566 ignorantiam,
1462 2493 1547 2548 vel
1582 2492 1765 2548 stulti-

191 2591 320 2645 tiam
351 2590 640 2652 decidisse,
671 2597 726 2643 et
765 2597 985 2658 propter
1014 2588 1115 2641 hoc
1149 2587 1359 2639 veniam
1406 2584 1709 2655 promereri
1748 2602 1762 2639 :

189 2683 281 2751 qui
310 2692 488 2735 autem
530 2681 642 2748 jam
676 2681 870 2751 dignus
898 2688 984 2734 est
1034 2678 1253 2733 habitus
1300 2679 1475 2733 sancti
1526 2676 1765 2747 Spiritus

189 2774 627 2845 participatione,
678 2782 915 2826 et'retro
963 2772 1127 2825 luerit
1172 2785 1491 2837 conversus,
1544 2770 1634 2825 hic
1683 2786 1768 2825 re-

192 2866 309 2936 ipsa
365 2875 422 2919 et
472 2878 636 2934 Opere
692 2865 1099 2935 blasphemasse
1142 2862 1344 2918 dicitur
1400 2862 1455 2916 in
1499 2861 1764 2931 Spiritum

190 2969 461 3012 sanctum.
498 2976 519 3009 ι

264 3048 594 3104 PurmLus.
629 3047 745 3118 (59.)
791 3048 945 3115 Quod
997 3049 1143 3104 sicut
1191 3047 1355 3103 Pater
1413 3046 1563 3101 novit
1614 3044 1770 3099 initia

1864 1874 1966 1927 alia
2003 1886 2124 1941 quae
2155 1868 2445 1939 quaerenda
2472 1878 2615 1923 sunt.
2657 1864 2811 1931 Quod
2841 1864 2882 1918 si
2909 1871 2963 1917 et
2996 1861 3064 1915 ad
3102 1860 3214 1928 ipsa
3247 1871 3442 1928 perve-

1863 1964 2027 2028 nerit,
2079 1962 2247 2017 multo
2297 1962 2492 2015 iterum
2538 1961 2689 2030 plura
2736 1973 2800 2012 ex
2838 1957 2946 2010 illis
2987 1968 3106 2024 qua:
3150 1951 3318 2023 quaeri
3351 1950 3447 2005 de-

1862 2056 2048 2121 beant,
2081 2052 2409 2120 pervidebit.
2440 2050 2670 2118 Propter
2714 2048 2857 2117 quod
2900 2056 2954 2099 et
3010 2040 3447 2112 sapientissimus

1864 2144 2124 2199 Salomon
2173 2150 2421 2197 naturam
2462 2155 2639 2193 rerum
2675 2153 2770 2208 per
2792 2134 3109 2203 sapientiam
3140 2140 3439 2193 contuens,

1864 2237 1939 2290 ait
1971 2253 1985 2289 :
2017 2233 2165 2298 Dixi,
2196 2234 2407 2304 sapiens
2431 2232 2646 2302 e/ﬁciar,
2671 2240 2717 2283 et
2755 2229 2868 2297 ipsa
2904 2225 3167 2295 sapientia
3192 2223 3341 2292 longe
3364 2220 3451 2290 fa-

1864 2338 1949 2380 cta
1977 2337 2053 2381 est
2092 2344 2126 2380 a
2167 2343 2269 2391 me,
2301 2324 2452 2393 longe
2482 2329 2599 2392 plus
2645 2337 2803 2391 quam
2853 2329 2962 2373 erat
2987 2327 3074 2371 :et
3116 2315 3447 2369 altitudinem

1872 2416 2195 2487 profundam
2220 2415 2336 2486 quis
2368 2414 2591 2467 inveniet
2612 2412 2654 2442 "
2677 2410 2700 2463 ?
2722 2410 2829 2464 Sed
2858 2419 2913 2462 et
2942 2405 3112 2461 Isaias
3155 2406 3332 2459 sciens
3366 2416 3451 2457 re-

1866 2524 1988 2565 rum
2040 2508 2193 2562 initia
2226 2521 2257 2560 a
2296 2514 2491 2559 natura
2543 2501 2757 2557 mortali
2807 2498 3038 2553 inveniri
3088 2512 3194 2551 non
3265 2509 3447 2564 posse,

1868 2601 1963 2656 sed
1997 2614 2065 2654 ne
2093 2598 2162 2651 ab
2187 2598 2273 2652 his
2299 2597 2518 2665 quidem
2546 2594 2754 2647 naturis
2785 2607 2903 2660 qum
2943 2589 3189 2658 quamvis
3218 2586 3450 2640 divinio-

1870 2704 1958 2744 res
1987 2689 2095 2741 siut
2121 2688 2234 2759 ('57)
2266 2701 2429 2755 quam
2460 2686 2691 2738 humana
2726 2690 2831 2743 est,
2862 2681 3016 2734 facta!
3042 2691 3218 2734 tamen
3245 2686 3301 2730 et
3324 2678 3451 2746 ipsm

1869 2789 1995 2834 sunt
2027 2778 2108 2832 vel
2144 2785 2342 2831 creata:
2372 2791 2384 2827 :
2416 2774 2596 2830 sciens
2635 2787 2765 2842 ergo
2803 2772 2945 2840 quod
2979 2787 3008 2824 a
3063 2769 3208 2825 nulla
3258 2769 3449 2822 harum

1873 2888 2049 2940 neque
2102 2870 2339 2932 initium,
2392 2883 2567 2936 neque
2622 2867 2745 2921 linis
2796 2864 3024 2919 inveniri
3081 2871 3279 2932 potest,
3328 2863 3447 2914 ait:

1873 2961 2067 3016 Priora
2096 2978 2215 3032 qute
2260 2961 2455 3031 fuerint
2488 2961 2667 3023 dicite,
2696 2969 2743 3012 et
2770 2958 2994 3011 sciemus
3034 2958 3157 3025 quia
3189 2954 3263 3007 dii
3287 2952 3410 3005 estis
3432 2965 3452 3004 :

1874 3054 1950 3109 uel
1982 3054 2260 3107 novissima
2288 3068 2405 3122 qua:
2431 3052 2559 3111 sint,
2579 3051 2913 3111 annuntiate,
2940 3057 2987 3099 et
3021 3058 3141 3099 tunc
3168 3043 3450 3098 videbimus

194 3141 438 3195 omnimn
469 3155 591 3209 qua:
618 3150 764 3203 sunt,
791 3149 845 3195 et
876 3139 1029 3206 lines,
1058 3140 1136 3195 sic
1152 3148 1206 3194 et
1237 3139 1427 3206 Filius,
1457 3140 1539 3194 sic
1568 3149 1623 3193 et
1648 3139 1769 3208 Spi-
1797 3149 1838 3207 c
1870 3144 2007 3213 quod
2049 3144 2122 3195 dii
2160 3143 2284 3196 estis
2303 3140 2375 3194 ⁸⁸.
2411 3140 2523 3210 (58)
2558 3139 2692 3193 Nam
2750 3150 2805 3194 et
2860 3137 3119 3191 llebrtcus
3153 3133 3345 3188 doctor
3377 3133 3451 3185 ita

196 3233 334 3287 ritus
364 3241 588 3288 sanctus
619 3232 777 3296 sciat,
824 3231 934 3301 (55)
968 3248 1033 3286 eo
1077 3233 1221 3301 quod
1257 3231 1367 3286 Deo
1400 3231 1659 3301 possibile
1686 3240 1772 3287 est

192 3339 410 3377 omnem
464 3331 771 3377 creaturam
824 3338 1176 3392 cognoscere.
1246 3322 1321 3377 De
1371 3330 1572 3393 quarto
1627 3322 1769 3379 libro

196 3415 337 3483 Περὶ
373 3413 596 3484 ἀρχῶν.

267 3506 557 3563 ΟιιιριςΝι-ιε.
585 3506 702 3578 (54)
737 3526 756 3559 ι
804 3506 1002 3562 Paulus
1051 3505 1329 3575 apostolus
1375 3518 1474 3573 per
1507 3503 1770 3574 Spiritum

197 3608 447 3652 sanctum
486 3600 578 3667 qui
605 3608 978 3669 perscrutatur
1004 3598 1167 3653 etiam
1200 3595 1467 3665 prolumla
1498 3595 1622 3658 Dei,
1652 3595 1775 3649 alti-

202 3692 441 3746 tudinem
478 3692 789 3746 divitiarum
815 3707 873 3745 sa
885 3692 1097 3761 pientia}
1124 3704 1190 3744 ac
1210 3689 1453 3744 scientiae
1483 3686 1580 3743 Dei
1614 3703 1771 3742 scru-

199 3792 342 3845 taus,
374 3799 474 3837 nec
499 3792 676 3838 tamen
710 3784 775 3837 ad
808 3783 992 3845 linem,
1018 3792 1096 3851 et,
1128 3792 1184 3836 ut
1210 3782 1281 3835 ita
1305 3782 1560 3846 dixerim,
1592 3781 1656 3835 ad
1690 3782 1772 3837 iu-

270 3876 312 3908 "
342 3875 531 3932 Matth.
570 3892 623 3939 ν,
653 3876 745 3933 45.
843 3877 889 3909 δ’
918 3875 935 3928 l
968 3877 1096 3931 Cor.
1126 3891 1222 3935 xu,
1259 3875 1313 3929 5.
1417 3874 1462 3906 ⁸³
1491 3876 1617 3929 Act.
1651 3892 1690 3935 ι,
1716 3874 1771 3930 8.

197 3945 245 3979 ⁸⁸
275 3946 406 4002 ibid.
484 3946 528 3978 "
559 3946 739 4003 Eccle.
765 3962 862 4011 vn,
897 3946 989 4012 24,
1026 3946 1118 4001 25.
1194 3946 1240 3977 ⁵⁸
1267 3947 1370 4002 lsa.
1401 3960 1511 4011 χιι,
1540 3947 1631 4011 ‘22,
1660 3946 1749 4002 25.

273 4062 389 4125 (51)
423 4060 588 4124 Editi,
624 4062 877 4117 Dominus
902 4062 1080 4118 Iesus.
1112 4065 1313 4119 Deinde
1355 4080 1486 4119 mss.
1518 4064 1764 4135 plerique

200 4136 482 4191 onuttuut.
517 4135 941 4200 supervenientis.
999 4135 1125 4188 Mss.
1163 4137 1342 4203 plures
1372 4137 1637 4190 librorum
1686 4137 1764 4191 De

203 4203 477 4268 urlncipiis
510 4204 729 4267 habent,
752 4208 1211 4270 supervenienlem.

276 4272 391 4342 (52)
429 4272 590 4336 Editi,
623 4274 776 4336 Quod
821 4275 867 4326 si
919 4275 1081 4327 Pater
1131 4275 1271 4327 novit
1322 4274 1477 4328 initia
1529 4277 1761 4330 omnium

201 4358 322 4414 qute
350 4352 496 4406 sunt,
530 4354 577 4395 et
621 4343 772 4411 fines,
806 4346 879 4395 sic
900 4355 945 4396 et
978 4344 1168 4407 Filius,
1192 4345 1263 4398 sic
1294 4356 1340 4397 et
1383 4345 1618 4409 Spiritus
1647 4364 1765 4399 san-

202 4413 318 4467 ctus
344 4415 477 4466 sciat
498 4413 551 4464 id
578 4416 715 4482 quod
746 4416 1060 4482 impossibile
1088 4429 1159 4468 est
1210 4420 1348 4469 omni
1387 4426 1641 4469 creatura:
1679 4433 1767 4469 co-

204 4498 473 4554 gnoscere.
507 4482 611 4554 sed
646 4500 836 4539 onmes
872 4500 1003 4537 mss.
1038 4495 1091 4536 ut
1123 4486 1174 4538 iu
1225 4497 1412 4539 nostro
1460 4496 1631 4550 textu,
1666 4488 1767 4539 nisi

204 4552 351 4633 quod
386 4552 521 4607 alius
553 4553 748 4609 habeat
773 4554 963 4618 Deum,
995 4554 1087 4609 alii
1130 4555 1259 4620 Dei;
1288 4565 1343 4609 et
1372 4554 1512 4609 alius
1544 4557 1639 4609 scit
1691 4572 1789 4626 pro

206 4632 367 4679 serat.

282 4692 399 4761 (55)
428 4691 507 4746 Eo
532 4694 673 4762 quod
718 4694 828 4747 Deo
868 4695 1111 4763 possibile
1155 4704 1254 4748 est.
1304 4694 1378 4748 Ita
1408 4694 1625 4764 quidem
1656 4711 1785 4750 mss.

206 4766 325 4819 lere
354 4765 524 4817 nostri
555 4780 760 4818 omnes.
790 4764 883 4819 Ms.
914 4781 1041 4819 vero
1065 4768 1123 4819 ὃ.
1158 4765 1432 4820 Michaelis
1458 4767 1510 4819 in
1540 4764 1792 4821 Periculo

208 4835 401 4896 maris,
430 4850 491 4888 eo
522 4837 662 4903 quod
712 4835 1033 4902 impossibile
1082 4848 1181 4899 est,
1207 4846 1312 4891 etc.
1344 4836 1449 4889 Sed
1485 4838 1688 4890 rectius
1719 4837 1794 4890 le-

207 4903 595 4976 gendumcum
610 4907 959 4976 antea_editis,
986 4907 1041 4957 id
1064 4909 1200 4975 quod
1220 4907 1540 4973 impossibile
1562 4917 1659 4971 est,
1678 4917 1787 4961 etc.

284 4974 401 5045 (54)
434 4974 507 5027 Ex
544 4973 636 5026 lib.
673 4990 722 5027 tv
754 4974 827 5028 De
855 4973 1102 5042 princip;
1128 4992 1279 5029 nunt.
1310 4976 1400 5029 9.6.

215 5114 227 5125 .
287 5044 586 5125 (Em-Alias,
604 5055 651 5095 et
680 5061 837 5115 quia:
861 5048 932 5100 al.
956 5056 1002 5098 et
1020 5049 1291 5114 quoniam.
1318 5047 1416 5125 Ms.
1434 5045 1493 5099 S.
1512 5044 1792 5125 Michaelis

214 5114 270 5168 iu
298 5112 544 5186 Perit-pulo
572 5112 740 5167 maris
767 5112 1047 5182 perperam
1072 5155 1086 5178 ,
1116 5128 1163 5168 et
1179 5132 1335 5186 quam
1354 5118 1784 5184 desperationem.

291 5185 404 5254 (56)
447 5185 612 5246 Editi,
655 5186 921 5250 interiori,
958 5187 1114 5239 male.
1154 5185 1320 5240 l’aulo
1348 5198 1469 5255 post
1514 5201 1644 5240 mss.
1675 5189 1793 5250 plu-

214 5271 330 5319 res,
357 5256 651 5323 sensimque
692 5256 1069 5319 illuminatus;
1097 5267 1152 5311 et
1188 5269 1377 5325 postea
1432 5256 1584 5324 editi,
1614 5259 1791 5326 requi-

214 5339 422 5380 remur.
1426 5342 1431 5349 '

289 5394 403 5463 (57)
437 5394 605 5457 Alias,
634 5411 794 5464 quam
816 5396 1081 5461 humanas,
1121 5395 1277 5463 facite
1303 5406 1498 5459 tamen,
1540 5405 1647 5449 etc.

293 5464 408 5536 (58)
444 5465 641 5520 Eadem
676 5470 789 5519 lere
820 5470 1160 5536 reperiuntur
1205 5469 1301 5521 lib.
1337 5483 1354 5519 ι
1391 5465 1467 5518 De
1492 5465 1788 5536 principiis,

218 5534 345 5603 cap.
374 5535 429 5599 5,
462 5552 611 5589 num.
640 5536 697 5595 4,
729 5538 815 5588 ubi
847 5535 1033 5590 Grzeca
1065 5541 1176 5589 lucc
1199 5547 1542 5603 apponuntur
1577 5551 1639 5588 ex
1666 5534 1792 5604 Epi-

217 5609 363 5660 stula
384 5604 671 5659 Justiniaui
701 5606 1047 5673 imperatoris
1087 5608 1152 5659 ad
1188 5608 1391 5659 Menam
1421 5611 1789 5672 patriarchunt

217 5676 873 5746 (lotistautinopolitantum
909 5694 921 5727 :
962 5677 1155 5743 Ἔλεγε
1188 5676 1244 5728 δὲ
1277 5679 1305 5727 ὁ
1342 5674 1589 5746 Ἐϐραῖῡς
1620 5677 1689 5729 τὰ
1734 5678 1792 5728 ἐν

218 5744 304 5818 τῷ
348 5745 542 5817 Ἡσαΐᾳ
582 5745 675 5799 δύο
706 5747 944 5818 σεραερὶμ
963 5746 1306 5818 ὲξαπτέρυγα
1338 5744 1643 5818 κεκραγότα
1676 5748 1791 5800 ἓτε-

1880 3236 2150 3299 tradebat,
2187 3249 2285 3303 pro
2310 3248 2375 3286 eo
2408 3233 2551 3302 quod
2605 3231 2759 3285 initia
2792 3230 3033 3284 onmium
3069 3226 3150 3281 vel
3196 3225 3316 3279 linis
3348 3239 3450 3277 non

1878 3336 2063 3398 posset
2089 3326 2156 3379 ab
2180 3326 2288 3379 ullo
2316 3324 2727 3394 comprehendi,
2761 3323 2861 3375 nisi
2890 3319 3263 3375 tantummodo
3283 3332 3311 3371 a
3349 3316 3456 3369 Do-

1880 3424 2027 3477 mino
2058 3420 2186 3475 Jesu
2227 3419 2446 3474 Christo
2499 3426 2553 3471 et
2613 3418 2680 3469 ab
2738 3414 2941 3483 Spiritu
2986 3421 3194 3476 sancto,
3250 3409 3457 3463 idcirco

1881 3513 2061 3568 aiebat
2111 3527 2209 3581 per
2246 3510 2475 3579 ﬁguram
2533 3507 2759 3561 visionis
2816 3502 3009 3557 Isaiam
3062 3501 3264 3556 dixisse
3322 3499 3457 3552 duos

1879 3603 2157 3673 seraphim
2207 3602 2352 3655 solos
2389 3614 2508 3654 esse
2541 3598 2631 3667 qui
2663 3598 2877 3652 duabus
2911 3596 3125 3665 quidem
3174 3594 3275 3646 alis
3321 3605 3454 3660 ope--

1882 3694 2032 3747 riunt
2088 3691 2279 3745 facient
2334 3691 2451 3753 Dei,
2488 3690 2700 3743 duabus
2734 3703 2863 3742 vero
2916 3687 3100 3757 pedes,
3143 3693 3198 3738 et
3244 3682 3456 3737 duabus

1882 3784 2070 3838 volare
2098 3798 2213 3846 eos,
2244 3793 2297 3837 et
2328 3782 2442 3853 (59)
2482 3782 2720 3836 clamare
2752 3778 2818 3832 ad
2869 3777 3102 3830 invicem
3135 3774 3237 3831 sibi
3272 3773 3457 3827 dicen-

1868 3877 1915 3908 “
1946 3875 2137 3931 Matth.
2188 3892 2285 3943 xu,
2320 3876 2422 3943 52;
2481 3874 2613 3928 Luc.
2660 3888 2758 3938 xu,
2802 3871 2891 3926 10.
2995 3868 3041 3901 ⁸⁵
3074 3868 3229 3923 llom.
3265 3883 3338 3933 xl,
3364 3866 3455 3922 55.

1874 4084 1985 4139 pov,
2026 4067 2119 4139 κα).
2154 4065 2410 4139 λέγονται
2440 4065 2652 4139 ΪΑηίιος,
2698 4060 3077 4139 ἄχιρς,-ἆγιρς
3099 4059 3307 4139 Κέριςις
3351 4058 3456 4139 Xa:

1870 4128 2040 4200 ὅαὼθ,
2073 4138 2162 4189 τὸν
2192 4128 2473 4206 Μονογενῆ
2494 4128 2631 4190 εἶναι
2662 4128 2916 4206 τᾳῦᾼΘεοῦ
2947 4128 3123 4206 δέοι).γὲτρ
3142 4128 3374 4206 ’Πνξῦμᾳ
3396 4129 3459 4182 τὸ

1869 4210 2050 4287 iam"
2074 4210 2245 4287 ,ήμεὲξ
2268 4200 2490 4287 οἰόμεθά
2518 4203 2738 4287 ("Nam
2765 4204 2822 4257 έν
2850 4205 2927 4287 τῇ.
2954 4201 3064 4287 ξῖἒδῇ
3112 4200 3455 4287 Ἀμδῆυξοῖὴμν

1876 4298 1893 4329 ι
1920 4270 2007 4331 Ἕν
2023 4270 2171 4348 μέάὶρ
2190 4277 2282 4329 δύο
2296 4270 2448 4341 ζώων
2463 4276 2767 4346 γνωσθήσῃ,
2782 4292 2799 4323 ι
2811 4289 2875 4324 πε
2885 4270 2937 4348 pi.
3007 4271 3185 4341 ριστοῦ
3199 4271 3288 4323 καὶ
3299 4270 3459 4348 ᾁγίου

1873 4341 2212 4418 Πνεῦματὸς.
2279 4341 2493 4400 Dicebat
2533 4341 2813 4418 autent'et
2873 4341 3126 4418 llebrwus
3158 4343 3455 4418 unaqister,

1874 4410 2149 4489 quod'duo
2202 4418 2297 4469 illa
2344 4419 2615 4489 seraphim
2639 4430 2771 4489 qute
2798 4415 2850 4465 in
2883 4410 3456 4489 lsaiansenis‘alisde-

1888 4480 2191 4542 scribuntur
2221 4488 2505 4539 clamantia
2549 4487 2616 4537 ad
2651 4480 2880 4537 invicem
2918 4491 2966 4534 et
3010 4482 3234 4533 dicentia
3260 4493 3278 4530 :
3314 4480 3456 4532 San-

1891 4569 2032 4622 ctus,
2071 4557 2308 4619 saueius,
2344 4568 2566 4608 sanctus
2600 4554 2858 4607 Dominus
2893 4553 3032 4607 Deus
3085 4551 3347 4614 Sabaoth,
3380 4550 3460 4622 de

1890 4620 2157 4697 unigenito
2192 4625 2330 4679 Filio
2363 4627 2478 4690 Dei,
2512 4637 2559 4678 et
2596 4626 2803 4697 Spiritu
2830 4635 3010 4697 sancto
3051 4631 3224 4697 essent
3261 4620 3461 4697 intelli-

1890 4691 2081 4767 genda.
2143 4697 2256 4750 Nos
2293 4712 2410 4767 vero
2463 4706 2709 4761 putamus
2732 4692 3059 4767 etiam_illud
3086 4694 3224 4767 quod
3260 4691 3312 4743 in
3335 4707 3461 4743 can-

1892 4764 1996 4822 tico
2034 4766 2286 4820 Ilabacuc
2316 4766 2418 4837 (ιιι,
2448 4768 2505 4835 2)
2538 4767 2736 4817 dictant
2765 4775 2861 4837 est,
2905 4764 2957 4815 in
2981 4764 3158 4816 medio
3218 4765 3293 4813 vel
3327 4764 3459 4837 duo-

1892 4854 2011 4893 rum
2060 4831 2393 4900 auimaliuin,
2424 4831 2500 4889 vel
2531 4838 2757 4891 duarum
2812 4835 3039 4885 vitarum
3090 4831 3458 4899 cognosceris,

1891 4909 1955 4962 de
2003 4906 2210 4961 Christo
2254 4918 2299 4958 et
2331 4910 2395 4958 de
2424 4905 2624 4974 Spiritu
2660 4916 2840 4957 sancto
2880 4904 3060 4974 sentiri
3088 4903 3295 4954 debere.
3335 4902 3461 4955 llaec

1892 4990 2071 5034 autem
2100 4976 2353 5043 Origeuis
2382 4972 2760 5044 interpretatio
2794 4978 2868 5028 ita
2907 4972 3233 5041 Hieronymo
3260 4980 3464 5025 stoma-

1892 5051 2053 5103 chum
2089 5049 2279 5106 movit,
2311 5055 2368 5099 ut
2400 5048 2618 5115 impiam
2673 5046 2817 5098 illam
2851 5051 2908 5097 ct
2956 5044 3337 5115 detestandam
3374 5057 3464 5115 ap:-

1892 5119 2054 5189 pellet
2091 5118 2202 5189 lib.
2246 5132 2304 5169 ιιι
2368 5118 2424 5168 in
2476 5111 2676 5169 Ὶδαὶιιηι
2721 5125 2775 5169 et
2805 5115 3007 5189 “epist:
3036 5112 3106 5189 fit
3142 5113 3211 5167 al.
3270 5112 3341 5165 65
3394 5111 3462 5164 ad

1894 5184 2301 5242 l’anunachium
2355 5197 2408 5239 et
2448 5189 2741 5241 Oceanum.
2801 5184 2909 5238 Sed
2960 5184 3079 5238 vide
3136 5199 3244 5250 quo
3304 5193 3464 5253 pacto

1892 5268 2183 5312 excusetur
2214 5254 2581 5325 Origcuianor.
2619 5258 2710 5308 lib.
2752 5271 2810 5318 ιι,
2842 5265 3032 5324 qiuest.
3060 5253 3116 5316 ‘2,
3151 5270 3300 5306 lllllll.
3334 5254 3424 5306 26.

1968 5328 2079 5399 (59)
2112 5328 2211 5381 Ms.
2241 5324 2587 5399 Sorbonicus,
2618 5339 2662 5378 et
2684 5327 2968 5399 clanmntes
2996 5325 3319 5399 ad__invicem
3339 5324 3460 5399 sibi,

1895 5394 2209 5453 etdicentes.
2241 5396 2315 5449 lta
2343 5397 2503 5450 etiam
2560 5397 2681 5450 llbl‘l
2738 5396 2812 5449 De
2856 5395 3128 5461 principiis
3166 5404 3272 5446 tam
3333 5394 3462 5446 editi

1897 5485 2057 5539 quam
2092 5485 2245 5534 mss.,
2283 5469 2384 5521 nisi
2413 5468 2555 5539 quod
2591 5467 2738 5539 prius
2768 5468 3014 5539 habeant,
3049 5474 3098 5539 et
3139 5464 3344 5515 duabus
3370 5479 3464 5539 u_o-_

1895 5530 2027 5592 lant.
2059 5541 2195 5592 Editi
2230 5530 2357 5592 vero
2396 5530 2552 5606 hujus
2591 5530 2858 5604 Apologia:
2882 5573 2898 5597 ,
2944 5544 2995 5606 et
3044 5537 3332 5606 clamantes
3359 5530 3463 5606 sibi

1895 5612 2109 5663 invicem
2132 5611 2328 5663 dicere.
2362 5602 2479 5660 Msf
2500 5610 2557 5659 ὃ.
2593 5602 2866 5660 Michaelis
2903 5608 2955 5658 iu
2985 5605 3228 5657 Periculo
3258 5602 3422 5657 maris
3447 5643 3462 5664 ,

1894 5693 1941 5734 et
1974 5684 2255 5734 etantanles
2282 5680 2348 5732 ad
2383 5678 2597 5732 invicem
2625 5678 2819 5732 dicere.
2857 5677 2963 5731 Sed
2998 5675 3179 5730 caeteri
3232 5688 3364 5730 mss.
3408 5681 3467 5729 ut

1898 5767 1948 5805 Ill
1981 5760 2145 5805 textu.
