3884 6218
392 306 491 361 571

1500 351 1511 361 ,
1602 296 1658 352 S.
1703 296 2023 350 PAMPIIILI
2065 294 2431 365 MARTYRISI

3550 283 3661 339 57?.

397 435 478 482 tes
514 442 526 476 :
559 425 808 488 Sanctus,
859 431 1106 484 sanctus,
1157 428 1369 473 sanctus
1410 416 1666 471 Dominus
1702 418 1842 471 Deus
1886 416 1981 471 Sa-
2009 424 2053 479 Α
2085 419 2212 472 illud
2240 428 2323 472 est
2345 419 2488 486 quod
2526 414 2798 468 revelante
2824 410 2963 466 Filio
2997 409 3087 465 Dei
3115 424 3179 463 ac
3205 408 3410 478 Spiritu
3458 418 3659 460 sancto

396 521 580 581 baoth,
624 518 779 587 plena
807 524 897 571 ⁷εει
944 519 1191 570 universa
1235 526 1375 569 terra
1417 514 1586 583 gloria
1617 524 1708 566 tua
1727 515 1793 569 δ’.
1823 514 1975 580 Quod

395 626 526 681 ergo
572 611 685 665 sola
728 610 1002 679 seraphim
1049 619 1307 678 utrasque
1358 608 1472 660 alas
1522 622 1649 661 suas
1682 607 1882 660 habent
1923 608 1974 659 in

398 703 538 755 facie
567 701 728 755 Deiet
761 703 812 754 in
847 702 1074 769 pedibus
1103 699 1239 768 ejus,
1283 697 1395 766 (40)
1421 696 1709 750 videndum
1736 705 1818 749 est
1848 711 1977 764 pro-

400 796 675 861 nuntiare,
705 794 848 862 quod
888 807 1061 861 neque
1083 791 1355 844 exercitus
1387 801 1702 843 sanctorum
1752 788 1974 857 angelo-

402 902 543 952 rum,
569 902 740 952 neque
778 896 980 939 sanctae
1012 884 1189 947 sedes,
1214 897 1390 951 neque
1418 882 1836 940 dominationes,
1874 896 1970 933 ne-

398 992 507 1047 que
560 977 916 1046 principatus,
981 988 1157 1037 neque
1205 980 1502 1043 potestates
1556 970 1697 1025 scire
1757 979 1983 1040 possunt

398 1072 609 1139 integre
662 1068 875 1121 initiuzn
940 1066 1206 1129 onmium,
1256 1073 1307 1117 et
1365 1063 1527 1116 linem
1589 1062 1957 1116 universitatis

402 1161 508 1216 Sed
544 1159 946 1227 intelligendum
977 1164 1059 1210 est
1090 1163 1309 1210 sanctos
1337 1153 1489 1218 istos,
1520 1168 1656 1220 quos
1687 1167 1945 1205 enumera

398 1257 594 1317 vimus,
641 1252 866 1321 spiritus
914 1261 968 1303 et
1022 1249 1249 1302 virtutes
1289 1246 1568 1315 proximas
1613 1245 1829 1314 quidem
1860 1259 1981 1298 csse

401 1341 531 1410 ipsis
564 1340 754 1405 initiis,
790 1349 843 1392 et
870 1342 1146 1405 attingere
1174 1344 1383 1390 tantum
1416 1344 1679 1403 quantum
1718 1335 1976 1401 consequi

400 1446 507 1487 non
554 1430 731 1485 valent
794 1430 1008 1501 reliqui.
1048 1427 1432 1483 Verumtamen
1493 1435 1972 1497 quantumcunque

2084 511 2371 565 didicerint
2400 510 2518 563 ista:
2546 509 2799 569 virtutes,
2829 502 3228 572 quamplurima
3257 500 3474 569 quidem
3505 515 3663 554 asse-

2086 601 2176 670 qui
2211 608 2485 669 poterunt,
2518 608 2572 651 et
2619 596 2788 650 multo
2840 593 2993 663 plura
3038 592 3250 661 priores
3286 588 3657 651 inferioribus,

2082 693 2264 745 omnia
2308 701 2489 744 tamen
2540 685 3004 756 comprehendere
3038 680 3373 750 impossibile
3413 679 3493 732 eis
3547 690 3657 740 est,

2079 785 2203 853 quia
2245 784 2503 853 scriptum
2542 788 2672 834 est:
2715 774 3123 845 Quamplurima
3177 787 3243 825 ea:
3275 771 3516 838 operibus
3561 768 3658 821 Dei

2077 878 2131 931 in
2164 879 2370 931 secretis
2403 874 2607 929 sunt“.
2645 871 2795 926 Unde
2834 878 2886 924 et
2901 867 3139 937 optabile
3162 876 3317 919 estut
3338 879 3433 934 pro
3451 864 3657 916 viribus

2078 985 2138 1025 se
2174 968 2549 1037 unusquisque
2582 978 2796 1031 semper
2825 960 3083 1016 extendat
3115 959 3183 1011 ad
3237 975 3297 1011 ea
3324 975 3441 1027 quia
3472 958 3659 1025 priora

2076 1072 2220 1126 sunt,
2262 1079 2321 1114 ea
2344 1077 2460 1130 qua:
2488 1059 2600 1120 (41)
2632 1066 2921 1111 retrorsum
2951 1063 3070 1106 sunt
3104 1050 3411 1105 obliviscens
3436 1051 3502 1117 ⁶¹,
3543 1060 3660 1104 tam

2079 1149 2145 1201 ad
2184 1162 2348 1216 opera
2401 1146 2643 1205 meliora,
2677 1159 2839 1213 quam
2888 1144 3051 1195 etiam
3107 1140 3174 1194 ad
3223 1154 3442 1194 sensum
3504 1139 3663 1193 intelo

2075 1238 2379 1307 lectumque
2440 1238 2749 1306 puriorem,
2806 1250 2903 1303 per
2956 1232 3140 1288 Jesum
3197 1232 3471 1286 Christum
3535 1234 3661 1287 Sal—

2076 1342 2321 1387 valerem
2359 1340 2629 1394 nostrum,
2665 1328 2751 1381 cui
2803 1335 2886 1383 est
2913 1327 3081 1398 gloria
3128 1327 3181 1382 in
3215 1326 3412 1382 sazcula
3441 1324 3665 1381 saeculu-

2080 1436 2221 1475 rum.
2255 1438 2274 1471 ο

1863 1534 2092 1590 CAPUT
2136 1530 2197 1587 V.

1634 1633 1709 1687 De
1738 1631 2105 1686 incarnatione
2143 1626 2296 1681 Verbi
2327 1626 2441 1680 Dei.

471 1732 760 1788 ORICENES.
794 1728 904 1801 (42)
950 1747 968 1779 ‹
1006 1727 1063 1782 1η
1089 1728 1237 1783 omni
1264 1728 1396 1782 orbe
1422 1736 1717 1790 terrarmn,
1744 1726 1794 1778 in
1825 1724 1971 1779 omni

2147 1723 2302 1774 Πᾶσα
2336 1720 2390 1773 δὲ
2435 1721 2641 1784 Ἑλλὰς,
2687 1721 2782 1774 καὶ
2829 1721 3100 1793 βάρϐαρος
3129 1722 3162 1793 ἡ
3194 1721 3335 1775 κατὰ
3356 1721 3453 1794 τὴν
3484 1722 3667 1774 οἰκου-

399 1821 608 1880 Graecia
636 1833 799 1892 atque
846 1822 1046 1876 exteris
1082 1822 1390 1875 nationibus
1442 1819 1708 1874 innumeri
1761 1828 1886 1873 sunt
1920 1829 1976 1871 et

400 1918 674 1982 immensi,
706 1918 794 1986 qui
830 1916 1036 1969 relictis
1087 1915 1278 1983 patriis
1316 1914 1546 1983 legibus,
1596 1922 1651 1967 et
1706 1912 1791 1965 his
1838 1926 1976 1979 quos

402 2010 665 2080 putabant
690 2009 843 2073 deos,
881 2008 963 2061 vel
997 2007 1341 2062 observantia
1394 2006 1561 2077 Moysi
1623 2005 1777 2075 legis,
1809 2007 1861 2059 in
1890 2003 1975 2057 di-

401 2102 722 2171 scipulatum
768 2116 826 2154 se
860 2099 1059 2153 Christi
1115 2099 1428 2166 cultumque
1474 2096 1861 2161 tradiderunt;
1918 2105 1974 2149 et

402 2194 506 2248 hoc
539 2209 644 2247 non
687 2192 804 2246 sine
836 2189 1037 2259 ingenti
1071 2190 1194 2243 odio
1220 2204 1409 2243 eorum
1448 2189 1539 2257 qui
1570 2188 1857 2242 simulacra
1886 2202 1979 2241 ve-

402 2293 703 2347 nerantur;
744 2283 814 2335 ita
849 2294 903 2335 ut
935 2282 999 2336 ab
1038 2280 1121 2336 his
1181 2280 1495 2349 frequenter
1546 2291 1601 2334 et
1645 2278 1978 2334 cruciatibus

401 2369 730 2443 inligantur,
764 2388 1152 2441 nonnunquam
1185 2373 1344 2426 etiam
1378 2384 1611 2439 agantur
1639 2372 1690 2423 in
1726 2382 1975 2424 mortem.

400 2463 816 2531 Amplectamur
874 2471 1074 2526 tamen,
1122 2472 1177 2515 et
1208 2476 1331 2516 cum
1362 2461 1508 2515 omni
1546 2459 1742 2514 allectu
1793 2470 1977 2514 custo-

401 2551 556 2605 diunt
577 2553 838 2605 doctrinae
866 2552 1064 2605 Christi
1086 2566 1410 2607 sermonem.
1442 2550 1507 2604 Et
1533 2559 1618 2603 est
1640 2551 1823 2604 videre
1844 2565 1980 2619 quo-

402 2643 566 2696 snodo
596 2642 744 2695 brevi
770 2652 1013 2708 tempore
1038 2643 1149 2710 ipsa
1172 2641 1361 2711 religio
1382 2642 1638 2704 creverit,
1668 2642 1842 2710 poenis
1865 2642 1976 2712 (45)

397 2734 668 2788 cultorum
698 2735 1071 2802 mortibusque
1125 2736 1439 2803 proﬁciens,
1491 2735 1584 2789 sed
1622 2742 1675 2788 et
1710 2736 1977 2787 bonorum

398 2826 815 2894 direptionibus,
838 2837 1002 2895 atque
1030 2828 1174 2881 omni
1205 2830 1270 2882 ab
1292 2828 1377 2882 his
1401 2822 1751 2883 alﬂictioaum
1785 2843 1982 2897 genere

403 2918 652 2973 tolerato.
687 2919 751 2973 Et
780 2936 843 2972 eo
871 2921 1105 2972 ntaxilne
1142 2921 1337 2973 mirum
1390 2930 1495 2983 est,
1526 2921 1669 2990 quod
1705 2936 1770 2973 ne
1796 2921 1982 2975 docto-

404 3026 495 3067 res
526 3011 742 3080 quidem
775 3012 872 3080 ipsi
915 2996 996 3064 Vel
1034 3012 1166 3064 satis
1203 3012 1379 3066 idonei
1410 3022 1558 3075 sunt,
1588 3011 1670 3066 vel
1703 3012 1835 3064 satis
1862 3012 1979 3079 plu-

2080 1815 2246 1886 μένην
2266 1816 2298 1883 ἡ
2307 1813 2442 1883 μῶν,
2468 1812 2711 1882 ζηλωτὰς
2728 1812 2838 1883 ἔχει
2862 1814 3108 1884 μυρίους,
3127 1813 3520 1875 καταλιπόντας
3535 1813 3665 1876 τοὺς

2079 1906 2359 1979 πατρῴους
2392 1905 2588 1975 νόμους
2621 1906 2714 1957 καὶ
2740 1905 3122 1975 νομιζομένους
3159 1904 3334 1968 θεοὺς,
3365 1904 3465 1974 τῆς
3486 1904 3662 1975 τηρή-

2080 2017 2217 2061 σεως
2264 1997 2370 2050 τῶν
2414 1996 2654 2059 Μωσέως
2689 1996 2890 2067 νόμων,
2934 1997 3026 2048 καὶ
3074 1996 3172 2067 τῆς
3204 1997 3505 2067 μαθητεὶας
3550 1994 3664 2050 τῶν

2090 2090 2261 2159 Ἰησοῦ
2284 2086 2519 2159 Χριστοῦ
2549 2087 2722 2157 λόγων
2741 2105 2753 2116 ·
2784 2088 3025 2156 καίτοιγε
3065 2090 3405 2159 μισουμένων
3439 2090 3536 2159 μὲν
3557 2088 3666 2141 ὑπὸ

2078 2182 2186 2234 τῶν
2213 2180 2279 2233 τὰ
2322 2180 2613 2251 ἀγάλματα
2649 2180 3115 2251 προσκυνούντων,
3154 2180 3261 2235 τῶν
3296 2182 3373 2253 τῷ
3420 2182 3666 2245 Μωσέως

2078 2274 2225 2345 νόμῳ
2254 2274 2694 2346 προστιθεμένων
2712 2292 2722 2303 ·
2743 2276 2836 2327 καὶ
2866 2274 2961 2344 τὴν
2982 2276 3073 2327 ἐπὶ
3100 2275 3310 2345 Θανάτῳ
3338 2274 3395 2327 δὲ
3426 2274 3561 2345 πρὸς
3584 2276 3667 2346 τῷ

2083 2367 2379 2439 μισεῖσθαι,
2419 2367 2835 2421 κινδυνευόντων
2859 2367 2967 2419 τῶν
2988 2368 3077 2419 τὸν
3102 2368 3193 2420 τοῦ
3224 2368 3397 2439 Ἰησοῦ
3424 2370 3468 2420 Χ
3478 2366 3666 2438 ριστοῦ

2078 2459 2236 2527 λόγον
2278 2459 2757 2531 παραδεξαμένων
2790 2460 2884 2511 καὶ
2920 2458 3015 2511 ἐὰν
3048 2460 3424 2529 ὲπιστήσωμεν
3452 2458 3569 2522 πῶς
3605 2460 3668 2511 ἐν

2083 2552 2289 2622 σφόδρα
2315 2552 2514 2619 ὀλίγοις
2545 2550 2710 2611 ἔτεσι,
2742 2550 2849 2604 τῶν
2880 2550 3283 2619 ὁμολογούντων
3300 2549 3390 2601 τὸν
3408 2551 3668 2619 Χριστια-

2081 2644 2270 2713 νισμὸν
2304 2643 2824 2712 ἐπιϐουλευομένων,
2878 2642 2971 2695 καί
3014 2660 3175 2696 τινων
3210 2642 3295 2696 διὰ
3321 2642 3479 2697 τοῦτο
3516 2643 3668 2695 ἀναι-

2085 2736 2382 2807 ρουμένων,
2420 2736 2622 2807 ἑτέρων
2649 2735 2704 2786 δὲ
2736 2733 3081 2787 ἀπολλύντων
3106 2734 3204 2795 τὰς
3235 2735 3475 2804 κτήσεις,
3508 2733 3666 2786 δεδύ-

2082 2847 2238 2900 νηται
2276 2830 2304 2881 ὁ
2337 2828 2513 2896 λόγος,
2558 2826 2797 2894 καίτοιγε
2846 2826 2965 2877 οὐδὲ
2992 2824 3097 2877 τῶν
3140 2825 3471 2877 διδασκάλων
3506 2826 3669 2877 πλεο-

2082 2922 2351 2986 ναζόντων
2379 2960 2393 2983 ,
2439 2919 2743 2988 πανταχόσε
2801 2916 3145 2989 κηρυχθῆναι
3186 2918 3285 2987 τῆς
3310 2917 3666 2987 οἰκουμένης,

2084 3014 2221 3067 ὥστε
2248 3014 2512 3084 ’Έλληνας
2534 3014 2626 3065 καὶ
2653 3011 2979 3083 βαρϐάρους,
3005 3010 3197 3079 σοφούς
3214 3027 3273 3063 τε
3294 3011 3385 3063 καὶ
3402 3012 3669 3080 ἀνοήτους

404 3118 513 3157 res.
558 3102 891 3156 Praedicatur
914 3113 1092 3156 tamen
1121 3118 1301 3157 sermo
1329 3105 1429 3158 iste
1472 3104 1523 3157 in
1549 3104 1694 3157 omni
1726 3103 1855 3157 orbe
1878 3114 1979 3158 ter-

2089 3075 2420 3179 προσθέσθαι
2447 3108 2511 3177 τῇ
2544 3075 2847 3175 διὰ-Ἰήσοέ
2894 3075 3194 3174 θεοσεϐείᾳ,
3230 3102 3410 3173 μεῖζον
3452 3103 3483 3173 ἢ
3521 3075 3670 3158 κατὰ

406 3208 614 3259 rarum,
648 3195 721 3247 ita
764 3205 821 3247 ut
849 3193 1024 3249 (ἔτκεί
1058 3211 1120 3247 ac
1150 3196 1364 3248 barbari
1391 3235 1403 3259 ,
1440 3197 1713 3265 sapientes
1745 3206 1799 3248 et
1847 3196 1983 3249 insi-

402 3285 617 3353 pientes
649 3285 760 3355 (44)
800 3286 1113 3355 religionem
1147 3286 1473 3341 Christianae
1521 3287 1788 3340 doctrina:
1814 3287 1985 3340 susci-

406 3376 583 3446 piant.
617 3375 694 3430 Ex
728 3392 836 3446 quo
867 3378 1087 3431 dubium
1141 3393 1249 3431 non
1293 3388 1378 3431 est
1410 3393 1514 3432 non
1567 3378 1681 3431 lure
1732 3377 1983 3431 humanis

404 3468 617 3523 viribus
650 3479 743 3521 aut
770 3470 964 3537 opibus
993 3470 1099 3538 agi,
1159 3481 1216 3521 ut
1251 3486 1372 3523 cum
1412 3470 1558 3523 omni
1611 3479 1881 3539 potestate
1928 3477 1985 3524 et

405 3562 761 3629 persuasione
795 3576 975 3615 sermo
1004 3560 1131 3615 Jesu
1160 3563 1361 3616 Christi
1392 3563 1532 3629 apud
1557 3563 1798 3616 onmium
1829 3575 1981 3613 men-

406 3661 488 3705 tes
510 3662 674 3721 atquc
702 3653 913 3707 animos
938 3654 1303 3709 convalescat.
1332 3654 1463 3707 Nam
1491 3664 1545 3707 et
1572 3656 1829 3723 praedicta
1860 3668 1981 3708 esse

407 3740 479 3794 ab
509 3757 573 3796 eo
602 3743 719 3795 haec
753 3743 892 3810 ipsa,
925 3752 978 3795 et
1003 3744 1201 3797 divinis
1228 3744 1296 3797 ab
1330 3758 1394 3797 eo
1448 3745 1724 3812 responsis
1778 3745 1981 3798 contir-

408 3838 577 3894 mata,
613 3832 958 3885 manifestum
991 3842 1074 3886 est
1099 3848 1223 3886 cum
1257 3834 1409 3898 dicit,
1464 3836 1587 3902 quia
1622 3835 1761 3902 apud
1793 3836 1981 3903 prwsi-

405 3922 498 3976 des
534 3933 581 3977 et
602 3924 811 3991 judices
847 3926 1185 3980 adducemini
1219 3926 1331 3997 (45)
1362 3938 1572 3997 propter
1620 3944 1722 3989 me,
1763 3931 1816 3979 in
1845 3928 1985 3980 testi-

2086 3199 2370 3267 ἄνθρωπον
2414 3197 2474 3249 τὸ
2530 3198 2759 3267 πρᾶγμα
2821 3191 2960 3249 εἶναι
2990 3194 3169 3263 λέγειν
3200 3195 3259 3246 οὐ
3300 3193 3622 3264 διστάζομεν
3650 3211 3665 3225 ’

2089 3290 2229 3361 μετὰ
2264 3291 2444 3359 πάσης
2473 3288 2719 3353 ἐξουσίας
2746 3288 2839 3341 καὶ
2873 3286 3095 3350 πειθοῦς
3124 3287 3223 3357 τῆς
3250 3286 3377 3357 περ)¹
3402 3284 3495 3339 τοῦ
3530 3304 3672 3357 κρα-

2083 3382 2440 3453 τυνθήσεσθαι
2469 3382 2560 3434 τὸν
2599 3380 2757 3449 λόγον
2798 3379 2893 3432 τοῦ
2949 3379 3121 3449 Ἰησοῦ
3157 3377 3486 3443 διδάξαντος·
3523 3378 3671 3432 ὥστε

2084 3475 2319 3543 εὐλόγως
2343 3476 2626 3545 χρησμοὺς
2650 3473 2715 3526 ἂν
2744 3472 2963 3543 νομίσαι
2989 3471 3085 3534 τὰς
3103 3470 3286 3539 φωνὰς
3312 3470 3495 3533 αὐτοῦ,
3533 3466 3669 3529 οἷον,

2080 3567 2163 3618 ὅτι
2192 3566 2287 3618 ἐπὶ
2314 3564 2623 3630 ,ϐασιλέων
2645 3564 2741 3619 καὶ
2770 3564 3075 3632 ἡγεμόνων
3100 3561 3439 3630 ἀχθήσεσθε
3460 3562 3675 3615 ἕνεκεν

2081 3657 2249 3726 ἐμοῦ,
2277 3659 2364 3721 εἰς
2386 3658 2711 3725 μαρτύριον
2749 3654 2972 3719 αὐτοῖς,
3008 3654 3105 3706 καὶ
3130 3653 3254 3719 τοῖς
3280 3655 3503 3709 ἔθνεσι.
3535 3656 3672 3719 Καὶ,

2082 3748 2307 3801 Πολλοὶ
2328 3748 2537 3817 ἐροῦσὶ
2553 3766 2655 3815 μοι
2676 3747 2745 3799 ἐν
2768 3747 2968 3814 ἐκείνῃ
2999 3745 3071 3814 τῇ
3094 3746 3299 3816 ἡμέρςν
3335 3747 3529 3815 Κύριε,
3559 3750 3675 3801 Κύ-

2078 3854 2192 3905 ριε,
2225 3839 2295 3891 οὐ
2315 3835 2393 3901 τῷ
2414 3836 2659 3905 ὀνόματί
2688 3850 2803 3890 σου
2835 3836 3153 3904 ἐφάγομεν,
3188 3834 3285 3887 καὶ
3317 3833 3397 3899 τῷ
3424 3837 3676 3905 ὀνόματί

2086 3944 2203 3983 σου
2233 3929 2501 3998 ἐπίομεν,
2536 3929 2633 3982 καὶ
2684 3926 2765 3993 τῷ
2810 3929 3055 3997 ὀνόματί
3106 3945 3222 3983 σου
3262 3928 3539 3997 δαιμόνια
3578 3929 3677 3993 ἐξ-

1637 4023 2201 4079 lNTERPRETATlO
2245 4024 2456 4080 NOVA.

478 4116 547 4171 At
570 4118 819 4172 universa
854 4126 965 4170 tum
989 4117 1218 4182 Grmcia,
1253 4127 1365 4172 tum
1397 4134 1518 4186 quae
1544 4134 1642 4187 per
1665 4120 1981 4174 universum
2019 4131 2266 4175 nostrum
2299 4131 2571 4174 terrarum
2613 4117 2801 4171 orbem
2835 4114 3296 4186 patet'Barbaria,
3339 4116 3670 4170 innumeros

408 4186 574 4257 habet
604 4190 695 4257 qui
723 4189 997 4242 derelictis
1024 4190 1214 4255 patriis
1250 4189 1457 4257 legibus
1480 4186 1669 4242 etdiis
1702 4192 1960 4257 receptis,
1986 4206 2202 4243 summo
2227 4191 2408 4245 studio
2440 4190 2707 4244 Mos-aiens
2743 4188 2888 4256 leges
2914 4198 2969 4241 et
3001 4188 3343 4254 disciplinam
3380 4188 3674 4240 verborum

405 4252 531 4313 Jesu
556 4252 756 4328 Christi
785 4252 1120 4319 custodiunt,
1154 4252 1405 4326 quantivis
1432 4252 1848 4313 simulacrorum
1885 4252 2188 4314 cultoribus
2229 4262 2355 4312 odio
2395 4261 2505 4313 sint
2536 4261 2626 4326 qui
2664 4252 2914 4311 Μυεᾱὶοω
2943 4258 3045 4327 legi
3083 4252 3406 4319 adhaerent;
3440 4265 3494 4310 et
3525 4272 3669 4324 pne-

409 4337 492 4381 Ier
516 4328 722 4394 odium,
753 4330 803 4381 in
842 4330 964 4382 vita:
994 4330 1235 4395 periculo
1266 4342 1555 4383 versentur
1590 4332 1677 4397 qui
1709 4328 1837 4383 Jesu
1860 4331 2062 4385 Christi
2097 4331 2405 4383 doctrinam
2432 4337 2815 4397 susceperunt.
2861 4329 3013 4393 Quod
3049 4330 3091 4381 si
3124 4330 3189 4381 ad
3216 4328 3265 4379 id
3295 4342 3511 4395 quoque
3538 4328 3671 4379 aui-

408 4413 553 4468 mum
590 4400 987 4451 attenderimus‘
1014 4416 1119 4466 quo
1140 4409 1296 4466 pacto
1324 4401 1480 4453 annis
1512 4412 1616 4453 tam
1648 4402 1858 4468 paucis,
1898 4409 1980 4454 tot
2029 4401 2239 4454 insidiis
2269 4402 2496 4454 structis
2533 4402 2795 4452 adversus
2841 4398 3212 4459 Christianos,
3244 4414 3476 4464 quorum
3531 4412 3675 4450 Imu-

409 4467 538 4520 nulli
572 4472 768 4531 necati,
816 4468 905 4521 alii
946 4470 1101 4522 bonis
1129 4470 1343 4522 multati
1367 4479 1510 4532 sunt,
1550 4467 1787 4538 potuerit
1811 4473 1923 4524 haec
1958 4471 2228 4535 doctrina,
2260 4470 2385 4524 licet
2419 4468 2622 4536 alioqui
2657 4486 2761 4522 non
2808 4485 3001 4537 magna
3030 4470 3101 4521 sit
3124 4470 3409 4538 doctorum
3465 4468 3619 4535 copia
3655 4506 3673 4530 ,

410 4538 609 4606 ubique
643 4550 904 4591 terrarum
945 4541 1265 4606 praedicari,
1295 4542 1365 4591 ita
1398 4537 1649 4594 utGrieci
1691 4552 1745 4593 et
1775 4542 2015 4601 barbari,
2055 4542 2329 4608 sapientes
2364 4549 2419 4593 et
2454 4541 2779 4607 insipientes
2808 4540 2875 4591 ad
2910 4554 3095 4591 verum
3132 4554 3227 4607 per
3256 4537 3445 4591 Jesum
3503 4538 3670 4589 Chri-

408 4618 548 4661 stum
580 4608 669 4662 Dei
694 4610 892 4662 cultum
915 4625 1036 4663 sese
1059 4611 1429 4677 adjunxerint,
1452 4627 1563 4665 rem
1604 4612 1859 4665 humanis
1888 4612 2095 4665 viribus
2133 4612 2393 4679 majorem
2420 4611 2605 4665 dicere
2634 4626 2737 4663 nun
2772 4610 3164 4674 dubitabimus,
3193 4624 3313 4663 cum
3353 4609 3662 4677 praesertim

476 4723 523 4754 ⁸⁸
555 4720 657 4778 lsa.
691 4738 767 4787 vr,
799 4724 856 4777 5.
920 4724 964 4755 ⁶⁰
996 4724 1163 4779 Eccli.
1195 4741 1307 4789 xvr,
1338 4726 1428 4779 22.
1508 4726 1550 4756 ⁸⁸
1579 4725 1775 4795 Philip.
1822 4743 1905 4792 tu,
1945 4727 2031 4781 l5.

478 4818 590 4890 (40)
622 4818 695 4871 lla
713 4833 902 4871 omnes
928 4834 1058 4873 mss.
1094 4823 1284 4876 nostri.
1316 4822 1454 4875 Editi
1488 4838 1638 4883 vero,
1669 4835 1722 4875 et
1747 4822 1869 4876 libri
1906 4822 1981 4875 De
2016 4826 2061 4884 ι)
2089 4831 2146 4875 ιιι
2175 4823 2226 4876 in
2259 4831 2447 4875 nostro
2480 4830 2649 4874 textu.
2678 4820 2825 4874 Libri
2861 4836 2991 4874 vero
3030 4820 3102 4873 De
3136 4820 3364 4890 princip.
3404 4826 3514 4870 tam
3533 4818 3673 4871 editi

406 4890 678 4959 principiis
712 4900 820 4942 tam
851 4890 979 4943 editi
1033 4907 1194 4960 quam
1230 4908 1385 4955 mss.,
1422 4895 1723 4947 audendum
1762 4902 1837 4947 est
1868 4909 1986 4961 pro-

410 4971 673 5013 nuntiare.

480 5030 800 5101 (4i)_Alias,
837 5048 955 5093 qua:
977 5040 1116 5084 retro
1155 5041 1300 5092 sunt,
1327 5041 1433 5085 etc.
1463 5033 1663 5088 Deinde
1690 5034 1822 5087 editi
1851 5074 1865 5097 ,
1896 5034 1983 5085 cui

408 5112 480 5154 est
520 5102 706 5161 honor,
733 5111 781 5153 et
809 5104 978 5171 gloria
1002 5104 1053 5155 in
1071 5104 1261 5155 swcula
1290 5104 1626 5156 srcculorum.
1661 5108 1842 5157 Amen.
1877 5104 1982 5157 Sed

408 5186 597 5244 omnes
656 5188 785 5244 pass.
822 5184 879 5225 ut
932 5175 983 5227 in
1021 5186 1211 5228 nostro
1242 5184 1427 5238 textu,
1465 5176 1569 5228 nisi
1605 5177 1748 5243 quod
1782 5175 1986 5244 liegius

411 5240 596 5301 addat,
635 5241 818 5297 Amen.

482 5310 591 5379 (42)
621 5311 693 5363 Et
730 5313 819 5365 lib.
859 5328 909 5365 Iv
954 5312 1027 5365 De
1073 5314 1321 5379 princip.,
1356 5330 1506 5366 num.
1553 5314 1667 5367 1-5.
1694 5346 1763 5355 —
1794 5314 1986 5369 Graeca

408 5392 673 5434 eruuntur
696 5398 759 5435 ex
778 5385 955 5450 Capite
986 5385 1157 5450 primo
1188 5382 1516 5437 P/nlocalitc.
1541 5386 1635 5438 Ms.
1657 5384 1880 5452 Regius,
1917 5384 1984 5438 In

409 5453 639 5526 omm'....
670 5463 821 5526 atque
850 5458 901 5526 in
929 5454 1140 5526 exteris.
1181 5454 1278 5526 Ms.
1312 5456 1681 5526 Sorbonicus,
1709 5468 1863 5525 atque
1894 5472 1984 5509 e1:-

411 5523 711 5592 terrorihus.
739 5522 883 5575 Libri
925 5522 998 5574 De
1021 5525 1446 5592 princip.,atque
1482 5522 1740 5578 universis
1764 5522 1979 5579 exteris.

414 5590 615 5645 Deinde
648 5609 778 5647 mss.
820 5608 1039 5653 omnes,
1072 5608 1116 5645 et
1163 5592 1241 5645 his
1288 5590 1419 5657 quos
1455 5605 1640 5659 putant
1677 5597 1821 5648 deos.
1856 5597 1982 5650 Mss.

414 5663 749 5731 Spi‘bouicus
801 5674 855 5717 et
895 5664 950 5715 S.
988 5663 1263 5716 Michaelis
1308 5668 1357 5717 iu
1401 5665 1650 5719 l’ericulo
1687 5667 1879 5731 maris,
1906 5667 1983 5719 vel

415 5727 477 5787 ιι
509 5736 904 5804 repugnantiam
935 5732 1107 5805 Moysi
1145 5736 1291 5806 legis.
1336 5734 1530 5791 (lateri
1579 5753 1710 5793 mss.
1766 5745 1818 5793 et
1856 5727 1991 5793 editi

2094 4909 2258 4959 quam
2292 4910 2423 4948 mss.
2457 4892 2680 4955 habent,
2714 4894 2783 4944 ad
2814 4892 3197 4945 observantiam
3234 4889 3405 4957 Moysi
3443 4890 3597 4959 legis,
3624 4898 3673 4940 et

2093 4958 2493 5028 discipulatum,
2525 4975 2669 5029 etc.,
2713 4973 2769 5015 et
2821 4964 2895 5016 ita
2931 4962 3219 5032 legendum
3254 4960 3467 5013 videtur
3510 4958 3672 5025 juxta

2090 5033 2298 5088 Graeca.

2099 5154 2103 5161 .
2165 5104 2277 5169 (45)
2311 5106 2400 5158 Sic
2426 5118 2616 5157 omnes
2646 5118 2775 5155 mss.
2807 5100 2946 5154 Editi
2984 5115 3132 5163 vero.
3166 5101 3476 5161 multorum,
3506 5096 3670 5150 male.

2164 5176 2278 5243 (44)
2316 5176 2480 5233 Editi,
2509 5175 2810 5244 religionem
2841 5170 3061 5244 Christi,
3092 5174 3201 5244 sive,
3233 5169 3431 5244 Christi
3466 5170 3671 5244 (lor-tri:

2094 5236 2217 5298 nant
2252 5236 2565 5313 suscipiant.
2606 5236 2702 5297 his.
2731 5242 3066 5313 Sorbouicus
3087 5281 3101 5303 ,
3132 5242 3431 5313 religionem
3466 5236 3672 5291 Christi

2095 5332 2239 5369 sana:
2268 5310 2521 5368 doetrinte
2555 5314 2865 5380 suscipiant.
2901 5312 3094 5365 Caneri
3149 5328 3278 5363 mss.
3318 5320 3372 5361 ut
3404 5310 3453 5361 in
3492 5319 3666 5380 testu.

2168 5386 2279 5455 (45)
2313 5386 2473 5448 Editi,
2503 5379 2716 5455 propter
2757 5398 2945 5455 nomen
2992 5398 3181 5455 meum,
3212 5383 3264 5455 in
3306 5379 3670 5455 testimonium

2091 5448 2219 5522 illis,
2264 5448 2320 5508 ἐι
2370 5448 2629 5523 gentibus.
2674 5453 2791 5523 Mox
2828 5453 2949 5506 libri
2993 5452 3064 5503 De
3089 5451 3317 5523 princip.
3370 5459 3479 5523 tam
3534 5448 3667 5523 editi

2092 5516 2253 5592 quain
2289 5516 2422 5579 mss.
2460 5526 2667 5579 addunt
2697 5542 2709 5576 :
2751 5522 2815 5575 Et
2846 5538 3055 5575 rursum
3081 5516 3533 5592 .‘Prwdicabitur
3569 5516 3669 5568 hoc

2098 5591 2442 5665 Erangelium
2474 5596 2529 5648 in
2558 5596 2798 5648 omnibus
2823 5594 3082 5665 gentibus.
3110 5591 3215 5645 Sed
3251 5593 3366 5665 haec
3390 5598 3666 5665 postrema

2096 5658 2267 5719 verba
2294 5682 2398 5720 non
2438 5668 2778 5735 reperiuntur
2810 5658 2862 5715 in
2896 5664 3109 5730 Grmco,
3146 5676 3246 5718 nec
3290 5662 3344 5716 ilt
3384 5676 3515 5715 tnss.
3568 5658 3665 5711 bu-

2094 5736 2181 5807 jus
2212 5737 2502 5807 Apologia',
2531 5751 2628 5793 nec
2657 5737 2709 5790 in
2733 5735 2913 5791 editis.
