3884 6218
274 219 402 277 573

1491 225 1838 284 APOLOGIA
1873 226 2014 284 PRO
2051 225 2372 284 ORIGENE.

3441 220 3546 275 574

273 332 627 404 εϐἀλομεν;
665 336 764 392 καὶ
793 337 906 408 ἐρῶ
927 341 1146 407 αὐτοῖς·
1166 342 1549 413 Ἀποχωρεῖτε
1575 345 1674 398 ἀπ’
1707 345 1853 415 ἐμοῦ

1978 347 2209 399 monium
2241 345 2391 414 ipsis,
2417 352 2465 396 et
2493 341 2730 412 gentibus
2753 342 2839 397 δί’.
2870 340 2937 395 Et
2957 339 3151 396 iterum
3187 356 3201 392 :
3238 336 3391 392 Mulli
3418 325 3546 390 mihi

275 428 345 479 οὶ
378 425 754 496 ἐργαζόμενοι
787 429 902 499 τὴν
928 433 1200 503 ἀνομίαν,
1255 433 1541 488 οὐδέποτε
1589 437 1780 506 ἔγνων
1810 436 1854 492 ὑ·

1976 437 2146 490 dicent
2173 438 2228 490 in
2268 435 2361 488 illa
2394 435 2478 487 die
2510 450 2528 487 :
2564 428 2810 496 Domine,
2862 432 3105 497 Domine,
3139 447 3308 484 nonne
3345 430 3398 483 in
3449 444 3544 479 n.0-

265 515 431 586 μᾶς.
461 519 755 590 Εἰρηκέναι
795 523 892 593 μὲν
929 523 1038 596 γάρ
1068 526 1240 579 ταῦτα
1259 526 1736 598 άποφθεγγόμενον
1767 529 1872 599 μά-

270 621 413 675 την,
443 605 582 660 ὥστε
623 609 763 662 αὐτὰ
791 611 866 682 μὴ
912 613 1087 684 ἀληθῆ
1118 615 1388 683 γενέσθαι,
1427 618 1567 687 τάχα
1591 617 1736 681 είκὸς
1767 614 1834 690 ἦν
1853 635 1868 648 ·

270 695 376 748 ὅτε
400 697 458 750 δὲ
502 699 771 772 ἐκϐέϐηκε
796 703 864 756 τά
909 706 1046 775 μετά
1076 707 1340 778 τοσαύτης
1369 708 1615 773 ἐξουσίας
1644 713 1870 783 εἰρημέ-

269 803 374 850 να,
430 790 680 860 ἐμφαίνει
729 793 861 848 Θεὸν
901 795 1113 867 άληθῶς
1157 799 1649 872 ἐνανθρωπήσαντα
1695 804 1870 873 σωτή-

277 894 382 949 ρια
409 880 652 952 δόγματα
674 887 787 948 τοῖς
810 886 1116 957 ἀνθρώποις
1140 890 1600 961 παραδεδωκέναι.
1626 893 1690 945 Τί
1714 894 1769 946 δὲ
1791 894 1870 946 δεῖ

268 970 467 1040 λέγειν
512 974 604 1028 καὶ
628 977 707 1028 ὅτι
759 979 1134 1051 προεφητεύθη
1184 983 1213 1034 ὁ
1245 983 1498 1054 Χριστὸς,
1539 984 1660 1036 τότε
1697 986 1869 1038 ἐκλεί-

266 1063 407 1134 ψειν
429 1066 556 1129 τοὺς
581 1066 639 1133 ἐξ
687 1067 854 1121 Ἰούδα
885 1069 1150 1140 ἄρχοντας
1177 1073 1270 1127 καὶ
1305 1075 1638 1146 ἡγουμένους
1673 1078 1736 1129 ἐκ
1759 1077 1866 1130 τῶν

272 1157 480 1228 μηρῶν
501 1157 688 1220 αὐτοῦ,
717 1160 844 1213 ὅταν
876 1161 1004 1233 ἔλθῃ
1036 1156 1080 1230 ᾧ
1107 1164 1414 1230 ἀπόκειται,
1437 1167 1677 1237 δηλονότι
1701 1169 1735 1238 ἡ
1771 1167 1866 1238 βα-

268 1247 482 1311 σιλεία,
520 1249 614 1301 καὶ
645 1249 955 1322 ἐπιδημήσῃ
997 1255 1029 1324 ἡ
1059 1253 1165 1306 τῶν
1198 1255 1365 1309 ἐθνῶν
1402 1258 1726 1329 προσδοκία;
1767 1275 1864 1312 σα-

267 1334 399 1403 φῶς
429 1336 537 1409 γὰρ
575 1340 638 1391 ἐκ
664 1339 765 1410 τῆς
792 1341 1030 1414 ἱστορίας
1055 1344 1231 1416 δῆλον,
1263 1349 1356 1401 καὶ
1385 1349 1447 1403 ἐκ
1477 1349 1585 1402 τῶν
1627 1352 1863 1422 σήμερον

265 1429 596 1499 δρωμένων,
633 1432 715 1485 ὃτι
745 1435 852 1487 ἀπὸ
893 1437 1002 1490 τῶν
1035 1439 1241 1508 χρόνων
1286 1440 1481 1512 Ἰησοῦ,
1537 1443 1718 1496 οὐκέτι
1767 1443 1864 1513 βα-

269 1519 451 1584 σιλεῖς
497 1523 762 1579 Ἰουδαίων
804 1526 1177 1597 ἐχρημάτισαν
1200 1547 1214 1560 ·
1251 1533 1467 1585 πάντων
1508 1533 1616 1586 τῶν
1648 1534 1862 1589 Ἰουδαῖ-

266 1609 394 1664 κῶν
427 1615 766 1685 πραγμάτων
808 1618 867 1670 ἐν
893 1612 975 1682 οἷς
1014 1621 1390 1691 ἐσεμνύνοντο,
1425 1623 1566 1692 λέγω
1587 1625 1643 1678 δὲ
1669 1625 1775 1680 τῶν
1799 1644 1858 1678 τε

1975 531 2114 583 mine
2141 538 2233 582 tuo
2260 526 2694 580 manducarimus
2723 536 2768 578 et
2794 525 3038 587 bibimus,
3071 533 3116 576 et
3142 524 3196 576 in
3224 522 3429 574 nomine
3450 531 3542 572 tuo

1973 619 2238 672 dwmonia
2263 617 2549 686 ejecimus?
2579 612 2649 668 Et
2689 615 2862 666 dicam
2899 613 3006 666 illis
3031 626 3048 664 :
3081 609 3343 665 Discedite
3374 629 3404 663 a
3434 627 3538 672 me,

1973 713 2200 781 operarii
2254 709 2572 778 iniquitatis,
2610 721 2876 776 nunquam
2923 721 3008 758 vos
3064 704 3275 773 cognovi
3311 701 3379 757 “.
3409 701 3542 768 Quae

1971 805 2014 859 si
2040 805 2110 857 ita
2141 802 2356 871 quidem
2389 800 2529 854 dicta
2563 797 2631 852 ab
2654 813 2718 852 eo
2753 798 3001 856 fuissent,
3035 810 3133 848 nec
3157 795 3223 848 ad
3250 795 3408 848 linem
3451 801 3535 846 ta—

1971 909 2094 947 men
2127 907 2190 947 ea
2219 906 2338 961 qua:
2360 890 2615 961 praedicta
2647 896 2793 952 sunt,
2819 887 3194 956 pervenissent
3221 925 3235 947 ,
3283 882 3535 937 fortassis

1969 986 2148 1040 minus
2197 999 2321 1038 esse
2357 997 2480 1038 vera
2532 981 2865 1042 viderentur,
2918 994 3016 1032 nec
3079 977 3280 1032 habere
3334 975 3536 1043 aliquid

1967 1076 2307 1130 auctoritatis
2337 1094 2351 1129 :
2381 1089 2525 1128 nunc
2561 1087 2690 1127 vero
2722 1087 2844 1126 cum
2874 1071 2926 1123 in
2971 1060 3221 1123 effectum
3253 1082 3359 1132 res,
3415 1080 3537 1135 qua:

1965 1170 2179 1223 fuerant
2209 1167 2276 1221 ab
2299 1181 2365 1221 eo
2387 1167 2658 1236 praedicnt:
2695 1161 3041 1233 perveniant,
3073 1175 3194 1213 cum
3228 1166 3374 1212 tanta
3433 1173 3535 1211 au-

1967 1266 2070 1312 tem
2100 1263 2364 1324 potestate
2391 1265 2555 1321 atque
2602 1254 2931 1308 auctoritate
2956 1250 3214 1320 praedicta
3254 1249 3385 1314 sint,
3420 1263 3536 1302 ma-

1963 1347 2318 1404 nifestissime
2358 1347 2666 1401 declaratur
2700 1347 2866 1400 Deum
2907 1360 3033 1398 vere
3066 1359 3208 1407 esse,
3251 1343 3339 1412 qui
3371 1343 3536 1396 homo

1963 1439 2136 1493 factus
2161 1437 2419 1493 salutaria
2454 1445 2721 1507 prsecepta
2781 1436 2896 1506 (46)
2943 1435 3252 1488 hominilms
3288 1432 3530 1486 tradidit.

1961 1529 2098 1599 Quid
2126 1545 2258 1584 vero
2304 1530 2432 1584 inde
2486 1529 2772 1582 dicendum
2824 1534 2909 1580 est
2961 1525 3105 1594 quod
3155 1524 3431 1594 propheta:
3464 1525 3533 1578 de

1963 1623 2079 1691 ipso
2113 1630 2238 1676 ante
2268 1619 2624 1688 praedixerint
2673 1632 2780 1672 non
2817 1626 3134 1672 cessaturos
3162 1616 3434 1687 principes
3461 1630 3529 1670 ex

266 1703 422 1756 κατὰ
453 1704 542 1758 τὸν
575 1707 720 1771 ναὸν,
754 1709 848 1761 καὶ
875 1710 936 1763 τὸ
988 1711 1388 1785 θυσιαστήριον,
1437 1717 1531 1771 καὶ
1556 1719 1655 1789 τὴν
1690 1721 1854 1773 ἐπιτε-

1962 1710 2118 1777 .Iuda,
2147 1726 2318 1778 neque
2338 1710 2502 1763 duces
2528 1724 2595 1763 ex
2630 1706 2924 1762 femoribus
2949 1706 3084 1774 ejus,
3121 1721 3400 1776 usquequo
3431 1719 3527 1759 ve-

264 1794 544 1868 λουμένην
573 1798 846 1872 λατρείαν,
876 1803 970 1856 καὶ¹
997 1804 1063 1857 τὰ
1105 1805 1379 1877 ἐνδύματα
1415 1807 1507 1861 τοῦ
1560 1810 1858 1882 ἀρχιερέως

265 1886 748 1958 καταλελυμένων.
801 1892 1122 1964 Ἐπληρώθη
1148 1896 1258 1968 γὰρ
1303 1897 1596 1968 ήλέγουσα
1644 1916 1857 1972 προφη-

264 1991 331 2030 τε
341 1977 395 2030 ία
410 1994 424 2007 ·
474 1979 721 2049 Ἡμέρας
745 1985 978 2050 πολλὰς
1000 1987 1346 2041 καθίσονται
1371 1992 1424 2042 οἱ
1442 1990 1559 2044 υἱοὶ
1597 1991 1854 2060 Ἰσραὴλ,

265 2072 388 2123 οὐκ
426 2070 600 2140 ὄντος
635 2075 960 2142 βασιλέως,
1007 2078 1149 2132 οὐδὲ
1179 2080 1353 2146 ὄντος
1382 2081 1693 2150 ἄρχοντος,
1743 2087 1854 2138 οὐκ

266 2160 472 2229 οὔσης
508 2164 746 2231 θυσίας,
801 2167 944 2221 οὐδὲ
990 2167 1165 2234 ὄντος
1207 2174 1659 2241 θυσιαστηρίου,
1714 2174 1856 2228 οὐδὲ

267 2255 582 2320 ἱερατείας,
607 2257 750 2311 οὐδὲ
768 2257 991 2327 δήλων.
1011 2262 1122 2314 Καὶ
1140 2261 1348 2327 τούτοις
1363 2263 1620 2336 χρώμεθα
1639 2268 1747 2330 τοῖς
1765 2269 1856 2339 ρη-

268 2347 407 2410 τοῖς,
429 2345 564 2416 πρὸς
583 2347 708 2412 τοὺς
732 2350 789 2402 ἐν
803 2349 880 2420 τῷ
900 2350 1174 2407 θλίϐεσθαι
1200 2354 1306 2407 άπὸ
1331 2354 1439 2410 τῶν
1459 2359 1516 2410 ἐν
1537 2359 1601 2429 τῇ
1637 2359 1852 2412 Γενέσει

268 2435 380 2487 ὑπὸ
413 2435 507 2488 τοῦ
525 2436 715 2490 Ἰακὼὸ
743 2440 879 2512 πρὸς
914 2441 1002 2496 τὸν
1040 2443 1236 2498 Ἰούδαν
1267 2446 1592 2518 εἰρημένων,
1627 2449 1854 2518 φάσκον-

277 2545 368 2591 τας
409 2528 501 2581 τὸν
533 2529 800 2602 ἐθνάρχην
824 2532 931 2586 ἀπὸ
957 2533 1050 2586 τοῦ
1098 2536 1264 2589 Ἰούδα
1306 2535 1495 2606 γένους
1519 2540 1852 2611 τυγχάνοντα

273 2620 458 2690 Ξρχειν
473 2620 566 2674 τοῦ
587 2621 738 2687 λαοῦ,
758 2625 856 2677 οὐκ
876 2625 1231 2696 ἐκλειψόντων
1247 2628 1354 2682 τῶν
1377 2630 1483 2683 ἀπὸ
1497 2631 1588 2684 τοῦ
1610 2632 1850 2704 σπέρμα-

276 2727 362 2775 ιος
387 2713 573 2777 αὑτοῦ,
607 2713 711 2778 ἓως
735 2711 801 2787 ἧς
818 2718 1173 2786 φαντάζονται
1189 2721 1423 2792 Χριστοῦ
1453 2723 1762 2794 ἐπιδημίας.
1786 2726 1850 2778 El

277 2803 378 2877 γὰρ
395 2805 618 2874 ἡμέρας
633 2809 870 2875 πολλὰς
885 2813 1230 2867 καθίσονται
1247 2818 1300 2868 οἱ
1319 2814 1435 2868 υἱοὶ
1459 2815 1716 2885 Ἰσραὴλ,
1739 2819 1850 2872 οὐκ

273 2896 449 2962 ὄντος
467 2899 791 2967 βασιλέως,
810 2903 971 2972 μηδὲ
993 2904 1166 2970 ὄντος
1185 2905 1493 2976 ἄρχοντος,
1526 2911 1636 2962 οὐκ
1657 2910 1850 2978 οὔσης

272 2990 507 3054 θυσίας,
552 2991 694 3045 οὐδὲ
731 2997 1187 3064 θυσιαστηρίου,
1239 2998 1380 3052 οὐδὲ
1403 3001 1710 3068 ίερατείας,
1743 3003 1847 3054 οὐ-

1960 1805 2071 1857 niat
2091 1801 2176 1855 ille
2198 1801 2282 1856 cui
2307 1799 2600 1869 repositum
2621 1805 2728 1860 est,
2752 1811 2975 1865 regnum
2998 1797 3228 1864 scilicet,
3254 1806 3309 1851 et
3327 1811 3528 1865 usque-

1956 1911 2062 1965 quo
2097 1896 2276 1950 veniat
2321 1892 2653 1962 exspectatio
2695 1890 2934 1958 gentium
2965 1889 3054 1941 "?
3083 1890 3524 1944 Manifestissime

1954 1986 2096 2040 enim
2130 1999 2193 2038 ex
2229 1985 2340 2053 ipsa
2371 1982 2597 2037 hismria
2626 1990 2867 2051 apparet,
2903 1990 2958 2035 et
2984 1995 3051 2035 ex
3089 1980 3174 2035 his
3203 1994 3324 2049 qua:
3363 1980 3526 2034 hodie

1954 2076 2322 2146 pervidentur,
2363 2075 2491 2145 quia
2525 2087 2594 2127 ex
2630 2073 2966 2142 temporibus
3005 2073 3206 2128 Christi
3243 2073 3384 2126 ultra
3439 2086 3528 2126 re-

1953 2181 2046 2236 ges
2073 2164 2182 2236 (47)
2215 2166 2355 2234 apud
2382 2163 2600 2219 Judaaos
2630 2178 2734 2215 non
2756 2163 3100 2217 exstiterunt.
3129 2165 3234 2217 Sed
3257 2173 3308 2217 et
3327 2179 3520 2218 onmes

1952 2257 2056 2312 illis
2089 2258 2410 2312 ambitiones
2441 2255 2686 2312 Judaicze
2721 2256 2773 2308 in
2803 2256 2999 2323 quibus
3022 2255 3298 2325 iactantiae
3327 2267 3520 2324 quam-

1952 2347 2241 2417 plurimum
2276 2349 2557 2416 gerebant,
2582 2361 2637 2404 et
2670 2350 2721 2404 in
2758 2349 2955 2419 quibus
3005 2345 3406 2417 gloriabantur,
3458 2345 3521 2399 id

1953 2448 2054 2500 est,
2085 2437 2168 2492 vel
2198 2437 2264 2491 de
2293 2437 2471 2507 templi
2505 2439 2725 2502 decore,
2765 2439 2852 2492 vel
2876 2439 2941 2493 de
2967 2438 3157 2491 altaris
3195 2436 3522 2505 insignibus,

1954 2541 2115 2598 atque
2145 2529 2395 2584 omnibus
2425 2529 2528 2585 illis
2551 2532 2978 2585 sacerdotalibus
3005 2528 3213 2591 infulis,
3238 2531 3524 2582 indumen-

1953 2619 2497 2689 tisquepontilicum,
2545 2621 2708 2676 simul
2761 2621 3012 2675 universa
3045 2621 3322 2674 destructa
3371 2629 3518 2673 sunt.

1947 2707 2226 2780 Completa
2271 2719 2356 2764 est
2408 2711 2553 2765 enim
2602 2712 2890 2780 prophetia
2942 2727 3063 2780 quae
3099 2712 3356 2765 dixerat:
3417 2707 3525 2766 Per

1949 2802 2060 2854 dies
2090 2800 2280 2854 multos
2309 2802 2562 2856 sedebant
2590 2803 2693 2870 ﬁlii
2717 2801 2891 2856 Israel
2922 2803 3035 2856 sine
3057 2819 3194 2873 rege,
3225 2805 3338 2856 sine
3370 2805 3520 2870 prin-

1949 2895 2089 2962 cipe:
2112 2893 2223 2963 (48)
2244 2909 2345 2946 ηοη
2369 2895 2468 2946 erit
2493 2894 2686 2960 hostia,
2715 2910 2808 2947 nec
2827 2893 3123 2959 altare,nec
3140 2895 3518 2960 sacerdotium,

1947 3000 2041 3042 nec
2057 3003 2303 3056 responsa
2322 2987 2390 3019 ⁸³⁸
2411 2987 2526 3041 .His
2543 3003 2672 3058 ergo
2695 2989 3020 3042 testimoniis
3038 2990 3238 3043 utimur
3255 2991 3516 3046 adversus

273 3079 338 3132 δὲ
359 3079 587 3147 δήλων·
609 3084 669 3149 ἐξ
689 3078 748 3137 οὗ
774 3085 829 3139 δὲ
862 3089 1178 3161 κατεσκάφη
1207 3091 1235 3142 ὁ
1275 3091 1419 3154 ναὸς,
1455 3092 1634 3145 οὐκέτι
1663 3091 1842 3162 θυσία,

1957 3097 2040 3137 eos
2071 3083 2165 3152 qui
2191 3083 2440 3136 videntur
2472 3096 2720 3136 asserere
2761 3081 2825 3134 de
2855 3081 2942 3134 his
2973 3096 3093 3150 quia
3134 3083 3184 3135 in
3215 3082 3412 3137 Genesi
3449 3083 3520 3137 ab

273 3170 390 3223 sese
421 3172 822 3246 θυσιαστήριον,
856 3175 978 3231 οὐδὲ
1015 3181 1274 3250 ίερατεία,
1308 3182 1465 3252 δῆλον
1492 3184 1572 3236 ὃτι
1601 3183 1844 3246 ἐξέλιπεν

269 3261 452 3332 ἄρχων
481 3263 540 3329 ἐξ
581 3263 769 3330 Ἰούδα,
811 3269 904 3320 καὶ
939 3269 1236 3340 ἡγούμενος
1275 3273 1338 3325 ἐκ
1359 3273 1467 3324 τῶν
1512 3273 1700 3344 μηρῶν
1749 3275 1847 3327 αὐ-

270 3349 383 3404 τοῦ.
426 3353 576 3408 Ἐπεὶ
609 3355 720 3428 δέή
752 3359 1054 3428 προφητεία
1083 3361 1266 3431 φησὶν,
1313 3364 1434 3415 Οὐκ
1455 3362 1721 3432 ἐκλείψει
1751 3363 1851 3434 ἆρ-

1948 3172 2117 3228 Jacob
2143 3173 2282 3227 dicta
2303 3181 2427 3227 sunt
2442 3172 2508 3229 de
2529 3172 2686 3241 Juda,
2706 3186 2759 3228 et
2776 3175 2961 3231 dicunt
2985 3189 3302 3242 permanere
3331 3176 3508 3230 adhuc

1952 3267 2250 3338 principem
2297 3281 2365 3321 ex
2423 3280 2622 3334 genere
2664 3266 2837 3334 Judas,
2895 3268 3057 3320 istum
3110 3268 3359 3322 videlicet
3409 3269 3504 3337 qui

1954 3369 2037 3415 est
2065 3359 2242 3428 gentis
2288 3357 2529 3427 ipsorum
2570 3359 2844 3430 princeps,
2871 3374 3031 3428 quem
3063 3359 3349 3414 nominant
3393 3357 3512 3430 (49)

1492 3466 2052 3528 INTERPRETATIO
2089 3469 2299 3528 NOVA.

274 3577 484 3637 summa
513 3578 636 3637 cum
664 3575 936 3632 potestate
960 3576 1014 3620 et
1044 3566 1241 3621 fiducia
1267 3568 1512 3622 docuerit
1547 3570 1798 3624 Christus
1825 3583 2101 3637 nunquam
2132 3581 2287 3622 suam
2322 3566 2524 3620 victum
2568 3566 2630 3620 iri
2670 3567 2991 3621 doctrinam.
3035 3565 3222 3636 Itaque
3265 3566 3386 3635 jure
3416 3584 3514 3636 pro

271 3635 504 3707 oraculis
537 3633 797 3688 habenda:
822 3647 950 3689 sunt
981 3638 1308 3707 ejus‘voces,
1336 3639 1522 3706 quales
1554 3641 1635 3692 hae
1662 3649 1790 3692 sunt
1825 3658 1836 3691 :
1872 3633 2122 3705 Ad'reges
2148 3647 2196 3690 et
2227 3638 2480 3704 prtesides
2522 3637 2788 3691 ducemini
2809 3648 3018 3704 propter
3062 3633 3159 3699 me,
3189 3638 3244 3690 in
3267 3633 3512 3692 testimo-

272 3703 412 3755 nium
432 3703 556 3767 illis,
595 3713 644 3757 et
667 3707 923 3774 gentibus.
971 3703 1072 3761 Et:
1102 3703 1260 3760 Multi
1286 3703 1457 3762 dicent
1512 3710 1640 3761 milii
1689 3710 1742 3761 in
1765 3708 1860 3761 illa
1887 3709 1973 3761 die
1993 3725 2011 3762 :
2039 3703 2283 3769 Domine,
2324 3707 2564 3768 Domine,
2595 3724 2767 3760 nonne
2794 3711 2849 3759 in
2874 3703 3187 3761 nominetuo
3217 3710 3504 3761 manduca-

273 3774 460 3847 uimus,
481 3782 530 3847 et
551 3775 606 3847 in
641 3776 848 3847 nomine
873 3787 979 3847 tuo
998 3778 1243 3840 bibimus,
1282 3789 1330 3831 et
1364 3779 1418 3831 in
1442 3781 1650 3832 nomine
1674 3789 1764 3831 tuo
1794 3781 2057 3831 dtemonia
2089 3777 2338 3847 ejecimus
2357 3778 2382 3830 ?
2408 3774 2478 3829 Et
2507 3778 2678 3829 dicant
2703 3778 2807 3830 eis:
2838 3777 3101 3831 Discedite
3129 3796 3159 3830 a
3181 3793 3259 3830 me
3286 3778 3375 3845 qui
3401 3795 3513 3846 ope-

271 3844 461 3922 ramini
493 3845 866 3922 _iniquilatem.
927 3845 1214 3922 Nunquam
1263 3848 1378 3901 novi
1407 3865 1517 3922 eos.
1570 3848 1694 3903 Haec
1738 3852 1884 3901 enim
1928 3844 2134 3902 temere
2167 3848 2818 3922 prolata,__necuproinde
2877 3863 3173 3922 vera_esse,
3206 3844 3362 3922 forte_
3380 3844 3508 3902 olim

273 3914 564 3987 verisimile
583 3927 699 3969 erat
726 3933 743 3987 ε
773 3926 830 3968 at
855 3932 975 3970 cum
1006 3914 1200 3971 deinde
1231 3919 1512 3972 evenerint
1538 3934 1659 3987 qua:
1693 3927 1837 3971 tanta
1863 3933 1986 3972 cum
2012 3919 2346 3970 auctoritate
2382 3917 2524 3969 dicta
2562 3916 2804 3978 fuerant,
2843 3917 3187 3984 perspicuum
3218 3927 3300 3970 est
3329 3915 3498 3972 Deum

272 3997 398 4052 vere
425 3985 693 4052 hominem
720 3983 919 4039 factum
946 3988 1242 4040 salutarem
1273 3983 1586 4041 hominibus
1613 3990 1914 4042 doctrinam
1949 3987 2256 4041 tradidisse.
2295 3987 2431 4052 Quid
2466 4001 2596 4040 vero
2645 3983 2853 4040 attinet
2871 3983 3051 4040 dicere
3075 3988 3498 4052 praenuntiatum

277 4051 438 4126 fuisse
468 4051 743 4108 Christum
775 4065 900 4108 tunc
934 4072 1127 4125 nempe
1161 4056 1442 4111 defuturos
1474 4059 1748 4126 principes
1783 4073 1848 4110 ex
1882 4057 2022 4112 Juda
2047 4068 2099 4110 et
2125 4061 2291 4111 duces
2322 4051 2386 4111 de
2412 4055 2616 4110 femore
2647 4056 2787 4121 ejus,
2824 4073 2946 4109 cum
2976 4051 3209 4111 venisset
3231 4057 3317 4110 cui
3347 4072 3502 4124 repo-

273 4121 429 4176 situm
461 4134 562 4190 est,
596 4140 815 4199 regnum
849 4121 1116 4190 videlicet,
1145 4138 1198 4180 et
1224 4121 1536 4199 prodiisseti
1565 4121 1898 4198 exspectatio
1923 4128 2204 4199 gentium?
2268 4128 2346 4181 Ex
2401 4126 2621 4179 historia
2657 4126 2800 4199 enim
2833 4136 2887 4180 et
2939 4126 3004 4199 iis
3034 4143 3158 4194 qua:
3190 4127 3352 4199 hodie
3384 4121 3506 4199 cer-

274 4202 491 4264 nuntur,
523 4195 866 4264 manifestum
893 4207 975 4248 est
1007 4213 1034 4250 a
1067 4194 1268 4252 Christi
1297 4198 1626 4264 temporibus
1663 4194 1837 4253 nullos
1860 4194 2053 4252 deinde
2085 4194 2396 4250 Judaeorum
2437 4211 2589 4263 reges
2618 4196 2923 4260 exstitisse,
2967 4196 3154 4249 fractis
3186 4206 3240 4250 et
3273 4197 3508 4262 dissipa-

274 4263 340 4314 tis
373 4267 530 4337 rebus
554 4264 803 4337 omnibus
821 4263 1061 4337 .ludaicis
1099 4268 1294 4335 quibus
1326 4263 1736 4337 gloriabantur;
1777 4269 1976 4336 templo
2010 4282 2220 4337 nempe,
2265 4266 2444 4326 altari,
2466 4266 2552 4337 rei
2583 4266 2777 4318 divime
2803 4276 3064 4337 consueto
3091 4268 3220 4337 rittt',
3251 4276 3306 4319 et
3338 4267 3497 4318 indu-

275 4333 799 4408 mentispontificis.
827 4333 1048 4408 Impleta
1072 4333 1156 4392 est
1185 4333 1383 4406 quippe
1413 4339 1697 4405 prophetia
1724 4333 1849 4408 qua:
1876 4333 2009 4391 dicit
2034 4355 2047 4390 :
2088 4335 2194 4388 Per
2219 4338 2331 4390 dies
2365 4335 2555 4408 multos
2601 4337 2852 4408 sedebunt

2897 4336 2998 4403 ﬁlii
3025 4335 3197 4388 Israel
3223 4338 3335 4390 sine
3364 4353 3503 4404 rege,

273 4401 379 4454 sine
413 4405 666 4471 principe,
709 4405 823 4458 sine
862 4401 1145 4474 sacri/icio,
1179 4401 1294 4460 sine
1312 4401 1651 4472 alta—rifsiue
1700 4401 2014 4466 sacerdotio,
2051 4407 2161 4459 sine
2192 4407 2473 4474 responsis.
2518 4403 2724 4469 Quibus
2755 4401 2934 4459 verbis
2987 4406 3190 4458 utimur
3243 4401 3504 4459 adversus

272 4486 364 4545 eos
388 4475 504 4542 qui,
526 4475 652 4527 dum
685 4486 945 4542 urgentur
969 4479 1034 4531 iis
1063 4493 1184 4545 quae
1219 4479 1270 4530 in
1293 4476 1490 4532 Genesi
1515 4479 1582 4530 ab
1613 4475 1782 4534 Jacob
1814 4481 1880 4531 ad
1903 4477 2096 4531 Judam
2145 4477 2288 4530 dicta
2335 4484 2482 4536 sunt,
2526 4489 2846 4545 permanere
2877 4477 3177 4528 etiamnum
3209 4491 3273 4528 ex
3308 4490 3507 4542 genere

272 4538 416 4616 ludat
448 4538 697 4616 uaserunt
723 4538 1020 4613 principem
1052 4538 1139 4616 q'ui
1167 4548 1360 4615 populo
1394 4548 1727 4612 dominetur,
1755 4563 1932 4615 neque
1964 4546 2247 4600 defuturos
2267 4561 2333 4598 ex
2354 4538 2560 4616 semine
2586 4543 2703 4616 ejus
2729 4545 2890 4616 duces
2917 4559 3084 4612 usque
3107 4546 3172 4597 ad
3196 4538 3505 4616 enquuem

271 4610 365 4684 sibi
394 4615 585 4684 animo
607 4614 815 4684 fingunt
843 4610 1040 4669 Christi
1067 4610 1381 4670 adventum.
1417 4618 1471 4671 Si
1499 4619 1641 4671 enim
1671 4610 1762 4680 per
1786 4610 1896 4672 dies
1925 4619 2113 4669 inultos
2154 4616 2404 4668 sedebant
2438 4614 2539 4682 ﬁlii
2577 4610 2744 4667 Israel
2775 4615 2888 4667 sine
2928 4610 3064 4680 rege,
3088 4616 3200 4667 sine
3233 4610 3494 4681 principe,

272 4683 376 4735 sine
394 4682 704 4756 sacriﬁcio,
728 4687 840 4756 sine
872 4687 1052 4748 altari,
1098 4688 1212 4740 sine
1243 4688 1556 4753 sacerdotio,
1584 4689 1698 4742 sine
1749 4687 2050 4756 responsis;
2091 4702 2154 4738 ex
2215 4701 2322 4755 quo
2351 4695 2529 4756 autem
2565 4699 2813 4756 eversum
2849 4695 2931 4756 est
2963 4684 3240 4756 templum,
3279 4699 3382 4756 non
3425 4697 3509 4756 est

273 4752 984 4828 sacrific_ium,_inonaltare,
1011 4772 1115 4810 nou
1143 4752 1546 4828 sacerdotium,
1568 4752 2029 4828 perrVSpicnuinest
2055 4752 2317 4809 del'eciSse
2357 4754 2654 4828 principem
2679 4770 2743 4807 ex
2777 4752 3040 4828 Juda,_et
3088 4755 3277 4828 ducem
3333 4754 3398 4828 de
3430 4753 3509 4807 fe-

274 4837 412 4895 more
445 4822 579 4887 citis.
609 4823 873 4889 Quoniam
903 4826 1064 4893 igitur
1093 4827 1370 4895 prophetia
1406 4829 1539 4882 dicit
1569 4822 1582 4881 ξ
1621 4822 1741 4882 Non
1779 4827 1982 4895 deficiet
2007 4829 2246 4893 princeps
2286 4841 2350 4878 ea:
2383 4822 2553 4895 Juda,
2583 4839 2672 4876 nec
2703 4828 2813 4876 dux
2845 4823 2910 4876 de
2937 4824 3137 4891 femore
3167 4823 3304 4892 ejus,
3341 4826 3506 4877 donec

273 4893 469 4966 veniant
493 4897 718 4966 reposita
739 4895 832 4959 ei,
885 4897 1031 4948 venit
1067 4893 1228 4966 certe
1259 4897 1346 4950 cui
1373 4899 1601 4966 reposita
1635 4907 1784 4960 sunt,
1811 4893 2144 4966 “spectatio
2176 4905 2444 4964 gentmm.
2465 4893 2621 4960 Quod
2671 4905 2726 4947 et
2763 4895 3108 4947 manifestum
3140 4906 3229 4966 est
3265 4909 3329 4947 ex
3363 4895 3500 4945 mul-

275 4962 494 5017 titudine
517 4965 754 5032 gentium
783 4981 901 5034 quae
928 4981 1023 5034 per
1052 4965 1328 5020 Christum
1357 4969 1408 5020 in
1432 4962 1613 5021 'Deum
1645 4962 2014 5022 crediderunt.
2037 4966 2093 5020 In
2127 4962 2528 5020 Deuteronomti
2560 4979 2773 5032 quoque
2796 4966 3018 5020 cantico
3047 4963 3338 5018 stultarum
3371 4977 3502 5031 gen-

337 5077 400 5112 ⁶¹⁶
439 5077 629 5132 Matth.
661 5095 716 5144 κ,
749 5079 832 5135 18.
907 5081 952 5112 ⁸⁸
982 5081 1171 5136 Μ.ιιι1ι.
1199 5098 1294 5146 vu,
1341 5083 1433 5148 22,
1458 5083 1550 5137 ‘25.
1626 5083 1670 5115 ⁸³
1704 5083 1851 5138 Geue

1957 5099 2089 5147 tux,
2119 5080 2205 5136 10.

2295 5082 2362 5112 ⁸⁵·
2391 5079 2520 5136 Ose.
2565 5095 2649 5145 ιιι,
2673 5081 2730 5133 ll.

340 5170 619 5247 (ὀφειιίιί
651 5189 933 5243 perperam
958 5217 973 5240 ,
1023 5176 1309 5231 humilibus
1355 5180 1596 5234 tradidit.
1636 5179 1830 5234 Paulo-
1863 5189 1909 5245 ι)
1936 5197 2000 5233 ex
2018 5196 2118 5247 quo
2148 5178 2324 5245 utique
2351 5179 2664 5230 subversum
2702 5185 2778 5229 est
2833 5176 3100 5244 templum,
3127 5175 3506 5231 desiderantur

273 5243 569 5319 postiidem
597 5259 610 5294 :
645 5250 1242 5319 anteprtedixerunt....
1272 5265 1434 5316 neque
1461 5249 1620 5303 duces
1650 5251 1713 5302 de
1747 5250 1831 5319 [e-

275 5313 496 5386 moribus
517 5313 724 5386 ejus....
747 5313 1242 5381 Manifestissintum
1271 5313 1406 5371 enim
1429 5334 1493 5371 ex
1520 5320 1631 5386 ipsa
1664 5313 1834 5373 histo-

276 5383 370 5503 ria,
391 5385 666 5506 et‘exlltis,
699 5387 1047 5452 etc.,omisso
1070 5399 1306 5455 apparet.
1339 5389 1444 5442 Sed
1479 5383 1669 5443 omnes
1697 5406 1828 5445 mss.

277 5465 307 5504 u
360 5469 406 5504 ιιι
465 5469 528 5506 ex
559 5470 613 5506 υ.

277 5465 331 5504 ιιι
360 5469 406 5504 111
445 5465 613 5510 ιειιυ.

340 5521 446 5595 (47)
472 5522 805 5595 bls._liegius
824 5564 840 5588 ,
872 5526 1013 5595 apud
1035 5524 1307 5582 Juda’am.
1337 5527 1531 5583 Caeteri
1589 5543 1720 5583 mss.
1774 5537 1829 5583 et

280 5590 591 5661 editi,_apud
625 5590 862 5650 .Iuilams.

345 5661 451 5734 (48)
482 5661 605 5720 Non
630 5668 729 5720 erit
761 5667 956 5734 hostia,
976 5677 1107 5736 etc.,
1136 5682 1308 5740 usque
1339 5667 1404 5724 ad
1439 5668 1539 5724 ista
1570 5669 1754 5737 verba,
1780 5679 1826 5724 et

1937 5251 1991 5303 in
2024 5250 2207 5311 editis,
2241 5258 2294 5301 et
2322 5251 2678 5301 restituuntur
2699 5263 2762 5300 ex
2800 5249 3052 5300 omnibus
3085 5262 3213 5300 mss.

2007 5320 2120 5390 (49)
2145 5319 2280 5372 Istos
2309 5319 2472 5390 hodie
2508 5319 2703 5390 (inquit
2733 5314 3501 5390 getielirat'dtts)_Judaeiap-

1941 5383 2137 5459 pellant
2168 5391 2219 5440 in
2259 5390 2373 5441 suis
2413 5383 2684 5442 Cltronicis
2743 5385 2971 5459 ROSHJ'I
2997 5456 3004 5459 Α
3027 5383 3450 5459 ll_AG_GALUTH
3481 5427 3496 5452 ,

1931 5455 2190 5528 principes
2222 5459 2485 5528 exsulum,
2517 5467 2573 5511 et
2601 5473 2786 5528 eorum
2825 5459 2876 5509 in
2915 5455 3259 5526 Babyloniam
3289 5470 3500 5528 succes-

1931 5526 2138 5582 Sionen.
2167 5530 2234 5581 ab
2261 5528 2375 5597 ipso
2426 5526 2758 5580 Zorohabele
2799 5528 2961 5580 anxie
2995 5532 3295 5597 memorant
3325 5564 3340 5587 ,

1930 5600 2088 5667 paulo
2117 5594 2429 5652 fabulosius.
2475 5597 2743 5667 Cteterum
2773 5598 2891 5648 vide
2935 5611 3053 5664 (una
3085 5594 3493 5667 observavimus

1930 5663 1984 5724 in
2013 5671 2154 5724 hunc
2184 5669 2361 5726 locum
2393 5667 2486 5722 lib.
2523 5683 2573 5722 tv
2601 5666 2674 5721 De
2721 5663 2974 5736 princip.,
3015 5680 3162 5720 nutu.
3195 5663 3248 5731 ὅ,
3277 5678 3332 5735 p.
3366 5663 3470 5720 159
3499 5736 3508 5741 _

3403 5526 3493 5579 sed
