3870 6220
398 352 501 410 579

1621 352 1676 409 S.
1718 351 2045 407 PAMPHILI
2089 349 2441 406 MARTYRIS

3559 356 3662 413 580

397 477 507 529 lum
574 473 985 529 Samosatenum
1017 516 1031 540 ,
1096 488 1289 543 purum
1362 470 1643 529 hominem
1674 518 1688 540 ,
1744 474 1797 528 id
1849 486 1933 530 est
1959 518 1974 542 ,
2006 482 2051 536 Α
2084 473 2149 527 ad
2180 474 2345 527 Deum
2379 472 2593 526 Patrem
2622 472 2811 526 retulit
2842 472 2983 529 hanc
3020 488 3229 540 vocem,
3265 474 3489 533 dicens:
3520 478 3661 544 Quia

397 584 504 622 non
527 568 690 621 etiam
723 567 887 619 Deum
927 567 1109 619 dicere
1148 565 1428 619 Christum
1478 566 1675 620 Filium
1711 566 1826 620 Dei.

465 663 520 716 4.
557 660 665 729 (65)
696 658 845 722 Post,
878 660 978 712 ista
1038 668 1145 722 est,
1179 675 1297 726 quze
1342 660 1461 713 istis
1506 659 1757 713 omnibus
1791 659 1975 711 adrer-

402 763 561 803 satur
590 751 752 821 (caeca
786 741 936 801 enim
975 758 1054 801 est
1082 748 1328 820 malitia),
1357 749 1500 818 quod
1524 749 1709 803 dicunt
1742 765 1863 802 eum
1894 750 1974 802 di-

398 840 780 912 ςετεβοκήσῃ,
808 839 858 892 id
886 848 990 899 est,
1016 840 1257 906 putative
1299 850 1527 901 tantum,
1555 850 1607 892 et
1643 854 1737 908 per
1773 839 1974 908 allego-

399 933 558 994 riam,
587 949 690 985 non
722 932 886 986 etiam
915 930 1216 983 secundum
1261 947 1321 984 ea
1374 947 1496 999 qua:
1545 946 1640 999 per
1690 932 1972 984 historiam

396 1025 729 1089 referuntur,
763 1034 911 1095 gesta
946 1040 1066 1080 esse
1096 1023 1275 1078 etnnia
1308 1038 1429 1095 qute
1454 1040 1481 1077 a
1510 1022 1790 1077 Salvatore
1823 1033 1973 1093 gesta

395 1126 542 1171 sunt.

466 1208 521 1263 5.
555 1208 665 1279 (61)
702 1209 815 1261 Alia
852 1222 1069 1278 quoque
1112 1206 1422 1262 criminatio
1444 1217 1548 1273 est,
1585 1223 1687 1277 qua
1721 1214 1975 1260 asserunt

396 1316 523 1353 eum
558 1301 690 1353 duos
716 1299 963 1353 Christos
994 1300 1313 1369 praedicare.

478 1393 530 1444 6.
571 1391 789 1444 Addunt
837 1391 963 1444 illud
1005 1406 1241 1460 quoque,
1292 1389 1432 1459 quod
1483 1389 1740 1443 historias
1784 1404 1977 1457 corpo-

403 1484 567 1545 rales,
593 1498 713 1551 qua:
742 1497 839 1552 per
869 1498 1082 1535 onmem
1138 1494 1383 1537 sanctam
1435 1482 1776 1551 Scripturam
1831 1484 1976 1535 refe-

397 1591 593 1635 runtur
628 1583 691 1635 de
720 1583 889 1651 gestis
911 1592 1248 1644 sanctorum,
1285 1583 1502 1650 penitus
1547 1581 1797 1648 deneget.

466 1674 518 1728 7.
562 1674 664 1727 St'd
708 1684 761 1728 et
813 1675 877 1728 de
919 1674 1316 1727 resurrectione
1365 1681 1739 1734 mortuorum,
1803 1680 1857 1723 et
1912 1669 1977 1725 de

396 1765 683 1834 impiorum
721 1767 897 1833 pmnis
944 1778 1049 1816 non
1101 1762 1201 1816 levi
1255 1762 1571 1830 impugnant
1609 1775 1731 1812 eum
1769 1758 1970 1812 calum-

2077 564 2216 619 Deus
2249 566 2480 618 charitas
2512 573 2585 616 est
2612 564 2700 617 "°'.
2754 564 2858 619 Sed
2900 582 3113 620 rursum
3142 584 3205 623 ett
3248 568 3360 637 ipsa
3396 570 3511 638 ejus
3541 571 3662 641 Epi-
3740 628 3745 643 Α

2075 656 2215 711 stola
2254 656 2592 724 proferemus
2619 667 2674 711 et
2704 658 2832 710 illud
2874 661 3015 728 quod
3047 659 3164 713 ait:
3200 660 3540 727 Charissimi,
3578 665 3663 716 di-

2074 750 2300 817 ligamus
2352 749 2606 813 invicem,
2658 749 2904 818 quoniam
2941 751 3174 803 charitas
3209 768 3274 805 ea:
3324 752 3430 806 Deo
3456 763 3531 806 est
3581 754 3656 805 ⁷¹.

2076 838 2187 908 (69)
2228 839 2327 905 Qui
2378 854 2507 909 ergo
2545 841 2718 893 dixit:
2759 839 2897 904 Quia
2959 839 3097 894 Deus
3142 841 3373 895 Charitas
3413 854 3511 906 est,
3546 843 3661 913 ipse

2076 928 2271 981 iterum
2302 929 2621 983 charitatem
2652 932 2809 983 docet
2837 946 2956 984 esse
2980 945 3047 984 ex
3092 931 3200 985 Deo
3228 946 3242 984 :
3278 947 3440 1002 quam
3478 934 3659 987 chari-

2078 1030 2241 1075 tatem
2280 1023 2443 1075 credo
2484 1038 2587 1076 non
2638 1037 2762 1077 esse
2796 1022 2982 1088 alium,
3035 1023 3138 1078 nisi
3188 1024 3522 1095 unigenitum
3572 1026 3660 1080 Fi-

2075 1111 2204 1166 lium
2242 1114 2379 1182 ejus,
2418 1115 2558 1169 sicut
2592 1114 2761 1168 Deum
2794 1130 2860 1169 ex
2907 1116 3049 1181 Deo,
3098 1117 3171 1171 ita
3218 1119 3534 1172 cbaritatem
3584 1132 3655 1174 ex

2077 1207 2347 1262 charitate
2379 1208 2745 1279 progenitum.
2778 1227 2796 1259 ι

2087 1354 2105 1368 ,
2148 1301 2473 1357 PAMPHILUS.
2512 1304 2583 1357 De
2618 1305 2821 1358 eisdem
2867 1303 2921 1357 in
2968 1303 3160 1374 quinto
3196 1303 3334 1358 libro
3375 1304 3441 1358 de
3487 1303 3663 1357 Evan-

2079 1394 2224 1465 gelio
2253 1397 2549 1448 secundum
2583 1393 2871 1449 Joannem.

2148 1487 2440 1541 ORIGENES.
2485 1486 2594 1558 (70)
2628 1505 2646 1537 ι
2682 1486 3003 1555 Unigenitus
3052 1486 3221 1541 Filius
3266 1485 3518 1540 Salvator
3560 1500 3652 1538 no-

2079 1589 2212 1643 ster,
2243 1580 2329 1647 qui
2366 1578 2511 1632 solus
2545 1596 2609 1631 ex
2648 1578 2811 1633 Patre
2846 1590 3006 1633 natus
3036 1588 3139 1646 est,
3184 1578 3334 1633 solus
3372 1586 3561 1631 natura
3604 1586 3663 1632 et

2079 1687 2184 1726 non
2222 1672 2510 1739 adoptione
2542 1671 2706 1725 Filius
2732 1681 2831 1725 est.
2862 1690 2881 1723 ι

2150 1762 2260 1832 (71)
2296 1762 2622 1817 PAIIPHILUS.
2661 1762 2789 1816 Item
2824 1764 2875 1815 in
2911 1763 3029 1830 ipso
3062 1761 3219 1816 libro.

396 1857 516 1920 nia,
563 1855 708 1908 velut
760 1862 1043 1923 negantem
1093 1852 1473 1922 peccatoribus
1515 1849 1797 1904 inferenda
1851 1864 1972 1904 esse
2006 1841 2049 1899 Β
2147 1851 2435 1907 Οηιαευες.
2478 1871 2497 1904 ‹
2528 1852 2678 1906 Unus
2725 1868 2854 1920 ergo
2884 1860 2967 1906 est
3004 1868 3163 1907 verus
3205 1851 3344 1907 Deus
3385 1853 3474 1921 qui
3513 1852 3660 1908 solus

396 1947 680 2017 supplicia.

466 2040 518 2094 8.
561 2038 788 2105 Quidam
825 2051 956 2089 vero
1008 2034 1401 2103 disputationes
1449 2032 1587 2102 ejus.
1636 2032 1719 2086 vel
1753 2030 1970 2101 Opinio-

396 2147 515 2195 nes,
557 2146 691 2199 quas
729 2130 794 2183 de
833 2128 1027 2182 anima:
1064 2138 1208 2182 statu
1255 2126 1337 2181 vel
1368 2126 1770 2197 dispensatione
1805 2125 1973 2178 disse-

397 2224 523 2287 ruit,
553 2221 790 2288 culpant.

466 2312 522 2367 9.
563 2312 675 2381 (65)
718 2311 913 2366 Ultima
956 2325 1085 2363 vero
1115 2308 1353 2362 omnium
1391 2317 1470 2362 est
1505 2308 1821 2361 criminatio
1858 2307 1970 2370 illa,

395 2418 515 2473 qua:
557 2418 677 2456 cunt
710 2401 857 2455 omni
921 2399 1268 2453 infamatione
1308 2398 1656 2466 dispergitur,
1701 2414 1973 2466 μετενσω-

397 2492 711 2565 ματὼσεως.
748 2494 798 2546 id
843 2500 945 2555 est,
987 2490 1128 2559 quod
1175 2490 1437 2543 lunnanas
1476 2488 1688 2543 animas
1735 2490 1785 2541 in
1825 2495 1970 2541 muta

393 2585 670 2647 animalia,
712 2584 793 2637 vel
825 2592 1124 2651 serpentes,
1158 2581 1239 2633 vel
1276 2582 1510 2648 pecudes
1551 2591 1761 2633 asserat
1798 2590 1973 2633 trans-

395 2676 590 2729 mutari
623 2686 737 2742 post
772 2684 1019 2734 mortem,
1047 2682 1100 2723 et
1134 2671 1274 2738 quod
1316 2671 1477 2723 etiam
1524 2670 1653 2740 ipsa:
1702 2679 1970 2724 mutorum

392 2767 705 2821 animalium
758 2766 951 2818 animae
1002 2762 1352 2816 rationabiles
1393 2763 1518 2814 sint.
1569 2762 1738 2828 Quam
1787 2762 1973 2815 crimi-

394 2860 663 2915 nationem
718 2858 918 2911 idcirco
952 2855 1301 2908 novissimam
1356 2853 1660 2922 posuimus,
1707 2864 1765 2906 ut
1819 2853 1970 2922 plura

394 2954 461 3005 de
492 2953 639 3006 libris
668 2951 783 3017 ejus
809 2956 1197 3003 coacervantes
1226 2943 1497 3014 exempla,
1527 2944 1831 2999 evidentius
1856 2944 1971 3011 ejus

394 3043 602 3098 falsitas
638 3053 981 3095 nosceretur.

463 3131 523 3187 Si
567 3147 698 3202 ergo
744 3134 882 3186 bene
922 3130 1264 3185 meminimus
1299 3126 1411 3199 (66)
1463 3124 1673 3179 ordinis
1710 3125 1971 3180 crimina-

396 3224 601 3278 tionum
643 3239 799 3291 quem
846 3238 1006 3291 supra
1061 3218 1521 3289 conscripsimus,
1571 3216 1893 3286 incipiamus
1941 3231 1971 3270 a

393 3330 592 3385 prima.

537 3406 648 3478 (67)
689 3420 972 3460 aesmasro
1022 3421 1088 3461 an
1130 3416 1331 3457 patuit:
1380 3413 1828 3455 CRIMINATIONEII.

394 3519 551 3587 Quod
584 3537 647 3574 ea:
689 3518 799 3573 Deo
851 3516 1011 3571 Patre
1054 3529 1207 3570 natus
1258 3525 1333 3569 est
1384 3513 1578 3577 Filius,
1620 3523 1667 3566 et
1703 3515 1860 3587 unius
1892 3519 1969 3587 est

464 3607 581 3644 cum
627 3590 782 3643 Patre
819 3590 1162 3651 substantiae;
1205 3588 1408 3640 alienus
1441 3601 1555 3638 vero
1587 3601 1617 3636 a
1652 3584 1964 3636 substantiis

462 3672 850 3715 creaturarunt.

572 3775 672 3843 (Ex
712 3773 885 3841 primo
918 3771 1055 3825 libro
1089 3769 1342 3840 Epistolaa
1375 3769 1439 3823 ad
1470 3766 1791 3837 Romanos.)

465 3864 574 3935 (68)
604 3866 893 3919 ()BIGENES.
933 3883 949 3915 ι
974 3864 1190 3929 Quaerat
1223 3862 1470 3916 fortassis
1501 3860 1694 3929 aliquis
1725 3862 1767 3913 si
1803 3859 1971 3917 Filius

394 3957 632 4010 Charitas
670 3966 777 4020 est,
819 3955 1090 4025 praecipue
1127 3961 1348 4023 propter
1400 3954 1501 4006 hoc
1547 3951 1685 4021 quod
1734 3950 1972 4005 Joannes

463 4070 533 4100 "°‘
579 4068 595 4121 Ι
644 4069 797 4123 Joan.
826 4085 897 4131 IV,
931 4069 985 4131 8,
1021 4067 1105 4121 16.
1179 4066 1399 4121 71-.ibid.
1432 4065 1481 4116 7-

392 4156 578 4201 um,
609 4143 662 4195 6.
739 4139 805 4169 ⁷³”
846 4140 975 4192 ibid.

469 4230 580 4302 (65)
621 4230 782 4302 Editi,
830 4240 1015 4302 quarta
1038 4229 1311 4302 post_istas
1343 4224 1555 4302 «tulit
1599 4221 1760 4293 paulo
1789 4231 1911 4293 post
1944 4241 1959 4277 :

392 4294 511 4371 qua:
554 4294 711 4371 juxta
763 4294 1045 4352 historiam
1091 4298 1412 4368 referuntur.
1450 4294 1556 4350 Sed
1588 4310 1775 4348 omnes
1826 4309 1961 4347 mss.

396 4382 455 4426 ut
482 4374 532 4425 in
561 4382 744 4425 nostro
773 4382 944 4424 textu.

468 4442 581 4511 (64)
634 4442 799 4506 Editi,
847 4440 1031 4511 quinta
1072 4438 1178 4511 illa
1212 4451 1458 4511 quoque;
1500 4443 1555 4489 et
1596 4434 1855 4511 deinceps
1904 4433 1960 4488 in

394 4506 869 4580 SttbseQUenlibus'
892 4508 1134 4561 articulis
1169 4508 1389 4570 habent,
1418 4518 1635 4580 sexta...
1664 4506 1957 4580 septima...

395 4576 645 4635 octava...
698 4598 859 4634 nona.
915 4581 1021 4632 Sed
1082 4580 1195 4632 hac
1253 4591 1384 4629 mss.
1447 4576 1613 4628 uestri
1667 4576 1957 4638 omittunt;

395 4669 625 4719 quorum
663 4652 768 4703 duo
818 4660 1048 4710 tantum,
1087 4646 1434 4702 Corbeiensis
1483 4646 1686 4719 scilicet
1732 4654 1788 4696 et
1834 4646 1964 4697 Sor-

394 4718 641 4784 bonicns,
675 4721 873 4774 habent
915 4719 1250 4773 solummodo
1294 4719 1345 4768 in
1398 4718 1662 4785 margine,
1699 4730 1770 4776 tv,
1805 4728 1855 4776 v,
1888 4728 1963 4777 vr,

396 4807 496 4852 vn.
525 4806 641 4855 vni,
672 4807 748 4853 ix,
782 4790 920 4856 quod
953 4806 1049 4842 nos
1084 4792 1135 4841 in
1173 4797 1318 4840 textu
1347 4790 1592 4840 numeris
1621 4786 1868 4837 Arabicis
1890 4799 1969 4837 re-

397 4861 1089 4934 fert-udumjudicavintus.
1325 4926 1331 4933 _
1380 4926 1390 4934 _
1423 4925 1434 4934 _
1625 4933 1629 4934 γ
1733 4924 1744 4934 ⁸
1809 4923 1819 4933 _
1904 4923 1934 4934 J

466 4930 576 5002 (65)
618 4925 746 4983 Mss.
776 4933 900 4992 duo,
921 4929 1128 5002 Ultima
1157 4925 1633 5002 verouinitiumnest
1666 4925 1967 5002 criminatio

397 4993 495 5073 [all
524 4993 941 5073 criminationis]
968 5001 1092 5061 illa,
1124 5009 1253 5073 etc.
1288 4996 1427 5049 Editi
1449 5037 1461 5056 ,
1482 4993 1660 5073 "Noua
1702 5005 1745 5045 et
1781 4994 1968 5072 ultima

395 5064 511 5124 itero
537 5072 590 5123 in
620 5087 732 5122 eum
766 5082 838 5123 est
869 5064 1165 5122 criminatio
1196 5068 1311 5129 illa,
1342 5077 1447 5120 etc.
1481 5064 1586 5118 Sed
1619 5066 1801 5118 caeteri
1834 5079 1965 5116 mss.

396 5151 453 5194 ut
488 5143 539 5194 in
573 5151 740 5194 textu.

466 5213 576 5283 (66)
620 5211 747 5262 Mss.
778 5209 968 5283 nostri,
998 5209 1110 5283 alii,
1143 5204 1808 5283 ordiites‘crimin‘ationum
1836 5219 1967 5271 quos

394 5277 579 5349 supra,
612 5291 753 5344 etc.;
798 5281 885 5331 alii
920 5290 976 5331 ut
1005 5282 1056 5331 in
1091 5290 1259 5331 textu.
1290 5277 1453 5339 Editi,
1481 5278 1688 5328 ordines
1714 5290 1967 5327 crimina-

394 5354 596 5404 tionum
630 5367 763 5419 quas
790 5366 970 5416 supra,
995 5362 1101 5419 etc.

466 5422 576 5491 (67)
622 5413 743 5474 llaec
786 5413 970 5479 verba,
1012 5416 1300 5491 Responsio
1352 5415 1418 5465 ad
1452 5416 1675 5491 primam
1716 5413 1971 5491 crimina-

396 5484 611 5557 tionem,
658 5507 861 5544 tteCiton
906 5492 972 5539 ad
1007 5489 1310 5549 secundum,
1346 5488 1577 5546 tertiam,
1608 5494 1662 5535 et
1692 5484 1769 5535 sic
1813 5484 1958 5534 dein-

396 5578 523 5631 ceps
565 5554 734 5630 usque
770 5564 833 5612 ad
867 5574 1085 5620 nonam,
1122 5557 1844 5631 noncomparentirritus,
1876 5554 1969 5631 sed

395 5649 427 5687 e
463 5624 663 5687 'ttostro
716 5631 1021 5684 addidimus
1070 5630 1139 5681 ad
1198 5629 1480 5680 clariorem
1532 5626 1693 5677 libelli
1744 5624 1967 5675 divisio-

397 5716 541 5757 "CIII.

469 5776 579 5843 (68)
624 5769 755 5843 Vide
784 5779 939 5828 notas
977 5768 1072 5825 lib.
1119 5783 1137 5822 ι
1175 5767 1231 5822 in
1275 5762 1448 5837 Epist.
1478 5768 1545 5820 ad
1590 5764 1768 5835 Rcm.,
1814 5783 1964 5823 num.

398 5841 453 5908 5,
481 5841 603 5913 pag.
629 5842 750 5897 466.

1555 4064 1620 4095 ⁷³·
1662 4062 1683 4117 Ι
1711 4061 1849 4116 Tim.
1875 4060 2058 4127 v1,16.

2075 1936 2226 1990 habet
2288 1939 2763 2004 immortalitatem,
2823 1943 2989 1993 lucem
3050 1942 3251 1993 habitat
3321 1942 3659 1995 inaccessibi-

2075 2028 2175 2081 lem
2198 2028 2288 2082 "‘.
2324 2029 2473 2085 Unus
2514 2039 2569 2084 et
2602 2047 2762 2086 verus
2799 2030 2960 2097 Deus,
2989 2046 3056 2084 ne
3097 2032 3302 2086 scilicet
3325 2033 3506 2087 multis
3536 2034 3650 2088 veri

2076 2120 2170 2173 Dei
2216 2136 2409 2174 nomen
2444 2123 2737 2176 convenire
2770 2124 3075 2178 credamus.
3121 2124 3194 2177 Ita
3230 2140 3359 2196 ergo
3390 2134 3443 2178 et
3475 2125 3527 2179 hi
3564 2126 3658 2194 qui

2075 2213 2344 2282 accipiunt
2374 2214 2617 2281 spiritum
2649 2215 2945 2273 adoptionis
2996 2214 3257 2283 ﬁliorum,
3300 2217 3358 2269 in
3402 2233 3505 2285 quo
3542 2216 3659 2287 (72)

2073 2304 2382 2369 clamamus,
2410 2304 2579 2369 Abba,
2628 2304 2791 2359 Pater
2822 2308 2889 2370 τ’,
2940 2306 3033 2360 ﬁlii
3083 2308 3299 2376 quidem
3353 2307 3443 2362 Dei
3492 2318 3655 2373 sunt,

2075 2399 2169 2451 sed
2223 2412 2330 2452 non
2383 2398 2521 2452 sicut
2572 2398 2880 2463 unigenitus
2928 2398 3115 2454 Filius.
3155 2398 3474 2469 Unigenitus
3513 2401 3659 2455 enim

2086 2498 2280 2543 natura
2321 2488 2512 2553 Filius,
2541 2498 2595 2543 et
2643 2504 2876 2559 semper,
2909 2499 2963 2545 et
3009 2492 3448 2561 inseparabiliter
3486 2492 3660 2546 Filius

2076 2587 2211 2635 est:
2272 2581 2452 2635 ett-teri
2517 2596 2647 2636 vero
2712 2596 2808 2649 pro
2867 2597 2931 2635 eo
2994 2585 3135 2651 quod
3190 2593 3542 2651 susceperunt
3603 2585 3659 2637 in

2074 2690 2133 2727 se
2164 2673 2357 2727 Filium
2396 2673 2521 2737 Dei,
2550 2683 2855 2739 potestatem
2891 2675 3002 2744 (75)
3040 2687 3364 2743 acceperunt
3395 2672 3526 2728 Filii
3557 2674 3659 2728 Dei

2072 2765 2208 2832 ﬁeri.
2244 2764 2345 2830 Qui
2382 2764 2502 2818 licet
2538 2782 2639 2818 non
2680 2782 2743 2818 ex
2782 2768 3059 2835 sanguine,
3093 2784 3256 2837 neque
3295 2783 3360 2820 ea:
3389 2768 3661 2823 utiuutate

2074 2854 2277 2917 carnis,
2326 2870 2493 2923 neque
2543 2871 2609 2907 ea:
2656 2854 2923 2909 voluntate
2963 2858 3098 2923 tiri,
3144 2858 3232 2911 sed
3276 2874 3340 2911 ea:
3388 2857 3492 2911 Deo
3547 2860 3659 2912 nati

2073 2948 2176 2999 sint
2207 2948 2301 3011 η’,
2349 2962 2455 3000 non
2491 2956 2668 3000 tamen
2724 2962 2785 3001 ea
2840 2950 3128 3005 nativitate
3182 2961 3311 3004 sunt
3359 2952 3507 3013 nati.
3549 2967 3659 3021 qua

2075 3046 2233 3090 natus
2264 3046 2347 3091 est
2382 3037 2689 3107 unigenitns
2725 3038 2912 3094 Filius.
2949 3040 3170 3110 Propter
3214 3042 3355 3111 quod
3400 3054 3660 3113 quantam

2074 3129 2436 3183 dill‘erentiam
2496 3145 2653 3185 verus
2696 3132 2833 3186 Deus
2866 3133 3026 3187 habet
3062 3134 3127 3188 ad
3157 3149 3249 3188 eos
3290 3136 3484 3204 quibus
3524 3135 3663 3190 dici-

2083 3231 2210 3275 tur:
2271 3220 2383 3290 Ego
2436 3222 2551 3275 dixi
2588 3239 2606 3275 :
2652 3222 2740 3277 Dii
2782 3228 2905 3279 estis
2931 3227 2999 3292 ⁷³,
3042 3238 3245 3281 tantam
3300 3228 3659 3283 differentiam

2080 3312 2241 3365 habet
2269 3327 2428 3367 verus
2457 3312 2624 3368 Filius
2650 3317 2715 3368 ad
2744 3330 2837 3371 eos
2855 3316 2945 3385 qui
2975 3318 3200 3373 audiunt
3229 3334 3245 3373 :
3277 3317 3407 3373 Filii
3440 3318 3660 3374 Excelsi

2079 3419 2255 3455 omnes
2280 3402 2371 3456 ⁷³¹.
2402 3422 2421 3455 s

2146 3492 2470 3548 PAMPHILUS.
2516 3494 2588 3549 De
2630 3494 2781 3551 libris
2825 3496 3074 3567 Epistola:
3102 3498 3167 3553 ad
3216 3497 3489 3565 Hehrzeos,
3523 3516 3662 3571 quo-

2077 3588 2234 3639 modo
2262 3586 2372 3656 (74)
2421 3586 2703 3656 ὁμοούσιος
2743 3598 2825 3643 est
2857 3606 2976 3642 cum
3030 3590 3188 3644 Patre
3222 3589 3410 3657 Filius,
3449 3594 3501 3647 id
3535 3604 3661 3657 est,

2077 3678 2237 3731 unius
2271 3693 2391 3731 cum
2438 3678 2595 3733 Patre
2627 3681 2960 3746 substantiae,
2990 3682 3200 3738 alienus
3230 3694 3411 3738 autem
3452 3700 3481 3738 a
3525 3687 3661 3740 sub-

2077 3770 2292 3824 stantiis
2324 3782 2613 3828 creaturae.

2149 3860 2438 3918 Oatceses.
2487 3864 2599 3933 (75)
2650 3882 2669 3915 ι
2713 3862 3118 3933 Intermganms
3169 3866 3332 3936 igitur
3373 3881 3468 3921 eos
3520 3882 3663 3935 quos

2077 3950 2223 4022 piget
2270 3952 2516 4006 conﬁteri
2573 3953 2741 4007 Deum
2791 3969 2913 4008 esse
2963 3954 3157 4008 Filium
3198 3956 3332 4021 Dei,
3383 3960 3662 4026 quomodo

2165 4063 2211 4093 "
2253 4063 2407 4117 Rom.
2438 4078 2557 4129 rttt,
2588 4064 2675 4122 15.
2769 4066 2835 4097 ⁷³·
2874 4064 3029 4120 Joan.
3057 4081 3098 4131 ι,
3135 4066 3227 4135 12,
3259 4068 3343 4122 13.
3422 4067 3467 4098 ⁷³
3506 4066 3657 4127 Psal.

2072 4302 2088 4347 ι
2145 4222 2255 4293 (69)
2299 4224 2461 4345 Ιῗιίίιί,
2495 4225 2660 4291 Quia,
2693 4235 2747 4280 et
2778 4227 2829 4281 in
2868 4226 2994 4291 ﬁne,
3022 4244 3086 4282 ea:
3116 4228 3370 4284 charitate
3408 4233 3660 4299 progeni-

2095 4311 2203 4347 am.
2231 4310 2311 4347 ma
2339 4312 2387 4347 e.

2140 4312 2203 4356 tu,
2231 4312 2387 4349 male.

2140 4364 2251 4437 (70)
2292 4363 2367 4437 lix
2397 4365 2490 4419 lib.
2519 4380 2549 4416 v
2576 4366 2628 4418 in
2658 4364 2862 4437 Evang.
2886 4364 3056 4423 Ioan.

2139 4436 2253 4506 (71)
2291 4435 2592 4506 ltaAognncs
2624 4452 2754 4490 mss.
2789 4435 2981 4492 nostri.
3030 4438 3167 4491 Editi
3196 4454 3325 4491 vero
3354 4440 3655 4506 omittunt,

2071 4503 2525 4559 PAMPHILUS.
2558 4505 2689 4558 Item
2720 4508 2772 4559 in
2797 4510 2908 4576 ipso
2938 4508 3069 4561 libro
3090 4548 3105 4572 ,
3136 4507 3541 4564 ORIGENES.
3584 4503 3659 4566 Et

1994 4553 2037 4607 θ
2067 4577 2262 4628 deinde
2320 4577 2556 4646 habent,
2613 4592 2747 4629 unus
2797 4553 2919 4646 errgo
2977 4553 3125 4646 ttesz
3173 4580 3311 4633 Deus
3362 4582 3505 4633 solus
3556 4553 3660 4633 ha:

2070 4646 2182 4707 bet,
2211 4656 2313 4697 etc.
2348 4645 2517 4698 Paulo
2556 4657 2677 4714 post
2708 4662 2837 4700 mss.
2856 4642 2995 4714 'alii,
3037 4642 3181 4702 Unus
3211 4661 3257 4700 et
3294 4667 3443 4703 verus
3475 4651 3656 4714 Deus;

2068 4715 2182 4837 aDlii,
2216 4714 2395 4780 Unus,
2438 4716 2547 4781 ait,
2592 4733 2741 4770 verus
2775 4717 2953 4784 Deus;
2997 4720 3158 4784 alius,
3200 4718 3349 4773 Unus
3393 4731 3448 4772 ut
3498 4738 3658 4775 verus

2121 4801 2233 4837 eus.

2121 4801 2233 4837 eus.

2138 4854 2261 4975 (I72)
2314 4854 2514 4912 Omnes
2567 4871 2730 4921 mss.,
2779 4856 3094 4912 clamamus.
3160 4858 3336 4925 Editi,
3388 4858 3653 4926 clamant,

2144 4947 2153 4974 ι
2183 4942 2230 4975 e.

2069 4940 2230 4977 ηὶέιΙιξ.

2141 4996 2252 5066 (73)
2293 4995 2454 5068 Editi,
2484 4997 2693 5050 habent.
2735 4996 2842 5051 Sed
2886 5012 3075 5051 omnes
3123 5014 3278 5062 mss.,
3313 5010 3655 5068 acceperunt.

2072 5064 2271 5120 Deinde
2292 5067 2437 5137 gediti
2491 5077 2542 5121 et
2576 5083 2673 5121 ms.
2706 5083 2862 5129 unus,
2891 5070 2978 5135 qui
3020 5070 3137 5121 licet
3180 5087 3281 5123 non
3323 5087 3388 5122 ea:
3426 5064 3651 5137 sangui-

2070 5137 2238 5207 nibus.
2290 5134 2457 5190 Paulo
2505 5149 2627 5207 post
2672 5154 2800 5193 mss.
2852 5134 3123 5207 plerique,
3162 5151 3217 5193 et
3254 5142 3417 5205 editi,
3462 5134 3553 5193 sed
3586 5159 3660 5195 ea:

2068 5204 2179 5257 Deo
2214 5208 2325 5258 nati
2354 5217 2493 5259 sunt.

2140 5274 2251 5347 (7i?)
2296 5279 2367 5347 ita
2408 5278 2556 5337 edili,
2587 5285 2641 5330 et
2685 5278 2763 5331 sic
2795 5277 3076 5347 legendum
3129 5278 3357 5333 videtur.
3401 5278 3533 5333 Mss.
3569 5291 3660 5332 ta-

2070 5360 2191 5397 men
2226 5346 2444 5409 habent,
2475 5350 2642 5410 usius,
2668 5347 2717 5398 id
2747 5346 2861 5411 est,
2883 5349 3080 5409 οὑσὶος.
3110 5347 3205 5400 Ms.
3236 5348 3461 5416 Regius,
3490 5368 3654 5405 unus.

2072 5416 2428 5485 Deimleiediti
2460 5424 2713 5468 omittunt
2744 5431 2913 5469 autem
2953 5429 3068 5485 post
3098 5420 3321 5470 alienus.

2140 5485 2251 5555 (75)
2282 5484 2356 5537 Ex
2381 5485 2669 5539 Comment.
2694 5488 2749 5540 in
2779 5484 3038 5555 epam:
3069 5487 3335 5541 llebrcaos.
3364 5488 3462 5545 Ms.
3484 5506 3651 5553 unus,

2072 5553 2457 5623 Interrogemus
2510 5559 2687 5623 igitur,
2732 5553 2836 5610 etv.
2879 5558 3043 5611 Paulo
3089 5570 3205 5626 post
3247 5560 3382 5612 alter
3436 5577 3561 5617 ms..
3591 5564 3655 5613 in

2072 5626 2426 5695 (nereditatem
2473 5642 2655 5693 cupere
2678 5644 2879 5679 omnem
2916 5631 3284 5695 principatum,
3316 5642 3425 5682 etc.
3460 5630 3653 5683 Codex

2073 5694 2294 5761 Regius,
2340 5696 2698 5747 Itwredttatem
2749 5694 2930 5763 cupere
2957 5694 3187 5750 omnium
3222 5699 3651 5768 principatum",

2069 5776 2116 5816 et
2145 5769 2380 5817 omnium
2410 5776 2740 5830 uotestatum,
2769 5777 2817 5817 et
2846 5769 3116 5824 virtutum.
3141 5770 3248 5824 Sed
3291 5771 3476 5826 czeteri
3510 5786 3648 5825 ωδε.

2072 5847 2125 5889 ct
2158 5836 2284 5889 editi
2319 5838 2454 5889 utin
2494 5850 2677 5891 nostro
2722 5847 2889 5892 textu.
