3870 6220
256 307 353 363 581

1426 303 1767 360 APOLOGIA
1834 302 1971 356 PRO
2024 302 2348 382 ORIGENE.

3402 305 3507 361 582

255 432 467 495 poterat
522 422 634 478 sola
683 424 925 478 humana
985 431 1180 477 natura
1236 423 1370 478 nihil
1421 424 1472 477 in
1518 440 1578 478 se
1619 425 1823 478 habens
1855 430 1899 483 Α
1998 421 2262 490 Superest
2308 430 2366 476 ut
2408 429 2462 477 et
2493 423 2746 477 secundae
2779 421 3150 478 criminationi
3203 421 3362 476 illatae
3403 423 3504 477 sibi

253 518 533 582 eximium,
581 532 755 587 neque
803 517 1003 588 aliquid
1040 519 1235 572 divina:
1269 518 1609 579 substantiae,
1658 517 1827 571 luere-

254 607 475 660 ditatem
513 621 706 676 capere
730 621 945 661 onmem
986 607 1371 676 principatum,
1401 616 1456 661 et
1484 620 1698 659 omnem
1732 620 1827 674 po-

254 704 529 760 testatem,
557 705 611 749 et
650 696 928 762 virtutem,
974 706 1029 751 et
1072 696 1155 749 his
1183 696 1434 749 omnibus
1477 694 1722 764 prtel‘erri
1763 709 1826 748 ae

253 787 495 856 praeponi
542 799 571 838 a
606 785 787 839 Patre.
819 784 970 840 Unde
1005 795 1210 839 rectum
1245 785 1460 838 videtur
1507 784 1649 853 quod
1692 798 1826 849 prae-

254 877 489 933 stantior
533 892 653 931 esse
691 878 883 931 debeat
916 877 961 931 is
1009 877 1102 947 qui
1155 877 1525 930 haereditatem
1575 876 1737 944 capit,
1772 883 1824 928 et

255 984 453 1040 genere
498 969 703 1038 utique,
746 978 801 1023 et
852 969 1051 1038 specie,
1096 976 1150 1021 et
1184 967 1510 1028 substantia,
1556 974 1610 1020 et
1649 965 1826 1020 subsi-

254 1063 455 1116 stentia
484 1062 569 1116 vel
603 1072 817 1127 natura,
848 1073 1010 1130 atque
1039 1062 1290 1115 omnibus
1320 1058 1623 1129 quibusque
1651 1058 1823 1113 modis

252 1153 414 1208 debet
442 1169 561 1208 esse
591 1154 948 1223 praestantior.
976 1172 994 1205 ι

328 1246 653 1302 ΡΛιιριιιιυε.
693 1247 755 1300 Ει
785 1256 905 1314 post
939 1262 1110 1314 pauca
1144 1246 1198 1300 in
1229 1248 1417 1300 eodem
1449 1244 1589 1300 libro
1630 1263 1645 1299 :

324 1339 612 1394 ORIGENES.
651 1357 667 1389 ι
700 1339 830 1392 Cum
871 1349 1054 1393 autem
1088 1338 1378 1391 discutitur
1419 1337 1521 1390 hoc
1551 1335 1693 1404 quod
1742 1334 1817 1388 di-

251 1439 397 1483 ctum
438 1441 520 1485 est
548 1430 613 1483 de
654 1429 788 1483 Filio
825 1429 940 1492 Dei,
970 1431 1111 1497 quod
1143 1430 1213 1483 sit
1250 1427 1495 1493 splendor
1536 1429 1718 1497 gloria!
1747 1428 1817 1493 ⁷⁸,

253 1524 561 1576 necessario
588 1521 796 1575 videtur
845 1521 1003 1575 simul
1035 1520 1406 1575 disseremlum
1436 1528 1489 1573 et
1519 1520 1645 1573 illud
1678 1521 1818 1590 quod

251 1614 457 1667 dictum
510 1621 623 1678 est,
672 1628 777 1666 non
832 1611 1004 1665 solum
1061 1611 1187 1679 quia
1254 1610 1499 1675 splendor
1554 1620 1631 1663 est
1682 1610 1818 1665 lucis

252 1713 466 1759 a'ternte
492 1705 582 1767 π’,
612 1705 703 1757 sed
730 1711 785 1757 et
817 1704 956 1771 quod
989 1703 1112 1756 huic
1143 1701 1319 1756 simile
1345 1703 1395 1754 in
1421 1700 1697 1770 Sapientia
1728 1702 1819 1756 Sa-

1935 515 2003 567 ab
2037 514 2465 577 accusatoribus,
2506 529 2601 583 per
2631 529 2729 567 nos
2763 515 2982 583 quidem
3015 513 3237 582 prolatis
3270 515 3362 568 sed
3394 516 3509 570 suis

1934 606 2112 660 verbis
2144 608 2256 673 ipse
2289 606 2627 673 respondeat,
2673 605 2881 659 duobus
2922 604 3006 659 vel
3055 605 3228 659 tribus
3265 605 3509 659 testimo-

1935 698 2042 751 niis
2085 697 2366 761 adhibitis,
2398 697 2594 765 quibus
2636 711 2845 765 a‘quum
2879 704 2962 751 est
2993 697 3291 751 secundum
3331 698 3505 768 legem

1934 799 2172 844 nostram
2204 803 2368 842 omne
2406 789 2626 842 verbum
2655 797 2804 842 stare
2831 787 2919 844 π’.

2125 894 2407 934 RESPONSIO
2444 897 2512 934 AD
2552 896 2825 935 δεευΝιιΑιί
2859 895 3309 936 ΟΒΙἋΙΝΑΤΙΟΝΕΜ.

1933 990 2085 1057 Quod
2116 1008 2217 1045 non
2251 1008 2341 1058 per
2380 993 2729 1059 prolationem
2763 1004 2946 1046 natum
2979 994 3119 1046 dicat
3148 1011 3260 1048 esse
3302 992 3505 1048 Filium

2174 1061 2265 1115 Dei
2302 1064 2584 1115 secundum
2627 1062 2885 1117 Valentini
2923 1064 3264 1131 impietatem.

1999 1150 2287 1209 ORIGENES.
2323 1153 2436 1226 ('78)
2487 1172 2504 1205 ι
2540 1155 2651 1225 Ego
2687 1155 2925 1209 arbitror
2952 1156 3095 1225 quod
3135 1154 3382 1212 suﬂicere
3410 1156 3507 1211 de-

1928 1244 2053 1297 beat
2099 1244 2348 1299 voluntas
2399 1246 2572 1300 Patris
2622 1247 2687 1299 ad
2739 1246 3142 1301 subsistendum
3211 1247 3313 1301 hoc
3358 1248 3504 1317 quod

1928 1334 2041 1387 vult
2096 1334 2277 1389 Pater.
2328 1336 2527 1390 Volens
2581 1337 2727 1389 enim
2800 1352 2904 1389 non
2966 1336 3070 1390 alia
3130 1337 3213 1390 via
3293 1339 3504 1403 utitur,

1929 1426 2038 1497 (79)
2094 1427 2197 1481 nisi
2251 1443 2370 1497 quae
2424 1428 2656 1482 consilio
2711 1428 3008 1483 voluntatis
3070 1428 3368 1498 profertur.
3423 1428 3505 1484 Ita

1925 1533 2055 1585 ergo
2099 1528 2153 1572 et
2212 1519 2281 1573 ab
2311 1536 2374 1573 eo
2412 1520 2533 1574 Filii
2589 1521 2936 1574 subsistentia
2987 1531 3316 1589 generatur:
3360 1522 3505 1590 quod

1927 1625 2151 1665 necesse
2180 1620 2262 1665 est
2306 1612 2357 1664 in
2405 1611 2595 1680 primis
2642 1611 2841 1679 suscipi
2883 1613 2950 1665 ab
2983 1612 3065 1665 his
3110 1612 3201 1681 qui
3249 1612 3383 1666 nihil
3420 1616 3506 1667 in-

1933 1702 2204 1767 genitum.
2256 1702 2309 1756 id
2374 1710 2457 1757 est
2524 1704 2800 1767 innatum,
2860 1712 3056 1773 praeter
3108 1704 3281 1757 solum
3337 1706 3502 1759 Deum

250 1792 483 1847 lomonis
535 1795 790 1857 refertur,
842 1793 895 1846 in
941 1807 1047 1861 qua
1070 1856 1077 1861 ι
1103 1793 1333 1860 seipsam
1394 1790 1675 1860 Sapientia
1722 1792 1816 1847 de-
1857 1788 1898 1843 Β
1935 1789 2148 1844 Patrem
2180 1792 2437 1849 fatentur.
2474 1791 2880 1848 Observandum
2914 1809 3144 1864 namque
3173 1805 3254 1849 est
3283 1811 3350 1849 ne
3386 1796 3505 1864 quis

250 1887 445 1941 scribit
499 1887 736 1940 dicens:
797 1882 1091 1953 Vapor'est
1146 1885 1283 1937 enim
1336 1881 1542 1936 uirtutis
1596 1883 1722 1951 Dei,
1772 1893 1823 1939 et

248 1980 523 2047 aporrltaea
550 1976 730 2047 gloria:
760 1974 1140 2044 Omnipotentis
1173 1974 1459 2041 purissima
1485 1974 1554 2030 ⁷³.
1585 1992 1603 2025 ι

326 2069 649 2124 PsurntLus.
681 2069 749 2121 Et
784 2077 901 2137 post
940 2066 1215 2135 aliquanta
1243 2084 1256 2119 :

326 2161 614 2216 Omoenss.
657 2179 675 2211 ι
706 2160 929 2228 Oportet
977 2169 1152 2212 autem
1203 2160 1346 2215 scire
1403 2174 1503 2214 nos
1553 2159 1676 2228 quia
1729 2175 1825 2228 per

253 2252 545 2308 ineffabilia
598 2254 840 2321 quzedam
892 2262 946 2306 et
995 2263 1201 2306 secreta
1258 2267 1321 2305 ac
1373 2252 1653 2306 recondita
1706 2250 1821 2323 (76)

251 2347 540 2415 quemdam
602 2345 817 2399 modum
869 2345 971 2399 sibi
1034 2343 1239 2398 faciens
1302 2344 1582 2413 Scriptura
1634 2355 1822 2398 sancta

252 2419 479 2490 conatur
519 2437 824 2491 hominibus
863 2436 1103 2490 indicare
1136 2445 1190 2489 et
1238 2435 1569 2489 intellectum
1624 2451 1824 2507 sugge-

251 2544 373 2584 rere
416 2529 692 2585 subtilem.
726 2529 947 2597 Vaporis
977 2529 1119 2581 enim
1156 2542 1350 2581 nomen
1386 2528 1669 2591 inducens,
1717 2528 1822 2591 hoc

250 2622 375 2676 ideo
416 2623 482 2674 de
530 2621 686 2675 rebus
734 2620 1105 2689 corporalibus
1144 2621 1465 2688 assumpsit,
1517 2629 1575 2673 ut
1624 2620 1705 2675 vel
1755 2636 1821 2674 ex

249 2722 405 2782 terte
452 2712 630 2779 aliqua
685 2712 986 2781 intelligere
1039 2713 1309 2780 possimus
1355 2712 1625 2780 quomodo
1666 2711 1823 2766 Chri-

245 2814 383 2867 stus,
409 2804 499 2873 qui
531 2812 612 2858 est
643 2804 937 2872 Sapientia,
969 2804 1259 2857 secundum
1289 2804 1690 2858 similitudinem
1709 2804 1823 2871 ejus

248 2894 470 2964 vaporis
506 2894 595 2963 qui
646 2894 710 2947 de
772 2894 1068 2947 substantia
1108 2892 1283 2961 aliqua
1326 2909 1584 2963 corporea
1636 2909 1821 2963 proce-

249 2989 358 3051 dit,
424 2989 502 3041 sie
556 2987 715 3040 etiam
777 2985 889 3053 ipse
952 2995 1012 3038 ut
1048 2986 1263 3053 quidam
1333 3000 1500 3054 vapor
1560 2985 1674 3056 ('77)
1727 3002 1823 3040 ex-

244 3079 424 3131 oritur
450 3079 514 3131 tle
547 3077 739 3130 virtute
770 3077 938 3144 ipsius
987 3075 1081 3129 Dei
1112 3093 1124 3128 :
1161 3076 1239 3129 sic
1266 3086 1318 3129 et
1352 3076 1626 3145 Sapientia
1659 3092 1725 3130 ex
1756 3092 1820 3131 eo

1937 1881 2179 1938 incurrat
2215 1885 2267 1936 in
2309 1884 2427 1937 illas
2475 1884 2740 1938 absurdas
2776 1883 2983 1939 fabulas
3016 1900 3201 1938 eorum
3235 1886 3326 1955 qui
3377 1902 3505 1956 pro.

1926 1973 2166 2028 lationes
2194 1975 2455 2044 quasdam
2505 1974 2606 2029 sibi
2632 1976 2762 2044 ipsis
2809 1977 3125 2046 depingunt,
3173 1986 3231 2030 ut
3264 1977 3503 2034 divinam

1928 2076 2176 2119 naturam
2219 2067 2269 2119 in
2304 2076 2483 2135 partes
2520 2076 2731 2129 vocent,
2764 2076 2816 2121 et
2845 2067 3009 2120 Deum
3044 2067 3281 2133 Patrem,
3331 2085 3505 2138 quatt-

1925 2168 2034 2211 tum
2078 2159 2129 2211 in
2179 2174 2236 2211 se
2284 2166 2398 2220 est,
2448 2159 2726 2224 dividant,
2770 2174 2891 2212 cum
2929 2159 3032 2213 hoc
3064 2159 3131 2212 de
3180 2161 3505 2229 incorporea

1923 2260 2111 2304 natura
2166 2251 2247 2303 vel
2298 2251 2490 2306 leviter
2544 2251 2807 2318 suspicari
2857 2267 2963 2304 non
3022 2250 3196 2305 solum
3246 2264 3505 2307 extremae

1924 2342 2217 2409 impietatis
2249 2344 2337 2405 sit,
2374 2358 2557 2396 verum
2592 2343 2754 2395 etiam
2792 2342 2994 2396 ultimae
3025 2342 3369 2413 insipientiaa,
3403 2360 3503 2400 nec

1923 2435 2143 2487 omnino
2185 2433 2265 2486 vel
2316 2434 2381 2486 ad
2426 2431 2835 2497 intelligentiam
2884 2448 3261 2502 consequens,
3308 2445 3366 2489 ut
3415 2437 3503 2490 in--

1924 2539 2200 2592 corporea:
2260 2534 2467 2577 natura:
2517 2523 2890 2577 substantialis
2940 2524 3133 2579 divisio
3196 2527 3368 2594 possit
3416 2528 3502 2581 in-

1928 2615 2117 2686 telligi.
2150 2614 2319 2683 Magis
2351 2631 2479 2685 ergo
2506 2617 2645 2669 sicut
2683 2614 2928 2667 voluntas
2971 2616 3214 2684 procedit
3238 2630 3268 2670 e
3302 2626 3502 2683 mente,

1923 2717 1977 2763 et
2009 2722 2182 2775 neque
2229 2718 2440 2777 partem
2487 2708 2722 2775 aliquam
2771 2707 2971 2761 mentis
3015 2716 3189 2773 secat,
3229 2723 3404 2778 neque
3436 2710 3504 2764 ab

1921 2814 1982 2854 ea
2015 2809 2306 2866 separatur
2333 2809 2427 2851 aut
2458 2798 2739 2860 dividitur,
2775 2796 2864 2849 tali
2911 2798 3143 2866 quadam
3177 2799 3358 2867 specie
3409 2816 3502 2870 pu-

1926 2890 2117 2945 tandus
2161 2901 2245 2943 est
2290 2889 2451 2943 Pater
2498 2886 2699 2941 Filium
2752 2892 3032 2958 genuisse,
3081 2889 3365 2960 imaginem
3399 2894 3502 2946 sci-

1924 2982 2051 3037 licet
2092 2997 2244 3036 suam
2277 3001 2289 3034 :
2326 2990 2382 3033 ut
2419 2982 2561 3034 sicut
2598 2980 2709 3049 ipse
2753 2988 2836 3033 est
2881 2980 3166 3036 invisibilis
3196 2997 3292 3051 per
3338 2992 3496 3037 natu-

1925 3088 2061 3137 ram,
2108 3075 2181 3126 ita
2240 3073 2530 3143 imaginem
2583 3087 2796 3139 quoque
2849 3070 3171 3126 invisibilem
3225 3076 3495 3143 genuerit.

246 3168 565 3236 procedens,
612 3180 678 3219 ex
730 3165 847 3234 ipsa
894 3163 1193 3218 substantia
1236 3165 1326 3218 Dei
1382 3174 1709 3234 generatur:
1745 3166 1821 3221 sie
1849 3172 1890 3228 C
1927 3164 2162 3219 Verbum
2210 3165 2354 3219 enim
2387 3174 2469 3219 est
2498 3164 2688 3227 Filius,
2724 3171 2776 3215 et
2822 3163 2941 3216 ideo
2973 3163 3103 3217 nihil
3142 3164 3194 3218 in
3229 3180 3293 3219 eo
3321 3168 3498 3221 sensi-

245 3258 596 3312 nihilominus
626 3266 679 3312 et
721 3257 1017 3312 secundum
1065 3256 1467 3311 similitudinem
1522 3258 1817 3327 corporalis

245 3352 583 3418 aporrbeaze,
628 3350 985 3405 esse‘dicitur
1034 3350 1321 3418 aporrboea
1376 3350 1561 3417 gloriae
1630 3348 1818 3403 Omni-

243 3445 479 3513 potentis
529 3458 659 3512 pura
713 3442 956 3510 quaedam
1009 3451 1063 3497 et
1110 3442 1344 3496 sincera.
1394 3440 1523 3506 Quae
1573 3449 1817 3510 utrasque

244 3534 629 3588 similitudines
678 3533 1112 3587 manifestissime
1142 3534 1436 3586 ostendunt
1475 3533 1813 3587 communio-

244 3641 368 3679 nem
402 3626 716 3680 substantia:
756 3640 873 3679 esse
919 3625 1056 3679 Filio
1106 3640 1227 3679 cum
1285 3622 1465 3678 Patre.
1515 3623 1812 3693 Aporrhtea

242 3720 386 3772 enim
432 3717 713 3788 ὁμοούσιος
747 3719 979 3783 videtur,
1032 3717 1082 3771 id
1131 3727 1234 3779 est,
1293 3718 1454 3770 unius
1500 3718 1814 3789 substantiae

241 3826 367 3865 cum
422 3811 511 3865 illo
561 3824 788 3879 corpore
836 3824 899 3864 ex
945 3824 1051 3879 quo
1100 3816 1184 3863 est
1232 3807 1316 3862 vel
1367 3808 1676 3877 aporrhma,
1725 3808 1811 3865 vel

240 3916 430 3970 Vapor.

314 3993 639 4048 PAMPHILUS.
677 3992 819 4045 Satis
870 3989 1171 4052 manifeste,
1220 3997 1280 4042 ut
1316 3989 1528 4058 opinor,
1560 3998 1614 4043 et
1656 3991 1812 4046 valde

236 4085 515 4141 evidenter
556 4094 828 4138 ostensum
868 4094 977 4147 est,
1027 4082 1168 4150 quod
1212 4080 1405 4135 Filium
1454 4080 1543 4133 Dei
1594 4081 1659 4133 de
1696 4083 1808 4151 ipsa

242 4178 337 4232 Dei
389 4175 691 4230 substantia
745 4183 931 4227 natum
983 4172 1215 4234 dixerit,
1269 4171 1319 4224 id
1356 4181 1458 4234 est,
1498 4172 1805 4242 ὁμοούσιον,

237 4268 384 4335 quod
429 4278 532 4329 est,
565 4266 804 4333 ejusdem
836 4280 956 4317 eum
993 4263 1153 4317 Patre
1199 4265 1548 4329 substantiae;
1601 4277 1655 4318 et
1702 4281 1806 4319 non

237 4374 363 4413 esse
402 4368 727 4423 creaturam,
761 4373 933 4423 neque
973 4370 1069 4425 per
1095 4356 1461 4423 adoptionem,
1493 4358 1586 4411 sed
1617 4366 1805 4411 natura

236 4452 432 4507 Filium
469 4466 673 4515 verum,
698 4466 763 4505 ex
790 4450 905 4519 ipso
939 4448 1096 4502 Patre
1127 4458 1466 4518 generatum.

311 4589 354 4622 ’δ
394 4588 556 4645 Hebr.
584 4605 620 4655 ι,
653 4589 705 4643 5.
779 4589 846 4621 ἠ’
888 4590 1012 4658 Sap.
1041 4603 1134 4652 vn,
1168 4586 1256 4641 26.
1333 4587 1377 4618 ⁷³
1420 4587 1549 4641 ibid.
1579 4587 1669 4641 25.

310 4707 422 4777 (76)
464 4707 635 4766 Editi,
671 4707 1053 4775 quodammodo
1090 4707 1190 4759 vim
1238 4706 1338 4759 sibi
1396 4706 1592 4772 faciens
1616 4747 1627 4758 .
1652 4744 1667 4760 .
1692 4744 1707 4758 .

234 4780 553 4833 intellectum
585 4793 760 4846 gerere
790 4778 1028 4829 subtilem
1060 4778 1265 4843 vaporis
1298 4793 1481 4829 nomen
1525 4777 1794 4829 inducens.

235 4848 391 4913 Quod
435 4848 552 4900 ideo
603 4849 665 4901 de
718 4849 866 4899 rebus
916 4847 1271 4914 corporalibus
1323 4847 1635 4911 assumpsit,
1690 4857 1797 4903 etc.

232 4923 435 4974 Omnes
470 4932 595 4970 mss.
628 4918 816 4977 nostri,
846 4920 1118 4982 quemdam
1157 4923 1364 4969 modum
1398 4916 1495 4967 sibi
1526 4916 1794 4982 faciens...

231 5002 280 5043 et
318 4989 632 5039 intellectum
664 5003 838 5055 gerere
868 4986 1129 5055 subtilem.
1177 4984 1392 5053 Vaporis
1424 4986 1562 5037 enim
1613 5002 1799 5038 nomen

231 5061 483 5114 inducens
528 5056 619 5126 [aL
668 5054 880 5126 ducens]
936 5056 1073 5123 quod
1124 5057 1238 5107 ideo
1284 5057 1348 5107 de
1398 5057 1549 5107 rebus
1595 5072 1799 5107 assum-

230 5132 358 5196 psit,
390 5137 494 5178 etc.
538 5126 646 5179 Sed
684 5128 820 5193 quod
859 5130 1066 5177 videtur
1097 5128 1322 5193 positum
1360 5142 1460 5194 pro
1502 5126 1616 5196 hoc,
1638 5136 1700 5196 et
1732 5127 1800 5177 ita

231 5195 377 5252 hunc
422 5196 595 5247 locum
634 5197 1021 5249 restituendum
1072 5198 1379 5249 censuimus
1408 5196 1473 5247 ad
1506 5195 1800 5261 planiorem

230 5266 657 5327 intelligentiam.

304 5335 417 5403 (77)
460 5335 529 5386 lta
564 5347 707 5389 recte
741 5334 893 5390 editi.
928 5334 1053 5387 Mss.
1084 5350 1209 5387 vero
1245 5334 1433 5397 nostri,
1466 5333 1576 5395 alii,
1604 5332 1804 5385 exscri-

232 5410 406 5467 bitur;
450 5405 573 5471 alii,
617 5405 949 5473 exprimitur.
997 5405 1159 5457 Paulo
1200 5414 1321 5471 post
1369 5420 1494 5455 mss.
1538 5404 1798 5471 plerique,

233 5480 517 5531 secundum
570 5476 966 5528 similitudinem
1022 5475 1307 5538 corporalis
1369 5473 1639 5541 aporrltoca
1694 5488 1803 5525 esse

234 5548 425 5599 dicitur
452 5546 742 5609 aporrluea,
772 5557 875 5599 etc.
907 5544 1012 5598 Sed
1040 5545 1237 5598 rectius
1268 5559 1370 5597 ms.
1430 5558 1565 5595 unus
1592 5553 1645 5596 et
1672 5543 1802 5598 editi

234 5629 289 5671 at
323 5620 375 5669 in
412 5624 581 5667 textu.

304 5686 416 5755 (78)
466 5687 536 5755 Ex
572 5686 693 5739 libr.
724 5700 739 5739 ι
772 5683 845 5737 De
873 5685 1120 5751 princip.,
1153 5700 1271 5753 cap.
1301 5683 1358 5745 2,
1394 5698 1541 5736 num.
1570 5680 1622 5755 6.

305 5752 416 5828 (79)
456 5754 547 5811 Sic
575 5757 724 5821 editi,
751 5766 804 5811 et
835 5771 963 5810 mss.
991 5752 1253 5826 plerique.
1284 5757 1406 5809 Mss.
1442 5768 1567 5808 vero
1599 5752 1797 5823 [legitis

1745 4589 1812 4619 ⁷³·
1852 4588 1895 4642 ll
1930 4588 2056 4645 Cor.
2079 4604 2198 4651 χιιι,
2229 4589 2280 4642 l.

1750 4717 1796 4758 et
1831 4712 1874 4766 D
1905 4718 1957 4761 et
1986 4707 2328 4762 Corbeiensis
2349 4750 2364 4777 ,
2408 4708 2514 4761 nisi
2546 4708 2672 4777 quia
2706 4707 2797 4779 [ιιι.
2829 4707 2956 4778 qua]
2992 4708 3209 4762 consilio
3243 4706 3487 4762 voluntas

1921 3257 2029 3312 bile
2082 3258 2486 3326 intelligendum
2529 3264 2630 3311 est.
2684 3253 2964 3322 Sapientia
3010 3262 3127 3319 est,
3181 3264 3237 3308 et
3288 3254 3341 3309 in
3392 3256 3501 3309 Sa-

1918 3349 2124 3419 pientia
2171 3348 2303 3402 nihil
2346 3360 2665 3416 corporeum
2713 3345 3100 3412 suspicandum
3146 3352 3252 3398 est.
3296 3343 3498 3399 Lumen

1915 3450 2001 3496 est
2046 3457 2221 3495 verum
2259 3440 2398 3506 quod
2432 3438 2695 3491 illuminat
2732 3452 2939 3489 omnem
2977 3436 3236 3489 hominem
3280 3438 3496 3492 venien-

1916 3541 2016 3585 tem
2056 3533 2111 3585 in
2150 3534 2288 3585 hunc
2329 3531 2583 3583 mundum
2608 3527 2674 3592 ⁷⁸,
2709 3525 2801 3581 sed
2834 3525 2965 3579 nihil
3002 3526 3163 3580 habet
3205 3541 3496 3583 commune

1916 3626 1979 3678 ad
2008 3623 2145 3678 solis
2191 3623 2350 3691 hujus
2376 3622 2576 3675 lumen.
2616 3638 2635 3672 ι

1980 3714 2308 3771 PAMPHILUS.
2357 3713 2432 3768 De
2478 3713 2564 3767 his
2627 3710 2757 3781 ipsis
2802 3722 2870 3764 ex
2912 3719 3107 3779 quarto
3153 3708 3294 3765 libro
3352 3709 3495 3780 Περὶ

1913 3805 2134 3875 ἀρχῶν.

1981 3894 2136 3951 Ome.
2196 3913 2214 3947 ι
2260 3894 2493 3965 Tempus
2546 3902 2631 3949 est
2807 3889 2942 3960 (80)
3006 3890 3145 3961 Ὥρα
3219 3892 3494 3947 ἐπαναλα-

1911 3988 2154 4042 decursis
2185 3987 2271 4041 bis
2313 4003 2433 4056 qua:
2462 3986 2529 4040 de
2559 3986 2663 4039 Pa-
2727 3985 2895 4055 ,δόντα
2938 3987 3064 4057 περὶ
3104 3988 3351 4058 Πατρὸς,
3400 3989 3495 4041 καὶ

1909 4090 1992 4137 tre
2037 4092 2092 4138 et
2152 4082 2292 4136 Filio
2339 4093 2393 4136 et
2456 4080 2667 4149 Spiritu
2738 4080 2898 4145 Υἱοῦ,
2955 4082 3050 4135 καί
3110 4082 3266 4151 ἁγίου
3325 4082 3494 4135 liveli-

1909 4182 2097 4226 sancto
2160 4172 2547 4236 disseruimus,
2595 4172 2671 4226 de
2736 4193 2933 4240 uazog,
2988 4176 3137 4245 ὀλίγα
3204 4176 3309 4231 τῶν
3371 4177 3492 4231 τότε

1910 4269 2012 4322 illis
2041 4284 2253 4337 quoque
2287 4284 2406 4337 quae
2434 4283 2463 4319 a
2506 4268 2660 4322 nobis
2736 4268 3250 4338 παραλελειμμένων
3288 4269 3491 4335 διεξελ-

1909 4362 2093 4415 relicta
2178 4363 2426 4423 fuerant,
2490 4376 2659 4429 pauca
2733 4363 2844 4415 Θεῖν
2911 4365 3038 4433 περὶ
3120 4364 3331 4433 Πατρὸς
3413 4363 3491 4429 ὡς

1908 4464 2170 4522 repetere.
2195 4454 2331 4507 Deus
2355 4452 2514 4506 Pater
2539 4468 2660 4506 eum
2733 4454 3034 4525 ἀδιαίρετος
3075 4452 3150 4508 ὢν
3213 4455 3308 4508 καὶ
3362 4454 3492 4524 ἀμέ-

2355 4588 2403 4619 ⁷⁶
2439 4586 2594 4645 Joan.
2627 4605 2666 4655 ι,
2700 4589 2750 4645 9.

1904 4783 2194 4847 profertur.

1904 4846 1911 4875 ‘7
1977 4848 2087 4914 (80)
2130 4848 2208 4901 Ex
2246 4846 2338 4902 lib.
2365 4864 2417 4901 Iv
2448 4846 2523 4900 De
2563 4848 2810 4915 princip.,
2836 4863 2981 4901 num.
3013 4846 3325 4914 28.-”Ωρα
3340 4847 3486 4901 ἐπα-

1904 4918 2265 4985 ναλαγόντα,
2293 4929 2400 4974 etc.
2427 4917 2610 4970 Graeca
2664 4919 2774 4971 lia-c
2812 4920 3090 4986 desumpta
3126 4929 3249 4969 sunt
3289 4933 3318 4970 e
3349 4916 3488 4972 libro

1906 4992 2080 5054 primo
2134 4988 2347 5041 Eusebii
2405 5000 2587 5041 contra
2637 4987 2942 5040 Illarcellum
2993 4992 3329 5056 Ancyranttm
3366 5027 3384 5053 ,
3430 4996 3487 5042 et

1909 5058 2150 5125 quaedam
2197 5060 2261 5108 de
2295 5073 2391 5111 suo
2441 5058 2713 5110 addidisse
2744 5059 2955 5110 videtur
2988 5058 3037 5109 in
3074 5072 3168 5109 sna
3218 5059 3486 5124 interpre-

1912 5129 2115 5179 tatione
2149 5126 2374 5181 Ruﬁnus
2415 5137 2599 5179 contra
2634 5128 2881 5179 Arianos.
2916 5126 3046 5180 Vide
3075 5128 3482 5180 observationes

1911 5207 2126 5250 nostras
2176 5199 2227 5248 in
2267 5200 2406 5251 bnne
2457 5198 2631 5249 locum
2670 5197 2805 5248 libro
2852 5212 2901 5249 tv
2934 5196 3008 5248 De
3046 5197 3293 5261 princip..
3328 5213 3476 5251 num.

1907 5266 2001 5329 27,
2028 5280 2082 5319 et
2111 5265 2480 5335 Origenianor.
2532 5267 2621 5319 lib.
2655 5282 2712 5322 ll,
2743 5276 2931 5333 qnmst.
2957 5267 3010 5326 2,
3044 5282 3188 5318 ιιυιιι.
3216 5266 3305 5319 ‘25.
3335 5266 3479 5319 Libri

1911 5335 1986 5388 De
2035 5337 2301 5403 principiis
2338 5337 2537 5390 habent
2581 5355 2594 5389 :
2634 5336 2853 5403 Tempus
2899 5347 3073 5388 autem
3119 5348 3191 5387 est
3230 5339 3345 5403 jam
3392 5342 3480 5389 de-

1908 5408 2075 5458 cursis
2110 5406 2207 5467 Itis,
2249 5418 2401 5475 prout
2450 5408 2747 5474 potuimus,
2784 5423 2898 5470 qua:
2931 5422 3088 5468 supra
3135 5409 3273 5457 dicta
3320 5413 3476 5466 sunt,

1908 5492 2044 5529 nunc
2085 5478 2499 5528 commonitionis
2534 5480 2704 5544 gratia
2739 5492 2915 5526 eorum
2967 5491 3084 5543 qute
3124 5475 3349 5541 sparsim
3395 5475 3478 5524 di-

1904 5548 2098 5605 ximus,
2154 5547 2499 5611 recapitulure
2545 5545 2783 5613 singula,
2832 5556 2876 5597 et
2922 5549 3089 5613 primo
3138 5544 3478 5613 omnium_de

1905 5613 2089 5679 Patre,
2118 5624 2165 5667 et
2202 5610 2345 5666 Filio
2371 5624 2420 5667 et
2473 5610 2677 5683 Spiritu"
2702 5626 2883 5668 sancto
2921 5610 3164 5683 repetere.
3198 5610 3477 5666 Deus-Pa-

1903 5698 1999 5752 ter,
2028 5698 2156 5748 etc.,
2189 5694 2244 5738 ut
2281 5686 2333 5739 in
2369 5696 2535 5740 textu.
