3840 6222
418 341 522 396 583

416 471 463 516 et
499 458 782 514 invisibilis
818 459 914 524 sit,
942 468 998 513 et
1027 458 1174 513 inse-

415 552 675 621 parabilis
697 570 724 605 a
752 551 911 614 Filio.
942 567 1047 605 non
1079 566 1176 620 per

416 647 776 715 proltlionem
842 647 910 701 ab
963 662 1064 708 eo,
1120 652 1178 696 ut

414 740 632 809 quidam
657 750 869 809 putant,
889 747 1178 809 generatus

414 841 501 884 est
531 831 641 899 (8i)
693 830 881 885 Filius.
930 830 987 884 Si
1031 829 1176 883 enim

415 923 647 991 prolatio
672 933 757 977 est
780 922 950 976 Filius
980 921 1178 984 Patris,

417 1017 648 1088 prolatio
675 1033 803 1071 vero
832 1017 1031 1072 dicitur
1058 1032 1177 1086 quae

418 1110 581 1164 talem
628 1110 898 1178 signiﬁcat
946 1124 1177 1177 genera-

1664 340 1723 398 S.
1760 340 2090 397 PAMPHILI
2131 339 2493 396 MARTYRIS

1251 476 1430 530 ριστος
1460 458 1591 512 Υἱοῦ
1642 460 1850 529 γίνεται
1895 462 1979 514 ῐῐα

2115 464 2298 532 gnovit
2343 466 2444 519 nisi
2497 464 2609 534 ipse
2645 462 2880 531 solus",
2922 463 3008 519 his
3056 477 3195 534 quos
3239 465 3308 519 ad
3358 477 3481 519 eum

1247 548 1372 618 τὴρ,
1402 548 1462 599 οὐ
1499 546 1789 618 προσαλὼν
1830 550 2014 613 αὐτὸν,

1247 644 1323 707 ὡς
1348 644 1549 697 οἴονταί
1598 660 1758 711 τινες.
1797 648 1860 699 Εἰ
1907 647 2017 718 γὰρ

1251 734 1486 808 προϐολή
1518 738 1665 790 ἐστιν
1693 740 1721 790 ὁ
1755 737 1882 801 Υἱὸς
1919 738 2013 791 τοῦ

1251 829 1504 900 Πατρδς,
1550 830 1646 882 καὶ
1701 831 1867 901 γεννᾷ
1916 831 2015 901 μὲν

1253 922 1311 987 ἐξ
1366 923 1530 976 αὐτοῦ
1582 925 1743 976 ὁποῖα
1790 923 1857 976 τὰ
1904 924 2014 977 τῶν

1251 1016 1405 1080 ζώων
1436 1019 1771 1089 γεννήματα,
1800 1017 2010 1090 ἀνάγκη

1250 1109 1407 1179 σῶμα
1457 1106 1596 1162 εἶναι
1637 1109 1727 1161 τὸν
1770 1110 2010 1180 προϐάλ-

418 1200 640 1265 tionem,
660 1202 835 1269 qualis
857 1201 1173 1253 animalium
1248 1202 1428 1266 λοντα,
1456 1204 1549 1255 καὶ
1583 1202 1673 1256 τὸν
1708 1203 2013 1276 προϐεϐλη-

416 1293 500 1347 vel
552 1294 827 1347 hominum
877 1294 1012 1348 solet
1057 1310 1178 1349 esse
1254 1295 1433 1365 μένον.

414 1385 723 1455 progenies,
763 1387 1076 1440 necessario
1106 1402 1302 1456 corpus
1342 1395 1428 1441 est
1455 1394 1508 1440 et
1553 1386 1599 1442 is
1639 1389 1729 1457 qui
1762 1388 2003 1458 protulit,

414 1486 471 1533 et
512 1478 558 1532 is
594 1479 684 1548 qui
720 1478 963 1548 prolatus
995 1487 1098 1533 est.
1134 1497 1153 1531 ι

990 1606 1240 1645 INTEBPR.
1273 1605 1434 1645 NOVA.

487 1702 710 1768 Tempus
752 1712 826 1756 est
866 1712 921 1754 ut
959 1701 1213 1755 nonnulla
1245 1707 1309 1755 de
1349 1700 1510 1755 Patre
1544 1710 1593 1755 et
1629 1700 1769 1754 Filio
1800 1711 1849 1755 et
1885 1703 2002 1767 Spi-

413 1775 520 1826 ritu
566 1784 767 1834 sancto,
805 1784 1120 1837 repetamus,
1159 1782 1206 1824 et
1229 1788 1411 1841 pauca
1455 1790 1573 1836 qum
1614 1784 1738 1824 tunc
1777 1786 1998 1841 pra’ter-

414 1846 675 1905 misimus,
714 1858 1083 1907 persequamur
1116 1845 1178 1893 de
1220 1839 1395 1904 Putre,
1429 1844 1521 1907 qui
1569 1859 1686 1895 cum
1730 1839 1783 1895 in
1825 1846 1997 1898 nullas

412 1925 584 1980 partes
612 1914 779 1965 dividi
818 1921 994 1981 queat,
1024 1910 1151 1963 Filii
1185 1922 1358 1964 tamen
1391 1912 1465 1981 ﬁt,
1494 1913 1674 1976 Pater,
1698 1928 1810 1981 non
1845 1917 1998 1967 emit-

413 1992 526 2035 tens
566 1982 755 2044 illum,
795 1980 849 2034 ut
897 1984 1110 2045 quidam
1156 1992 1362 2048 putant.
1416 1980 1553 2034 Nunt
1593 1983 1638 2035 si
1688 1980 1864 2034 Filius
1919 1994 1995 2037 est

409 2054 635 2119 prolatio
684 2051 859 2105 Patris
900 2054 988 2122 qui
1034 2052 1187 2103 illum
1214 2055 1277 2103 de
1310 2054 1477 2113 seipso
1525 2063 1728 2119 genere!
1768 2054 1837 2106 ad
1879 2071 1998 2106 eum

413 2124 625 2174 modum
680 2139 782 2190 quo
844 2125 907 2174 de
963 2137 1017 2174 se
1077 2122 1332 2173 animalia
1399 2123 1652 2191 gignunt,
1707 2126 1997 2177 necessario

410 2208 597 2261 corpus
626 2205 700 2245 est
732 2204 841 2244 tant
865 2194 953 2262 qui
994 2194 1209 2251 emittit,
1242 2202 1351 2243 tum
1381 2198 1469 2261 qut
1499 2193 1782 2247 emittitur.

480 2326 809 2381 Puputws.
849 2325 987 2379 Tum
1037 2325 1238 2379 deinde
1288 2324 1342 2379 in
1395 2325 1859 2393 consequentibus
1907 2338 2000 2380 ve-

409 2417 715 2473 hementius
764 2420 1048 2473 adversum
1092 2417 1371 2473 Valentini
1427 2417 1674 2472 hteresim
1734 2417 1859 2470 talia
1902 2417 1999 2470 de-

410 2509 736 2563 scribentem
786 2508 1056 2573 invectus,
1110 2509 1268 2577 longe
1321 2507 1787 2571 his,contrariam
1842 2524 1995 2563 suam

410 2600 738 2654 sententiam
781 2602 1075 2654 secundum
1111 2599 1395 2654 catholica:
1436 2599 1558 2653 fidei
1597 2600 1820 2668 protulit
1855 2598 1997 2652 veri-

410 2702 596 2748 tatem.
624 2692 732 2763 (82)
763 2692 839 2746 Ex
872 2692 1108 2747 secundo
1139 2692 1276 2746 libro
1304 2693 1590 2746 secundum
1619 2689 1880 2745 Joannem
1930 2690 1996 2745 de

409 2784 495 2839 his
526 2786 678 2852 ipsis.

476 2896 765 2953 ORIGENES.
808 2898 917 2969 (83)
959 2916 977 2949 ι
1006 2896 1325 2968 Unigenitus
1372 2909 1502 2966 ergo
1549 2894 1690 2949 Deus
1738 2893 1994 2949 Salvator

398 2998 594 3044 noster
641 2991 789 3045 solus
837 3006 866 3044 a
920 2990 1078 3044 Patre
1143 2998 1468 3059 generatus,
1520 2999 1711 3042 natura
1767 2997 1823 3042 et
1884 3002 1990 3040 non

404 3082 693 3152 adoptione
728 3081 896 3136 Filius
921 3090 1022 3137 est.
1071 3080 1185 3151 (84)
1219 3080 1387 3134 Natus
1430 3088 1513 3134 est
1545 3089 1724 3133 autem
1772 3095 1838 3133 ex
1876 3080 1991 3148 ipsa

3588 346 3681 401 584

3526 463 3683 521 Pater

2120 554 2358 609 cmlestis
2385 556 2758 610 attraxerit"‘.
2787 574 2806 608 ι
3517 563 3521 571 ’

2191 646 2515 704 PAMPHILUS.
2580 647 2823 703 Sulliciat
2875 663 2971 717 per
3032 648 3147 703 inec
3208 648 3558 718 respondisse
3607 663 3674 704 se

2117 740 2305 793 cundre
2353 740 2740 795 criminationi.
2779 739 2931 794 Nunc
2970 750 3368 807 consequenter
3400 744 3684 810 responde-

2117 830 2294 887 bimus
2338 833 2498 886 etiam
2540 833 2623 886 his
2653 833 2742 903 qui
2781 848 2972 900 purttm
3022 832 3319 899 hominem,
3348 832 3401 887 id
3437 843 3541 899 est,
3574 834 3683 889 sine

2118 921 2248 990 Deo,
2275 926 2343 978 ab
2378 940 2442 979 eo
2479 925 2584 979 dici
2616 934 2869 979 asserunt
2895 924 3192 980 Christum.

2326 1051 2611 1091 RESPONSIO
2642 1052 2708 1089 AD
2743 1052 2982 1091 TERTIA"
3024 1052 3470 1092 CRIIINA‘I‘IONEI.

2115 1147 2268 1214 Quod
2288 1165 2390 1199 nou
2411 1164 2573 1210 purus
2590 1150 2765 1208 homo,
2789 1152 2878 1202 sed
2905 1150 3097 1203 dirimr
3115 1161 3316 1204 naturw
3337 1153 3401 1203 sit
3420 1150 3678 1207 Christus.

2255 1217 2367 1288 (86)
2392 1218 2490 1290 (De
2510 1220 2684 1288 primo
2726 1219 2862 1273 libro
2893 1219 3149 1289 Epistolis:
3178 1226 3243 1274 ad
3270 1221 3543 1295 Galatas.]

2183 1329 2472 1387 ORIGENES.
2506 1333 2617 1404 (87)
2679 1352 2697 1385 ι
2732 1334 2807 1389 Ex
2869 1350 2933 1389 eo
2983 1336 3125 1405 quod
3173 1337 3308 1391 dixit
3352 1338 3675 1405 Apostolus:

2114 1422 2320 1477 Paulus
2364 1426 2478 1496 (88)
2511 1429 2781 1490 apostolus
2814 1442 2916 1480 non
2949 1428 3010 1479 ab
3045 1429 3362 1493 hominibus,
3396 1447 3557 1499 neque
3593 1448 3681 1499 per

2107 1513 2391 1577 hominem,
2430 1517 2520 1569 sed
2553 1534 2646 1583 per
2675 1517 2855 1572 Iesum
2890 1517 3155 1572 Christum
3183 1520 3251 1583 ⁷⁸,
3285 1521 3571 1576 manifeste
3601 1522 3681 1575 in-

2109 1605 2273 1674 telligi
2319 1608 2508 1668 datur,
2561 1609 2689 1678 quia
2740 1624 2844 1662 non
2889 1620 3008 1663 erat
3042 1611 3201 1665 homo
3226 1610 3383 1666 Jesus
3410 1612 3679 1679 Christus,

2105 1700 2198 1752 sed
2242 1710 2360 1753 erat
2403 1701 2582 1754 divina
2625 1710 2839 1755 natura.
2885 1699 2999 1755 Non
3032 1703 3196 1765 enim,
3222 1703 3266 1757 si
3314 1703 3471 1759 homo
3513 1717 3681 1767 eSset,

2032 1832 2072 1886 Β
2105 1791 2331 1845 dixisset
2356 1790 2553 1845 Paulus
2579 1792 2677 1846 hoc
2704 1793 2846 1862 quod
2889 1794 2963 1846 ait
3003 1812 3014 1846 :
3054 1791 3255 1847 Paulus
3283 1796 3550 1859 apostolus
3580 1815 3679 1852 non

2103 1883 2169 1934 ab
2206 1884 2541 1947 hominibus,
2585 1900 2747 1951 neque
2783 1901 2873 1951 per
2900 1885 3191 1941 hominem.
3243 1887 3300 1943 Si
3340 1890 3482 1943 enim
3520 1893 3683 1945 homo

2104 1973 2204 2028 fuit
2223 1972 2403 2038 Jesus,
2440 1986 2495 2029 et
2533 1991 2628 2045 per
2661 1976 2835 2043 ipsum
2871 1990 3184 2050 assumptus
3209 1990 3293 2035 est
3329 1981 3382 2036 in
3412 1985 3681 2053 apostola-

2104 2075 2216 2121 tmn
2277 2067 2501 2132 Paulus,
2539 2070 2724 2138 utique
2771 2085 2865 2139 per
2912 2072 3184 2127 hominem
3244 2086 3360 2129 erat
3406 2080 3679 2145 apostolus

2105 2158 2303 2213 factus.
2341 2160 2396 2213 Si
2426 2173 2605 2215 autem
2639 2177 2733 2230 per
2764 2163 3034 2217 hominem
3065 2176 3180 2219 erat
3219 2175 3514 2235 apostolus,
3541 2187 3677 2225 nun-

2100 2266 2262 2317 quam
2301 2252 2546 2317 dixisset,
2584 2253 2709 2321 quia
2737 2270 2901 2322 neque
2924 2272 3017 2322 per
3040 2256 3301 2310 hominem
3331 2276 3351 2314 :
3386 2261 3478 2315 sed
3507 2264 3679 2314 mani-

2102 2340 2236 2395 feste
2267 2352 2478 2411 separat
2510 2344 2575 2396 ah
2609 2344 2839 2397 humana
2893 2354 3085 2398 natura
3126 2346 3310 2401 Jesum
3351 2347 3549 2403 Paulus
3587 2342 3680 2419 per

2101 2434 2215 2488 haec
2241 2434 2419 2488 verba.
2463 2435 2579 2490 NOII
2622 2439 2765 2491 enim
2795 2438 2991 2492 sullicil
3018 2441 3066 2494 ei
3098 2440 3297 2495 dixisse
3328 2461 3339 2494 :
3384 2440 3565 2511 Neque
3592 2462 3681 2507 per

2098 2523 2397 2588 hominem;
2429 2527 2523 2580 sed
2558 2528 2757 2597 adjecit
2786 2529 2973 2583 dicens
3007 2548 3020 2583 :
3056 2529 3163 2585 Sed
3203 2550 3294 2599 per
3314 2534 3493 2587 Iesum
3526 2534 3679 2589 Chri-

2097 2626 2257 2669 stum.
2305 2616 2474 2684 Quem
2509 2621 2697 2690 utique
2726 2622 2848 2688 quia
2884 2623 3093 2677 sciebat
3119 2625 3525 2682 excellentioris
3558 2645 3679 2685 esse

2098 2719 2325 2772 naturae,
2354 2721 2633 2781 propterea
2664 2714 2798 2768 dixit
2823 2729 2882 2770 se
2922 2729 3027 2769 non
3063 2728 3399 2788 assumptum
3429 2736 3553 2776 esse
3583 2738 3680 2793 per

2099 2800 2394 2855 hominem.
2420 2821 2438 2853 ι

2167 2890 2493 2950 PAMPHILUS.
2522 2894 2646 2951 Hmc
2674 2896 2728 2951 in
2769 2896 2922 2952 initio
2946 2898 3200 2969 Epistolas
3226 2901 3436 2965 dicens,
3479 2903 3593 2974 (89)
3625 2905 3674 2958 in

2097 2986 2452 3052 sequentibus
2496 2987 2623 3041 libri
2679 2988 2848 3059 ipsius
2905 2991 3102 3045 similia
3134 2992 3350 3060 adjecit,
3397 3008 3678 3062 exponens

2097 3075 2227 3131 illud
2254 3078 2549 3146 capitulum
2580 3081 2632 3133 in
2664 3095 2772 3150 quo
2804 3083 3060 3152 scriptum
3087 3094 3165 3138 est
3197 3102 3211 3138 :
3253 3082 3452 3140 Notum
3494 3099 3672 3141 autem

403 3172 581 3228 Patris
612 3183 814 3239 mente,
859 3178 999 3228 sicut
1028 3173 1277 3228 voluntas
1320 3188 1387 3227 ex
1439 3180 1637 3226 mente.
1686 3170 1801 3225 Non
1844 3174 1986 3226 enim
2018 3176 2059 3233 C
2092 3170 2237 3222 vobis
2294 3169 2457 3237 facio,
2517 3172 2753 3241 fratres,
2815 3173 3155 3244 Evangelium
3208 3178 3347 3246 quod
3388 3180 3675 3246 prwdisam

402 3266 688 3320 divisihilis
723 3276 806 3320 est
836 3266 1013 3319 divina
1053 3276 1265 3329 natura,
1303 3265 1354 3319 id
1390 3275 1500 3328 est,
1531 3264 1754 3333 ingeniti
1789 3264 1987 3330 Patris,

402 3365 464 3409 ut
517 3364 765 3424 putemus
816 3357 897 3409 vel
954 3357 1221 3411 divisione
1274 3357 1356 3410 vel
1411 3357 1788 3410 imminutione
1853 3358 1985 3412 sub-

402 3452 617 3504 stantiae
654 3449 770 3517 ejus
805 3447 999 3502 Filium
1039 3464 1159 3503 esse
1190 3448 1553 3519 prOgenitum.
1587 3447 1699 3517 (85)
1734 3447 1842 3501 Sed
1873 3449 1987 3503 sive

401 3556 575 3604 meus,
622 3541 734 3596 sive
770 3556 886 3603 cor,
932 3551 1023 3593 aut
1068 3556 1258 3596 sensus
1302 3541 1369 3595 de
1422 3541 1529 3596 Deo
1580 3541 1838 3595 dicendus
1869 3551 1983 3606 est,

396 3633 734 3687 lndiscussus
787 3647 1140 3701 permanens.
1194 3647 1416 3702 germen
1467 3631 1748 3700 proferens
1794 3633 1983 3687 volun-

402 3725 549 3790 tatis,
583 3725 752 3778 factus
781 3735 861 3778 est
893 3724 1053 3779 Verbi
1089 3724 1285 3791 Pater;
1318 3725 1461 3794 quod
1504 3723 1734 3779 Verbum
1771 3725 1824 3778 in
1858 3726 1979 3779 sinu

400 3815 576 3871 Patris
623 3818 998 3885 requiescens,
1042 3817 1326 3870 annuntiat
1376 3816 1541 3870 Deum
1605 3831 1768 3885 quem
1830 3832 1980 3869 nemo

398 3909 527 3964 vidit
555 3915 790 3979 ‘unquam
816 3909 905 3974 ⁷⁸⁸,
937 3919 992 3963 et
1026 3910 1229 3964 revelat
1261 3909 1472 3963 Patrem
1506 3924 1665 3978 quem
1699 3922 1857 3961 nemo
1887 3922 1982 3961 co-

472 4066 537 4099 ⁷⁶⁶
573 4064 730 4121 Joatt.
767 4082 805 4131 ι,
853 4067 939 4122 IS.
1015 4068 1060 4099 ⁷⁷
1101 4067 1290 4122 Matth.
1348 4085 1424 4136 xI,
1457 4067 1547 4121 27.

467 4220 578 4291 (81)
620 4219 791 4275 Filius
810 4223 1077 4276 omittitur
1103 4223 1154 4276 in
1187 4224 1345 4277 editis
1374 4234 1427 4277 et
1458 4223 1508 4276 in
1535 4224 1786 4278 omnibus
1818 4239 1970 4285 mss.,

394 4294 490 4416 seat
519 4294 819 4346 restituitur
844 4308 909 4347 ex
940 4294 1088 4347 libris
1104 4293 1181 4347 De
1204 4294 1499 4363 principiis,
1525 4305 1579 4349 et
1604 4296 1971 4350 restituendus

394 4378 446 4416 Vl
489 4373 625 4416 elur.

524 4378 625 4416 ΙΙΙΓ.

393 4378 691 4513 ἷἽὲᾝθιιιι
724 4448 914 4487 omnes
962 4442 1208 4513 mss:‘_et_
1233 4434 1381 4488 editi.
1433 4434 1683 4513 A_ttamen
1733 4449 1968 4513 sequens

1624 4068 1692 4099 "'
1730 4065 1888 4120 Joan.
1925 4079 1999 4129 γι,
2028 4063 2115 4118 Η.

2092 3261 2235 3314 vobis
2255 3300 2269 3323 ,
2298 3263 2547 3331 quoniam
2578 3280 2681 3318 non
2716 3276 2789 3318 est
2837 3269 3124 3320 secundum
3160 3268 3424 3323 hominem
3450 3284 3469 3321 :
3506 3288 3672 3342 neque

2090 3355 2227 3407 enim
2262 3370 2356 3423 ego
2390 3356 2455 3407 ab
2489 3355 2698 3412 homine
2734 3360 2911 3428 accepi
2950 3359 3105 3426 illud,
3140 3363 3230 3415 sed
3270 3379 3364 3431 per
3393 3364 3671 3419 revelatio-

2092 3460 2206 3497 nem
2239 3444 2367 3499 Iesu
2405 3446 2601 3501 Christi
2631 3448 2718 3503 η’.

2166 3537 2461 3592 Οιιισειιεε.
2499 3557 2517 3590 ι
2544 3540 2781 3594 Adverte
2811 3555 2941 3611 ergo
2968 3542 3095 3611 quid
3118 3543 3338 3611 scribit,
3369 3546 3495 3616 quia
3534 3562 3670 3603 con-

2090 3629 2372 3682 venienter
2414 3629 2535 3697 quis
2569 3640 2626 3685 et
2666 3631 2780 3687 hate
2814 3635 3112 3705 adjungens
3142 3637 3436 3706 prioribus,
3472 3639 3669 3695 intelli-

2088 3732 2219 3785 gere
2254 3720 2451 3788 poterit
2496 3730 2553 3775 et
2590 3721 2878 3779 ostendere
2923 3725 3007 3780 his
3049 3726 3140 3796 qui
3179 3737 3375 3797 negant
3401 3730 3665 3785 deitatem

2087 3808 2214 3864 Jesu
2242 3812 2465 3876 Christi,
2501 3814 2595 3869 sed
2626 3814 2902 3870 hominem
2927 3831 3049 3871 eum
3088 3818 3259 3873 solum
3286 3823 3665 3888 pronuntiant,

2090 3904 2231 3971 quod
2259 3918 2365 3957 non
2391 3912 2473 3957 est
2498 3905 2681 3971 homo,
2708 3906 2802 3960 sed
2831 3906 2990 3972 Deus,
3019 3906 3110 3963 Dei
3134 3908 3172 3963 F
3177 3909 3300 3965 ilius
3320 3908 3481 3966 Jesus
3500 3912 3665 3967 Chri-

2194 4065 2241 4098 "
2266 4064 2444 4122 Galat.
2473 4082 2511 4132 t,
2544 4067 2595 4122 1.
2677 4067 2742 4099 ⁷⁸·
2772 4067 2903 4123 ibid.
2945 4069 3031 4134 il,
3068 4069 3150 4124 12.

2081 4236 2140 4294 re
2169 4222 2366 4293 agitur,
2393 4224 2458 4278 ad
2490 4222 2648 4277 linem
2677 4236 2846 4292 usque
2876 4224 3209 4280 transcribit.
3243 4222 3368 4279 ﬂare
3400 4239 3498 4294 per
3524 4242 3661 4282 eon-

2071 4292 2340 4358 jecturam
2378 4296 2521 4347 dicta
2559 4297 2668 4347 sint
2708 4312 2721 4348 :
2761 4308 2881 4347 nam
2938 4295 3080 4348 nulla
3124 4292 3441 4359 auctoritas,
3491 4299 3660 4355 nulla:

2078 4363 2352 4436 variantes
2380 4363 2636 4436 lectiones
2667 4364 2748 4417 vel
2782 4364 2972 4436 leviter
3003 4368 3235 4436 innuunt
3258 4365 3453 4436 librum
3483 4382 3518 4420 ll
3554 4385 3657 4436 pro

2078 4432 2216 4506 libro
2245 4449 2271 4506 ν
2304 4434 2535 4499 positum
2561 4449 2720 4506 esse.
2766 4433 3127 4506 SedRulinus
3162 4435 3276 4506 ipse
3317 4435 3475 4503 hujus
3513 4432 3656 4506 Α’μο-

389 4502 645 4571 Origenis
672 4515 956 4557 rotitextus
982 4504 1163 4557 nullihi
1198 4504 1249 4557 in
1282 4507 1519 4557 secundo
1552 4518 1698 4558 ιοιιιο
1726 4507 1781 4557 in
1809 4502 1971 4558 Jonn-
2002 4502 2047 4556 D
2076 4504 2227 4570 logia!
2256 4504 2519 4569 interpres
2554 4504 2708 4558 facile
2744 4505 2916 4572 potuit
2942 4507 3138 4571 decipi.
3171 4505 3248 4559 Ex
3300 4502 3476 4560 littera
3505 4502 3655 4564 enim

390 4589 509 4629 nem
556 4575 842 4642 reperitur,
887 4575 1133 4642 quamvis
1180 4574 1366 4628 Grrece
1424 4576 1720 4628 etiamnum
1771 4586 1966 4630 exstet.

395 4644 500 4697 Sed
557 4656 796 4696 extrema
851 4648 931 4697 sui
994 4654 1146 4712 parte
1206 4647 1557 4699 detruncatus
1618 4646 1832 4698 videtur
1885 4647 1971 4699 hic

390 4724 591 4784 smnus.
613 4714 858 4767 Forsitan
877 4715 1038 4766 etiam
1063 4713 1423 4783 fragmentum
1448 4717 1545 4767 hoc
1573 4725 1762 4769 etonto
1785 4717 1970 4784 quinto

390 4784 449 4835 in
496 4783 755 4836 Joannem
809 4785 921 4835 erui
977 4786 1176 4852 possit,
1231 4787 1684 4853 quemadmodum
1733 4783 1966 4839 etillud

394 4854 535 4918 quod
566 4868 631 4905 ex
661 4857 848 4906 eodem
893 4863 1035 4905 tonio
1067 4869 1227 4922 supra
1261 4855 1442 4907 attulit
1473 4854 1806 4922 Pamphilus.
1843 4856 1969 4909 Pro-

392 4925 534 4975 fecto
577 4925 715 4975 idem
766 4924 876 4975 fere
920 4935 999 4977 est
1042 4927 1323 4993 utriusque
1383 4928 1669 4992 lragnwnti
1723 4926 1960 4988 initium,

388 4992 575 5063 eadem
610 5008 743 5060 pene
776 4995 975 5048 verba:
1014 4996 1107 5047 sed
1151 4992 1271 5046 cum
1321 4996 1471 5063 prius
1519 4995 1800 5061 Pamphilo
1842 5012 1966 5063 pro-

391 5061 623 5135 haudum
658 5063 989 5116 incumberet
1020 5082 1084 5117 ex
1121 5064 1228 5117 Deo
1262 5061 1420 5119 Patre
1452 5065 1617 5135 (juxta
1654 5061 1961 5135 Origetiem)

390 5130 585 5183 Filium
616 5148 736 5185 esse
779 5145 992 5193 ttulttut,
1037 5148 1088 5187 et
1131 5136 1289 5187 unius
1333 5130 1614 5189 esse'icutn
1650 5130 1805 5188 l’atre
1835 5130 1965 5189 sub;

388 5203 621 5262 ειδιιιιίυ.
666 5202 897 5255 alienum
932 5219 1060 5256 vero
1106 5221 1134 5257 a
1184 5206 1501 5258 substantiis
1548 5217 1960 5271 creaturarum,

385 5283 668 5341 postquam
712 5274 877 5343 dim,
910 5271 1226 5343 Unigenitus
1267 5272 1442 5328 Filius
1476 5275 1721 5329 Salvator
1760 5288 1959 5343 uoster,

382 5343 473 5411 qui
511 5344 653 5394 solus
706 5358 768 5394 ea:
820 5342 980 5397 Patre
1013 5342 1166 5397 natus
1201 5356 1310 5409 est,
1344 5347 1486 5399 solus
1527 5358 1717 5399 natura
1760 5357 1807 5398 et
1856 5342 1959 5399 nou

383 5410 664 5487 adoptione
707 5410 884 5487 Filius
924 5426 1020 5478 est,
1068 5421 1346 5483 setjuentia
1386 5418 1673 5487 reliquisse
1720 5418 1955 5478 videtur.

384 5495 441 5535 ut
471 5485 538 5535 ad
573 5485 896 5551 posteriora,
942 5501 1060 5551 qtae
1088 5488 1153 5537 ad
1188 5501 1297 5537 rem
1334 5485 1635 5554 pertinent,
1676 5487 1959 5554 progrede-

383 5566 532 5606 retur
574 5554 657 5606 his
706 5554 920 5611 verbis:
956 5554 1090 5608 Item
1130 5559 1184 5609 in
1219 5559 1397 5609 eodem
1445 5557 1599 5608 libro.
1639 5554 1793 5609 Unus
1834 5573 1955 5623 ergo

381 5636 477 5687 est,
507 5624 745 5699 etc._|l_ic
774 5639 899 5678 vero
932 5635 989 5677 ut
1024 5627 1212 5694 probet
1250 5642 1312 5679 ex
1349 5628 1587 5693 Origene
1618 5624 1811 5680 Filium
1855 5626 1967 5699 Dei,

383 5709 480 5760 per
514 5694 867 5760 prolationem
903 5705 1086 5749 natum
1118 5711 1221 5749 non
1260 5711 1402 5759 esse,
1448 5700 1591 5751 idem
1638 5699 1805 5751 hocce
1853 5694 1966 5749 ini-'l

2075 4574 2142 4637 Π,
2169 4574 2311 4625 unde
2340 4575 2559 4642 quintus
2591 4590 2847 4644 numerus
2879 4577 3017 4642 apud
3049 4575 3265 4630 Graecos
3300 4578 3654 4644 exprimitur,

2073 4644 2231 4697 facile
2270 4644 2329 4695 fit
2370 4659 2629 4715 numerus
2673 4642 2735 4707 ll,
2780 4644 3001 4715 siplinea
3041 4649 3291 4715 superius
3340 4642 3653 4705 transversa

2072 4722 2165 4766 aut
2196 4729 2299 4765 non
2331 4714 2661 4773 advertatur.
2694 4723 2788 4766 aut
2818 4713 3085 4769 deleatur.

2141 4784 2252 4852 (85)
2294 4783 2367 4836 Ex
2404 4783 2496 4837 lib.
2527 4799 2562 4837 ll
2589 4790 2641 4835 in
2668 4783 2874 4852 Evang.
2900 4783 3062 4839 Joau.

2141 4854 2253 4921 (84)
2295 4855 2387 4907 Sic
2431 4869 2531 4908 ms.
2583 4854 2933 4910 Sorbonicus.
2983 4854 3175 4910 Caeteri
3225 4868 3356 4910 vero
3409 4870 3539 4912 mss.
3593 4869 3650 4913 et

2070 4923 2203 4977 editi
2239 4927 2499 4977 omittunt
2523 4934 2619 4978 est.

2139 4993 2249 5062 (85)
2291 4995 2362 5046 Ita
2411 5010 2511 5047 ms.
2542 5009 2703 5049 unus.
2735 4993 2927 5050 Crateri
2970 5010 3095 5051 vero
3130 5010 3288 5059 mss.,
3332 4994 3442 5048 Sed
3476 5012 3645 5052 mens.

2069 5063 2270 5117 Deinde
2329 5065 2659 5118 Surhouicus
2731 5066 2892 5119 habet
2956 5068 3024 5119 ad
3111 5084 3294 5121 sensus
3372 5082 3473 5136 pro
3548 5080 3648 5121 aut

2063 5150 2267 5187 sensus.

2136 5204 2249 5273 (86)
2276 5203 2353 5255 Ita
2376 5218 2718 5275 omnesmss.
2752 5204 2890 5257 Editi
2917 5219 3044 5259 vero
3074 5220 3379 5275 perperam,
3410 5206 3483 5260 De
3507 5209 3645 5262 libro

2061 5277 2231 5341 primo
2261 5274 2402 5341 Περὶ
2439 5273 2659 5347 ᾀρχῶν.
2700 5274 2896 5347 ΝιιΙΙίιιί
2924 5273 3144 5329 enimin
3173 5291 3239 5329 eo
3269 5277 3407 5331 libro
3429 5280 3642 5347 reperi-

2064 5355 2151 5397 tur
2177 5360 2413 5414 sequens
2442 5345 2691 5414 Origenis
2724 5345 3108 5413 fragmentum.

2132 5416 2243 5482 (87)
2280 5416 2356 5467 Ex
2385 5414 2524 5467 libro
2556 5430 2572 5467 ι
2602 5417 2654 5467 in
2685 5414 2854 5481 Epist.
2887 5419 2955 5467 ad
2983 5414 3226 5469 Galatas.

2131 5485 2244 5554 (88)
2277 5486 2417 5537 Editi
2467 5493 2521 5536 et
2558 5500 2660 5537 ms.
2720 5485 2921 5554 Regius
2956 5490 3211 5540 omittunt
3242 5484 3477 5540 secundo
3513 5486 3638 5541 loco

2056 5554 2601 5625 Apostolus.Deinde
2644 5555 2810 5625 alias,
2852 5557 2941 5607 sed
2984 5572 3076 5625 per
3110 5558 3380 5611 Christum
3406 5555 3636 5623 Jesum;

2057 5641 2111 5679 et
2137 5626 2275 5678 alias
2309 5624 2470 5689 infra,
2499 5624 2737 5677 Christus
2764 5623 2939 5679 Jesus.

2127 5696 2238 5769 (89)
2275 5695 2454 5769 Editi,
2483 5695 2549 5769 it_i_
2568 5694 2899 5762 sequentibus
2929 5695 3077 5749 libris
3107 5697 3301 5769 similia
3330 5734 3342 5749 .
3366 5730 3419 5750 ..
3439 5732 3456 5748 .
3487 5700 3634 5769 quod

384 5766 517 5818 tium
546 5777 820 5822 resumere
852 5767 1089 5835 videtur,
1138 5767 1293 5834 cujus
1326 5769 1627 5836 sequentia,
1660 5770 1750 5823 ubi
1781 5780 1843 5822 ea
1872 5768 1966 5848 ‘de-
2053 5763 2289 5852 praedicti
2313 5766 2474 5821 vobis.
2510 5763 2709 5821 Verum
2736 5780 2925 5823 omnes
2962 5781 3094 5822 mss.
3122 5776 3179 5821 ut
3209 5768 3261 5822 in
3297 5776 3464 5823 textu.
