3840 6222
307 237 418 294 585

1518 242 1861 300 APOLOGIA
1896 244 2034 303 PRO
2071 245 2394 303 ORlGENE.

3458 256 3560 312 536

305 365 445 413 stas.
498 354 590 412 Sic
632 358 779 412 enim
825 356 954 414 dicit
991 358 1282 427 Apostolus
1304 400 1319 426 ,
1366 360 1491 430 quia
1540 362 1883 434 Euangelium
1914 374 1960 431 Α
1989 365 2303 434 fatigatione
2331 407 2346 433 ,
2383 375 2437 422 et
2473 366 2604 422 solis
2634 367 2825 423 ardore
2860 367 3027 426 nimio
3072 367 3396 428 elementum
3430 390 3559 428 cor-

305 450 444 519 quod
469 451 819 519 euangelizavi
850 453 1016 516 vobis,
1057 470 1159 507 non
1188 462 1267 508 est
1290 457 1575 509 secundum
1598 459 1880 524 hominem,

306 542 399 595 sed
425 542 718 595 secundum
732 540 914 596 Jesum
927 542 1709 618 CbristumEvidenter(90«9l
1722 550 1739 618 )
1753 565 1883 620 ergo

304 630 541 684 ostendit
575 629 703 698 quia
733 630 985 685 Christus
1017 631 1173 687 Jesus
1209 649 1315 689 non
1347 646 1433 690 est
1471 638 1669 694 homo:
1702 640 1746 694 si
1784 656 1882 694 au-

306 730 413 775 tem
447 738 552 776 non
583 732 666 777 est
705 724 869 778 homo
892 766 907 791 ,
943 726 1058 779 sine
1095 726 1260 783 dubio
1298 729 1444 784 Deus
1480 742 1599 799 est;
1637 734 1745 788 imo
1775 750 1881 789 non

304 812 449 866 aliud
486 814 610 880 erit,
645 815 748 869 nisi
783 815 926 870 Deus
953 827 1008 871 et
1048 819 1231 875 homo.
1272 820 1339 876 Et
1374 822 1567 877 iterum
1615 826 1660 879 si
1692 841 1879 882 verum

301 913 387 959 est
418 906 562 976 quod
593 908 723 963 dicit
759 909 962 965 Paulus
988 953 1003 977 ,
1040 912 1165 981 quia
1201 929 1305 967 non
1339 916 1403 967 ab
1432 916 1639 973 homine
1671 921 1879 990 accepit

299 998 678 1069 Evangelium,
714 1003 804 1055 sed
834 1020 925 1070 per
956 1004 1324 1059 reuelationem
1352 1006 1484 1061 Jesu
1508 1008 1729 1076 Christi,
1763 1027 1879 1067 cer-

296 1098 417 1144 tum
450 1100 528 1145 est
557 1093 682 1161 quia
707 1090 865 1147 Jesus
894 1093 1145 1149 Christus
1178 1096 1271 1164 qui
1302 1098 1578 1163 revelavit,
1616 1101 1727 1172 (92)
1759 1103 1879 1172 plus

294 1196 463 1250 quam
487 1183 652 1237 homo
682 1192 784 1239 est.
811 1184 1060 1238 Alienum
1098 1187 1242 1240 enim
1266 1198 1352 1242 est
1377 1190 1446 1243 ab
1480 1191 1698 1247 homine
1728 1209 1879 1249 reve-

295 1274 419 1328 lare
455 1288 573 1342 quae
623 1275 674 1328 in
722 1276 938 1331 occulto
982 1286 1129 1344 sunt,
1172 1288 1227 1333 et
1271 1280 1449 1334 velata
1508 1294 1681 1338 siml:
1730 1286 1876 1354 quod

292 1371 459 1425 etiam
502 1370 545 1424 si
590 1369 880 1439 aliquando
914 1387 1011 1440 per
1051 1372 1324 1428 hominem
1369 1374 1497 1441 liat,
1539 1392 1645 1431 non
1694 1387 1873 1434 tamen

289 1463 367 1514 ab
399 1462 612 1516 homine
648 1461 733 1529 lit,
779 1462 874 1517 sed
922 1465 990 1519 ab
1021 1477 1087 1519 eo
1119 1464 1210 1534 qui
1264 1463 1320 1520 in
1368 1465 1587 1523 homine
1634 1469 1876 1539 loquitur

289 1551 563 1607 Christus.
591 1573 610 1605 ›

367 1648 690 1703 ΡΑιιιἮιιυε.
734 1648 971 1719 Tempus
1004 1660 1088 1705 est
1135 1653 1223 1709 his
1268 1652 1344 1708 ita
1381 1654 1659 1710 evidenter
1690 1664 1870 1711 osteno

1988 460 2137 528 porci
2186 457 2428 513 humoris
2472 458 2864 527 absumptum?
2915 461 3064 528 Quod
3099 478 3230 518 vero
3276 463 3331 519 in
3374 467 3563 520 melio-

1985 551 2136 605 ribus
2166 562 2482 621 occupatus,
2517 551 2617 606 hoc
2654 554 2796 621 quod
2834 554 3020 609 bibere
3056 555 3300 610 voluerat
3323 556 3558 622 distulit,

1985 655 2083 695 nec
2118 642 2270 708 bibit,
2305 659 2409 697 non
2442 653 2738 713 propterea
2779 644 3071 699 dicendum
3107 655 3189 702 est
3225 646 3351 716 quia
3384 662 3561 719 neque

1982 746 2175 801 passus
2205 744 2289 788 est
2322 735 2495 788 sitim.
2544 734 2651 789 Sed
2686 745 2740 789 et
2776 736 2906 789 illud
2935 737 3077 807 quod
3115 736 3432 807 frequenter
3462 754 3561 809 per

1983 839 2171 880 coenas
2204 837 2450 893 vocatur,
2480 837 2535 880 et
2565 827 2619 881 in
2656 838 2949 898 conspectu
2977 830 3217 884 omnium
3245 832 3568 896 manducat,’

1982 925 2037 970 et
2065 917 2220 983 bibit,
2254 934 2356 972 non
2388 919 2798 992 decipiens(97)
2833 920 2913 974 vel
2936 919 3127 978 fallens
3148 922 3334 979 oculos
3360 924 3556 979 viden—

1982 1008 2115 1062 tium
2142 1009 2293 1076 facit,
2332 1027 2508 1081 neque
2543 1013 2808 1081 putative,
2847 1024 2905 1066 ut
2934 1014 3153 1083 quidam
3193 1015 3555 1082 arbitrantur,

1982 1099 2097 1154 haec
2126 1101 2284 1169 gerit,
2317 1104 2551 1156 maxime
2591 1118 2715 1156 curn
2744 1102 2817 1157 ita
2861 1112 3104 1158 sumeret
3138 1104 3317 1160 cibum
3357 1120 3422 1163 ac
3454 1121 3556 1176 po—

1981 1201 2117 1253 tum,
2180 1200 2238 1244 ut
2283 1206 2312 1244 a
2366 1191 2687 1260 quibusdam
2727 1193 2891 1247 etiam
2942 1194 3097 1261 quasi
3150 1210 3247 1264 pro
3295 1211 3555 1265 praesum-

1979 1283 2163 1350 ptioue
2211 1283 2375 1337 nimia
2421 1283 2770 1354 culparetur,
2824 1285 2970 1340 velut
3019 1286 3199 1341 cibum
3255 1302 3319 1342 ac
3364 1298 3549 1358 potum

1977 1377 2299 1443 propensius
2327 1387 2610 1446 appetens.
2654 1378 2712 1431 Si
2742 1386 2922 1433 autem
2952 1380 3077 1448 quis
3106 1380 3395 1437 violentius
3423 1382 3552 1438 velit

1978 1480 2222 1522 asserere
2258 1468 2380 1523 ideo
2422 1468 2537 1523 haec
2571 1470 2716 1525 dicta
2746 1485 2886 1535 esse,
2920 1472 3045 1540 quia
3078 1487 3177 1540 per
3208 1473 3549 1541 phantasiam

1977 1561 2362 1623 manducabat,
2412 1569 2469 1615 et
2522 1561 2596 1615 illi
2646 1562 2914 1631 quomodo
2948 1562 3064 1617 haec
3101 1564 3294 1618 ﬁerent
3342 1565 3553 1620 nescio-

1978 1650 2126 1716 bant,
2165 1652 2603 1721 respondendum
2651 1661 2737 1707 est
2778 1653 2844 1707 ad
2895 1668 2960 1707 ea
3015 1669 3082 1710 ex
3136 1656 3219 1711 bis
3263 1672 3385 1726 quae
3435 1658 3550 1728 ipse

289 1740 391 1802 sis,
423 1756 521 1794 nos
550 1742 714 1795 etiam
744 1741 808 1795 ad
844 1717 1184 1812 insequentis
1215 1746 1620 1802 criminationis
1651 1748 1869 1803 tendere
1903 1717 1945 1776 Β
1976 1742 2237 1796 Dominus
2269 1742 2408 1796 dixit
2440 1761 2452 1795 :
2497 1741 2648 1797 Venit
2674 1742 2910 1799 Joannes
2939 1744 3178 1816 Baptista
3206 1764 3368 1816 neque
3397 1717 3547 1805 matt-

287 1829 686 1899 deieusionem,
739 1832 1026 1890 brevitatis
1067 1836 1246 1890 studio
1278 1852 1575 1905 paucorum
1623 1839 1870 1895 testimo-

286 1926 505 1981 niorum
552 1925 873 1995 probatione
905 1924 1019 1997 (93)
1056 1936 1367 1985 contentos.

503 2074 789 2115 BESPONSIO
823 2076 891 2114 AD
925 2077 1176 2124 QUARTAII
1208 2079 1652 2119 CRIMINATIONEII.

283 2151 579 2205 Adversum
625 2170 711 2225 eos
765 2156 855 2221 qui
897 2157 1078 2225 dicunt
1128 2172 1246 2209 eum
1297 2173 1392 2223 per
1428 2157 1709 2225 allegorias
1735 2158 1870 2222 Ξαάί-

258 2239 271 2251 ’
362 2239 497 2343 ἵιενε
515 2224 703 2349 ’ριηηὶα
740 2240 857 2291 qua’
884 2242 917 2278 α
939 2224 1212 2280 Saluatore
1252 2229 1446 2295 scripta
1475 2224 1594 2281 sunt
1620 2245 1869 2298 corpora-

384 2301 481 2345 tter
538 2306 671 2345 acta.

359 2382 647 2438 (iurasses.
700 2384 1326 2468 (9.1)‘4Adjungendum
1376 2398 1459 2443 est
1519 2390 1681 2443 etiam
1737 2390 1867 2445 illud

282 2473 373 2529 his
417 2489 536 2543 qua:
581 2490 746 2546 supra
798 2476 1056 2542 diximus,
1106 2480 1364 2547 quoniam
1421 2495 1614 2549 corpus
1664 2480 1863 2537 Christi

283 2581 392 2619 non
437 2576 557 2621 erat
601 2566 836 2622 alienum
884 2582 913 2621 a
965 2577 1179 2622 terrena
1220 2571 1862 2626 substantia‘secundum

282 2658 389 2713 hoc
432 2659 575 2728 quod
614 2658 755 2715 lilius
792 2667 877 2715 est
908 2659 1103 2727 David,
1142 2669 1197 2716 et
1229 2661 1370 2717 tilius
1394 2664 1690 2729 Abraham,
1722 2665 1865 2720 sicut

281 2750 476 2804 scribit
517 2749 801 2806 Mattltzeus
839 2768 853 2805 :
894 2751 1049 2805 Liber
1087 2756 1442 2821 generationis
1482 2754 1613 2809 Jesu
1642 2754 1860 2824 Christi,

279 2840 384 2908 ﬁlii
413 2840 584 2894 David
606 2882 620 2908 ,
657 2842 759 2910 ﬁlii
778 2845 1060 2912 .Abraham
1082 2844 1129 2876 ⁷⁸
1161 2864 1173 2897 :
1207 2854 1264 2899 et
1293 2845 1434 2898 sicut
1464 2844 1664 2901 Paulus
1707 2848 1858 2911 dicit,

280 2932 555 2987 Christum
585 2950 705 2990 esse
739 2952 804 2990 ex
846 2936 1053 2990 semine
1095 2936 1324 2990 Abrahze
1360 2937 1429 2968 ’θ’
1476 2947 1531 2992 et
1556 2953 1623 2991 ex
1656 2941 1861 2995 semine

279 3024 451 3080 David
473 3026 518 3057 ⁸ο
549 3028 840 3080 secundum
874 3044 1114 3083 carnem.
1153 3028 1305 3095 Quod
1351 3045 1480 3099 ergo
1520 3031 1720 3085 dictum
1752 3040 1856 3097 est,

280 3117 434 3186 quia,
472 3117 583 3189 (95)
619 3120 992 3174 consummatis
1037 3121 1396 3190 quadraginta
1423 3122 1603 3176 diebus
1640 3122 1857 3191 jejunii,

278 3218 326 3261 et
353 3209 707 3278 quadraginta
744 3210 1010 3275 tractibus,
1052 3219 1236 3279 postea
1275 3210 1455 3262 esuriit
1480 3208 1570 3276 ⁸⁰·,
1609 3211 1726 3263 sine
1754 3210 1856 3262 du-

277 3299 369 3353 bio
398 3298 499 3356 hoc
532 3301 768 3366 indicat,
818 3303 960 3371 quod
1017 3300 1270 3355 evacuari
1315 3311 1371 3354 et
1414 3300 1645 3370 repleri,
1706 3301 1857 3356 simi-

277 3386 408 3443 liter
438 3398 495 3442 ut
525 3400 709 3443 nostra
739 3404 968 3459 corpora
1012 3391 1205 3456 solent,
1241 3390 1404 3445 etiam
1448 3389 1595 3443 illius
1643 3398 1854 3459 poterat

278 3496 500 3549 corpus.
537 3480 592 3535 Si
626 3496 756 3535 vero
794 3482 914 3549 quis
958 3481 1175 3552 objiciat
1215 3481 1372 3536 nobis
1403 3480 1564 3551 hujus
1608 3480 1853 3536 miraculi

278 3574 541 3627 rationem
568 3572 631 3626 de
651 3573 1006 3643 quadraginta
1034 3574 1245 3627 dierum
1269 3571 1505 3640 jejunio;
1537 3572 1695 3628 facile
1717 3573 1851 3628 solvi

274 3674 474 3736 potest,
519 3680 640 3720 cum
689 3666 973 3720 adhibetur
1020 3666 1182 3719 etiam
1241 3665 1370 3719 illud
1415 3665 1723 3735 exemplum
1784 3666 1852 3720 de

274 3757 458 3827 Moyse
487 3758 554 3817 ⁸¹.
590 3769 644 3811 et
676 3758 785 3812 Elia
817 3758 909 3822 δι’,
936 3758 1025 3826 qui
1073 3758 1327 3811 similiter
1377 3757 1669 3823 pertulisse
1710 3756 1853 3825 jeju-

274 3868 422 3905 nium
451 3849 778 3905 referuntur.
811 3851 918 3905 Sed
952 3860 1005 3905 et
1045 3849 1196 3913 illud,
1235 3847 1348 3918 (9G)
1382 3850 1524 3917 quod
1556 3850 1768 3903 itineris
1797 3858 1851 3903 et

272 3954 437 3997 aestus
474 3943 662 3997 labore
697 3941 952 4012 fatigatus
982 3942 1173 3995 sedens
1217 3954 1381 4008 super
1413 3948 1630 4009 puteum
1667 3939 1849 4007 requi-

271 4036 428 4098 escit,
464 4045 517 4088 et
550 4035 753 4099 sitit",
793 4034 921 4102 quid
956 4034 1100 4087 aliud
1140 4033 1364 4096 indicat,
1408 4031 1513 4083 nisi
1551 4046 1844 4083 nervorum

1971 1837 2196 1899 ducans,
2229 1851 2391 1905 neque
2435 1835 2631 1898 bibens,
2660 1845 2709 1888 et
2750 1836 2931 1890 dicunt
2964 1851 2981 1889 :
3011 1837 3341 1891 Dtemonium
3370 1839 3543 1895 habet.

1979 1925 2131 1979 Venit
2162 1924 2339 1980 Filius
2382 1927 2608 1981 hominis
2650 1928 2978 1982 manducans
3009 1937 3059 1982 et
3101 1930 3312 1995 bibens,
3368 1944 3416 1986 et
3464 1933 3547 1986 di-

1970 2028 2091 2071 cunt
2116 2034 2135 2071 :
2166 2017 2303 2072 Ecce
2320 2020 2474 2072 homo
2507 2022 2790 2072 deuoratur
2813 2030 2859 2073 et
2884 2021 3057 2073 vinum
3090 2022 3265 2077 bibens
3294 2023 3388 2077 ⁸⁸⁸.
3422 2022 3543 2092 Ipso

1967 2109 2112 2164 enim
2162 2108 2445 2163 Salvatore
2499 2111 2708 2163 dicente
2756 2110 2885 2180 quia
2933 2112 3066 2165 venit
3106 2110 3280 2167 Filius
3318 2113 3543 2169 hominis

1968 2197 2296 2253 manducans
2343 2209 2391 2252 et
2441 2199 2641 2265 bibens,
2693 2199 2968 2268 quomodo
3012 2214 3180 2257 ausus
3222 2214 3304 2259 est
3345 2204 3543 2274 aliquis

1970 2291 2175 2353 dicere,
2236 2305 2412 2360 neque
2462 2294 2817 2347 manducasse
2870 2308 3016 2358 eum,
3075 2310 3254 2365 neque
3298 2296 3542 2352 bibisse?

1968 2382 2101 2449 Qua:
2152 2384 2340 2452 utique
2393 2384 2678 2438 inaniiesta
2732 2385 3087 2441 incredulitas
3143 2397 3227 2441 est
3278 2387 3545 2448 doctrinae

1968 2474 2103 2541 ejus.
2141 2473 2199 2529 Si
2221 2483 2403 2529 autem
2433 2475 2813 2540 mamlucabat,
2848 2485 2906 2531 et
2933 2476 3174 2543 bibebat,
3207 2488 3261 2532 et
3284 2484 3541 2535 substan-

1969 2566 2040 2618 tia
2076 2565 2185 2619 vini
2218 2574 2380 2635 atque
2418 2580 2558 2620 escaz
2602 2566 2713 2638 (98)
2752 2569 2805 2621 in
2852 2582 3073 2625 carnem
3120 2568 3238 2637 ejus
3276 2570 3544 2629 elliciebar

1968 2662 2078 2720 tur,
2121 2656 2238 2710 sine
2285 2657 2446 2710 dubio
2488 2672 2583 2726 per
2610 2673 2801 2712 omnes
2830 2660 3075 2727 corporis
3106 2658 3222 2727 ejus
3250 2676 3542 2734 compages

1966 2759 2031 2799 ac
2070 2744 2439 2799 membrorum
2489 2748 2866 2815 perplexiones
2895 2749 3319 2807 diffundebatur.
3363 2753 3539 2823 Spiri-

1966 2835 2127 2889 talem
2162 2837 2304 2889 enim
2348 2848 2595 2891 naturam
2634 2837 2797 2909 (sicut
2826 2840 3044 2909 quidam
3072 2842 3140 2897 de
3163 2842 3282 2909 ejus
3304 2859 3538 2914 corpore

1962 2926 2225 2991 sentiunt,
2265 2928 2410 2995 quod
2457 2929 2709 2995 imperite
2758 2931 2888 2985 satis
2937 2940 2991 2985 et
3032 2931 3267 2987 absurde
3311 2933 3536 3005 faciunt)

1968 3017 2301 3087 impossibile
2346 3026 2428 3073 est
2472 3020 2580 3073 vini
2617 3030 2781 3089 atque
2818 3036 2956 3076 escze
2997 3024 3239 3092 recipere
3284 3026 3539 3082 substan-

1969 3108 2118 3162 tiam.
2163 3108 2277 3181 (99)
2317 3109 2374 3163 Si
2416 3125 2544 3164 vero
2587 3111 2711 3179 quis
2769 3112 3018 3183 indignas
3060 3115 3434 3184 ubscenasque
3468 3118 3539 3171 ad

1968 3203 2083 3257 hac
2119 3201 2362 3271 proferat
2411 3202 2814 3271 inquisitiones,
2839 3204 3120 3272 requirens
3166 3205 3211 3258 si
3257 3206 3421 3259 etiam
3458 3206 3541 3263 di-

1963 3294 2247 3364 gestiones
2278 3294 2331 3347 in
2353 3308 2587 3363 corpore
2617 3293 2840 3361 hebant,
2865 3294 3307 3349 nihilabsurdum
3327 3296 3538 3352 videtur

1963 3384 2120 3442 fateri
2163 3388 2461 3441 secundum
2493 3388 2943 3456 consequentiam
2974 3397 3181 3443 naturae
3232 3404 3532 3459 corporeae.

1961 3478 2019 3533 Si
2063 3494 2192 3534 vero
2225 3480 2387 3533 etiam
2418 3480 2681 3548 exemplis
2710 3494 2742 3534 a
2780 3480 2936 3535 nobis
2974 3481 3086 3535 haec
3113 3481 3334 3551 exigant
3392 3482 3536 3537 allir-

1960 3570 2121 3635 mari,
2156 3570 2550 3625 ostendendum
2592 3578 2677 3625 est
2707 3570 2825 3624 illos
2882 3570 3017 3625 satis
3063 3573 3178 3627 haec
3218 3571 3533 3641 insipienter

1959 3661 2254 3728 inquirere.
2301 3659 2405 3715 Ubi
2447 3660 2590 3715 enim
2627 3661 2730 3714 ista
2774 3662 2860 3714 vel
2901 3661 2968 3716 de
3008 3661 3288 3731 apostolis,
3333 3663 3418 3718 vel
3463 3662 3531 3717 de

1956 3755 2170 3809 czeteris
2210 3754 2413 3809 sanctis
2445 3753 2587 3808 facta
2614 3769 2737 3808 esse
2768 3752 3099 3819 referuntur,
3133 3753 3216 3809 vel
3255 3755 3419 3809 etiam
3463 3755 3531 3808 de

1956 3846 2136 3915 impiis
2163 3856 2217 3899 et
2250 3846 2651 3916 peccatoribus,
2688 3858 2752 3899 ex
2775 3847 3072 3901 abundanti
3105 3847 3171 3900 de
3207 3861 3271 3901 eo
3300 3848 3533 3917 requiri-

1958 3948 2065 3990 tur.
2113 3938 2217 3991 Sed
2247 3946 2301 3991 et
2330 3938 2768 3991 circumcisionis
2805 3939 2923 4008 ejus
2958 3941 3096 3993 ratio
3131 3940 3284 3994 nobis
3311 3942 3529 4009 quidem

1956 4030 2035 4098 (l)
2074 4046 2178 4083 non
2226 4031 2507 4100 generabit
2536 4031 2863 4098 angustiam,
2904 4030 3214 4084 dicentibus
3241 4044 3362 4085 eam
3398 4046 3530 4086 con-

351 4130 396 4161 "
430 4130 615 4183 Matth.
646 4144 685 4191 ι,
718 4132 768 4184 1.
808 4128 879 4161 "'
910 4128 1085 4183 Galat.
1120 4143 1201 4191 lll,
1239 4127 1324 4181 l6.
1398 4126 1442 4157 ⁸ο
1476 4126 1632 4181 Rom.
1669 4142 1707 4193 I,
1743 4127 1795 4181 ὃ.
1837 4125 1906 4157 ⁸⁰’
1935 4125 2123 4181 Matth.
2153 4126 2297 4192 tv,2.
2375 4127 2418 4158 ⁸³
2441 4126 2814 4192 Exod.xxx1v,
2845 4126 2934 4180 ‘28.
3002 4125 3153 4180 “‘lll
3178 4127 3309 4196 Reg.
3334 4128 3525 4195 xrx,3.

269 4200 317 4231 ⁸²
346 4199 507 4255 Joan.
534 4215 608 4264 IV,
639 4202 692 4263 6,
725 4200 777 4256 7.
853 4197 924 4231 ⁸²¹
961 4200 1151 4255 Matth.
1177 4215 1254 4262 xu,
1290 4197 1496 4260 18,19.

340 4291 744 4374 (90_-9l)__E_rgo.
800 4294 1041 4374 Deesthin
1079 4309 1207 4374 mss.
1250 4292 1351 4374 sed
1379 4300 1556 4371 exstat
1581 4291 1633 4343 in
1666 4291 1848 4374 editis.
1883 4296 1927 4352 D
1955 4291 2057 4346 lius
2082 4291 2234 4358 editi,
2267 4292 2322 4345 in
2358 4310 2566 4374 carnem
2598 4292 2731 4361 ejus.
2775 4290 2896 4374 ηοξ
2942 4292 3093 4374 editi,
3139 4301 3193 4345 et
3236 4306 3364 4374 mss.
3394 4292 3525 4362 lplu-

264 4361 475 4418 Deinde
504 4361 674 4429 editi,
696 4366 849 4417 homo
878 4376 924 4415 et
960 4364 1116 4416 Deus.
1157 4364 1218 4415 Et
1250 4361 1420 4424 infra,
1457 4362 1585 4425 quia
1634 4377 1736 4414 non
1780 4363 1843 4413 ab

264 4435 474 4487 homine
524 4436 695 4503 accepi
740 4434 874 4486 illud
909 4432 1289 4502 Evangelium;
1344 4433 1437 4485 sed
1480 4445 1669 4485 omnes
1713 4447 1843 4485 mss.

265 4513 327 4555 ut
358 4504 411 4555 in
446 4515 630 4557 nostro
665 4516 837 4557 textu.

342 4573 456 4641 (9‘2)
492 4574 565 4625 Ita
609 4590 710 4627 ms.
749 4570 969 4640 Regius.
1014 4572 1150 4626 Editi
1199 4584 1347 4633 vero,
1395 4586 1498 4622 non
1543 4579 1619 4641 est
1667 4569 1840 4623 homo.

266 4639 510 4696 Alienum
543 4652 615 4695 est
749 4682 761 4694 .
792 4660 908 4712 qua:
944 4645 991 4696 ei
1044 4641 1245 4695 occulta
1292 4649 1411 4693 sunt
1444 4650 1495 4712 et
1526 4639 1692 4712 velata
1722 4651 1842 4694 sunt

269 4712 570 4782 (Merlintts,
611 4724 660 4765 et
701 4710 922 4766 revelata
959 4712 1140 4783 sunt):
1183 4713 1321 4780 quod
1359 4719 1407 4762 et
1451 4711 1496 4761 si
1528 4710 1837 4783 aliquando,

265 4794 375 4835 etc.
429 4784 619 4836 Creteri
678 4799 803 4835 mss.
855 4781 1132 4845 otttittnnt,
1178 4783 1295 4849 plus
1342 4796 1501 4848 quam
1538 4781 1692 4831 homo
1737 4788 1835 4841 est,

263 4852 380 4913 vel,
417 4869 519 4905 non
562 4862 632 4903 est
671 4854 860 4916 homo,
891 4861 947 4904 et
975 4867 1159 4905 vocem
1190 4852 1361 4916 enim,
1406 4857 1528 4919 post
1573 4850 1836 4903 alienum:

264 4922 473 4987 reliqua
508 4936 635 4974 vero
678 4927 877 4975 habent
920 4933 975 4973 ut
1011 4924 1062 4976 in
1098 4931 1272 4977 textu.

362 4992 451 5059 95)
487 4992 653 5056 Alias,
684 5002 971 5045 contentus.
1182 5032 1216 5059 Α.

357 5057 446 5127 94)
484 5061 559 5113 Ex
593 5062 684 5113 lib.
728 5078 742 5114 1
780 5063 833 5113 in
864 5061 1034 5129 Epist.
1060 5061 1127 5115 ad
1163 5057 1403 5115 Galatas.

357 5132 446 5199 95)
480 5133 651 5194 Alias,
686 5133 1026 5195 consumptis.

330 5199 444 5272 (96)
472 5201 636 5265 Alias,
665 5201 803 5270 quod
832 5202 1032 5254 itineris
1070 5200 1259 5272 laborer
1299 5211 1345 5272 et
1377 5209 1508 5272 cestu
1535 5199 1826 5272 fatigatus.

332 5269 444 5342 (97)
478 5272 610 5325 Mss.
645 5269 825 5339 plures
869 5273 1150 5332 omittunt,
1187 5271 1261 5342 uel
1285 5270 1500 5339 fallens.
1532 5269 1631 5323 Ms.
1666 5286 1825 5342 unus,

258 5357 364 5394 non
388 5339 599 5409 fallens.
633 5342 838 5394 Deinde
868 5342 1021 5404 editi,
1055 5341 1206 5412 quasi
1231 5357 1325 5408 pro
1352 5342 1647 5407 sumptione
1668 5339 1828 5392 nimia

260 5449 275 5464 .
294 5452 308 5464 .
332 5452 346 5465 .
366 5452 378 5464 .
410 5414 543 5465 velut
584 5413 755 5464 cibum
783 5429 844 5463 ac
871 5423 1047 5475 polum
1071 5412 1277 5464 avidius
1307 5426 1368 5462 ac
1397 5411 1700 5476 propensius
1731 5424 1827 5476 ap-

255 5494 431 5549 petens
473 5522 485 5534 .
515 5522 528 5534 .
557 5522 569 5535 .
597 5519 612 5535 .
649 5482 768 5535 uelit
793 5480 1052 5550 afﬁrmare
1098 5482 1211 5533 ideo
1235 5481 1344 5532 haec
1370 5480 1445 5531 ita
1477 5495 1585 5531 esse
1619 5516 1634 5531 .
1657 5516 1671 5531 .
1694 5517 1709 5533 .
1732 5517 1745 5530 .
1777 5488 1826 5531 et

257 5553 338 5603 illi
376 5555 633 5620 quomodo
663 5555 714 5603 id
748 5553 919 5619 ﬁeret,
968 5563 1076 5605 etc.
1123 5552 1229 5607 Sed
1269 5564 1458 5605 omnes
1495 5565 1624 5603 mss.
1675 5556 1731 5601 ut
1772 5550 1823 5600 in

255 5633 440 5675 21081.Γο
471 5635 638 5677 textu.

325 5693 434 5763 (98)
468 5695 663 5747 Omnes
696 5707 827 5746 mss.
864 5692 1057 5758 nostri,
1090 5694 1143 5746 in
1185 5708 1342 5747 carne
1385 5690 1535 5761 ejus;
1572 5689 1665 5745 sed
1707 5702 1821 5743 mc-

524 5788 797 5851 PATROL.
823 5786 938 5849 Gn.
975 5787 1173 5849 Χνυ.

1956 4377 2065 4424 res,
2110 4379 2381 4432 compages
2412 4364 2760 4432 membrorum
2788 4362 3205 4432 diffundebatur.
3240 4362 3365 4432 Mss.
3394 4377 3525 4417 vero

1954 4433 2290 4485 Sorbonicus
2359 4444 2411 4485 et
2455 4431 2653 4485 Montis
2704 4432 2763 4485 ὃ.
2818 4431 3099 4486 Michaelis
3165 4432 3218 4486 in
3270 4431 3522 4488 Periculo

1948 4502 2115 4555 maris
2165 4512 2223 4554 ut
2256 4503 2308 4555 in
2343 4512 2513 4559 textu.

2019 4571 2344 4642 (99)Editi,
2385 4570 2441 4626 Si
2489 4587 2607 4625 vero
2655 4572 2772 4640 quis
2810 4571 3093 4641 indignans
3150 4570 3397 4625 obscenas
3447 4576 3518 4627 ad

1944 4640 2074 4695 licet.
2115 4640 2217 4695 Sed
2251 4656 2441 4695 omnes
2472 4655 2602 4693 mss.
2635 4654 2690 4694 ut
2716 4645 2768 4693 in
2799 4640 2968 4695 textu.
3001 4642 3203 4711 Deinde
3234 4658 3367 4696 mss.
3399 4650 3521 4711 qui-

1943 4714 2089 4775 dam,
2118 4712 2432 4779 dtgestioues
2465 4727 2727 4776 corporea?
2769 4711 2983 4779 ﬁebant.
3029 4710 3194 4764 Pattlo
3218 4722 3337 4780 post
3359 4710 3515 4777 editi,

1943 4800 1975 4833 ιι
2018 4783 2162 4834 nobis
2206 4780 2301 4833 hoc
2335 4782 2544 4848 exigant
2575 4822 2586 4834 .
2607 4820 2619 4833 .
2645 4820 2658 4833 .
2679 4821 2692 4833 .
2721 4780 2820 4833 Ubi
2843 4786 2979 4833 enim
3012 4783 3113 4834 ista
3144 4783 3206 4833 de
3238 4785 3513 4848 apOsloiis,

1939 4852 2017 4903 vel
2045 4854 2242 4906 cwreris
2275 4854 2491 4903 sanctis.
2533 4850 2656 4903 Mox
2694 4866 2823 4903 mss.
2853 4852 3182 4904 Surbonicus
3227 4863 3281 4905 et
3321 4854 3379 4907 ὃ.
3408 4850 3513 4907 Mi-

1939 4923 2144 4975 chaelis
2185 4923 2237 4974 in
2282 4920 2532 4975 Pericula
2583 4924 2767 4983 maris,
2812 4923 2889 4974 vel
2939 4923 3096 4974 etiam
3138 4924 3200 4973 de
3245 4924 3416 4988 impiis
3461 4935 3511 4977 et

1935 4991 2333 5060 peccatoribus,
2356 5007 2420 5043 ea:
2452 4992 2743 5043 abundanti
2792 4994 2854 5043 de
2892 5006 2949 5043 eo
2981 4992 3270 5060 requiritur
3295 4990 3389 5059 [aL
3422 5009 3509 5045 re-

1933 5059 2258 5131 quiruntur].
2307 5059 2410 5131 Sed
2444 5074 2488 5113 et
2518 5061 2957 5123 circumcisionis,
3004 5059 3111 5115 etc.
3165 5060 3359 5115 Verum
3395 5062 3510 5116 haec

1933 5130 2119 5193 verba,
2177 5147 2243 5183 ea:
2285 5130 2577 5182 abundanti
2624 5132 2687 5182 de
2737 5147 2795 5185 eo
2846 5133 3148 5199 requiritur,
3204 5133 3287 5185 vel
3336 5136 3510 5200 requi-

1933 5211 2143 5264 runtur,
2184 5216 2283 5255 nec
2320 5204 2371 5254 in
2403 5202 2614 5254 caeteris
2661 5215 2790 5256 mss.
2839 5219 2937 5255 nec
2992 5203 3043 5254 in
3094 5202 3255 5256 editis
3286 5217 3508 5270 compa—

1933 5278 2093 5336 rent;
2131 5287 2252 5339 «μω
2303 5281 2480 5324 tamen
2533 5272 2868 5325 restituenda
2911 5274 3182 5325 videntur.
3234 5272 3505 5325 Caeterum

1931 5356 2037 5411 non
2073 5341 2351 5407 reperitur
2379 5342 2465 5394 ubi
2498 5342 2563 5394 de
2603 5341 2685 5394 his
2711 5343 2971 5411 Origenes
3008 5344 3340 5396 tractaverit.

2000 5410 2074 5482 (l)
2107 5411 2270 5474 Editi,
2301 5426 2403 5464 non
2443 5413 2708 5482 generabit
2744 5410 2999 5481 majorem
3032 5416 3353 5482 angustiam.
3401 5411 3504 5465 Sed

1928 5480 2181 5547 majorem
2221 5480 2489 5535 omittitur
2534 5483 2586 5534 in
2617 5483 2868 5535 omnibus
2901 5500 3026 5535 mss.
3071 5485 3295 5534 nostris.
3340 5481 3505 5543 Infra,

1926 5565 2114 5603 omnes
2148 5566 2278 5604 mss.
2322 5552 2557 5605 habent:
2602 5553 2656 5604 in
2687 5553 2794 5603 alia
2825 5553 3183 5621 disputatione
3218 5554 3509 5620 γεφαίνετα-

1927 5628 2047 5685 tur;
2078 5622 2277 5678 reetius
2312 5637 2439 5677 vero
2470 5621 2622 5686 editi,
2654 5624 2963 5691 reqttiretur.

3116 5784 3190 5845 19
