3840 6222
373 300 478 361 587

1587 308 1641 361 S.
1684 306 2010 362 PAMPHILI
2052 310 2406 365 MARTYRIS

3505 323 3616 377 588

370 428 661 486 sequettter
693 419 927 471 humano
952 431 1179 487 corpore
1204 428 1258 472 et
1288 418 1662 472 circumcisum
1707 435 1848 481 esse,
1884 431 1938 475 et
1965 431 2014 485 Α
2043 422 2303 478 inclinare
2335 440 2518 477 auram
2564 424 2647 478 his
2679 426 2768 493 qui
2794 427 2977 480 dicunt
3020 444 3116 498 per
3144 429 3387 497 Mariam,
3416 444 3469 488 et
3499 453 3610 491 non

371 513 693 578 prmputium
742 506 858 579 ejus
894 520 1050 564 terra:
1099 511 1431 576 mandatum,
1474 511 1718 566 fortassis
1772 529 1941 582 usque

374 602 439 653 ad
481 611 689 669 tempus
727 616 742 653 :
778 611 869 654 aut
916 601 961 654 si
1008 601 1167 655 aliter
1202 612 1318 665 est,
1353 603 1404 655 in
1438 603 1539 656 alia
1581 604 1939 673 disputatione

372 694 697 761 requiretur.
729 693 852 748 llch
878 702 1057 749 tamen
1084 696 1199 761 ejus
1233 696 1576 751 circumcisio
1610 699 1741 752 satis
1772 714 1937 752 coan-

372 786 607 853 gustabit
650 801 742 839 eos
795 785 883 854 qui
931 802 996 840 ex
1047 787 1258 841 diverso
1296 797 1440 841 sunt.
1496 787 1750 857 Spiritale
1794 791 1936 842 enim

369 892 568 946 corpus
597 879 865 946 quomodo
897 888 1104 947 poterat
1139 880 1451 934 circumcidi
1502 880 1645 934 ferro
1679 882 1938 935 terreno?

372 967 597 1036 Propter
632 969 771 1037 quod
812 984 915 1022 non
950 970 1285 1023 ernbuerunt
1328 972 1545 1039 quidam
1588 988 1652 1026 ex
1694 972 1825 1041 ipsis
1871 973 1938 1027 de

369 1057 631 1126 praeputio
688 1057 1120 1113 circumcisionis
1162 1060 1278 1127 ejus
1326 1062 1489 1114 etiam
1536 1062 1700 1117 libros
1751 1064 1933 1129 edere,

368 1150 566 1218 quibus
598 1150 883 1203 ostendere
912 1163 1242 1206 conarentur
1289 1154 1428 1221 quod
1476 1156 1527 1207 in
1578 1155 1933 1209 substantiam

368 1240 588 1293 cesserit
614 1240 931 1307 spiritalem.
973 1240 1088 1295 Non
1124 1242 1300 1297 minus
1342 1255 1520 1298 autem
1569 1249 1935 1314 angustabun-

367 1344 455 1387 tur
481 1334 642 1387 etiam
674 1333 744 1387 illi
768 1334 856 1402 qui
890 1334 1119 1387 animale
1145 1348 1341 1402 corpus
1382 1336 1570 1390 dicunt
1600 1352 1718 1392 esse
1741 1353 1935 1407 corpus

362 1424 588 1479 Christi.
623 1424 728 1477 Sed
761 1434 815 1477 et
844 1425 909 1477 de
946 1424 1207 1493 sanguine
1246 1425 1360 1494 ejus
1402 1435 1456 1479 et
1492 1442 1629 1495 aqua
1658 1443 1777 1495 qua:
1808 1443 1933 1496 pro-

364 1516 527 1569 cessit
558 1516 623 1569 de
670 1516 837 1569 latere
883 1515 996 1583 ejus
1037 1517 1189 1569 hasta
1230 1528 1550 1584 compuncto
1592 1534 1621 1571 a
1666 1519 1835 1573 milite
1863 1519 1929 1585 ⁸³,

363 1610 550 1661 eadem
579 1606 855 1661 sentienda
902 1616 1046 1661 sunt.
1090 1606 1195 1661 Sed
1236 1608 1322 1662 his
1351 1610 1439 1677 qui
1477 1610 1655 1663 sciunt
1677 1612 1803 1680 quid
1838 1628 1933 1666 au-

361 1699 517 1753 diant
560 1712 656 1766 per
694 1698 796 1751 hoc
832 1698 975 1766 quod
1004 1698 1219 1761 dicitur,
1258 1698 1333 1768 (2)
1363 1701 1486 1769 quia
1525 1700 1709 1755 ﬁxura:
1748 1702 1924 1757 clavo-

362 1806 481 1843 rum
520 1798 675 1843 erant
706 1790 756 1843 in
799 1789 922 1858 ejus
948 1804 1171 1858 corpore
1192 1792 1259 1857 ⁸⁸,
1301 1792 1592 1847 manifeste
1624 1794 1927 1848 declaratur
1956 1782 1998 1836 Β

358 1884 488 1952 quia
542 1897 671 1936 caro
708 1891 825 1936 erat
873 1891 1110 1946 terrena,
1161 1884 1212 1937 id
1265 1893 1346 1937 est
1399 1884 1643 1938 humana:
1678 1896 1924 1942 naturae:

360 1990 482 2044 qua:
519 1976 701 2043 utique
747 1990 851 2029 non
897 1983 1015 2029 erat
1065 1976 1206 2041 talis,
1249 1985 1308 2029 ut
1343 1976 1766 2044 recipiendorum
1802 1978 1926 2031 vulv

362 2082 549 2122 nerum
627 2069 1025 2135 subterfugeret
1080 2068 1417 2137 qualitatem.
1484 2069 1635 2135 Quod
1706 2071 1749 2123 si
1818 2086 1923 2125 non

354 2155 522 2209 etiam
576 2156 743 2208 multa
799 2156 1045 2210 humana;
1091 2157 1421 2212 infirmitatis
1478 2158 1530 2212 in
1587 2159 1701 2227 ipsa
1752 2169 1924 2215 morte

354 2247 636 2308 sensisset,
689 2262 786 2301 cur
829 2246 1008 2300 anima
1050 2248 1216 2316 ipsius
1245 2249 1593 2317 perturbatur
1622 2249 1688 2315 ”,
1728 2259 1781 2304 et
1822 2251 1921 2303 tri-

357 2339 457 2393 stis
499 2348 582 2393 est
630 2354 727 2407 pro
774 2353 836 2393 ea
883 2353 1051 2407 usque
1099 2338 1166 2392 ad
1207 2350 1435 2395 mortem
1468 2340 1557 2394 3‘?
1586 2340 1714 2407 Quae
1744 2343 1921 2396 omnia

359 2434 638 2489 evidenter
688 2432 976 2486 ostendunt
1034 2432 1174 2499 quod
1233 2447 1337 2486 non
1398 2433 1552 2500 falso,
1617 2435 1711 2488 sed
1768 2436 1919 2504 quasi

361 2525 521 2577 homo
551 2523 793 2576 dixerit:
828 2522 1056 2591 Spiritus
1098 2526 1307 2593 quidem
1348 2535 1614 2592 promptus
1656 2536 1751 2588 est,
1796 2544 1918 2581 caro

358 2627 529 2671 autem
557 2616 766 2683 inﬁrma
790 2615 858 2670 ⁸⁷.
891 2614 1089 2669 Eadem
1115 2616 1460 2671 nihilominus
1492 2617 1724 2671 ostendit
1756 2619 1919 2670 etiam

360 2710 533 2764 somni
573 2709 730 2772 ratio,
768 2723 889 2762 cum
924 2708 1154 2771 dicitur,
1184 2708 1311 2776 quia
1346 2719 1456 2761 erat
1493 2710 1544 2761 in
1579 2709 1734 2776 puppi
1767 2725 1921 2775 super

353 2802 576 2855 cervical
603 2802 862 2854 dormiens
889 2842 903 2866 ,
948 2801 1087 2854 sicut
1126 2799 1334 2855 Marcus
1368 2800 1617 2866 refert”,
1646 2809 1701 2855 et
1733 2801 1799 2855 ab
1828 2803 1921 2855 ho-

356 2893 504 2944 mine
522 2891 818 2944 suscitatur
861 2903 893 2944 e
933 2902 1147 2943 somno.
1200 2889 1323 2945 [lare
1348 2891 1491 2945 enim
1520 2890 1645 2945 licet
1683 2894 1919 2948 habeant

360 2980 659 3048 spiritalem
702 2979 1054 3043 intellectum,
1092 2990 1269 3033 tamen
1301 2990 1552 3035 manente
1581 2983 1725 3051 prius
1761 2985 1920 3038 histo-

356 3072 452 3127 ria:
497 3073 752 3138 veritate,
793 3071 955 3125 etiam
990 3070 1249 3139 spiritalis
1296 3072 1632 3139 recipiendus
1674 3083 1757 3128 est
1795 3089 1920 3129 sen-

2042 530 2106 570 ex
2158 516 2325 570 Maria
2376 518 2453 587 (5)
2495 530 2618 571 eum
2670 533 2790 573 esse
2841 531 3069 574 natum:
3125 524 3267 589 quod
3317 527 3612 593 Apostolus

2043 610 2329 677 praesciens
2377 611 2446 664 ita
2489 613 2733 679 prazdixit
2762 631 2774 665 :
2811 612 2939 665 Cum
2968 624 3141 667 autem
3175 617 3311 668 venit
3338 618 3608 684 plenitudo

2040 710 2361 766 temporum,
2430 704 2567 756 misit
2620 702 2759 756 Deus
2810 702 3015 758 Filium
3069 723 3223 759 suum
3278 708 3473 775 factum
3538 730 3610 766 ea:

2040 791 2277 852 muliere,
2316 792 2514 856 [actum
2554 794 2647 845 sub
2675 793 2804 859 lege,
2846 805 2900 846 ut
2944 811 3029 847 eos
3054 798 3145 864 qui
3178 798 3272 849 sub
3316 799 3425 867 lege
3455 814 3609 855 erant

2041 883 2311 935 redimeret
2337 884 2401 934 ⁸⁸.
2442 882 2598 939 Vides
2624 886 2747 952 quia
2799 902 2904 939 non
2940 889 3096 953 dixit,
3128 891 3328 945 factum
3360 908 3456 961 per
3489 911 3610 948 mu—

2041 974 2247 1037 lierctn,
2275 975 2388 1037 sed,
2417 976 2620 1043 factum
2654 995 2717 1032 ex
2750 980 2985 1033 muliere.
3013 1000 3032 1033 ι

2109 1066 2435 1122 ΡΑιιρηιιυε.
2499 1069 2638 1134 Quid
2716 1079 2821 1124 tam
2879 1073 3155 1128 evidenter
3217 1086 3307 1130 aut
3373 1078 3603 1147 integre,

2036 1174 2198 1228 quam
2228 1175 2291 1214 ex
2322 1161 2401 1214 his
2428 1162 2675 1217 omnibus
2699 1178 2819 1232 quze
2842 1165 3078 1233 scripsit,
3102 1165 3180 1235 (6)
3214 1168 3606 1223 conﬁrmatur?

2036 1248 2397 1303 Conﬁrmatur
2424 1253 2491 1305 ab
2524 1266 2590 1305 eo
2627 1262 2682 1307 et
2720 1253 3121 1309 Dominicorum
3158 1267 3428 1324 gestorum
3457 1262 3604 1314 veri-

2036 1351 2138 1402 tas.
2174 1353 2226 1396 et
2266 1342 2505 1397 historiae
2540 1344 2942 1412 Scripturarum
2977 1346 3127 1400 ﬁdes.
3161 1347 3266 1401 Sed
3305 1362 3603 1418 persequa—

2035 1450 2155 1487 mur
2183 1433 2257 1505 (7)
2295 1446 2697 1503 consequenter
2737 1437 2900 1490 etiam
2944 1436 3073 1501 alia,
3117 1438 3171 1491 in
3212 1439 3406 1504 quibus
3443 1455 3603 1495 accu-

2033 1536 2185 1580 satur
2241 1527 2398 1596 quasi
2462 1528 2598 1581 duos
2652 1526 2896 1583 Chrislos
2950 1529 3164 1594 dicens,
3221 1546 3383 1583 unum
3431 1531 3598 1585 Deum

2034 1618 2286 1682 Verbum,
2335 1627 2389 1673 et
2436 1619 2598 1673 alium
2642 1619 2824 1675 Jesum
2865 1620 3141 1676 Christum
3184 1623 3274 1691 qui
3318 1637 3384 1677 ex
3431 1623 3601 1679 Maria

2031 1718 2193 1766 natus
2224 1719 2327 1765 est.

2254 1865 2535 1906 BESPONSIO
2564 1866 2631 1906 AD
2666 1867 2906 1914 QUINTAI
2939 1867 3383 1907 CRIIINATIONEI.

2196 1985 2273 2057 (8)
2314 1985 2465 2051 Quod
2506 2002 2640 2039 unus
2685 1995 2760 2040 est
2813 1984 3054 2040 Christus
3098 1984 3271 2039 Filius
3311 1985 3431 2042 Dei.

2423 2097 2523 2169 (Ex
2551 2098 2727 2168 primo
2751 2098 2891 2151 libro
2920 2099 2985 2151 de
3019 2098 3209 2167 Isaia.)

2099 2233 2387 2287 URIGENES.
2426 2229 2504 2302 (9)
2537 2250 2555 2282 ι
2594 2229 2746 2284 Sicut
2790 2231 2919 2284 dicit
2953 2230 3279 2299 Apostolus,
3333 2230 3600 2295 Quoniam

2028 2321 2358 2374 a'mulatores
2396 2324 2518 2374 estis
2550 2321 2833 2389 spirituum
2864 2321 2931 2373 ".
2962 2321 3114 2374 Sicut
3144 2322 3284 2375 enim
3308 2336 3431 2375 eum
3461 2338 3600 2377 unus

2026 2415 2098 2467 sit
2144 2413 2379 2482 Spiritus
2435 2424 2678 2479 sanctus,
2727 2413 2859 2466 tanti
2917 2428 3011 2481 per
3053 2413 3293 2481 singulos
3342 2414 3599 2467 dicuntur

2025 2506 2247 2574 spiritus
2299 2507 2510 2569 sancti,
2561 2506 2747 2575 quanti
2802 2514 2928 2558 sunt
2972 2504 3023 2557 hi
3068 2506 3159 2570 qui
3202 2504 3402 2558 habent
3437 2505 3487 2558 in
3539 2519 3601 2559 se

2026 2598 2285 2667 Spiritum
2337 2608 2581 2652 sanctum
2635 2616 2647 2650 :
2705 2598 2777 2650 ita
2825 2608 2877 2651 et
2926 2599 2992 2652 de
3030 2597 3247 2652 Christo
3302 2598 3597 2652 dicendum

2025 2700 2126 2744 est.
2168 2690 2248 2743 Ab
2287 2705 2391 2743 uno
2436 2690 2577 2743 enim
2621 2688 2840 2744 Christo
2887 2689 3035 2742 multi
3084 2691 3213 2741 ﬁunt
3254 2688 3468 2751 christi,
3533 2690 3601 2743 de

2024 2782 2218 2850 quibus
2269 2782 2548 2850 Scriptura
2603 2782 2735 2835 dicit
2780 2799 2792 2835 :
2855 2779 3035 2836 Nolite
3092 2791 3301 2849 tangere
3375 2782 3599 2833 christos

2023 2889 2161 2926 meos
2188 2913 2201 2937 ,
2239 2883 2284 2926 et
2323 2874 2377 2926 in
2406 2874 2665 2941 prophetis
2716 2875 2841 2926 meis
2879 2874 3034 2925 nolite
3072 2872 3355 2940 malignari
3379 2872 3447 2924 ".
3505 2872 3601 2926 Sic

2023 2975 2076 3018 et
2107 2964 2174 3017 ab
2212 2980 2316 3018 uno
2359 2964 2467 3018 Deo
2509 2965 2580 3019 dii
2628 2964 2781 3017 multi
2831 2964 3100 3028 dicuntur,
3154 2979 3341 3017 omnes
3389 2964 3604 3017 scilicet

2026 3058 2077 3111 lii
2108 3058 2158 3109 in
2191 3057 2386 3126 quibus
2424 3056 2632 3109 habitat
2662 3056 2804 3109 Deus
2835 3075 2848 3109 :
2887 3057 2979 3109 sed
3013 3058 3155 3107 nobis
3189 3072 3323 3108 unus
3351 3066 3425 3107 est
3460 3054 3599 3107 Deus

353 3179 465 3218 sus.
512 3162 589 3233 (5)
636 3163 787 3217 Licet
825 3162 967 3217 enim
998 3176 1169 3217 οπεος
1198 3177 1410 3231 semper
1444 3173 1596 3219 curet
1624 3166 1914 3219 secundum
1944 3140 1986 3197 C
2022 3146 2203 3211 Pater,
2234 3164 2297 3200 ex
2331 3163 2430 3217 quo
2470 3149 2643 3199 omnia
2684 3149 2755 3201 ’7.
2790 3146 2937 3201 Unus
2968 3163 3093 3215 ergo
3123 3156 3203 3199 est
3232 3162 3389 3200 verus
3430 3146 3597 3208 Dens,

355 3255 655 3324 spiritalem
698 3254 1132 3324 intelligentiam,
1172 3270 1292 3309 cum
1342 3255 1645 3325 ignorantia
1682 3270 1919 3311 excaeca-

354 3357 441 3401 tas
488 3346 752 3399 illuminat
799 3355 1029 3409 mentes,
1084 3356 1262 3401 tamen
1305 3354 1357 3400 et
1390 3346 1744 3415 corporaliter
1793 3356 1919 3401 tunc

351 3451 553 3491 caecum
580 3436 792 3490 sanavit
816 3433 884 3486 ‘9.
916 3434 979 3489 Et
1009 3444 1247 3490 mortuos
1278 3450 1489 3504 semper
1505 3436 1763 3503 suscitat;
1793 3436 1917 3491 fecit

352 3533 532 3577 tamen
589 3534 645 3578 et
701 3534 827 3576 tunc
883 3523 1254 3591 hujuscemodi
1309 3524 1620 3587 mirabilia,
1675 3526 1812 3579 sicut
1865 3534 1919 3579 et

353 3615 520 3668 ﬁliam
558 3614 817 3683 principis
849 3614 1150 3683 Synagogte
1172 3614 1240 3676 9°,
1278 3624 1332 3668 et
1373 3614 1538 3669 ﬁlium
1572 3616 1741 3669 vidua:
1766 3617 1834 3681 θ’,
1864 3622 1919 3670 et

350 3704 613 3758 Lazarum
634 3704 680 3737 ³³
714 3703 791 3774 (4)
829 3704 1158 3759 suscitando.
1194 3705 1259 3759 Et
1278 3706 1525 3773 quamvis
1559 3719 1771 3773 semper
1794 3720 1917 3759 cum

352 3796 629 3849 excitatur
661 3811 688 3848 a
723 3795 999 3862 discipulis
1032 3806 1340 3865 compescat
1368 3796 1621 3851 Ecclesia:
1652 3797 1913 3861 turbines,

350 3885 437 3939 vel
468 3885 732 3955 procellas
750 3885 817 3951 ⁸³,
855 3896 1029 3938 tamen
1058 3894 1263 3940 certum
1293 3895 1374 3941 est
1402 3886 1566 3941 etiam
1603 3895 1729 3939 tunc
1768 3894 1918 3954 gesta

352 3991 473 4031 esse
505 3990 623 4045 quae
669 3991 767 4046 per
811 3977 1094 4032 historiam
1138 3977 1463 4031 referuntur.
1518 3975 1611 4030 Sic
1650 3989 1779 4043 ergo
1830 3987 1917 4027 sa-

354 4081 481 4121 num
526 4075 609 4122 est
653 4082 868 4122 sensum
897 4067 1190 4137 Scriptum
1238 4068 1520 4136 recipere;
1566 4080 1664 4120 nec
1702 4071 1916 4134 oportet

1042 4264 1087 4293 ⁸⁸
1112 4261 1266 4317 Joan.
1336 4280 1427 4323 xx,
1459 4264 1529 4315 25
1546 4271 1599 4313 ει
1629 4276 1742 4330 seq.

1078 4333 1190 4386 9.5:
1259 4350 1313 4386 x.
1373 4334 1459 4386 5‘2.
1557 4332 1602 4361 ’°
1639 4331 1742 4386 Lut

456 4266 502 4297 ⁸³
527 4265 681 4320 Joan.
726 4282 838 4325 xix.
874 4263 964 4319 54.

352 4354 427 4399 iv,
462 4337 551 4391 38.
627 4336 670 4369 ⁸⁹
701 4335 863 4388 Marc.
893 4350 1013 4399 vttt,
1078 4333 1190 4397 9.5;
1259 4350 1313 4395 x,

349 4408 437 4461 39.
514 4408 561 4439 ⁸⁵
611 4406 786 4460 Galat.
821 4422 892 4461 IV.
926 4406 980 4461 4.
1037 4403 1091 4458 5.
1162 4402 1311 4456 ⁹⁵ΙΟ

424 4592 500 4661 (2)
530 4590 656 4646 Mss.
704 4590 894 4654 nostri,
943 4592 1065 4660 quia
1108 4589 1315 4661 ﬁgure
1336 4588 1620 4661 clavorum,
1651 4596 1779 4661 etc.,
1810 4588 1909 4661 sed
1943 4572 1986 4625 ι)

351 4656 552 4716 rectius
590 4662 793 4715 habere
826 4656 1075 4714 videntur
1102 4656 1252 4722 editi,
1278 4656 1490 4724 ﬁxurte.
1520 4658 1717 4711 Deinde
1758 4659 1908 4722 editi,

348 4733 496 4799 quasi
527 4747 630 4783 non
667 4732 824 4783 etiam
866 4730 1030 4782 multa
1070 4728 1316 4799 humana:
1349 4728 1673 4799 inﬁrmitatis
1702 4728 1754 4780 in
1792 4727 1907 4799 ipsa

346 4795 515 4853 morte
552 4802 814 4861 sensisset,
851 4802 1029 4851 anima
1060 4795 1426 4865 perturbatur,
1474 4806 1577 4850 etc.
1620 4797 1743 4850 Mss.
1788 4798 1909 4864 plu-

348 4885 458 4934 res,
494 4869 655 4933 Quid,
693 4869 738 4921 si
772 4884 874 4921 non
912 4870 1069 4920 etiam
1105 4866 1271 4919 multa
1310 4867 1554 4918 humana:
1581 4866 1907 4933 inﬁrmitatis

347 4941 403 4992 in
461 4940 576 5006 ipsa
627 4949 791 4991 morte
836 4939 1096 4999 sensisset,
1145 4938 1318 5006 anima
1351 5005 1354 5006 ν
1382 4935 1757 5006 perturbatur,_
1797 4946 1901 4989 etc.

350 5004 491 5076 quod
536 5022 641 5060 non
692 5008 871 5060 male:
908 5008 999 5060 sed
1062 5022 1192 5059 mss.
1242 5004 1570 5059 Sorbonicus
1616 5013 1670 5057 et
1714 5004 1908 5059 Montis

348 5081 408 5131 ὃ.
438 5076 734 5141 Michaelis,
772 5086 827 5129 ut
856 5078 905 5129 in
944 5086 1111 5131 textu.

417 5148 495 5218 (5)
532 5145 657 5199 Mss.
703 5147 943 5215 plerique
972 5161 1257 5215 perperam
1306 5144 1529 5209 habent,
1576 5144 1726 5199 Sicut
1765 5148 1905 5199 enim

346 5233 509 5271 cwcos
542 5232 738 5281 semper
767 5224 937 5278 curat,
964 5227 1067 5269 etc.

415 5288 492 5356 (4)
544 5284 858 5356 Suscitaudo
912 5287 1125 5339 additur
1175 5284 1227 5338 in
1270 5285 1504 5339 editione
1548 5283 1903 5348 Genebrartli,

345 5360 436 5411 sed
465 5355 735 5410 emittitur
768 5356 820 5407 in
845 5357 1096 5409 omnibus
1118 5370 1248 5409 mss.
1283 5357 1479 5409 nostris
1512 5364 1567 5409 et
1596 5357 1647 5408 in
1675 5356 1906 5411 editione

344 5426 575 5480 Mcrlini.

414 5499 489 5565 (5)
541 5493 708 5559 Alias,
748 5510 863 5547 eum
889 5507 1087 5561 natum,
1137 5495 1337 5550 omisso
1372 5510 1483 5548 esse
1512 5510 1530 5548 :
1566 5496 1725 5563 paulo
1758 5504 1900 5565 post,

337 5568 609 5634 plenitudo
645 5565 908 5633 temporis.

414 5637 488 5705 κδ)
526 5634 655 5690 Mss.
692 5644 745 5688 et
772 5636 902 5687 editi
936 5635 1099 5688 semel
1128 5635 1500 5691 tantummodo
1535 5635 1738 5689 habent
1778 5650 1901 5690 ver—

341 5706 468 5759 buut
497 5707 839 5773 conﬁrmatur
869 5720 888 5759 :
918 5707 1011 5761 sed
1048 5705 1395 5774 repetendum
1423 5707 1655 5761 videtur.

1814 4260 1858 4291 ⁸⁸
1891 4258 2044 4314 Joan.
2073 4275 2169 4323 xu,
2196 4259 2285 4311 27.

1636 4328 1776 4399 ,Ltic.
1826 4345 1940 4393 vni,
1995 4328 2081 4382 55.

514 4408 561 4439 9*
611 4406 786 4460 Galat.
821 4422 892 4468 IV,
926 4398 1005 4469 4,7
1037 4403 1091 4458 5.
1162 4404 1206 4434 ⁹⁵
1234 4402 1397 4457 lCor.
1428 4418 1537 4467 xiv,
1568 4398 1657 4453 12.
1726 4401 1771 4431 ⁸⁸
1797 4399 1943 4454 Psal.
1968 4414 2079 4465 Civ,
2124 4398 2210 4453 15.

2019 3240 2132 3306 qui,
2166 3249 2223 3291 ut
2254 3240 2324 3291 ita
2354 3238 2602 3301 dixerim,
2637 3247 2923 3306 przeslator
2953 3250 3034 3291 est
3080 3239 3317 3301 deitatis,
3364 3248 3417 3291 et
3458 3253 3599 3291 unus

2018 3330 2263 3385 Christus
2308 3330 2417 3401 (l0)
2468 3331 2643 3384 factor
2685 3331 3053 3392 christorutn,
3112 3341 3165 3383 et
3225 3345 3365 3383 unus
3421 3329 3598 3398 Spiri~

2021 3431 2105 3476 tus
2154 3432 2374 3475 sanctus
2427 3420 2520 3490 qui
2574 3436 2668 3489 per
2718 3422 2959 3487 singulas
3012 3422 3223 3473 animas
3280 3434 3596 3473 sanctorum

2020 3512 2149 3566 facit
2191 3512 2449 3581 Spiritum
2508 3522 2769 3566 sanctum.
2826 3511 3080 3565 Christus
3119 3526 3249 3564 vero
3301 3512 3444 3565 sicut
3498 3526 3598 3578 per

2022 3604 2123 3659 hoc
2172 3605 2315 3672 quod
2355 3603 2603 3657 Christus
2646 3613 2728 3656 est
2787 3604 3021 3656 cliristos
3068 3603 3217 3666 facit,
3267 3603 3337 3655 ita
3397 3612 3451 3655 et
3498 3617 3597 3670 per

2023 3696 2123 3749 hoc
2154 3696 2296 3763 quod
2326 3695 2494 3749 Filius
2525 3695 2619 3748 Dei
2665 3705 2765 3759 est,
2806 3705 2861 3749 et
2892 3695 3060 3750 Filius
3090 3696 3345 3763 proprius
3376 3706 3429 3748 et
3466 3697 3595 3748 uni-

2023 3786 2254 3856 genitus,
2296 3800 2484 3840 omnes
2529 3800 2624 3840 eos
2661 3786 2750 3853 qui
2795 3786 3100 3855 percipiunt
3141 3786 3212 3839 ab
3243 3800 3307 3839 eo
3338 3785 3591 3854 spiritum

2022 3877 2347 3945 adoptionis,
2380 3874 2518 3928 ﬁlios
2550 3874 2642 3929 Dei
2680 3874 2830 3929 facit.
2863 3893 2881 3925 ι

2089 3967 2410 4021 PAMPHILUS.
2466 3965 2643 4020 Unum
2710 3967 2813 4020 hoc
2867 3965 3229 4019 testimonium
3293 3976 3376 4019 est
3443 3966 3591 4033 quod

2020 4059 2267 4115 Christus
2296 4074 2454 4113 verus
2497 4074 2631 4112 unus
2662 4059 2751 4122 sit,
2779 4058 2868 4126 qui
2903 4059 3309 4126 participatione
3338 4059 3417 4110 sui
3450 4054 3595 4109 ιιιιιιο

2361 4258 2408 4290 ⁸⁸
2437 4258 2600 4313 Marc.
2631 4275 2739 4319 xiv,
2775 4259 2863 4317 54.
2938 4259 2981 4295 ⁸⁷
3017 4258 3142 4312 ibid.
3186 4257 3274 4313 58.
3341 4258 3385 4289 ⁸³
3418 4259 3586 4315 Marc.

2178 4330 2221 4399 έί
2253 4328 2386 4382 Luc.
2434 4346 2528 4391 vn,
2574 4331 2660 4383 15.
2727 4330 2951 4385 "Joan.
2978 4329 3158 4393 XI,M.
3235 4328 3281 4359 ⁹⁸
3307 4328 3473 4383 Marco
3511 4346 3589 4399 Ws

2286 4399 2327 4429 ’7
2359 4400 2372 4451 Ι
2400 4400 2524 4453 Cor.
2561 4415 2673 4463 vm,
2703 4402 2754 4453 6.

2082 4589 2158 4658 (7)
2198 4589 2363 4653 Editi,
2400 4597 2769 4657 consequenter
2808 4588 2967 4641 etiam
3018 4586 3243 4654 reliqua,
3289 4583 3343 4637 in
3392 4588 3587 4658 quibus

2011 4671 2290 4712 accusatur
2337 4661 2488 4724 quasi
2532 4660 2664 4711 duos
2710 4658 2941 4711 Cltristos
3004 4658 3229 4720 dixerit,
3276 4672 3439 4707 unum
3490 4657 3587 4709 Dei

2025 4726 2283 4792 Verbum,
2340 4739 2447 4784 etc.
2501 4727 2633 4782 Mss.
2695 4728 3026 4780 Sorbonicns
3078 4736 3129 4779 et
3173 4727 3230 4779 S.
3276 4724 3580 4787 Michaelis,

2011 4810 2381 4868 consequenter
2431 4798 2591 4851 etiam
2651 4799 2874 4868 aliqua.
2938 4797 3237 4868 inquibus
3296 4807 3579 4868 accusatur

2011 4865 2268 4988 qpirmare
2314 4868 2464 4935 quasi
2506 4868 2634 4919 duos
2672 4866 2911 4919 Christos
2954 4867 3133 4918 dicens
3164 4880 3181 4915 :
3216 4880 3378 4916 unum
3418 4865 3587 4917 Deum

2066 4938 2266 4988 erbum.
2300 4949 2405 4988 etc.
2432 4937 2628 4988 Caeteri
2660 4952 2785 4988 vero
2818 4952 2945 4988 mss.
2984 4946 3041 4987 ut
3073 4937 3123 4987 in
3163 4945 3335 4987 textu.

2066 4938 2266 5002 erbum,
2300 4949 2405 4991 etc.
2432 4937 2628 4990 Caeteri
2660 4952 2785 4990 vero
2818 4952 2945 4990 mss.
2984 4946 3041 4987 ut
3073 4937 3123 4987 in
3163 4945 3335 4987 textu.

2080 5006 2154 5076 (8)
2185 5006 2276 5061 Sic
2325 5022 2512 5076 omnes
2561 5022 2689 5061 mss.
2745 5007 2883 5061 Editi
2919 5019 3081 5076 vero,
3136 5005 3288 5068 Quod
3335 5018 3471 5057 unus
3518 5004 3587 5056 sit

2010 5074 2275 5130 Christus.
2314 5075 2397 5129 Ea:
2433 5076 2567 5127 libro
2591 5076 2761 5141 primo
2800 5091 2957 5143 super
2979 5074 3203 5126 Isaiam.

2080 5147 2155 5218 (9)
2222 5146 2298 5199 Ex
2350 5147 2441 5218 lib.
2496 5162 2509 5199 t
2568 5147 2622 5218 in
2651 5142 2893 5218 _Isuiam.
2925 5174 2991 5218 -_——
3027 5147 3226 5218 Unities
3250 5159 3380 5218 mss.
3416 5142 3585 5195 nostri

2014 5213 2306 5278 oniittuttt,
2361 5214 2509 5270 Sicut
2558 5215 2681 5266 dicit
2726 5215 3032 5284 Apostolus,
3094 5213 3357 5276 Quoniam
3419 5228 3584 5266 temu-

2015 5286 2207 5339 latores
2254 5286 2377 5339 estis
2417 5286 2694 5351 spirituum
2731 5301 2749 5337 :
2784 5286 2875 5338 sed
2917 5286 3032 5337 hinc
3059 5293 3274 5336 exstant
3311 5286 3362 5334 in
3399 5286 3580 5341 editis,

2013 5357 2105 5425 qui
2155 5371 2275 5408 mox
2324 5356 2583 5409 omittunt
2629 5354 2816 5425 enim,
2865 5356 3008 5421 quod
3062 5356 3349 5425 restituunt
3395 5367 3583 5425 omnes

2016 5420 2144 5479 mss.
2198 5426 2356 5478 Solus
2403 5426 2568 5478 codex
2622 5422 2952 5479 Sorbouicus
3005 5426 3192 5485 habet,
3230 5420 3380 5475 Sicut
3418 5424 3577 5483 enim,

2013 5497 2129 5547 licet
2163 5512 2296 5548 unus
2340 5497 2407 5547 sit
2452 5493 2680 5562 Spiritus
2719 5503 2955 5561 sanctus,
2986 5495 3116 5546 tttuti
3148 5504 3319 5545 tamen
3349 5506 3441 5558 per
3468 5494 3579 5542 sin-

2012 5566 2181 5635 gulos,
2218 5577 2321 5618 etc.
2378 5634 2403 5636 _
2688 5634 2694 5636 Α
2913 5635 2919 5636 ί
3070 5634 3076 5636 Α
3387 5628 3417 5636 Α
3562 5627 3573 5636 ,

2083 5637 2193 5705 (l0)
2232 5636 2327 5689 Ms.
2375 5634 2610 5705 Regius,
2670 5634 2842 5703 factor
2884 5634 3325 5691 Christianorum.
3380 5628 3578 5684 Ceteri

2014 5721 2142 5759 mss.
2174 5716 2227 5761 ει
2260 5708 2388 5761 editi
2421 5717 2477 5761 ut
2513 5708 2563 5760 in
2597 5716 2764 5761 textu.
