3870 6220
224 329 332 389 ass
1437 334 1780 391 nomen
1819 337 1955 395 pne
1997 315 2320 400 οιιιιιιεῖΝΕ.

3386 353 3492 410 590

227 458 310 504 tos
339 449 452 522 (11)
485 449 617 504 facit
646 450 899 506 christos.
945 451 1311 507 Adhibeamus
1354 461 1530 507 tamen
1577 464 1630 508 et
1661 455 1802 508 aliud
1835 463 1880 518 Α
1912 459 1962 511 in
1989 459 2094 514 line
2116 462 2332 530 quidem
2352 464 2852 521 saeculorumhomo
2867 464 3135 524 factusest
3157 468 3492 532 Jesustri-

223 557 289 596 ex
316 543 490 611 primo
532 541 673 595 libro
716 543 782 597 de
818 543 1108 614 Evangelio
1143 545 1439 600 secundum
1471 545 1803 611 Mattbazum,

222 636 278 689 in
310 649 417 703 quo
450 634 552 688 hoc
585 633 744 688 modo
780 635 948 689 dicit:

293 726 582 783 Οιιιοιῑιιιιε.
613 726 724 798 (12)
768 745 787 778 ι
825 727 880 782 Si
914 728 1163 784 Christus
1183 727 1360 796 Jesus,
1391 748 1509 785 cum
1543 737 1596 786 in
1633 735 1806 802 forma

221 830 350 875 esset
386 820 504 884 Dei,
542 836 644 874 non
679 824 920 888 rapinam
960 822 1250 875 arbitratus
1289 832 1367 877 est
1409 841 1520 878 esse
1551 841 1605 878 se
1632 842 1806 893 (equa-

220 912 321 966 lem
359 911 500 975 Deo,
547 912 638 964 sed
682 912 1016 979 semetipsum
1060 915 1352 968 exinanivit
1399 915 1626 984 formam
1671 918 1803 972 servi

219 1001 502 1071 accipiens,
543 1012 592 1055 et
628 1001 682 1054 in
723 1003 1126 1058 similitudinem
1158 1004 1431 1059 hominum
1464 1006 1673 1074 factus,
1708 1009 1804 1062 ha-

221 1090 333 1144 bitu
367 1100 600 1159 repertus
635 1101 690 1144 ut
720 1092 872 1145 homo
905 1103 1000 1155 est,
1038 1093 1322 1150 humilians
1352 1099 1598 1166 seipsum.
1631 1100 1803 1166 factus

218 1183 463 1236 obediens
492 1199 654 1250 usque
681 1184 748 1236 ad
785 1194 1022 1248 mortem,
1065 1197 1285 1240 mortem
1327 1199 1499 1242 autem
1542 1191 1711 1244 crucis
1733 1191 1800 1257 ’⁸,

218 1271 440 1326 dubium
479 1288 584 1326 non
625 1281 708 1326 est
743 1272 888 1341 quod
934 1275 1192 1330 nativitas
1235 1276 1352 1346 ejus
1391 1294 1498 1333 non
1539 1290 1626 1334 est
1657 1281 1800 1346 talis,

219 1375 282 1418 ut
322 1364 478 1432 quasi
520 1365 611 1433 qui
651 1374 777 1419 ante
823 1380 926 1419 non
966 1364 1150 1432 fuerit,
1200 1383 1320 1423 esse
1363 1373 1612 1439 cmperit,
1661 1373 1805 1426 sicut

217 1457 289 1510 de
341 1457 628 1510 nativitate
693 1457 972 1512 hominum
1030 1467 1250 1526 putatur
1300 1479 1313 1514 :
1362 1463 1455 1515 sed
1507 1464 1598 1531 qui
1652 1465 1803 1532 prius

216 1555 362 1608 erat,
387 1555 440 1598 et
469 1554 588 1599 erat
619 1545 670 1597 in
701 1545 876 1599 forma
913 1547 1026 1609 Dei,
1060 1546 1172 1618 (15)
1204 1547 1350 1600 venit
1376 1549 1540 1601 etiam
1572 1548 1800 1603 formam

217 1637 362 1691 servi
396 1639 690 1705 suscipere.
746 1638 986 1706 Denique
1018 1640 1156 1706 quod
1198 1649 1378 1693 natum
1417 1651 1492 1693 est
1523 1656 1587 1693 ea:
1623 1657 1800 1705 carne,

216 1744 342 1782 caro
371 1739 445 1782 est
465 1730 536 1793 ’9,
584 1731 778 1799 inquit.
829 1730 984 1795 Quod
1024 1740 1204 1785 natum
1239 1743 1336 1797 est,
1377 1733 1426 1785 id
1475 1743 1593 1794 est,
1636 1749 1702 1787 ex
1737 1749 1799 1788 ea

1910 560 2024 604 stus
2052 567 2066 603 :
2095 551 2186 605 sed
2217 563 2343 608 ante
2373 555 2516 609 hunc
2540 556 2886 611 manifestum
2915 557 2966 610 in
2998 574 3164 614 carne
3198 563 3488 621 adventum

1909 640 2177 695 mediator
2226 645 2442 712 quidem
2480 656 2598 700 erat
2631 647 2742 720 (l5)
2780 649 3092 718 hominum,
3125 655 3219 708 sed
3251 646 3514 714 nondum.

1908 739 2028 784 erat
2053 732 2234 787 homo.
2265 734 2393 789 Erat
2425 744 2605 791 tamen
2646 748 2700 792 et
2726 747 2854 794 tunc
2897 744 3156 798 mediator
3177 746 3274 801 Dei
3307 761 3354 802 et
3389 751 3489 804 ho-

1908 824 2150 879 minum:
2188 826 2328 881 unde
2356 837 2411 882 et
2454 831 2578 883 data
2623 830 2706 885 lex
2753 849 2850 902 per
2896 837 3138 908 angelos,
3171 839 3290 895 sine
3322 841 3494 911 ipsius

1908 918 2227 973 mediatoris
2261 921 2508 975 manibus
2536 924 2662 977 data
2692 940 2812 981 esse
2861 945 2963 981 non
2993 929 3211 993 dicitur,
3257 941 3315 986 ut
3345 941 3494 991 esset

1906 1005 1992 1060 [ex
2039 1019 2246 1074 sancta,
2305 1021 2351 1064 et
2402 1014 2714 1067 mandatum
2761 1027 3024 1082 sanctum,
3057 1032 3105 1073 et
3149 1022 3381 1091 justum,
3438 1032 3490 1078 ιι

1908 1100 2099 1153 bonum
2132 1101 2189 1165 ⁸,
2237 1111 2293 1155 et
2341 1104 2522 1156 omnia
2567 1106 2679 1160 hwc
2723 1108 3201 1164 sanctiﬁcarcntur
3245 1128 3274 1165 a
3330 1113 3492 1168 Chri-

1906 1197 2011 1243 sto.
2053 1209 2073 1242 ι

1979 1282 2308 1341 PAMPHILUS.
2353 1286 2611 1343 Sullicere
2657 1291 2854 1360 opinor
2905 1295 3068 1348 etiam
3105 1295 3218 1366 (16)
3269 1296 3337 1352 de
3384 1298 3489 1354 hoc

1907 1373 2079 1429 tribus
2114 1379 2441 1435 testimoniis
2485 1381 2818 1437 confutatam
2861 1399 2981 1439 esse
3017 1388 3372 1447 calmnniam.
3429 1391 3490 1447 Si

1905 1466 2028 1534 quis
2061 1481 2193 1521 sane
2237 1469 2528 1527 oﬂ'enditur
2557 1476 2699 1542 quod
2745 1476 2883 1528 dixit
2931 1479 3269 1535 Salvatorem
3321 1484 3488 1537 etiam

1906 1562 2141 1617 animam
2175 1567 2518 1636 suscepisse:
2553 1569 2685 1623 nihil
2731 1571 2796 1626 de
2842 1574 2942 1628 hoc
2987 1575 3217 1644 amplius
3263 1593 3492 1646 respon-

1905 1653 2136 1709 dendum
2168 1669 2315 1726 puto,
2346 1660 2444 1713 nisi
2475 1663 2615 1730 quod
2647 1663 2802 1733 hujus
2835 1667 3118 1720 sententiae
3169 1684 3273 1722 non
3304 1669 3488 1741 Orige-

1906 1761 2003 1800 nes
2037 1758 2233 1802 auctor
2262 1762 2363 1814 est,
2397 1754 2489 1804 sed
2537 1752 2650 1822 ipsa
2689 1767 2876 1810 sancta
2910 1758 3186 1826 Scriptura
3232 1769 3484 1826 testatur,

217 1835 338 1889 quae
375 1819 513 1874 dixit
545 1842 558 1876 :
599 1821 733 1876 Ecce
769 1823 966 1875 ancilla
1007 1822 1254 1891 Domini,
1308 1825 1403 1891 ﬁat
1441 1826 1571 1879 mihi
1611 1843 1798 1880 secun-

1910 1836 2022 1905 ipso
2052 1838 2280 1894 Domino
2310 1849 2363 1893 et
2394 1819 2677 1899 Salva—tore
2701 1845 2914 1901 dicente
2943 1866 2955 1900 :
2994 1819 3162 1901 Nemo
3197 1849 3339 1903 tollet
3370 1819 3488 1906 ani;

215 1912 344 1964 dum
381 1913 582 1966 verbum
630 1923 778 1966 tuitui
807 1913 822 1942 ¹
865 1930 881 1967 :
929 1914 1044 1968 haec
1087 1922 1172 1968 est
1223 1913 1399 1969 forma
1453 1916 1622 1981 servi,
1676 1933 1797 1986 qua:

218 2004 407 2072 utique
443 2020 574 2060 caro
607 2014 707 2060 est.
737 2024 754 2055 ι

288 2094 611 2150 Ριιιριιίιυε.
648 2096 715 2150 Ει
747 2097 800 2150 in
836 2096 994 2151 tertio
1025 2095 1162 2151 libro
1205 2096 1461 2167 Epistolze
1496 2101 1564 2155 ad
1615 2100 1801 2156 Colos-

215 2205 405 2247 senses
434 2191 498 2245 de
525 2191 730 2245 eisdem
763 2191 834 2245 ita
875 2191 1085 2246 scribit.

288 2283 578 2340 Omcsses.
615 2283 725 2353 (H)
754 2302 772 2334 ι
798 2283 929 2338 Data
943 2294 1019 2339 est
1041 2283 1319 2340 autemlex
1340 2285 1505 2357 Moysi
1525 2302 1801 2359 perange-

214 2376 297 2432 los
324 2378 378 2432 in
408 2391 566 2430 manu
599 2388 654 2431 et
685 2378 886 2432 virtute
913 2377 1219 2434 Mediatoris
1249 2380 1449 2434 Christi
1474 2383 1516 2444 ³,
1549 2383 1637 2451 qui
1673 2397 1800 2436 eum

212 2481 360 2526 esset
389 2471 438 2524 in
475 2471 742 2540 principio
771 2471 1004 2525 Verbum
1036 2472 1151 2538 Dei,
1177 2482 1231 2527 et
1256 2474 1396 2543 apud
1435 2473 1600 2528 Deum
1631 2484 1798 2540 esset,

210 2576 271 2620 et.
299 2565 438 2620 Deus
467 2574 611 2619 esset
649 2564 883 2620 Verbum
935 2564 1081 2619 Patri
1119 2566 1170 2619 in
1223 2567 1477 2621 omnibus
1523 2569 1797 2622 ministra-

211 2655 311 2710 vit.
363 2653 555 2708 Omnia
611 2655 756 2710 enim
814 2671 906 2722 per
947 2656 1118 2724 ipsum
1174 2657 1319 2725 facta
1351 2667 1474 2710 sunt
1527 2657 1571 2718 ³,
1631 2658 1684 2711 id
1714 2665 1798 2711 est

209 2762 322 2801 non
369 2748 541 2802 solum
588 2759 872 2815 creaturae,
923 2749 1017 2804 sed
1069 2757 1125 2803 et
1170 2749 1256 2803 lex
1301 2761 1356 2804 et
1401 2750 1676 2819 prophetae
1704 2771 1716 2804 :
1743 2761 1797 2807 et

210 2838 328 2908 ipse
361 2849 444 2894 est
468 2839 728 2893 mediator
763 2840 856 2894 Dei
889 2849 935 2893 et
981 2840 1249 2894 hominum
1288 2842 1331 2898 ⁸.
1366 2842 1520 2910 Quod
1557 2844 1792 2900 Verbum

1905 1945 2046 1982 mam
2095 1948 2260 1985 meam
2291 1950 2322 1984 a
2347 1949 2427 1986 me
2459 1936 2512 2000 6;
2554 1947 2645 1989 et:
2679 1936 2864 1991 Tristis
2903 1948 2978 1992 est
3021 1941 3197 1992 anima
3241 1957 3352 1995 mea
3398 1960 3487 1996 us-

1903 2035 2002 2088 que
2059 2025 2126 2073 ad
2166 2023 2426 2075 mortem"
2464 2041 2479 2086 ;
2528 2033 2619 2078 et:
2679 2024 2836 2081 Nunc
2883 2031 3063 2082 anima
3111 2046 3223 2083 utea
3275 2033 3492 2088 turbata

1905 2121 1978 2165 est
2013 2111 2062 2166 ⁸.,
2093 2112 2157 2164 Ει
2214 2113 2382 2168 multa
2441 2115 2526 2170 his
2587 2118 2782 2172 similia
2827 2121 2882 2174 in
2935 2124 3140 2178 sanctis
3183 2124 3488 2194 Scripturis

1907 2218 2170 2258 Invenies.

1976 2294 2234 2366 Superest
2267 2301 2597 2370 respondere
2632 2303 2698 2357 ad
2741 2303 2886 2359 illam
2930 2309 3332 2363 accusationem
3363 2323 3489 2380 quae

1909 2390 2276 2445 calumniatur
2304 2409 2426 2447 eum
2459 2409 2672 2449 omnem
2708 2395 3047 2468 Scripturam
3091 2402 3142 2454 in
3171 2402 3481 2473 allegoriam

1909 2492 2139 2536 vertere.
2183 2482 2259 2536 Ex
2307 2485 2436 2553 ipsis
2487 2486 2641 2542 libris
2693 2504 2829 2557 quos
2883 2490 2965 2545 vel
3020 2493 3258 2549 maxime
3295 2497 3483 2550 obtre-

1903 2580 2142 2627 ctatores
2181 2574 2298 2643 ejus
2341 2577 2607 2643 incusant,
2650 2578 2703 2632 id
2745 2592 2828 2635 est
2889 2582 2956 2636 de
2996 2596 3189 2652 quarto
3216 2585 3356 2654 Περὶ
3379 2585 3482 2656 ἀρ-

1902 2661 2027 2732 χῶν
2077 2665 2214 2720 libro
2275 2667 2616 2734 proferemus
2668 2671 2794 2740 quia
2853 2688 2960 2728 non
3028 2686 3187 2744 negat
3235 2692 3300 2730 ea
3363 2693 3483 2747 quae

1901 2757 1956 2809 in
1990 2756 2288 2828 Scripturis
2322 2760 2661 2830 referuntur,
2696 2765 2858 2820 etiam
2902 2774 3200 2826 secundum
3242 2771 3482 2827 litteram

1898 2860 2070 2920 gesta.

1661 2990 1892 3047 CAPUT
1927 2993 2016 3052 Vl.

1300 3101 1584 3140 RESPONSIO
1618 3103 1684 3141 AD
1719 3103 1929 3144 SEXTAM
1957 3108 2408 3149 CRIMINATIONEM.

636 3182 749 3252 (17)
787 3181 939 3247 Quod
971 3200 1032 3238 ea
1072 3199 1188 3254 qua:
1209 3183 1265 3236 in
1302 3182 1592 3252 Scripturis
1630 3185 1950 3253 referuntur,
1982 3191 2143 3244 etiam
2169 3190 2707 3244 secundumlitteram
2732 3200 2874 3261 gesta
2899 3192 3028 3246 sint.

277 3349 719 3422 (17⁸)Οιιιοειιεε.
740 3349 853 3417 (18)
885 3366 904 3398 ι
926 3347 1004 3403 Ne
1037 3347 1157 3416 quis
1180 3360 1357 3402 autem
1380 3347 1684 3417 suspicetur
1704 3363 1803 3402 nos
1831 3344 1872 3402 C

207 3441 315 3497 hoc
341 3443 541 3507 dicere,
567 3444 694 3514 quia
723 3441 921 3496 nullam
953 3439 1235 3494 historiam
1263 3439 1557 3510 Scriptura:
1589 3439 1788 3494 laetam

207 3549 335 3590 esse
380 3535 714 3600 sentiamus,
747 3532 1001 3602 quoniam
1054 3532 1232 3600 aliqua
1275 3545 1343 3585 ex
1398 3531 1483 3584 his
1531 3546 1638 3584 non
1673 3544 1793 3584 esse

206 3625 352 3681 facta
385 3627 766 3696 suSpicamur:
802 3624 886 3679 vel
934 3623 1075 3678 nulla
1130 3631 1403 3694 praecepta
1435 3622 1572 3693 legis
1604 3637 1796 3678 secun-

208 3720 338 3773 dum
363 3719 596 3774 litteram
615 3719 847 3774 dicimus
873 3714 1154 3770 observari
1177 3729 1283 3769 non
1310 3727 1490 3784 posse,
1518 3713 1570 3767 in
1593 3713 1793 3782 quibus

207 3810 296 3864 vel
342 3811 521 3872 ratio,
572 3809 658 3864 vel
707 3809 782 3863 rei
828 3806 1164 3877 possibilitas
1215 3821 1322 3860 non
1375 3804 1656 3860 admittit:
1705 3803 1792 3858 vel

203 3915 277 3957 ea
307 3901 418 3973 (19)
447 3917 565 3972 quae
595 3903 663 3958 de
701 3901 988 3957 Salvatore
1016 3899 1218 3971 scripta
1247 3906 1404 3966 sunt,
1449 3913 1554 3953 non
1585 3898 1794 3969 {putare

1978 3348 2093 3400 Ἵνα
2137 3347 2194 3399 δὲ
2225 3347 2298 3418 μὴ
2329 3346 2576 3419 ὑπολάϐῃ
2610 3362 2695 3409 τις
2739 3347 2886 3416 ἡμᾶς
2925 3347 3019 3398 ἐπὶ
3066 3324 3282 3400 ιιτάντων
3326 3342 3485 3400 τοῦτο

1891 3438 2068 3508 λέγειν
2088 3479 2101 3500 ,
2136 3439 2215 3491 ὅτι
2245 3438 2469 3508 οὐδεμία
2497 3439 2710 3510 ἱστορία
2742 3437 2988 3506 γέγονεν,
3034 3436 3158 3490 ὲπεί
3184 3454 3268 3501 τις
3305 3437 3366 3490 οὐ
3391 3437 3484 3505 γέ-

1889 3548 2013 3600 γονε
2036 3549 2048 3560 ·
2081 3531 2175 3584 καὶ
2207 3529 2432 3600 οὐδεμία
2460 3530 2752 3600 νομοθεσία
2787 3528 2930 3583 κατὰ
2967 3529 3026 3582 τὸ
3052 3529 3215 3600 ῥητὸν
3239 3530 3484 3600 τηρητέα

1892 3621 2077 3686 ἐστὶν,
2121 3620 2242 3674 ὲπεί
2278 3637 2362 3682 τις
2406 3619 2551 3673 κατὰ
2591 3618 2688 3687 τὴν
2718 3617 2863 3683 λέξιν
2893 3617 3086 3686 ἄλογος
3122 3618 3408 3688 τυγχάνει,
3447 3617 3482 3691 ἢ

1889 3713 2248 3784 ἀδύνατοςοῆ
2289 3715 2368 3767 ὅτι
2409 3712 2477 3766 τὰ
2519 3712 2648 3784 περὶ
2682 3711 2775 3764 τοῦ
2822 3712 3073 3783 Σωτῆρος
3122 3712 3483 3783 γεγραμμένα

1891 3802 2034 3856 κατὰ
2072 3803 2132 3856 τὸ
2180 3801 2436 3874 αἰσθητὸν
2479 3804 2578 3857 οὐκ
2619 3802 2978 3874 ἀληθεύεται·
3017 3802 3050 3874 ἢ
3092 3804 3174 3857 ὅτι
3213 3804 3481 3876 μηδεμίαν

1899 3893 2220 3967 νομοθεσίαν
2259 3894 2426 3948 αὐτοῦ
2469 3896 2562 3949 καὶ
2615 3894 2831 3966 ἐντολὴν
2873 3893 3173 3963 φυλακτέον
3197 3909 3214 3927 ο
3260 3895 3480 3949 λεκτέον

1449 4036 2008 4097 INTERPRETATIO
2043 4036 2254 4094 NOVA.

282 4138 364 4194 Ne
389 4139 512 4208 quis
541 4155 668 4194 vero
698 4154 795 4194 nos
817 4139 1121 4210 suspicetur
1147 4139 1201 4194 in
1231 4140 1484 4196 omnibus
1522 4139 1573 4192 id
1606 4138 1812 4210 dicere.
1837 4135 2039 4210 nullam
2069 4136 2356 4210 historiam
2386 4135 2976 4210 contig_isse,Aquoniam
3004 4135 3182 4210 aliqua
3210 4151 3316 4210 non
3348 4149 3479 4189 con-

210 4211 368 4282 tigit;
400 4205 456 4282 et
487 4211 683 4282 nullam
721 4210 892 4280 legem
914 4205 999 4282 'ad
1046 4210 1435 4282 litteramﬁesse
1481 4208 1825 4282 servandam,
1862 4207 2119 4275 quoniam
2166 4205 2674 4282 aliquasecundum
2704 4205 2938 4259 litteram
2968 4215 3062 4258 aut.
3095 4207 3353 4268 absurda,
3385 4215 3479 4256 aut

208 4275 567 4346 impossibilia
601 4275 873 4349 prtecipit;
908 4280 990 4333 vel
1026 4297 1146 4350 qua:
1179 4284 1244 4334 de
1277 4280 1558 4350 Salvatore
1590 4280 1789 4345 scripta
1822 4287 1978 4350 sunt,
2005 4275 2876 4350 secundumlitteralem__sensum
2907 4291 3010 4350 non
3040 4290 3158 4350 esse
3189 4290 3313 4350 vera
3340 4293 3354 4339 ;
3385 4286 3480 4327 ant

205 4345 416 4408 nullam
461 4345 628 4418 ipsius
658 4345 826 4417 legem
860 4359 914 4403 et
958 4345 1286 4419 praeceptum
1319 4349 1525 4404 servari
1570 4359 1841 4419 Oportere,
1872 4348 2108 4400 dicimus
2140 4345 2430 4400 manifeste
2465 4346 2519 4400 in
2552 4346 2879 4414 quibusdam
2925 4346 3164 4419 historia;
3194 4346 3476 4419 veritatem

205 4423 371 4476 nobis
398 4414 680 4488 apparere,
713 4414 863 4475 verbi
898 4414 1105 4490 gratia,
1140 4414 1410 4474 Abraham
1437 4461 1450 4480 .
1483 4414 1631 4490 Isaac
1661 4427 1716 4490 et
1747 4416 1916 4490 Jacob
1949 4431 2070 4490 cum
2107 4431 2210 4469 una
2237 4431 2333 4470 sua
2369 4429 2814 4490 unumquemque
2843 4429 3011 4490 uxore
3043 4417 3093 4468 in
3121 4414 3319 4483 duplici
3351 4430 3476 4490 spe-

205 4491 370 4546 lunca
402 4482 644 4560 sepultos
669 4482 804 4546 esse
849 4482 927 4544 inv
952 4482 1167 4545 Hebr’on
1205 4508 1220 4558 ;
1275 4491 1490 4545 Sichem
1527 4487 1764 4558 Josepho
1796 4488 1848 4540 in
1895 4487 2198 4556 portionem
2230 4500 2350 4541 esse
2392 4482 2754 4551 attributam;
2789 4482 3093 4539 Jerusalem
3130 4482 3473 4560 metropolim

264 4629 314 4662 "
338 4628 534 4698 Philip.
571 4644 632 4694 ll,
669 4628 790 4684 6-8.
867 4631 912 4662 ³³
943 4629 1098 4685 Joan.
1130 4630 1279 4692 m,6.

206 4715 309 4766 vn,
344 4700 432 4756 12.
508 4699 706 4755 ‘Joan.
744 4717 774 4754 ι
799 4742 814 4768 ,
864 4700 951 4755 18.
1029 4702 1047 4732 ⁷
1079 4700 1266 4754 Matth.
1300 4716 1446 4762 χχιιι,
1477 4698 1566 4752 58.

285 4838 395 4978 (11)
432 4837 524 4892 Sic
555 4853 685 4894 mss.
719 4839 860 4892 Editi
896 4855 1043 4902 vero,
1084 4839 1274 4907 faciat.

285 4909 376 4978 (19.
433 4909 505 4960 Ex
533 4908 627 4961 lib.
662 4911 758 4961 lin
791 4909 1124 4963 Matt/ticum.

284 4908 395 4978 (19.)
433 4909 505 4960 Ex
533 4908 627 4961 lib.
662 4911 758 4961 lin
791 4909 1124 4963 Matt/ticum.

280 4981 395 5052 (15)
431 4979 578 5032 Alias
626 4981 759 5033 venit
809 4981 966 5032 etiam
1018 4991 1074 5033 ut
1111 4980 1337 5048 formam
1383 4979 1514 5033 servi
1557 4979 1789 5046 suscipe-

210 5061 402 5189 ’δίζω
436 5120 508 5172 Ex
549 5119 642 5174 lib.
674 5137 731 5174 ιιι
764 5120 820 5173 in
855 5117 1022 5187 Epist.
1055 5121 1122 5173 ad
1154 5119 1507 5173 Colossenses.

286 5180 400 5261 (15)
431 5190 556 5243 Mss.
592 5193 796 5261 nostri,
826 5180 1092 5243 omnium:
1128 5193 1219 5243 sed
1256 5190 1555 5261 legendum
1578 5187 1791 5261 videtur

204 5258 334 5317 cum
363 5258 548 5325 editis,
578 5260 867 5314 hominum.
900 5261 1101 5314 Deinde
1132 5261 1258 5314 editi
1294 5269 1348 5312 et
1391 5274 1490 5311 ms.
1526 5258 1791 5310 Sorhoui-

209 5348 328 5396 cus,
371 5334 424 5384 in
461 5332 623 5398 ipsius
655 5332 954 5384 mediatoris
983 5330 1224 5384 manibus
1251 5332 1384 5383 data
1422 5343 1532 5382 esse
1571 5329 1788 5381 dicitur.

209 5400 406 5456 Caneri
435 5418 564 5454 vero
595 5417 724 5454 mss.
753 5410 810 5454 ut
839 5401 891 5453 in
930 5411 1098 5454 textu.

284 5472 399 5542 (l6)
431 5470 570 5526 Editi
593 5511 608 5536 ,
638 5472 701 5524 de
732 5471 811 5525 his
842 5473 993 5525 rebus
1017 5487 1037 5536 ;
1082 5472 1174 5526 sed
1204 5483 1392 5526 ornnes
1426 5481 1578 5532 mss.,
1610 5467 1672 5520 de
1694 5467 1790 5518 hoc

209 5544 398 5594 tribus.

280 5613 395 5682 (17)
430 5611 581 5676 Quod
613 5629 673 5666 ea
704 5629 820 5682 quae
856 5614 911 5664 in
946 5610 1234 5680 Scripturis
1265 5610 1588 5682 referuntur,
1629 5606 1792 5659 etiam

207 5679 496 5736 secundum
517 5679 750 5735 litteram
778 5694 925 5750 gesta
947 5679 1073 5736 sint.
1102 5682 1201 5735 llic
1239 5682 1424 5734 titulus
1454 5692 1551 5732 nec
1576 5679 1626 5731 in
1656 5691 1786 5750 mss.

211 5767 313 5806 nec
346 5753 398 5804 in
427 5753 591 5806 editis
625 5747 913 5821 reperitur,
943 5755 1037 5810 sed
1085 5753 1390 5810 addidimus
1438 5764 1470 5806 e
1511 5759 1696 5805 nostro
1724 5747 1791 5801 ad

212 5822 494 5878 meliorem
525 5822 780 5880 fortnam.

1358 4630 1374 4660 ¹
1408 4627 1539 4682 Luc.
1570 4644 1607 4691 ι,
1640 4626 1730 4680 58.
1806 4627 1828 4657 ³
1857 4625 2032 4682 Galat.
2066 4643 2151 4693 ιιι,
2187 4626 2272 4681 19.
2349 4626 2368 4656 ³
2392 4625 2546 4681 Joan.
2580 4641 2621 4690 ι,
2652 4625 2707 4680 5.

1643 4697 1664 4728 ⁸
1687 4695 1843 4752 Joan.
1877 4714 1979 4762 xu,
2006 4698 2099 4754 27.

2785 4624 2806 4655 ⁵
2831 4625 2850 4678 1
2874 4624 3014 4679 Tim.
3053 4640 3120 4689 ιι,
3146 4623 3202 4678 5.
3271 4623 3293 4655 ⁵
3317 4621 3477 4679 Rom.

1971 4834 2332 4907 (l7')_Bulini
2378 4835 2777 4907 interpretatio.

1971 4902 2198 4978 (-18)'Ne
2241 4909 2354 4976 quis
2401 4902 2575 4958 autem
2618 4906 2912 4973 suspicetur
2965 4918 3095 4978 nos,
3141 4911 3248 4978 etc.
3286 4902 3480 4978 Graeca

1897 4974 2195 5048 hujusloei
2229 4974 2391 5048 verba
2419 4978 2697 5048 desumpta
2726 4982 2851 5028 sunt
2878 4987 2906 5026 e
2929 4974 3106 5048 capite
3134 4975 3306 5048 primo
3342 4975 3476 5048 Phi:

1899 5042 2122 5101 localiaz.
2156 5045 2288 5101 Vide
2319 5042 2698 5101 Praefationem
2727 5054 2923 5098 nostrae
2959 5042 3212 5096 editionis
3253 5057 3396 5099 tomo
3429 5045 3478 5097 11

1899 5118 2195 5187 przelixam.
2227 5116 2455 5187 articulo
2477 5118 2530 5180 4,
2552 5128 2684 5170 sect.
2723 5115 2776 5180 7,
2801 5124 2855 5168 et
2881 5112 3255 5183 Origeniunor.
3290 5115 3384 5170 lib.
3409 5131 3475 5177 ιι,

1900 5186 2092 5258 quiest.
2128 5188 2216 5250 15,
2249 5203 2394 5242 num.
2428 5186 2483 5240 4.

1971 5256 2080 5329 (19)
2110 5259 2310 5313 Omnes
2359 5273 2489 5311 mss.
2521 5254 2737 5329 nostri,
2769 5271 2947 5329 quato
2977 5255 3255 5329 Salvatore
3279 5257 3477 5329 scripta

1897 5326 2038 5384 sunt.
2063 5326 2261 5384 Plures
2283 5329 2496 5382 codices
2534 5326 2707 5382 Graeci
2757 5327 3007 5379 similiter
3048 5326 3244 5380 habent
3283 5326 3472 5396 παρά·

1899 5401 1990 5453 sed
2028 5400 2228 5453 rectius
2257 5415 2416 5460 unus,
2449 5397 2599 5468 περί,
2628 5408 2679 5450 et
2720 5397 2850 5450 editi
2901 5412 2964 5450 ac
2999 5397 3122 5468 libri
3172 5396 3247 5448 De
3280 5398 3479 5468 princi-

1898 5470 2025 5537 piis,
2055 5469 2118 5521 de
2146 5467 2438 5522 Salvatore.
2463 5466 2628 5521 Paulo
2659 5477 2774 5536 post
2814 5482 2945 5522 mss.
2975 5467 3219 5535 plerique
3243 5477 3296 5517 et
3319 5466 3474 5532 editi,

1900 5537 2336 5605 Respondendum
2366 5549 2438 5591 est
2465 5555 2608 5606 ergo,
2631 5549 2734 5592 etc.
2769 5537 2874 5589 Sed
2902 5553 2998 5590 vox
3025 5553 3144 5604 ergo
3173 5537 3476 5606 redundare

1898 5609 2132 5672 videtur,
2166 5620 2222 5664 et
2269 5619 2412 5664 recte
2438 5605 2709 5663 omittitur
2741 5608 2792 5660 in
2829 5624 2930 5661 ms.
2965 5608 3149 5675 Hegio.
3185 5607 3298 5657 Mox
3353 5605 3472 5656 libri

1898 5677 1976 5732 De
2002 5679 2276 5748 principiis
2301 5720 2315 5739 ,
2349 5681 2546 5732 servari
2573 5689 2620 5732 et
2660 5694 2810 5746 posse
2833 5687 2880 5729 et
2917 5687 3152 5748 oportere
3177 5691 3196 5748 ,j
3233 5675 3326 5727 sed
3357 5691 3474 5724 oin-

1901 5745 2010 5802 nes
2056 5745 2213 5820 hujus
2262 5751 2530 5821 Apologia:
2601 5745 2729 5805 is.
2777 5757 2832 5802 et
2897 5747 3029 5802 editi
3077 5754 3135 5800 ut
3179 5745 3235 5800 in
3283 5756 3474 5800 nostro

1901 5828 2078 5874 textu.
