3870 6220
388 326 457 383 69
468 326 489 379 l

1598 316 1654 372 S.
1692 313 2021 371 PAMPHiLl
2061 311 2423 369 MARTYRIS

3564 316 3664 371 592

390 446 552 500 etiam
580 441 911 497 sensibiliter
946 441 1188 509 impleta,
1218 438 1302 493 vel
1342 447 1610 508 praecepta
1640 438 1759 506 ejus
1790 453 1973 493 secun-

2084 436 2166 488 ὅτι
2195 435 2382 505 σαφῶς
2417 436 2548 506 ἡμῖν
2582 434 2937 506 παρίσταται,
2970 434 3096 508 περί
3126 450 3287 487 τινων
3315 433 3378 486 τὸ
3403 432 3504 504 τῆς
3531 435 3665 487 ἱστο-

390 537 517 596 dum
553 533 787 587 litteram
818 547 923 586 non
949 532 1147 586 debere
1166 531 1396 585 servari:
1431 530 1865 595 respondendum
1893 537 1978 583 est

389 625 647 693 quoniam
676 638 705 677 a
740 623 894 678 nobis
930 625 1214 678 evidenter
1246 622 1560 677 decernitur
1592 621 1643 675 in
1687 621 1974 690 quamplu-

390 716 546 769 rimis
597 714 801 770 servari
853 723 1105 785 oportere
1172 713 1418 768 historiae
1466 712 1775 767 veritatem.
1844 712 1979 778 Quis

391 808 536 861 enim
570 821 772 877 negare
812 807 987 875 possit
1029 805 1173 871 quod
1209 804 1482 859 Abraham
1533 804 1585 858 in
1620 803 1822 872 duplici
1851 818 1977 873 spe-

390 896 552 951 lunca
584 896 828 966 sepultus
856 905 939 950 est
971 896 1024 950 in
1054 897 1254 959 Ebron,
1288 896 1381 950 sed
1410 905 1463 950 et
1492 894 1663 959 Isaac,
1700 904 1754 948 et
1785 894 1974 958 lacob,
2019 897 2022 901 ’

391 996 448 1042 et
497 987 725 1058 singulae
778 1002 967 1042 eorum
1000 988 1243 1043 uxores?
1279 987 1373 1041 Vel
1409 988 1533 1055 quis
1579 987 1786 1040 dubitet
1832 987 1975 1054 quod

393 1080 633 1135 Sichima
679 1081 733 1135 in
782 1081 1082 1150 portionem
1119 1081 1243 1134 data
1290 1087 1372 1135 est
1417 1081 1617 1148 Ioseph
1643 1080 1667 1133 ’ἶ
1695 1080 1791 1134 Vel
1832 1078 1977 1148 quod

391 1174 690 1229 Jerusalem
730 1176 1043 1243 metropolis
1084 1183 1166 1231 est
1202 1174 1431 1237 ludaese,
1480 1172 1593 1245 (20)
1635 1174 1687 1227 ἰη
1716 1188 1821 1243 qua
1851 1189 1977 1227 con-

392 1275 658 1321 structum
702 1275 788 1320 est
840 1266 1097 1335 templum
1155 1266 1247 1320 Dei
1296 1281 1325 1320 a
1377 1265 1718 1319 Salomone?
1758 1273 1812 1320 et
1868 1265 1971 1318 alia

392 1359 831 1415 innumerabilia.
857 1358 1027 1414 Multo
1049 1360 1191 1413 enim
1216 1359 1366 1429 plura
1392 1368 1517 1414 sunt
1540 1373 1662 1429 quae
1678 1359 1973 1413 secundum

390 1452 678 1508 historiam
713 1468 842 1509 vera
875 1460 998 1508 sunt
1020 1492 1038 1519 ,
1070 1468 1237 1522 quam
1263 1467 1325 1507 ea
1362 1468 1479 1522 mue
1522 1454 1725 1506 nudum
1754 1466 1973 1506 sensum

393 1547 674 1601 continent
722 1546 1045 1615 spiritalem.
1097 1544 1210 1617 (Ἡ)
1270 1542 1407 1598 Tum
1453 1546 1647 1597 deinde
1693 1545 1818 1614 quis
1868 1562 1973 1600 non

392 1638 622 1693 aliirmet
651 1639 963 1695 mandatum
994 1637 1096 1692 hoc
1122 1653 1229 1707 quo
1260 1637 1602 1707 prmcipitur:
1635 1636 1854 1691 Honora
1880 1656 1975 1706 pa-

392 1741 526 1787 trem
557 1743 704 1786 tuum
749 1742 795 1786 et
841 1744 1061 1785 matrem
1104 1741 1270 1796 tuam,
1314 1742 1371 1785 ut
1400 1732 1524 1785 bene
1568 1732 1635 1784 sit
1672 1732 1766 1784 tibi
1787 1732 1829 1794 ’,
1855 1730 1973 1785 sine

2082 529 2203 597 ρίας
2231 524 2370 580 εἶναι
2398 527 2613 598 ἀληθὲς,
2650 528 2725 591 ὡς
2755 528 2838 580 ὅτι
2874 526 3128 599 Ἀϐραὰμ
3156 528 3213 579 ὲν
3237 526 3315 596 τῷ
3336 524 3509 595 διπλῷ
3539 542 3664 593 σπηο

2080 620 2216 690 ὶαίῳ
2242 621 2414 691 ἐτάφη
2445 622 2501 673 ὲν
2531 620 2793 691 Χεϐρὼμ,
2830 620 2925 673 καὶ
2963 619 3166 683 Ἰσαὰκ,
3199 620 3296 672 καὶ
3329 618 3540 681 Ἰακὼϐ,
3573 618 3664 671 καὶ

2080 713 2312 767 ἑκάστου
2345 712 2550 765 τούτων
2578 713 2675 784 μία
2706 712 2845 783 γυνή
2871 730 2883 743 °
2918 714 3013 766 καὶ
3042 713 3125 766 ὅτι
3158 711 3377 783 Σίκημα
3409 711 3565 782 μερὶς
3583 711 3664 765 δέ·

2078 807 2226 860 δοται
2249 804 2328 875 τῷ
2376 777 2610 875 Ἰωσὴφ,
2654 777 2748 858 καὶ
2792 777 3145 875 Ἰερουσαλὴμ
3194 777 3525 875 μητρόπολές
3553 777 3674 854 ἐστιι

2079 897 2178 967 τῆς
2226 895 2505 959 Ἰουδαίας,
2538 897 2595 947 ὲν
2692 894 3007 966 ᾠκοδόμητο
3037 893 3143 947 ὑπὸ
3179 893 3523 963 Σολομῶντος
3544 890 3666 955 ναὸς

2080 987 2216 1040 Θεοῦ
2242 1005 2255 1018 ’
2287 989 2381 1040 καὶ
2428 987 2564 1042 ἄλλα
2607 987 2795 1058 μυρία.
2835 986 3025 1057 Πολλῷ
3058 986 3167 1058 γὰρ
3203 984 3424 1039 πλείονά
3454 985 3566 1037 ἐστι
3599 984 3666 1037 τὰ

2079 1079 2221 1136 κατὰ
2250 1080 2348 1151 τὴν
2381 1080 2622 1150 ἱστορίαν
2650 1079 3027 1151 άληθευόμενα
3053 1078 3164 1132 τῶν
3182 1076 3666 1151 προσυφανθέντων

2079 1172 2303 1244 γυμνῶν
2338 1172 2747 1243 πνευματικῶν.
2782 1172 2953 1226 Πάλιν
2986 1190 3045 1226 τε
3080 1168 3149 1227 αὖ
3191 1172 3274 1235 τίς
3300 1172 3401 1224 οὒκ
3433 1170 3499 1223 ἂν
3530 1169 3668 1221 εῐποι

2078 1264 2176 1335 τὴν
2206 1264 2476 1333 λέγουσαν
2527 1264 2767 1335 ἐντολὴν,
2806 1266 2950 1334 Τίμα
2990 1263 3098 1317 τὸν
3138 1261 3383 1330 πατέρα,
3418 1259 3517 1314 καὶ
3555 1259 3668 1327 τὴν

2073 1358 2320 1427 μητέρα,
2340 1359 2442 1413 ἵνα
2460 1353 2530 1414 εὖ
2554 1374 2652 1413 σοι
2682 1358 2947 1428 γένηται,
2973 1358 3142 1428 χωρὶς
3170 1356 3353 1425 πάσης
3375 1351 3666 1422 ἀναγωγῆς

2079 1455 2358 1527 χρησίμην
2386 1456 2673 1526 τυγχάνειν
2704 1454 2797 1507 κα)⁸
2841 1453 3114 1526 τηρητέαν
3153 1470 3238 1522 γε,
3283 1452 3377 1505 καὶ
3409 1450 3504 1504 τοῦ
3535 1451 3667 1503 ἀπο-

2081 1549 2266 1602 στόλου
2294 1548 2508 1603 Παύλου
2532 1548 2877 1621 χρησαμένου
2902 1547 3073 1621 ταύτῃ
3096 1545 3403 1611 αὐτολεξείς
3426 1546 3493 1598 Τί
3518 1545 3575 1599 δὲ
3593 1544 3671 1597 δεῐ

2079 1640 2259 1709 λέγειν
2296 1642 2424 1714 περὶ
2449 1641 2567 1708 τοῦ,
2600 1642 2682 1695 Οὐ
2722 1642 3085 1711 μοιχεύσεις,
3117 1641 3188 1694 οὐ
3222 1640 3562 1709 φονεύσεις,
3596 1637 3668 1690 οὐ

2081 1733 2349 1803 κλέψεις,
2385 1737 2456 1789 ού
2485 1733 3111 1804 ψευδομαρτυρήσεις
3138 1732 3249 1787 Καὶ
3293 1731 3454 1785 πάλιν
3498 1731 3554 1783 ὲν
3594 1728 3669 1801 τῷ

391 1824 501 1877 ulla
549 1823 777 1891 spiritali
832 1823 1284 1893 interpretatione
1316 1821 1561 1877 sullicere
1592 1864 1606 1887 ,
1639 1831 1693 1876 et
1722 1837 1844 1876 esse
1877 1824 1973 1877 ob-

2081 1826 2396 1897 Εὑαγγελίῳ
2423 1826 2633 1879 ἐντολαὶ
2668 1827 2774 1879 εἰσι
2797 1826 3200 1897 γεγραμμέναι,
3226 1825 3287 1877 οὐ
3320 1821 3666 1893 ζητούμεναι,

392 1916 736 1970 servantibus
768 1914 1179 1970 necessarium?
1207 1914 1440 1968 maxime
1495 1930 1616 1967 cum
1665 1923 1719 1968 et
1768 1913 1971 1970 Paulus

392 2006 595 2061 eisdem
630 2008 809 2063 verbis
842 2019 1092 2076 repetens
1118 2008 1160 2037 ¹⁰
1189 2007 1593 2062 cnnllrmaverit
1613 2008 1785 2076 ipsum
1816 2021 1973 2060 man-

392 2098 599 2153 datum.
632 2099 769 2165 Quid
793 2114 924 2154 vero
955 2108 1168 2167 Oportet
1194 2097 1377 2152 dicere
1407 2098 1472 2151 de
1504 2110 1567 2152 eo
1595 2100 1737 2167 quod
1767 2098 1972 2153 dictum

393 2199 509 2244 est:
541 2189 661 2243 Non
692 2190 1035 2253 adulterabis,
1056 2206 1157 2243 non
1182 2188 1406 2250 occides,
1430 2205 1532 2242 non
1559 2188 1763 2258 furtum
1790 2188 1977 2257 facies,

393 2298 501 2336 non
531 2282 726 2350 falsum
778 2284 1130 2337 testimonium
1170 2283 1311 2337 dices
1338 2283 1379 2313 “
1404 2321 1420 2347 ,
1452 2292 1508 2336 et
1547 2291 1740 2336 caalcra
1788 2282 1975 2351 hujus-

2079 1918 2307 1988 πότερον
2341 1916 2512 1981 αὐτὰς
2551 1916 2694 1971 κατὰ
2732 1916 2831 1988 τὴν
2860 1916 3004 1981 λέξιν
3034 1916 3297 1988 τηρητέον
3325 1915 3358 1985 ἢ
3402 1914 3463 1967 οῦ
3484 1932 3498 1944 ’
3529 1915 3604 1978 ὡς
3634 1914 3669 1983 ἡ
3698 1970 3710 1981 ,

2080 2009 2385 2078 φάσκουσα,
2430 2008 2570 2079 Ἐγὼ
2586 2008 2824 2079 δὲλέγω
2858 2009 3019 2078 ὐμῖνο
3054 2010 3151 2075 Ὃς
3175 2007 3284 2062 ἐὰν
3311 2005 3562 2076 ὀργισθλῇ
3593 2003 3670 2071 τῷ

2080 2099 2322 2170 ἀδελφῷ
2354 2100 2562 2166 αὑτοῦ,
2611 2102 2705 2154 καὶ
2748 2100 2816 2154 τὰ
2870 2100 3030 2171 ἑξῆς·
3068 2102 3184 2166 καὶ,
3231 2098 3371 2169 Ἐγὼ
3414 2099 3483 2153 δὲ
3516 2098 3669 2168 λέγω

2080 2193 2222 2263 ὑμῖν
2245 2192 2332 2263 μὴ
2362 2195 2577 2264 ὀμόσαι
2612 2194 2786 2261 ὅλως.
2818 2194 2927 2248 Καὶ
2964 2193 3116 2266 παρὰ
3147 2192 3225 2265 τῷ
3267 2192 3575 2261 Ἀποστόλῳ
3609 2190 3670 2243 τδ

2083 2288 2245 2359 ῥητὸν
2273 2286 2566 2359 τηρητέον·
2601 2286 2945 2341 Νουθετεῗτε
2974 2286 3118 2354 τοὺς
3141 2285 3460 2352 ἀτάκτους,
3491 2298 3669 2351 scapi»

392 2374 582 2428 modi?
610 2373 729 2427 lam
760 2390 888 2429 vero
917 2374 984 2429 de
1018 2375 1102 2429 his
1128 2389 1249 2445 quae
1292 2375 1346 2429 in
1383 2374 1671 2446 Evangelio
1717 2376 1972 2429 mandata

2081 2380 2360 2448 μυθεῖσθε
2424 2381 2566 2447 τοὺς
2637 2381 3045 2449 ὀλιγοψύχους
3070 2420 3084 2445 ,
3157 2379 3484 2447 ἀντέχεσθε
3550 2376 3672 2430 τῶν

393 2475 550 2529 sunt,
582 2482 647 2519 ne
673 2466 909 2521 dubitari
951 2467 1162 2537 quidem
1195 2477 1370 2539 potest
1399 2468 1527 2537 quin
1559 2468 1858 2523 secundum
1887 2467 1973 2521 lit-

2081 2472 2518 2536 ἀσθενούντων,
2543 2471 2975 2542 μακροθυμεῖτε
3003 2470 3153 2540 πρὸς
3178 2470 3425 2537 πάντας.

393 2563 565 2609 teram
593 2559 970 2621 observentur,
1003 2558 1141 2612 sicut
1167 2573 1291 2612 cum
1316 2559 1482 2613 dicit:
1517 2557 1631 2628 Ego
1689 2567 1865 2610 autem
1922 2560 2040 2613 dico
2079 2562 2221 2615 vobis
2253 2578 2357 2615 non
2386 2562 2578 2629 jurare
2602 2565 2816 2617 omnino
2856 2562 2897 2594 “
2924 2580 2939 2628 ;
2977 2570 3032 2616 et
3063 2576 3187 2615 cum
3220 2562 3330 2616 ait:
3362 2560 3468 2626 Qui
3495 2569 3670 2613 autem

394 2651 683 2717 inspexerit
731 2650 1005 2704 mulierem
1049 2650 1117 2703 ad
1170 2651 1645 2721 concupiscendum
1677 2666 1827 2715 eam,
1858 2652 1975 2720 jam
2014 2654 2302 2706 moechatus
2334 2663 2409 2706 est
2480 2669 2595 2706 eam
2636 2654 2688 2707 in
2765 2654 2922 2707 corde
2949 2668 3045 2706 suo
3072 2651 3159 2714 ¹³;
3190 2658 3242 2705 et
3270 2650 3408 2719 apud
3442 2646 3669 2701 Paulum

392 2743 700 2810 apostolum
772 2756 893 2810 qua:
945 2742 1335 2811 praecipiuntur
1396 2761 1408 2796 :
1450 2741 1788 2796 Commonete
1851 2742 1965 2812 (9.2)
2004 2742 2305 2811 inquietos,
2368 2743 2717 2798 consolamini
2776 2740 3183 2813 pusillanimes,
3226 2744 3475 2796 sustinete
3520 2739 3674 2808 infit-

390 2852 527 2904 asas,
553 2836 808 2906 patientes
849 2846 1011 2891 estote
1044 2838 1112 2890 ad
1138 2852 1313 2891 omnes
1346 2837 1389 2868 “
1417 2854 1431 2903 ;
1461 2848 1516 2893 et
1548 2837 1653 2891 alia
1684 2836 2102 2908 quamplurima.
2141 2857 2162 2890 ι

1632 2972 2193 3030 lNTEliPRETATlO
2231 2973 2441 3032 NOVA.

394 3107 515 3147 esse
541 3091 760 3156 Judzerc,
796 3094 848 3146 in
883 3108 988 3162 qua
1029 3109 1056 3145 a
1087 3092 1375 3149 Salomone
1408 3093 1733 3148 aediﬁcatum
1763 3093 1861 3149 l'uit
1895 3094 2155 3162 templum
2186 3095 2319 3159 Dei,
2353 3103 2409 3150 et
2438 3094 2542 3150 alia
2576 3102 2857 3149 sexcenta.
2887 3091 3051 3146 Multo
3075 3093 3221 3147 enim
3248 3092 3399 3161 plura
3437 3098 3565 3144 sunt
3589 3105 3672 3145 se-

393 3165 632 3235 cundum
664 3164 947 3235 historiam
978 3179 1099 3216 vera
1120 3204 1136 3227 ,
1168 3180 1328 3233 quam
1358 3180 1478 3235 quae
1511 3181 1659 3220 mere
1687 3166 1985 3233 spiritualia
2019 3167 2126 3220 illis
2156 3175 2359 3220 attesta
2397 3175 2540 3219 sunt.
2577 3164 2815 3235 Rursum
2862 3164 2984 3233 quis
3034 3164 3246 3235 inlicias
3283 3163 3674 3235 ierit__tnamla.

400 3243 513 3286 tum
547 3234 648 3287 hoc
676 3253 687 3284 :
714 3233 946 3307 Honora
981 3232 1444 3307 patrem’tuum'et
1473 3248 1690 3289 matrem
1711 3236 2136 3307 ttuantr,rutq_bene
2167 3239 2232 3290 sit
2270 3237 2385 3301 tibi,
2417 3232 2945 3307 eliamﬁsinealtio’re
2972 3232 3492 3307 intell_igentia_utile
3522 3246 3670 3307 esse,

392 3318 457 3357 ac
493 3305 819 3359 servandum
844 3345 859 3371 ,
897 3305 1131 3358 maxime
1164 3319 1284 3359 cum
1319 3304 1517 3361 Paulus
1548 3302 1739 3360 iisdem
1766 3306 1949 3358 verbis
1985 3305 2113 3358 illud
2161 3306 2596 3360 commendarit?
2640 3305 2780 3369 Quid
2832 3305 3029 3357 attinet
3082 3305 3269 3356 dicere
3318 3302 3387 3355 de
3432 3302 3671 3363 caeteris,

395 3372 908 3446 Nonmaschaberis,
953 3390 1057 3427 non
1117 3375 1342 3442 occides,
1398 3392 1500 3429 non
1541 3377 1744 3445 furtum
1788 3376 1984 3446 facies,
2023 3391 2126 3429 non
2162 3378 2302 3431 dices
2344 3377 2538 3446 falsum
2572 3374 2971 3446 testimonium?
3031 3372 3245 3427 Rursus
3281 3372 3331 3425 in
3360 3372 3674 3446 ‘Evangelio

390 3444 647 3515 mandata
672 3444 914 3515 quicdam
942 3447 1137 3514 scripta
1167 3454 1324 3510 sunt;
1352 3446 1418 3498 de
1448 3442 1645 3514 quibus
1683 3442 1797 3500 non
1819 3445 2081 3515 quaeritur
2119 3447 2227 3500 sint
2269 3442 2436 3502 ne‘ad
2470 3447 2710 3501 litteram
2743 3444 3305 3515 observandanecne.
3350 3442 3670 3515 Cttjusmodi

393 3512 527 3566 illud
545 3522 637 3586 est
662 3531 677 3566 :
715 3512 823 3582 Ego
853 3524 1029 3586 autem
1048 3511 1175 3586 :dico
1199 3516 1341 3568 vobis
1364 3556 1378 3579 ,
1404 3511 1698 3586 quicunque
1718 3511 1884 3569 iratus
1906 3516 2063 3583 fuerit
2090 3515 2249 3584 fratri
2273 3534 2367 3571 suo
2392 3518 2456 3580 ",
2486 3526 2542 3571 et
2569 3531 2690 3586 qua:
2734 3514 3152 3586 sequuntur._Et
3174 3531 3193 3586 7:
3228 3511 3341 3586 Ego
3366 3511 3484 3586 dico
3523 3511 3671 3586 t'obis

392 3598 497 3636 non
522 3582 711 3659 jurare
737 3585 1005 3659 _omnino.
1045 3584 1106 3659 lit
1160 3582 1571 3640 custodiendum
1612 3582 1698 3641 est.
1738 3587 1869 3642 illud
1906 3582 2152 3655 Apostoli
2198 3604 2211 3641 :
2243 3587 2504 3659 Corripite
2546 3582 2847 3656 inquietos,
2897 3583 3241 3640 consolamini
3278 3582 3675 3653 pusillanimes,

392 3656 641 3722 suscipite
665 3654 919 3720 inﬁrmos,
950 3655 1206 3721 patientes
1236 3665 1398 3711 estate
1426 3660 1494 3710 ad
1526 3672 1723 3711 omnes.

462 3855 922 3955 £33)Ptnrutuus.
952 3855 1029 3911 De
1060 3857 1294 3927 Epistola
1322 3858 1477 3915 Pauli
1502 3862 1567 3915 ad
1585 3862 1976 3921 Philemonem.
2007 3895 2049 3955 ο
2082 3867 2257 3922 credit
2288 3875 2343 3920 et
2382 3866 2487 3921 hoc
2512 3906 2528 3929 ,
2579 3864 2722 3935 quod
2762 3864 2933 3917 Adam
2981 3861 3195 3932 quidem
3240 3858 3453 3929 primus
3505 3858 3675 3913 homo

461 3950 751 4005 ORIGENES.
795 3950 907 4021 (24)
950 3968 969 4001 ι
1013 3951 1119 4005 Sed
1173 3962 1227 4007 et
1270 3953 1337 4007 de
1388 3953 1614 4024 singulis
1658 3967 1974 4015 sanctorum

392 4047 486 4117 qui
536 4044 590 4099 in
633 4045 916 4114 Scriptura
958 4053 1143 4099 sancta
1189 4045 1479 4115 conscripti
1524 4054 1693 4115 sunt,
1729 4064 1974 4121 quosque

387 4139 583 4207 justos,
615 4142 669 4190 et
692 4135 898 4190 electos
927 4133 1020 4189 Dei
1056 4150 1177 4191 esse
1210 4135 1492 4206 Scriptura
1526 4147 1781 4207 testatur,
1815 4143 1973 4197 debet

390 4243 515 4284 esse
566 4226 699 4282 ﬁdes
750 4226 818 4281 ab
871 4227 956 4282 his
1004 4228 1094 4297 qui
1136 4227 1337 4284 salvari
1380 4232 1626 4299 cupiunt.
1676 4231 1792 4289 Non
1826 4234 1969 4290 enim

387 4330 569 4388 potest
595 4334 715 4374 esse
747 4317 987 4389 perfecta
1017 4319 1069 4373 in
1099 4319 1267 4373 Deum
1297 4319 1454 4387 lldes,
1479 4322 1582 4376 nisi
1616 4326 1740 4393 quis
1774 4326 1972 4382 habeat

387 4421 444 4467 et
479 4414 620 4467 hanc
673 4411 832 4465 tidem
859 4451 874 4477 ,
922 4425 1029 4480 qua
1082 4411 1153 4467 de
1185 4414 1391 4469 sanctis
1432 4414 1576 4483 quod
1616 4418 1793 4471 sancti
1845 4428 1973 4473 sunt

389 4504 652 4559 creditur.
684 4503 836 4570 Quod
873 4514 1053 4558 autem
1104 4503 1334 4559 dicimus
1365 4505 1471 4560 tale
1505 4516 1608 4561 est.
1658 4508 1759 4574 Qui
1794 4511 1971 4563 credi-

386 4586 533 4651 derit
556 4597 611 4650 in
644 4597 835 4660 Deum,
854 4604 907 4649 et
928 4594 1181 4665 dogmata
1202 4596 1319 4667 ejus
1345 4612 1470 4652 vera
1497 4613 1619 4654 esse
1647 4604 1971 4671 susceperit,

447 4780 470 4812 9
500 4780 668 4835 Exod.
699 4794 791 4850 η,
826 4777 912 4850 12.
986 4780 1029 4850 Ψ
1055 4779 1262 4850 Ephes.
1297 4797 1373 4843 νι,
1398 4782 1455 4835 2.

385 4868 441 4918 v,
474 4851 557 4905 M.
630 4851 671 4881 ’⁵
706 4848 891 4903 Matth.
925 4864 978 4913 ν,
1006 4848 1123 4903 22(
1166 4849 1422 4905 16(rienes.
1460 4868 1519 4917 ll,
1553 4852 1604 4905 7.

460 5008 572 5078 (ΞΟ)
604 5008 881 5075 Merlinus,
900 5008 952 5060 in
976 5025 1080 5078 qua
1119 5016 1459 5066 constitutum
1486 5022 1557 5065 est
1588 5011 1837 5078 templum
1863 5012 1968 5067 Do-

387 5080 541 5150 mini,
568 5090 671 5150 etc.
700 5078 961 5150 Sedmss.
987 5090 1046 5133 ut
1072 5079 1123 5133 in
1160 5092 1303 5135 textu
1330 5101 1343 5147 ;
1375 5084 1473 5135 nisi
1505 5083 1646 5150 qttud
1688 5099 1784 5137 ms.
1813 5082 1966 5136 Mon-

1536 4783 1577 4812 “
1608 4781 1778 4837 Exod.
1809 4800 1901 4846 xx,
1938 4783 2003 4836 l3
2026 4791 2082 4838 et
2111 4798 2227 4851 seq.

2082 3959 2347 4014 formatus
2385 3965 2468 4012 est
2496 3956 2580 4023 ‘5;
2612 3953 2786 4010 credit
2835 3962 2891 4007 et
2934 3950 3003 4007 de
3049 3951 3155 4007 Eva
3183 3991 3197 4015 ,
3247 3950 3391 4020 quod
3426 3964 3593 4004 unam
3638 3964 3672 4002 e

2082 4044 2246 4104 eostis
2274 4048 2443 4102 Adam
2479 4062 2699 4103 sumens
2725 4046 2889 4108 Deus,
2918 4043 3268 4099 aediﬁcaverit
3288 4056 3407 4096 eam
3432 4050 3493 4095 ut
3520 4052 3675 4097 esset

2080 4141 2196 4212 ejus
2227 4140 2422 4196 mulier
2435 4140 2501 4206 ";
2536 4139 2705 4193 credit
2728 4136 2840 4209 (25)
2865 4145 2919 4192 et
2945 4137 3085 4207 quod
3112 4135 3254 4189 Euos
3284 4150 3413 4189 vere
3440 4137 3675 4202 speravit

2080 4235 2321 4288 invocare
2349 4248 2533 4287 nomen
2554 4231 2767 4286 Domini
2795 4228 2895 4284 Dei
2915 4229 2958 4261 ¹⁸
2987 4248 2999 4295 ;
3036 4238 3091 4284 et
3121 4228 3265 4299 quod
3292 4225 3502 4291 Enoch,
3538 4228 3675 4298 quia

2082 4328 2135 4381 in
2204 4328 2364 4382 annis
2435 4326 2683 4382 ducentis
2748 4324 3017 4395 placuerit
3089 4324 3243 4387 Deo,
3307 4330 3679 4395 posteaquam

2080 4415 2439 4471 Mathusalem
2471 4414 2658 4485 genuit
2682 4412 2976 4468 translatus
2996 4422 3081 4467 est
3103 4411 3180 4476 ¹⁹;
3208 4419 3262 4465 et
3288 4410 3358 4465 de
3384 4409 3677 4480 Noemnia

2080 4524 2338 4577 responsa
2387 4508 2603 4578 accepit
2654 4516 2715 4561 ut
2773 4505 3132 4561 labricaretur
3195 4518 3342 4570 arca,
3406 4512 3461 4556 et
3519 4502 3677 4557 Solus

2079 4600 2320 4656 salvatus
2378 4608 2463 4655 est
2524 4613 2596 4654 ex
2660 4596 2899 4664 diluvio,
2965 4611 3087 4651 cum
3155 4595 3241 4650 bis
3292 4594 3676 4649 tantummodo

2310 4781 2559 4835 “Matth.
2595 4796 2666 4843 ν,
2728 4777 2820 4832 28.
2921 4780 2964 4810 ¹³
2992 4781 3119 4835 ἰΙήιΙ.
3174 4781 3266 4836 98.
3347 4783 3390 4812 “
3421 4780 3443 4835 ι
3470 4780 3673 4838 Thess.

1696 4856 1737 4884 ¹⁷
1768 4856 1895 4908 ibid.
1934 4855 1970 4906 2

2081 4854 2118 4908 l.
2189 4848 2241 4884 ἠ
2267 4851 2465 4907 Genes.
2499 4866 2573 4917 tv,
2597 4851 2689 4905 26.
2765 4849 2808 4879 ¹⁹
2840 4848 3039 4906 Gencs.
3064 4868 3117 4919 v,
3148 4851 3213 4907 21
3247 4863 3302 4908 et
3333 4867 3448 4921 seq.

2078 5012 2461 5068 Philemonem.
2519 5013 2644 5070 Haec
2695 5017 2746 5070 in
2803 5014 2957 5069 libris
3014 5022 3169 5069 antea
3216 5016 3379 5072 editis
3436 5015 3676 5082 omissa,

2076 5086 2236 5163 quasi
2264 5085 2480 5163 reliqua
2518 5085 2699 5140 forent
2728 5087 2891 5141 etiam
2917 5100 2955 5163 e_
2993 5085 3129 5141 libro
3160 5098 3357 5163 quarto
3395 5086 3539 5154 Περὶ
3564 5087 3681 5163 Δἁρ-

389 5154 471 5236 Itis
493 5148 551 5236 S:
603 5148 880 5236 Michaelis
915 5150 1167 5205 similiter
1199 5154 1361 5208 habet
1405 5148 1621 5206 Domini
1647 5192 1662 5216 ,
1689 5164 1744 5209 et
1785 5152 1970 5209 Gene-
2007 5182 2048 5236 υ
2228 5194 2243 5217 ,
2278 5148 2635 5236 restituuntur
2657 5172 2742 5236 ex
2793 5157 3045 5211 omnibus
3068 5148 3223 5236 mss.
3264 5148 3675 5225 Deinde'edi'ti,

387 5221 618 5275 hrardus
652 5220 780 5272 Deo.

461 5289 574 5360 (2i)
603 5290 800 5344 Oumes
828 5304 969 5363 mss.
995 5294 1200 5357 nostri,
1239 5292 1383 5347 Tunc
1419 5294 1605 5348 deinde
1627 5310 1645 5347 :
1695 5308 1818 5348 mox
1858 5292 1971 5363 ple-

390 5361 588 5434 rique,
612 5377 721 5434 quo
758 5362 991 5434 pra’cipit
1032 5377 1051 5415 :
1085 5364 1213 5417 editi
1256 5366 1393 5434 quod
1410 5365 1692 5432 prwcepit:
1724 5361 1871 5418 libri
1893 5365 1968 5418 De

386 5432 693 5501 principiis,
724 5432 874 5502 quod
920 5434 1180 5500 prtecipit.
1221 5432 1325 5490 seu
1362 5452 1491 5489 mss.
1532 5435 1885 5502 Sorbonicus,
1914 5446 1973 5489 et

389 5499 589 5584 Mentis
630 5502 687 5556 S.
722 5499 1006 5557 Michaelis
1043 5505 1094 5557 in
1126 5505 1374 5562 Periculo
1414 5507 1617 5574 maris,
1646 5521 1749 5575 quo
1782 5499 1973 5575 prmi-

387 5584 552 5641 pllttr.

462 5642 723 5716 (Ἠλεῖε
779 5654 926 5716 recte
968 5643 1089 5700 libri
1136 5646 1213 5699 De
1254 5647 1549 5716 principiis.
1596 5646 1800 5701 Omnes
1844 5660 1974 5702 vero

388 5712 845 5787 hujt'ts'Apologiw
875 5730 1001 5769 mss.
1031 5724 1089 5787 et
1125 5712 1262 5787 editi"
1290 5712 1572 5787 perperam
1595 5756 1612 5783 ,
1641 5719 1832 5785 inquit,
1860 5734 1972 5772 eos.

459 5786 570 5854 (25)
619 5783 985 5841 Pnurmws.
1018 5786 1093 5841 De
1132 5783 1583 5858 Epistola'Pauli
1634 5783 1863 5857 προδιοίὶ
1901 5788 1971 5842 ad

2076 5227 2223 5280 debet
2246 5240 2356 5278 esse
2375 5227 2617 5294 quaedam
2641 5226 2794 5295 ﬁdes,
2823 5235 2956 5292 etc.,
2985 5228 3079 5281 sed
3109 5242 3299 5285 omnes
3327 5244 3460 5284 mss.
3491 5233 3677 5285 nostri

2076 5298 2333 5350 omittunt
2364 5297 2626 5365 quwdam.

2148 5365 2259 5438 (“24)
2292 5364 2379 5438 [ξι
2401 5368 2706 5438 Comment.
2741 5367 2793 5421 in
2828 5367 3000 5437 Epist.
3041 5369 3108 5421 ad
3137 5364 3521 5428 Philemonem.

2154 5436 2266 5509 (25)
2299 5436 2373 5509 Et
2407 5438 2547 5509 quod
2588 5436 2733 5491 Enos
2781 5456 2896 5493 vere
2939 5440 3161 5505 speravit
3203 5441 3448 5493 invocare
3475 5460 3677 5498 nomen

2075 5506 2293 5561 Domini
2339 5506 2455 5560 Dei.
2488 5506 2615 5561 Hac
2643 5509 3007 5577 prcetermissa
3040 5518 3163 5562 sunt
3194 5509 3245 5562 in
3273 5510 3455 5577 editis,
3487 5525 3546 5566 et
3582 5531 3676 5569 re-

2076 5581 2378 5654 stituuntur
2407 5592 2474 5654 ex
2520 5594 2664 5654 ms__s._
2710 5581 2799 5654 qui
2846 5595 3034 5634 omnes
3083 5581 3282 5654 habent
3328 5579 3511 5635 Enoch
3570 5601 3677 5654 pro

2075 5646 2241 5702 Enos.
2289 5648 2490 5702 Deinde
2537 5650 2665 5703 editi
2716 5646 2917 5704 habent.
2962 5652 3240 5716 trecentis;
3290 5665 3483 5706 omnes
3527 5646 3673 5710 niss.

2074 5720 2336 5793 ducentis.
2373 5718 2540 5773 Paulo
2572 5728 2691 5788 post
2721 5720 2883 5775 iidem
2916 5722 3045 5775 editi
3097 5730 3153 5775 et
3204 5737 3304 5776 ms.
3348 5719 3578 5793 Regius,
3614 5735 3676 5779 ut

2074 5788 2362 5858 fabricaret
2395 5806 2574 5845 arcam
2601 5805 2620 5845 :
2654 5792 2749 5847 sed
2781 5792 2967 5848 caeteri
3003 5806 3135 5850 mss.
3166 5801 3225 5847 ut
3257 5794 3311 5848 in
3341 5788 3517 5850 lexin.
