3870 6220
284 257 398 311 593

1487 238 1855 330 ,‘APOLocts
1893 252 2029 311 eno
2067 252 2387 311 ORIGENE.
3455 259 3561 316 est

282 373 405 445 (26)
433 374 525 444 qui
556 388 741 431 secum
761 387 945 431 arcam
980 373 1197 431 fuerant
1236 374 1464 445 ingreésr
1499 384 1569 429 δ’.
1614 369 1878 427 Similiter
1904 370 1955 431 Α
1984 369 2051 424 de
2080 368 2479 423 resurrectione
2513 365 2769 437 scripsit,
2803 380 2965 437 quam
2998 382 3064 423 ex
3094 368 3306 425 caeteris
3332 371 3447 439 ejus
3479 373 3562 425 di-

280 474 345 519 et
378 466 446 519 de
487 465 797 531 Abraham,
826 465 967 535 quod
991 466 1252 523 meruerit
1274 464 1646 522 testimonium
1668 462 1793 527 Dei,
1822 470 1878 517 et

282 562 435 627 quod
467 563 769 630 susceperit
792 560 1051 632 hospitio,
1087 577 1210 617 cum
1234 571 1381 618 esset
1408 563 1509 618 sub
1537 561 1660 616 ilice
1699 560 1875 615 Mam-

283 654 420 716 bre.
477 663 588 710 tres
615 654 764 709 viros
788 694 804 719 ,
834 669 903 709 ex
948 655 1145 724 quibus
1176 670 1315 710 unus
1364 656 1625 711 Dominus
1661 655 1871 710 erat“.
1912 662 1922 671 '

282 744 480 801 Credit
519 755 573 800 et
605 747 670 801 de
700 747 854 801 Isaac
891 746 975 802 vel
1003 747 1274 817 quomodo
1303 755 1465 803 natus
1487 757 1592 811 est,
1630 746 1714 802 vel
1741 761 1873 817 quo-

281 839 450 892 modo
483 838 697 894 oblatus
730 848 814 894 est
860 854 887 893 a
932 849 1121 909 patre,
1174 840 1262 895 vel
1294 840 1566 910 quomodo
1612 852 1872 908 responsa

282 928 385 983 Dei
428 929 618 984 audire
644 931 1009 986 meruerit":
1040 930 1133 986 sed
1163 938 1218 986 et
1249 930 1316 986 de
1347 929 1537 995 Iacob,
1562 929 1707 1001 quod
1748 944 1871 984 mu-

283 1031 405 1076 tato
434 1022 652 1076 nomine
687 1020 857 1077 Israel
898 1037 929 1077 a
961 1023 1073 1077 Deo
1111 1022 1529 1093 cognominatus
1574 1029 1663 1077 est
1696 1020 1783 1075 ἐς
1820 1030 1875 1075 ει

280 1116 355 1169 de
382 1114 585 1185 Moyse.
618 1114 761 1183 quod
795 1129 889 1183 per
935 1115 1087 1185 signa
1127 1121 1183 1168 et
1211 1114 1443 1168 virtutes
1485 1113 1875 1168 ministraverit

281 1208 398 1261 Deo
430 1206 496 1259 “.
523 1206 709 1261 Credit
729 1217 786 1259 et
825 1208 968 1276 quod
997 1206 1155 1262 Jesus
1189 1205 1336 1261 Nave
1368 1206 1657 1260 exauditus
1686 1220 1716 1259 a
1761 1206 1872 1261 Deo

281 1307 436 1353 stare
470 1297 663 1352 iecerit
694 1296 866 1351 solem
899 1311 1064 1366 super
1103 1294 1361 1363 Gabaou,
1391 1304 1446 1351 et
1480 1295 1662 1351 lunam
1708 1309 1872 1365 super

280 1390 477 1444 vallem
520 1389 692 1444 llelon
718 1391 784 1440 ⁸⁸.
817 1390 954 1457 Quid
993 1397 1172 1444 autem
1207 1389 1497 1444 dicendum
1523 1397 1607 1444 est
1638 1388 1707 1442 de
1740 1389 1873 1444 lide-

279 1482 430 1536 iibus
454 1481 824 1551 jttdicibus,ct
849 1483 914 1535 de
939 1481 1025 1535 his
1050 1496 1172 1550 qua:
1198 1495 1294 1549 per
1323 1496 1418 1535 eos
1441 1488 1591 1551 gesta
1623 1480 1870 1535 referun-

279 1583 414 1629 tur:
447 1574 529 1628 vel
563 1575 613 1628 in
645 1572 956 1643 Regnorum
981 1573 1139 1628 libris
1160 1574 1229 1627 de
1252 1573 1528 1641 Samuele,
1563 1573 1704 1643 quod
1734 1588 1871 1629 mes-

277 1668 422 1723 sium
460 1677 704 1736 tempore
748 1668 958 1737 pluvias
989 1683 1019 1722 a
1067 1667 1177 1722 Deo
1204 1668 1538 1739 poposcerit,
1565 1676 1619 1721 et
1649 1682 1870 1736 accepe-

277 1761 356 1815 rit
377 1761 424 1794 ¹⁶
443 1760 469 1814 ἳ
491 1770 545 1814 ει
572 1761 640 1815 de
669 1760 837 1815 David
863 1775 1025 1827 quem
1048 1760 1347 1828 assumpsit
1376 1758 1637 1815 Dominus
1661 1759 1773 1831 (27)
1804 1760 1872 1814 ab

276 1853 476 1908 ovibus
497 1855 565 1918 ’⁷,
593 1863 652 1908 ιιι
703 1863 924 1924 regeret
957 1850 1127 1907 Iacob
1156 1866 1385 1921 puerum
1415 1867 1595 1915 suum,
1624 1861 1680 1906 et
1709 1851 1872 1906 lsrael

278 1943 653 2000 hereditatem
680 1959 832 1999 suam
857 1945 951 1998 "‘1'
987 1954 1042 2000 et
1068 1944 1133 1999 de
1167 1944 1379 1998 Nathan
1406 1945 1549 2012 quod
1580 1944 1871 2013 propheta-

277 2037 422 2091 verit
460 2039 541 2091 ἐξ
584 2052 792 2092 necnon
831 2046 891 2093 et
938 2037 1054 2094 Gad
1086 2039 1169 2094 '9:
1213 2036 1307 2093 sed
1349 2045 1405 2091 et
1450 2036 1516 2091 de
1560 2035 1869 2105 Salomone,

276 2129 423 2197 quod
455 2130 765 2198 apparuerit
790 2130 838 2185 ei
884 2130 935 2185 in
972 2131 1093 2186 visu
1139 2129 1399 2186 Dominus
1436 2129 1481 2161 ³ο
1525 2147 1540 2185 :
1572 2129 1867 2194 etdeElia,

274 2220 421 2287 quod
461 2231 779 2291 assumptus
802 2232 886 2278 est
926 2239 1023 2293 per
1050 2224 1423 2279 ascensionem
1468 2224 1526 2277 in
1559 2222 1756 2277 caelum
1798 2222 1867 2287 ³¹,

274 2308 487 2366 eﬂ‘ectis
531 2311 637 2366 illis
668 2313 952 2379 omnibus,
989 2329 1112 2383 quae
1152 2324 1355 2385 scripta
1389 2323 1553 2381 sunt,
1596 2313 1767 2384 signis
1813 2320 1870 2367 et

274 2404 579 2474 prodigiis:
612 2406 707 2460 sed
739 2415 794 2461 et
820 2400 890 2462 tle
935 2407 1130 2462 Eliszeo
1154 2449 1170 2473 ,
1227 2408 1486 2478 quoniam
1538 2423 1646 2463 non
1690 2406 1866 2462 solum

274 2498 621 2552 resuscitavit
651 2498 820 2553 lilium
842 2500 1165 2565 Sunamitis,
1198 2502 1292 2556 sed
1315 2510 1371 2556 et
1403 2509 1673 2555 mortuum
1705 2515 1867 2571 super

270 2601 396 2641 ossa
426 2602 522 2643 sua
557 2591 860 2660 projectum
894 2591 961 2644 ⁸³.
991 2591 1221 2662 Oportet
1246 2607 1379 2661 ergo
1419 2608 1864 2664 unumquemque

275 2680 513 2735 ﬁdelium
547 2684 773 2739 credere
819 2693 875 2739 et
918 2686 1170 2740 omnibus
1211 2701 1337 2757 quae
1380 2686 1585 2757 scripta
1625 2695 1754 2741 sunt
1798 2687 1865 2742 de

272 2771 527 2835 Ezechia,
553 2777 694 2839 quod
725 2776 776 2829 iu
808 2776 1000 2832 diebus
1025 2776 1141 2845 ejus
1168 2788 1474 2833 retrorsum
1520 2780 1865 2850 repedaverit

274 2864 464 2919 umbra
496 2866 632 2921 solis
659 2867 724 2921 ³³.
754 2868 847 2923 Εει
876 2884 1006 2941 ergo
1038 2870 1171 2924 fides
1206 2879 1391 2924 nostra
1432 2871 1609 2941 primo
1642 2872 1860 2941 quidem

269 2957 514 3012 omnium
572 2958 626 3013 in
674 2960 961 3016 Dominum
1020 2974 1269 3017 nostrum
1317 2962 1501 3017 Jesum
1554 2962 1857 3028 Christum,

1980 463 2151 517 versis
2192 461 2593 527 voluminibus,
2645 461 3065 530 approbabimus
3125 464 3289 519 etiam
3351 465 3403 518 in
3452 466 3555 521 hac

1978 564 2135 625 parte
2164 568 2326 623 quam
2365 552 2638 607 catholice
2665 553 2916 608 senserit.

2070 662 2234 702 PRIIA
2275 660 2559 702 RESPONSIO
2599 662 2666 699 AD
2705 660 2978 701 εερτιιιΑιι
3016 661 3461 704 CRIIINATIONEK.

2575 738 2801 797 CAPUT
2838 739 2946 797 Vll.

2215 832 2489 899 Quomodo
2516 833 2773 888 sentiebat
2811 833 2875 889 de
2910 836 3309 889 resurrectione.

2048 924 2341 983 ORIGBNES.
2414 924 2546 997 (29)
2605 925 2933 993 «Quomodo
2980 927 3125 981 enim
3178 943 3284 983 non
3342 927 3556 981 videtur

1979 1018 2292 1081 absurdum,
2331 1029 2389 1073 ut
2414 1020 2516 1073 hoc
2545 1033 2763 1086 corpus,
2787 1020 2928 1088 quod
2964 1034 3061 1089 pro
3084 1019 3303 1074 Christo
3336 1021 3554 1089 pertulit

1976 1110 2283 1174 cicatrices,
2334 1120 2391 1166 et
2440 1112 2647 1180 pariter
2692 1126 2816 1166 cum
2851 1112 3033 1166 anima
3074 1111 3186 1182 (51))
3221 1114 3553 1181 persecutio-

1975 1219 2105 1259 num
2137 1201 2389 1259 toleravit
2421 1217 2560 1258 saeva
2596 1210 2885 1267 tormenta,
2929 1219 3210 1259 carcerum
3249 1220 3464 1274 quoque
3491 1220 3555 1259 ac

1973 1296 2317 1351 vinculorum
2372 1305 2427 1351 et
2481 1296 2766 1351 verberum
2828 1296 3093 1366 supplicia
3151 1297 3395 1366 pertulit,
3431 1298 3555 1366 igne

1972 1386 2136 1442 etiam
2175 1386 2498 1449 cruciatum,
2537 1387 2684 1440 ferro
2733 1401 2929 1441 CiBSUIII
2970 1397 3075 1453 est,
3118 1389 3338 1458 insuper
3379 1398 3433 1444 et
3461 1390 3557 1444 be-

1973 1480 2203 1536 stiarum
2249 1487 2505 1535 cruentos
2556 1494 2807 1545 morsus,
2861 1480 3039 1535 crucis
3080 1481 3342 1550 patibula,
3385 1496 3446 1537 ac
3474 1481 3555 1536 di-

1973 1586 2129 1627 versa
2183 1586 2468 1641 poenarum
2518 1586 2719 1642 genera
2772 1587 3088 1641 perpessum
3116 1581 3221 1635 est,
3280 1582 3551 1628 tantorum

1974 1666 2341 1720 certaminum
2387 1665 2627 1733 praemiis
2680 1664 3068 1719 defraudetur?
3121 1664 3331 1735 Quippe
3359 1667 3402 1720 si
3439 1667 3552 1721 sola

1976 1756 2182 1821 anima,
2213 1771 2333 1826 quae
2361 1772 2466 1811 non
2507 1755 2619 1812 sola
2654 1756 2766 1826 (51)
2800 1757 3129 1822 certaverit,
3162 1766 3475 1823 coronetur,
3500 1766 3556 1814 et

1975 1849 2219 1919 corporis
2262 1848 2345 1903 sui
2382 1848 2659 1903 vasculum
2690 1848 2832 1919 quod
2864 1849 2912 1902 ei
2944 1864 3065 1904 cum
3115 1865 3312 1920 magno
3363 1850 3550 1905 labore

1974 1940 2219 2005 servivit,
2244 1939 2390 1993 nulla
2422 1940 2611 2007 agonis
2641 1955 2707 1994 ac
2733 1940 2973 1995 victoriae
2998 1942 3220 2012 praemia
3247 1956 3550 2011 consequa-

1974 2040 2082 2096 tur,
2115 2032 2386 2102 quomodo
2418 2048 2524 2087 non
2550 2041 2739 2086 contra
2775 2047 2989 2087 omnem
3031 2034 3291 2088 rationem
3336 2034 3550 2089 videtur

1974 2133 2033 2178 nt
2064 2124 2401 2181 naturalibus
2430 2127 2578 2180 vitiis
2611 2134 2775 2196 atque
2801 2126 3056 2197 ingenitae
3086 2126 3295 2183 libidini
3326 2137 3551 2197 propter

1971 2216 2244 2272 Christum
2292 2232 2421 2272 caro
2459 2220 2738 2284 resistens,
2772 2227 2830 2273 et
2874 2220 3239 2290 virginitatem
3290 2221 3547 2276 obtinens

1969 2326 2093 2367 cum
2136 2311 2340 2381 ingenti
2378 2311 2586 2379 labore,
2635 2311 2729 2380 qui
2778 2311 3129 2368 continentia:
3166 2311 3323 2368 labor
3359 2314 3550 2382 utique

1970 2412 2063 2457 aut
2090 2403 2263 2473 major
2290 2406 2538 2473 corporis
2584 2404 2697 2476 (52)
2722 2419 2889 2475 quam
2926 2405 3121 2460 anima:
3148 2416 3251 2473 est,
3281 2416 3373 2461 aut
3401 2414 3549 2462 certe

1968 2495 2251 2564 utriusque
2298 2496 2521 2566 mqualis
2552 2504 2655 2563 est,
2702 2496 3053 2567 praemiorum
3106 2506 3349 2569 tempore
3379 2498 3550 2553 altera

1966 2588 2112 2644 velut
2144 2590 2364 2660 indigna
2403 2588 2703 2658 rejiciatur,
2734 2591 2904 2645 altera
2942 2592 3127 2645 veniat
3153 2592 3222 2647 ad
3251 2591 3548 2647 coronam?

1964 2683 2095 2752 Quae
2128 2698 2216 2739 res
2259 2683 2377 2739 sine
2419 2684 2586 2739 dubio
2636 2694 2729 2751 aut
2768 2684 3044 2752 iujustitis:
3093 2684 3323 2755 alicujus
3352 2684 3555 2754 Deum,

1963 2786 2056 2829 aut
2088 2773 2537 2843 impossibilitatis
2568 2784 2811 2829 accusat.
2848 2794 2868 2827 ι

2034 2866 2358 2922 ΡΑιιιδιιιιυε.
2395 2864 2490 2921 His
2522 2867 2917 2922 assertionibus
2948 2868 3213 2937 incipiens
3260 2870 3337 2923 uti
3368 2870 3433 2925 de
3461 2883 3559 2925 re-

1961 2962 2303 3018 surrectione
2342 2971 2702 3026 mortuorum,
2761 2975 2860 3029 per
2916 2970 3083 3016 totam
3126 2962 3418 3018 voluminis
3457 2964 3543 3017 sui

270 3057 674 3119 consequenter
700 3067 833 3109 vero
856 3054 1023 3109 etiam
1063 3055 1115 3108 in
1150 3070 1342 3110 omnes
1371 3064 1590 3111 sanctos
1620 3058 1857 3126 patriar-
1884 3077 1925 3136 ρ
1961 3054 2161 3109 seriem
2206 3051 2631 3107 evidentissimis
2661 3052 3144 3123 approbationibus
3172 3069 3304 3109 usus
3336 3061 3439 3109 est.
3474 3057 3539 3109 In

268 3140 423 3205 cbas,
452 3140 533 3195 vel
567 3144 880 3214 prophetas,
906 3145 992 3202 vei
1021 3147 1295 3217 apostolos
1324 3147 1552 3214 Christi,
1577 3162 1645 3204 eo
1668 3148 1859 3205 ordine

272 3243 386 3299 quo
410 3233 664 3301 superius
698 3235 957 3292 diximus.

338 3322 668 3381 PAIPHILUS.
698 3326 1045 3385 Suﬂicienter
1099 3330 1203 3386 ista
1248 3332 1314 3387 ad
1363 3331 1735 3402 probationem
1767 3348 1858 3388 ca—

275 3415 489 3471 tholica:
520 3416 637 3486 ejus
669 3418 810 3483 ﬁdei.
837 3430 894 3475 et
915 3423 1153 3491 qualiter
1173 3424 1338 3479 etiam
1369 3425 1441 3479 de
1476 3427 1590 3495 ipsa
1612 3424 1857 3499 Scriptu-

268 3521 453 3561 rarum
485 3508 712 3565 historia
743 3513 1000 3579 senserit,
1034 3514 1178 3570 dicta
1208 3515 1341 3571 sint.

342 3598 405 3651 Et
434 3600 692 3668 quoniam
723 3602 866 3659 inter
896 3613 1128 3659 ceteras
1151 3605 1562 3663 criminationes
1585 3606 1698 3680 (28)
1723 3623 1858 3679 quas

268 3691 317 3743 ei
368 3690 640 3759 inferunt,
676 3695 842 3749 etiam
875 3712 1040 3767 quam
1101 3700 1394 3756 maximam
1427 3711 1673 3770 ponunt,
1709 3701 1853 3771 quod

269 3784 727 3840 resurrectionem
758 3786 1001 3842 futuram
1036 3790 1267 3861 deneget
1295 3804 1636 3849 mortuorum
1658 3835 1673 3860 ,
1706 3794 1855 3864 quod

267 3875 451 3945 utique
484 3878 727 3934 futurum
774 3882 1065 3939 manifeste
1107 3886 1159 3939 iu
1187 3885 1450 3942 Ecclesiis
1499 3888 1847 3957 praedicatur,

267 3979 607 4038 consequens
654 3980 741 4026 est
786 3973 949 4027 etiam
977 3974 1045 4030 de
1084 3976 1187 4031 hoc
1217 3978 1386 4047 ipsius
1421 3993 1521 4033 nos
1543 3979 1722 4034 verbis
1755 3994 1849 4033 ca-

266 4059 563 4117 lumniosos
579 4063 884 4130 ostendere,
909 4074 964 4120 et
997 4068 1287 4124 mendaces
1319 4070 1599 4125 evidenter
1622 4085 1851 4141 arguere

262 4162 361 4203 eos
392 4151 484 4218 qui
533 4153 697 4207 etiam
730 4154 935 4224 scripta
981 4156 1047 4212 de
1094 4156 1201 4213 hoc
1229 4158 1390 4215 edere
1430 4160 1691 4215 adversus
1721 4176 1843 4214 eum

265 4253 374 4293 non
423 4254 802 4311 pepercerunt.
856 4246 989 4302 Tam
1026 4264 1095 4305 ex
1140 4251 1272 4321 ipsis
1309 4251 1475 4321 igitur
1508 4252 1663 4307 libris
1708 4266 1845 4322 quos

335 4383 382 4415 ²⁰
415 4382 613 4467 Cenes.
654 4403 872 4467 vt-vm.
888 4461 913 4467 Α
945 4393 995 4467 “_
1013 4393 1229 4467 Cenes.
1266 4412 1418 4467 svm,
1453 4397 1511 4461 ‘2,
1540 4412 1655 4467 seq.

264 4469 462 4538 XIII-IX.“
501 4458 545 4489 "
570 4457 733 4515 Josue
769 4461 940 4538 κάξ,
974 4464 1065 4538 i5.
1139 4466 1184 4497 '°
1214 4467 1232 4520 Ι
1264 4457 1534 4538 Ιῖες.ἰιι,
1562 4457 1648 4532 ιτ,
1685 4468 1773 4523 i8.

263 4526 309 4557 ³⁸
338 4523 383 4577 ll
423 4526 554 4598 Reg.
578 4544 728 4585 ntv.
813 4523 862 4564 ⁷³⁸
879 4533 943 4587 ιιι
972 4535 1102 4604 Reg.
1154 4552 1255 4604 ιιι,
1289 4539 1343 4592 5.

1744 4384 1794 4429 Δί’
1819 4397 2015 4453 Cenes.
2053 4411 2165 4457 XXI,
2197 4409 2311 4448 χχιι
2338 4403 2393 4447 ει
2429 4408 2577 4446 ιιινι.

1871 4469 1915 4498 ’⁷
1958 4467 1975 4520 l
2020 4466 2151 4534 Reg.
2194 4480 2307 4523 xvi,
2360 4465 2446 4517 ll.
2512 4462 2749 4517 "‘Psal.
2782 4463 3050 4534 ιχκιηῊ.

1421 4539 1466 4571 ³¹
1487 4540 1553 4594 IV
1588 4538 1722 4611 Reg.
1772 4554 1832 4608 ιι,
1862 4538 1996 4609 Reg.
2028 4552 2115 4603 tv,
2144 4535 2214 4590 54
2239 4575 2255 4601 ,
2284 4535 2393 4600 55;
2426 4550 2521 4587 xm
2548 4573 2563 4599 ,
2590 4535 2681 4588 2|.

1960 3145 2200 3205 secundo
2237 3160 2365 3199 vero
2402 3144 2542 3199 libro
2585 3145 2832 3215 ejusdem
2892 3144 3155 3208 materiae,
3190 3158 3311 3199 cum
3344 3145 3544 3214 pradi-

1956 3240 2126 3296 xisset
2152 3238 2266 3312 ('55)
2302 3237 2427 3309 quia
2462 3237 2616 3306 quasi
2646 3237 2711 3291 ad
2735 3235 2966 3306 gentiles
2989 3234 3321 3305 loqueretur,
3356 3236 3545 3307 hujus-

1953 3333 2165 3389 cemodi
2195 3345 2351 3386 suam
2389 3329 2719 3384 sententiam
2761 3327 3082 3383 declaravit.

2028 3426 2319 3483 ORIGENES.
2377 3422 2515 3495 ('54)
2573 3441 2591 3473 ι
2634 3421 2740 3477 Νοε
2799 3436 2926 3476 vero
2969 3429 3092 3490 post
3135 3420 3537 3490 corruptionem

1960 3521 2150 3576 mundi
2179 3519 2397 3574 eosdem
2442 3517 2586 3586 ipsos
2617 3514 2829 3569 futuros
2854 3529 2977 3569 esse
3004 3515 3254 3569 homines
3283 3514 3540 3580 dicimus,

1956 3612 2086 3667 licet
2118 3624 2224 3663 non
2271 3608 2325 3661 iu
2357 3606 2548 3661 eodem
2601 3614 2766 3669 statu,
2814 3619 2991 3675 neque
3017 3604 3070 3657 in
3108 3603 3298 3658 iisdem
3330 3604 3543 3671 passio-

1956 3702 2138 3757 nibus.
2164 3700 2278 3755 Non
2310 3700 2454 3753 enim
2488 3698 2687 3751 iterum
2717 3712 2781 3751 ex
2807 3697 3171 3751 conventione
3197 3696 3298 3750 viri
3330 3704 3385 3749 et
3416 3711 3540 3749 mu-

1955 3796 2104 3851 lieris
2132 3801 2317 3859 erunt,
2359 3793 2479 3856 sed,
2511 3790 2659 3845 verbi
2691 3791 2890 3859 gratia,
2918 3805 2985 3844 ea
3031 3789 3174 3845 ratio
3205 3803 3327 3858 quae
3358 3789 3541 3843 conti-

1954 3895 2051 3940 net
2076 3883 2226 3938 Pauli
2260 3882 2623 3937 substantiam
2651 3881 2830 3950 (Pauli
2860 3890 3041 3934 autem
3094 3895 3237 3935 nunc
3265 3880 3386 3935 dico
3415 3893 3541 3933 cor-

1957 3974 2179 4047 poralis)
2216 3975 2365 4031 salva
2416 3987 2717 4043 permanet,
2749 3985 2955 4029 etcum
3003 3972 3233 4028 voluerit
3276 3974 3418 4027 Deus
3450 3985 3539 4026 se-

1958 4069 2195 4122 cundum
2226 4081 2289 4121 ea
2322 4081 2443 4136 quae
2474 4067 2617 4119 dicta
2668 4076 2818 4131 sunt,
2863 4079 2960 4135 per
3008 4075 3406 4120 sacramentum
3448 4072 3536 4118 tu-

1955 4163 2145 4217 barum
2196 4160 2248 4214 iu
2285 4158 2581 4214 novissima
2616 4159 2744 4213 tuba
2800 4158 2981 4213 facere
3011 4167 3067 4212 ut
3120 4158 3317 4212 mortui
3351 4172 3536 4211 resur-

1954 4262 2106 4325 gant,
2141 4267 2235 4323 per
2272 4250 2415 4305 illam
2464 4252 2631 4321 ipsam
2663 4251 2775 4322 (35)
2807 4251 3233 4320 substantialem_
3264 4251 3532 4306 rationem

2654 4392 3075 4493 fi.“f'3:.“-i‘."'
3108 4391 3240 4493 iit.
3267 4391 3529 4493 3332‘

2782 4479 2929 4525 ιχκι,
2962 4463 3050 4517 7i.
3126 4463 3172 4493 ³⁸
3203 4462 3242 4515 Il
3267 4462 3403 4531 Reg.
3430 4477 3529 4516 XII.

2759 4534 2803 4565 ³²
2832 4534 2897 4588 lV
2936 4533 3067 4602 Reg.
3103 4548 3191 4598 xx,
3231 4533 3384 4588 9-H.

336 4659 448 4744 (26)
482 4660 579 4718 Sic
606 4678 797 4744 omnes
829 4667 1140 4744 mss._E_d_iti
1182 4687 1328 4739 vero,
1360 4675 1450 4744 qui
1475 4691 1593 4729 cum
1622 4692 1681 4729 eo
1716 4680 1832 4740 [κε-
1860 4676 1906 4733 D
1935 4682 1955 4725 t
2036 4672 2148 4743 ('51)
2179 4672 2346 4735 Editi,
2384 4680 2672 4724 certaverat
2699 4688 2715 4725 :
2741 4672 2931 4744 tleiude
2956 4672 3367 4736 chehrardus,
3412 4690 3532 4727 con-

262 4741 384 4784 rattt
412 4748 589 4785 arcam
628 4734 852 4805 ingressi
874 4754 892 4793 :
933 4740 1181 4797 similiter
1213 4751 1263 4797 et
1305 4734 1590 4799 Abraham.
1628 4734 1833 4803 Deinde

262 4816 393 4883 mss.
439 4805 613 4883 nostri
639 4808 955 4883 _omittunt,
999 4810 1081 4866 vel
1124 4816 1383 4883 quomodo
1437 4816 1642 4870 oblatus
1677 4826 1753 4870 est
1803 4835 1833 4870 a

262 4870 424 4943 Patre
447 4887 465 4924 :
494 4875 589 4928 sed
638 4875 753 4931 haec
782 4870 1000 4934 exstant
1053 4883 1107 4936 in
1136 4870 1321 4940 'editis.
1370 4885 1471 4941 Ms.
1507 4886 1837 4943 Surbonicus

262 4942 422 4996 habet
445 4943 672 4999 donatus
697 4958 770 5001 est
802 4963 897 5018 pro
922 4962 1078 5006 natus
1109 4966 1203 5008 est.

327 5030 441 5103 (27)
475 5032 601 5112 Mss.
635 5038 828 5112 nostri,
854 5039 945 5112 alii
993 5044 1057 5095 ab
1088 5045 1348 5112 omnibus,
1380 5046 1470 5102 alii
1514 5048 1578 5101 ab
1611 5050 1834 5104 homini-

260 5102 353 5156 bus
375 5118 393 5155 :
423 5102 523 5158 'sed
559 5108 757 5163 rectius
784 5108 983 5167 habere
1006 5113 1256 5170 videntur
1286 5102 1437 5182 editi,
1468 5119 1532 5172 ab
1562 5102 1765 5175 ovibus.

329 5192 542 5279 (28)]t'a
563 5212 767 5281 "omnes
806 5216 935 5257 mss.
957 5205 1159 5281 nostri.
1190 5207 1331 5261 Editi
1366 5224 1494 5281 vero
1524 5225 1829 5281 perperam,

255 5280 393 5345 quas
418 5268 466 5319 ei
496 5268 753 5345 inferunt,
780 5282 855 5325 est
896 5274 1078 5345 etiam,
1109 5293 1266 5344 quant
1296 5268 1583 5334 maxima'm
1612 5268 1831 5345 ponunt,

256 5337 393 5421 quod
416 5337 1419 5421 resurrectionemscilicetmortuorum
1447 5337 1692 5421 deneget:
1716 5337 1833 5421 (μιιέ

258 5410 433 5473 utique
483 5409 667 5490 futura
721 5412 1000 5490 manifeste
1062 5414 1133 5490 in_
1176 5416 1428 5490 Ecclesiis
1484 5409 1828 5490 pridicaiur,

257 5490 577 5555 consequens
596 5480 755 5534 etiam
784 5491 861 5536 est
887 5484 982 5538 has
1011 5501 1077 5539 ea:
1117 5488 1280 5551 ipsius
1309 5506 1400 5544 nos
1430 5480 1595 5547 verbis
1632 5480 1834 5548 calum;

259 5552 372 5598 nias
398 5552 684 5619 ostendere,
717 5560 827 5607 etc.

465 5640 745 5723 Exhprimo
768 5646 921 5723 libro
936 5647 1012 5705 De
1042 5654 1434 5723 resurrectione.

328 5708 438 5782 (50)
473 5708 634 5785 Ediii,
665 5719 1097 5788 persecutionem,
1123 5722 1281 5780 male.

1952 4759 2015 4796 ra
2041 4742 2243 4796 amnem
2296 4744 2554 4795 rationem
2586 4758 2696 4796 esse
2744 4742 3031 4798 videatur:
3084 4746 3178 4799 sed
3233 4760 3363 4799 mss.
3387 4754 3446 4799 ut
3472 4747 3529 4799 in

1945 4824 2029 4868 tes
2039 4823 2113 4869 tu.

2016 4882 2131 4951 (δὲ)
2176 4882 2305 4936 Mss.
2346 4883 2513 4953 nostri
2560 4882 2842 4949 omittunt,
2890 4900 3045 4951 quam
3097 4884 3313 4948 animm,
3377 4885 3525 4953 quod

1946 4956 2240 5025 restituunt
2272 4953 2423 5025 editi.
2465 4952 2641 5025 Paulo
2685 4963 2805 5025 post
2830 4956 2959 5007 editi
2988 4956 3266 5025 omittunt,
3295 4972 3413 5025 qua:
3442 4972 3523 5011 res

1942 5026 2057 5078 sine
2095 5024 2252 5076 dubio
2276 5034 2365 5076 aut
2394 5023 2673 5096 injustitire
2713 5024 2945 5092 alicujus
2975 5024 3164 5087 Deum,
3200 5023 3524 5096 aut'impos—

1940 5096 2210 5149 sibilitatis
2243 5107 2478 5156 accusat,
2507 5095 2652 5162 quod
2680 5097 3185 5148 restituuntomues
3212 5113 3346 5150 mss.

2013 5165 2124 5235 (55)
2162 5164 2327 5229 Quia,
2374 5166 2718 5220 desideratur
2765 5166 2818 5218 in
2878 5166 3061 5227 editis,
3112 5175 3168 5220 et
3215 5166 3521 5222 restituitur

1938 5251 2004 5290 ex
2043 5251 2169 5289 ﬂISS.

2008 5306 2123 5376 (34)
2154 5304 2229 5376 Ex
2257 5304 2396 5358 libro
2432 5322 2466 5359 ll
2506 5305 2578 5359 De
2606 5309 3007 5363 resurrectione.

2009 5375 2126 5445 (55)
2154 5375 2317 5449 Editi,
2346 5376 2663 5449 substantia:
2693 5380 2952 5431 rationem
2983 5396 3100 5449 quae
3130 5382 3274 5432 salva
3305 5395 3517 5445 perma-

1943 5457 2047 5508 net,
2077 5457 2133 5498 ut
2159 5446 2222 5500 de
2266 5456 2418 5499 terra:
2472 5448 2681 5513 pulvere
2708 5446 3089 5501 resusciten'tur
3136 5465 3167 5501 a
3206 5451 3428 5503 mortuis
3455 5466 3521 5504 ea:

1942 5517 2183 5595 omnibus
2230 5516 2357 5595 locis
2392 5518 2449 5570 in
2502 5518 2717 5595 quibus.
2763 5517 2966 5595 Deinde
3017 5518 3422 5595 Genebs‘ardus,
3468 5531 3521 5595 et

1941 5588 2125 5639 iterum
2158 5588 2561 5641 resuscitantur.
2587 5586 2671 5640 Ea:
2698 5588 2793 5642 hoc
2822 5590 3070 5649 arbitror.
3113 5598 3219 5641 etc.
3248 5587 3353 5643 Sed
3386 5586 3517 5645 ιιιεεῖ

1942 5658 2096 5781 uelit:
2136 5668 2334 5732 textu,‘
2365 5658 2467 5714 nisi
2507 5660 2651 5729 quod
2698 5660 2941 5729 plerique
2988 5658 3243 5715 emittant
3286 5659 3349 5725 ii,
3391 5671 3536 5717 ante

1942 5742 2029 5781 aut
2065 5743 2142 5781 us.
2932 5760 2937 5767 ~
3498 5748 3505 5757 δ

1934 5742 2142 5796 quinas.
2932 5760 2937 5767 ~
3498 5748 3505 5757 δ
