3840 6222
343 263 453 326 595

1547 264 1611 318 S.
1653 261 1977 319 PAMPHILI
2014 261 2375 318 MARTYRIS

3501 254 3617 312 596

349 405 468 458 quze
499 387 644 442 salva
676 396 978 458 permanet,
1030 386 1096 441 de
1150 394 1308 440 terra:
1340 385 1564 455 pulvere
1600 387 1934 440 suscitantur
1961 392 2008 450 Α
2039 387 2123 441 dis
2166 387 2268 440 hoc
2316 381 2631 439 ostendunt.
2667 379 2772 437 Sed
2807 390 2860 435 et
2907 380 3010 435 hoc
3052 378 3166 449 ipsa
3200 376 3410 433 Domini
3441 377 3617 432 nostri

347 497 378 534 a
416 481 643 535 mortuis
697 496 760 534 ex
809 481 1062 534 omnibus
1126 478 1260 532 locis
1305 479 1339 532 ii
1388 479 1585 546 quibus
1645 478 1785 532 ratio
1837 478 1926 531 illa

348 569 666 622 substantiae
689 568 990 638 corporalis
1041 568 1092 621 in
1131 568 1264 636 ipsis
1293 567 1614 636 corporibus
1644 582 1927 636 permane-

347 660 463 726 bat,
494 675 614 728 qua:
642 661 694 714 in
728 671 926 715 terram
978 661 1230 730 prolapsa
1273 661 1365 716 Dei
1418 661 1698 715 voluntate
1731 663 1924 715 iterum

347 753 708 807 suscitantur.
772 752 833 806 El
887 753 991 808 hoc
1044 754 1286 808 arbitror
1350 769 1598 808 asserere
1655 753 1925 808 volentem

346 843 665 914 Apostolum
732 845 936 900 dixisse
989 845 1040 899 in
1092 845 1268 914 prima
1331 845 1575 907 Epistola
1622 846 1688 899 ad
1736 846 1928 901 Corin-

349 935 514 1000 thios,
561 935 672 1006 (36)
725 947 850 1007 post
897 939 1257 992 assertionem
1307 938 1726 994 resurrectionis
1783 953 1928 992 mor-

349 1036 586 1082 tuorum.
617 1025 752 1080 Nam
779 1045 900 1082 cum
935 1030 1310 1098 proposuisset
1340 1031 1438 1084 sibi
1471 1045 1534 1086 ea
1561 1045 1682 1099 quae
1709 1040 1928 1100 possent

353 1120 422 1173 ab
477 1120 597 1172 aliis
649 1121 810 1187 objici
860 1123 927 1177 de
981 1123 1384 1177 resurrectione
1431 1134 1793 1184 mortuorum,
1851 1122 1929 1175 sic

349 1213 426 1264 ait
459 1230 471 1264 :
508 1209 610 1266 Sed
639 1213 769 1265 dicit
795 1211 987 1280 aliquis
1019 1228 1036 1265 :
1069 1213 1348 1278 Quomodo
1382 1225 1658 1283 resurgunt
1692 1217 1930 1269 mortui?

349 1303 468 1370 Quo
495 1315 670 1357 autem
703 1321 917 1373 corpore
943 1306 1194 1360 veniunt?
1225 1304 1420 1368 Stulte,
1452 1317 1504 1358 tu
1536 1307 1676 1376 quod
1701 1309 1926 1362 seminus

351 1410 458 1449 non
495 1396 804 1462 viviﬁcatur,
853 1396 954 1448 nisi
982 1396 1126 1463 prius
1167 1399 1428 1449 moriatur
1459 1411 1478 1449 :
1508 1407 1556 1451 et
1610 1401 1748 1468 quod
1770 1400 1927 1454 semi-

349 1501 466 1553 nus,
504 1503 603 1540 non
637 1503 823 1554 corpus
849 1487 987 1557 quod
1025 1487 1267 1556 futurum
1309 1501 1382 1543 est
1415 1489 1667 1558 seminus,
1691 1493 1781 1546 sed
1829 1509 1925 1546 nu-

349 1577 476 1631 dum
520 1594 780 1648 granum,
821 1589 1042 1649 utputa,
1083 1581 1279 1645 tritici,
1311 1594 1400 1634 aut
1445 1582 1672 1652 alicujus
1717 1595 1931 1638 caelam-

349 1686 487 1724 rum.
522 1670 662 1723 Deus
690 1682 861 1724 autem
897 1673 989 1724 dat
1021 1672 1102 1726 illi
1132 1690 1321 1742 corpus
1352 1673 1400 1706 ”
1419 1686 1572 1743 prout
1597 1675 1759 1729 voluit
1792 1677 1926 1745 (57).

2033 481 2160 536 Jesu
2184 479 2386 534 Christi
2419 475 2748 532 resurrectio
2799 473 3062 540 declarat,
3108 473 3200 542 qui
3235 473 3619 542 primogenita:

2034 592 2097 630 ex
2124 574 2342 628 mortuis
2378 573 2421 604 ⁸⁸
2456 572 2675 626 dicitur.
2716 588 2735 621 ι

2106 666 2434 720 Psurntws.
2467 663 2592 718 Post
2618 662 2753 726 haec,
2790 657 3111 731 quibusdam
3140 673 3238 729 per
3264 658 3497 713 medium
3528 655 3618 711 Ia-

2035 759 2142 813 tius
2167 755 2479 826 disputatis,
2513 754 2709 823 adjecit
2735 755 2896 808 etiam
2928 754 3050 806 ista.

2103 850 2394 904 ORIGENES.
2435 866 2453 897 1
2502 845 2656 901 Sicut
2693 844 2839 898 enim
2881 844 2997 912 plus
3049 842 3214 896 habet
3239 841 3413 895 omnis
3445 839 3622 896 ratio-

2036 939 2234 994 nabilis
2264 938 2444 993 anima
2477 938 2562 992 his
2589 953 2709 1007 qua:
2739 935 2823 990 vel
2853 934 3159 998 crescendi,
3211 933 3293 987 vel
3318 931 3612 997 nutriendi,

2036 1033 2120 1085 vel
2148 1043 2324 1086 motus
2350 1031 2517 1086 solius
2541 1028 2775 1084 officium
2807 1027 3066 1082 exhibere
3099 1025 3356 1080 dicuntur
3384 1043 3399 1078 :
3433 1026 3512 1079 sic
3548 1038 3615 1078 ea

2037 1125 2178 1178 ratio
2209 1139 2332 1192 quae
2368 1123 2421 1177 in
2473 1123 2714 1176 humano
2757 1133 2986 1187 corpore
3031 1126 3136 1183 est,
3179 1116 3348 1171 multo
3381 1114 3617 1185 amplius

2038 1214 2220 1276 habet,
2255 1226 2417 1282 quam
2461 1225 2584 1280 quae
2612 1213 2666 1263 in
2700 1208 2926 1278 reliquis
2959 1217 3044 1262 est
3071 1209 3423 1275 corporibus,
3449 1223 3515 1262 ex
3548 1224 3617 1264 eo

2037 1306 2178 1376 quod
2209 1304 2320 1376 (ll)
2348 1304 2510 1359 etiam
2545 1318 2668 1358 cum
2713 1311 3031 1370 corruptum
3079 1299 3242 1354 fuerit
3286 1315 3484 1368 corpus
3512 1300 3619 1354 bu-

2037 1413 2280 1462 manum,
2329 1396 2626 1451 subsistere
2674 1410 2890 1448 rursum
2929 1403 3108 1463 potest
3138 1392 3232 1446 Dei
3267 1393 3470 1447 virtute
3493 1407 3617 1447 ser-

2037 1499 2220 1542 vatum
2251 1498 2310 1544 et
2353 1486 2688 1541 custoditum
2738 1499 2909 1555 usque
2949 1487 3016 1539 ad
3061 1483 3478 1538 resurrectionis
3502 1497 3616 1538 sure

2037 1591 2270 1650 tempus.
2299 1579 2451 1646 Quod
2483 1587 2666 1632 autem
2711 1577 3024 1646 ubicunque
3075 1575 3238 1630 fuerit
3266 1574 3613 1640 restituatur,

2041 1674 2093 1727 id
2139 1683 2224 1728 est
2258 1672 2372 1744 (42)
2424 1672 2492 1726 ab
2524 1671 2674 1726 omni
2728 1674 2782 1724 in
2816 1685 2922 1740 quo
2959 1668 3198 1738 jacuerit
3245 1669 3384 1732 loco,
3436 1669 3507 1722 ita
3534 1669 3617 1722 ait

349 1761 484 1816 Cum
527 1763 670 1816 enim
721 1761 1009 1816 manifeste
1041 1765 1372 1819 ostendisset
1425 1767 1549 1835 quia
1596 1769 1793 1829 mortui
1848 1784 1933 1823 re-
1966 1759 2006 1814 Β
2036 1762 2274 1819 Joannes
2299 1764 2349 1816 in
2378 1761 2732 1818 Revelatione
2754 1776 2850 1816 sua
2887 1759 2996 1814 :Et
3033 1760 3263 1814 reddidit
3293 1775 3440 1812 mare
3480 1774 3619 1812 mor-

353 1863 606 1925 surgunt,
639 1866 693 1909 et
727 1865 935 1909 certum
971 1866 1116 1910 esset
1142 1857 1284 1926 quod
1318 1857 1568 1912 Salvator
1596 1871 1780 1915 noster
1811 1876 1932 1915 cum

350 1945 472 2014 ipso
504 1962 732 2016 corpore
768 1949 1068 2002 resurrexit
1103 1951 1246 2018 quod
1285 1961 1602 2020 susceperat
1634 1967 1700 2006 ex
1742 1951 1929 2014 Maria,

350 2053 457 2093 non
493 2050 670 2093 autem
705 2041 840 2094 satis
869 2040 1074 2094 clarum
1110 2050 1256 2096 esset
1285 2043 1560 2110 quomodo
1595 2055 1934 2099 resurrectu-

348 2128 393 2182 ri
419 2139 601 2184 essent
623 2131 826 2194 czeteri,
853 2129 936 2184 vel
967 2129 1127 2200 quale
1157 2147 1358 2201 corpus
1389 2134 1622 2188 habituri
1659 2151 1671 2186 :
1707 2151 1931 2206 compa-

351 2231 438 2276 rat
490 2223 945 2278 resurrectionem
983 2223 1286 2280 seminibus
1339 2242 1458 2293 quze
1497 2229 1837 2281 seminantur
1880 2229 1932 2282 in

352 2322 578 2378 terram,
611 2325 824 2385 utputa,
860 2330 1029 2383 grano
1066 2316 1353 2381 frumenti,
1401 2321 1542 2388 quod
1571 2335 1690 2373 cum
1721 2322 1933 2375 cecide-

350 2405 425 2458 rit
455 2404 508 2458 in
538 2415 758 2470 terram,
801 2409 1170 2476 corrumpitur
1203 2425 1218 2461 τ
1251 2409 1345 2463 sed
1401 2409 1625 2463 rationis
1654 2409 1796 2464 illius
1825 2413 1934 2464 vir-

353 2503 439 2547 tus
465 2492 574 2564 (58)
600 2509 718 2562 quae
748 2504 831 2549 est
869 2495 1034 2550 insita
1082 2497 1135 2550 in
1172 2497 1520 2552 interioribus
1569 2498 1686 2567 ejus
1725 2501 1932 2553 medul-

349 2582 440 2649 lis,
495 2585 609 2655 ipsa
641 2586 869 2641 rationis
896 2588 1072 2643 virtus
1106 2598 1383 2658 assumpta
1437 2590 1774 2658 adjacentem
1829 2592 1931 2646 sibi

351 2685 576 2743 terram,
611 2677 694 2732 vel
747 2693 898 2748 aqum
929 2680 1237 2746 humorem,
1291 2682 1384 2735 sed
1420 2691 1476 2736 et
1509 2681 1652 2735 aeris
1692 2681 1932 2735 circum-

352 2778 587 2824 stantem
645 2772 1000 2840 temperiem,
1062 2773 1259 2828 caloris
1316 2788 1532 2843 quoque
1576 2775 1930 2830 sufﬁcientem

351 2865 623 2930 recipiens
671 2864 937 2929 fomitem,
968 2865 1078 2936 (59)
1112 2880 1208 2934 per
1237 2865 1472 2920 divinam
1525 2870 1822 2934 potentiam
1879 2871 1930 2924 in

353 2969 550 3024 corpus
577 2957 738 3010 culmi
773 2958 854 3010 vel
892 2960 1054 3024 spica:
1081 2961 1401 3028 consurgit;
1451 2971 1506 3013 et
1541 2962 1643 3015 hoc
1670 2971 1755 3015 est
1789 2964 1932 3026 quod

353 3043 527 3099 dicit:
563 3043 639 3097 Tu
675 3047 815 3116 quod
847 3049 1072 3101 seminus
1120 3063 1222 3100 non
1274 3049 1589 3117 viviﬁcatur,
1645 3051 1748 3102 nisi
1785 3052 1932 3119 prius

2038 1867 2153 1910 tuos
2186 1873 2312 1926 quos
2340 1855 2558 1909 habebat
2589 1854 2645 1908 in
2690 1870 2769 1918 se,
2813 1864 2862 1908 et
2907 1870 3047 1907 mors
3073 1863 3120 1906 et
3149 1852 3351 1921 inferus
3376 1851 3614 1906 reddide-

2041 1959 2160 2003 runt
2190 1960 2425 2002 mortuos
2449 1963 2570 2000 suos
2595 1948 2684 2017 qui
2713 1955 2862 2000 erant
2897 1946 2953 2000 in
2978 1945 3052 1999 eis
3087 1945 3153 2000 ³⁵.
3179 1943 3340 1999 Forte
3367 1944 3532 2010 enim,
3555 1950 3617 1998 ut

2035 2055 2133 2110 ego
2175 2049 2325 2110 puto,
2376 2053 2526 2092 mare
2565 2037 2656 2092 hic
2699 2052 2796 2106 pro
2829 2037 3052 2091 humido
3103 2037 3251 2091 omni
3282 2037 3613 2106 appellatum

2035 2143 2120 2188 est
2142 2131 2437 2197 elemento;
2493 2130 2604 2200 (43)
2655 2127 2813 2183 inferi
2862 2141 3046 2183 autem
3093 2143 3194 2196 pro
3237 2142 3400 2193 aere;
3463 2141 3616 2181 mors

2035 2237 2165 2277 vero
2191 2237 2290 2290 pro
2319 2231 2486 2276 terra.
2523 2220 2690 2286 Quasi
2731 2219 3023 2288 quamdam
3061 2232 3298 2288 namque
3338 2219 3616 2286 cognatio-

2038 2330 2158 2369 nem
2193 2316 2276 2369 his
2329 2314 2469 2368 inter
2499 2327 2558 2366 se
2601 2313 2834 2367 invicem
2884 2310 3229 2376 habentibus,
3279 2325 3476 2378 corpus
3521 2325 3619 2364 no-

2035 2419 2204 2462 strum
2260 2407 2524 2476 pulverem
2569 2407 2751 2460 mortis
2780 2406 2823 2436 ³⁷
2857 2415 3015 2460 vocat
3058 2403 3360 2472 Scriptura,
3400 2404 3482 2456 vel
3510 2416 3617 2455 ter-

2037 2517 2151 2554 ram
2193 2500 2260 2565 ⁸⁸,
2315 2499 2400 2554 vel
2451 2517 2640 2567 corpus
2690 2498 2877 2552 mortis
2909 2498 2974 2552 ³⁸.
3029 2496 3171 2552 Sane
3230 2495 3407 2564 qualis
3454 2494 3619 2549 fuerit

2037 2594 2459 2664 uniuscujusque
2493 2591 2830 2662 prteparatio'
2860 2593 2911 2644 in
2953 2590 3056 2646 hac
3092 2591 3222 2657 vita,
3269 2588 3391 2643 talis
3433 2588 3538 2642 erit
3563 2597 3620 2642 et

2038 2684 2370 2739 resurrectio
2418 2683 2554 2752 ejus.
2591 2682 2694 2750 Qui
2722 2682 2833 2753 (44)
2865 2683 3077 2736 beatius
3127 2680 3216 2734 hic
3244 2679 3460 2742 vixerit,
3499 2691 3620 2733 oor-

2036 2794 2138 2847 pus
2162 2777 2280 2846 ejus
2330 2779 2383 2832 in
2439 2777 2841 2832 resurrectione
2875 2774 3143 2831 diviniore
3191 2771 3483 2841 splendore
3517 2767 3618 2825 ful-

2037 2873 2201 2940 gebit,
2238 2881 2293 2924 et
2327 2881 2451 2942 apta
2490 2871 2538 2924 ei
2573 2871 2784 2924 mansio
2830 2869 3114 2924 beatorum
3168 2866 3439 2919 tribuetur
3472 2864 3622 2916 loco-

2040 2978 2179 3018 rum.
2220 2961 2354 3016 lluie
2388 2977 2514 3015 vero
2553 2961 2646 3029 qui
2683 2961 2737 3014 in
2780 2959 2986 3013 malitia
3035 2954 3375 3023 consumpsit
3410 2962 3621 3022 tempus

2038 3056 2138 3109 sibi
2174 3056 2297 3108 vitae
2344 3054 2628 3123 praesentis
2683 3052 2971 3114 indultum,
3015 3047 3122 3102 tale
3171 3046 3387 3100 dabitur
3424 3057 3623 3111 corpus

353 3139 617 3191 moriatur
645 3155 662 3192 :
691 3150 738 3193 et
768 3141 906 3210 quod
949 3141 1200 3204 seminus,
1232 3157 1333 3193 non
1376 3116 1564 3209 corpus
1613 3146 1751 3211 quod
1785 3116 1934 3212 ‘futu-
1961 3116 2003 3172 ο
2041 3149 2182 3216 quod
2209 3116 2457 3201 sufﬁcere
2490 3154 2545 3199 et
2570 3145 2866 3214 perdurare
2897 3140 3008 3212 (45)
3047 3137 3422 3195 tantummodo
3451 3135 3623 3206 possit

355 3246 474 3284 rum
511 3241 585 3284 est
614 3233 861 3284 seminus.
915 3232 1057 3302 Ergo
1109 3233 1210 3286 hoc
1241 3231 1353 3302 (i0)
1391 3233 1533 3301 quod
1579 3235 1725 3288 cadit
1769 3246 1824 3288 ut
1851 3251 1934 3289 se-

356 3337 479 3375 men
522 3322 575 3375 in
612 3332 812 3377 terram
863 3339 1061 3393 corpus
1117 3333 1388 3387 nostrum,
1439 3338 1812 3395 comparatum
1852 3339 1934 3384 est

354 3428 524 3484 grano
552 3413 826 3469 frumenti.
867 3434 886 3465 ι

426 3506 753 3561 PAMPHILUS.
787 3509 854 3561 Et
885 3509 1108 3564 assertis
1140 3509 1222 3564 his
1259 3524 1353 3578 per
1398 3509 1768 3579 hujuscemodi
1804 3529 1934 3568 con-

355 3600 717 3665 sequentiam,
747 3610 867 3669 post
899 3616 1068 3668 pauca
1106 3602 1256 3656 addit
1288 3603 1450 3657 etiam
1483 3603 1620 3657 haec.

426 3691 718 3747 ORIGENES.
755 3712 774 3744 ι
811 3693 962 3759 Quod
1010 3705 1188 3749 autem
1237 3696 1414 3749 onmis
1445 3697 1534 3749 illa
1591 3701 1936 3766 repromissio

354 3787 776 3840 resurrectionis
809 3796 1144 3841 mortuorum
1189 3787 1258 3841 de
1297 3787 1402 3840 hoc
1435 3803 1665 3857 corpore
1694 3791 1766 3844 sit
1793 3793 1935 3858 quod

357 3883 628 3929 mortuum
657 3875 1001 3947 relinquitur,
1032 3887 1235 3933 sanctas
1272 3878 1568 3948 Scriptura:
1601 3881 1783 3935 multis
1819 3898 1936 3937 mo-

428 3988 476 4020 “
508 3987 528 4042 Ι
556 3989 681 4043 Cor.
714 4007 807 4056 xv,
837 3992 1024 4048 55-38.

355 4073 437 4126 ttt,
466 4059 555 4115 19.
633 4061 676 4093 ⁸⁸
703 4060 860 4116 Rom.
897 4078 988 4129 vu,
1016 4063 1110 4119 24.
1186 4063 1230 4094 ’⁵ο
1260 4065 1278 4118 Ι
1311 4065 1436 4118 Cor.
1472 4079 1562 4129 xv,
1595 4063 1685 4118 39.

430 4173 542 4244 (36)
589 4176 753 4244 Editi,
798 4177 927 4232 Post
961 4182 1298 4234 assertionem
1343 4182 1478 4234 enim
1539 4179 1937 4233 resurrectionis

351 4255 706 4316 mortuorum,
747 4265 866 4301 cum
891 4252 1268 4316 proposuisset,
1295 4264 1402 4304 etc;
1442 4250 1644 4305 Omnes
1679 4265 1810 4302 mss.
1839 4265 1936 4301 no-

357 4315 747 4390 striomittunt
771 4315 932 4382 enim,
965 4315 1086 4390 post
1125 4323 1513 4374 assertionem:
1554 4322 1646 4374 sed
1674 4335 1796 4372 mox
1831 4334 1931 4371 ms.

2040 4393 2084 4441 si
2119 4385 2424 4454 corruptum
2459 4385 2616 4454 fuerit
2655 4401 2816 4454 genus
2845 4385 3134 4437 humanum
3251 4393 3628 4437 conservatum

358 4386 695 4456 Sorbonicus
737 4389 918 4450 habet,
965 4386 1122 4442 'Nam
1165 4408 1282 4444 cum
1330 4391 1704 4456 proposuisset.
1751 4390 1931 4443 Codex

1101 3993 1144 4024 ³⁵
1167 3992 1373 4047 Coloss.
1408 4011 1443 4054 l,
1479 3993 1580 4058 18;
1610 3994 1835 4058 Apocal.
1875 4013 1912 4062 t,
1945 3999 2000 4054 5.

2041 3241 2094 3294 in
2125 3239 2316 3308 poenis.
2370 3237 2438 3292 Et
2481 3238 2717 3292 arbitror
2768 3236 2910 3304 quod
2947 3234 3088 3288 hanc
3126 3229 3485 3285 dillcrentiam
3529 3244 3623 3282 vo-

2041 3332 2156 3386 lens
2201 3331 2492 3386 ostendere
2543 3329 2738 3384 Paulus
2777 3327 3090 3396 apostolus,
3134 3324 3263 3378 dicit
3296 3340 3307 3373 :
3342 3323 3465 3375 Alia
3497 3336 3622 3374 curo

2042 3424 2375 3485 animalium,
2411 3422 2517 3474 alia
2547 3419 2837 3482 volucrum,
2869 3419 2976 3470 alia
2999 3415 3218 3485 piscium
3243 3413 3312 3478 ‘°,
3339 3420 3393 3466 et
3423 3420 3620 3465 esetera

2037 3531 2156 3586 qua:
2186 3515 2524 3569 enumeravit
2568 3511 2880 3580 Apostolus.
2933 3509 3038 3564 Sed
3085 3508 3226 3561 sicut
3257 3520 3362 3558 non
3406 3511 3490 3557 est
3523 3517 3624 3570 pu-

2037 3607 2260 3662 tandum
2295 3606 2437 3674 quod
2466 3605 2780 3658 animalium
2813 3617 3010 3672 corpus
3043 3608 3366 3668 accepturus
3394 3597 3467 3651 sit
3496 3608 3622 3664 pec-

2039 3710 2210 3761 cator,
2243 3696 2359 3766 (46)
2395 3705 2490 3750 aut
2536 3695 2796 3758 volucris,
2847 3704 2941 3748 aut
2991 3691 3256 3762 piscium;
3311 3689 3392 3742 sic
3447 3699 3625 3755 neque

2041 3791 2194 3852 solis,
2226 3801 2318 3845 aut
2350 3791 2512 3853 lunae,
2556 3799 2649 3842 aut
2677 3787 2958 3842 stellarum
3010 3782 3337 3854 sperandum
3368 3791 3452 3836 est
3479 3779 3622 3835 acci-

2039 3898 2173 3952 pere
2201 3897 2294 3937 eos
2337 3881 2427 3952 qui
2476 3888 2767 3946 resurgunt
2816 3881 2869 3932 in
2922 3878 3192 3944 gloriam:
3251 3873 3344 3927 sed
3383 3869 3622 3939 exempli

2093 4000 2140 4031 “
2172 3997 2509 4067 Apocal.xx,
2571 3995 2659 4049 l5.
2770 3992 2815 4025 ³⁷
2865 3992 3008 4048 Psal.
3067 4007 3184 4056 ut,
3231 3987 3317 4042 16.
3415 3983 3621 4040 “Gen.

2046 4193 2137 4246 per
2199 4177 2502 4246 hujusmodi
2548 4183 3005 4246 consequentmm,_
3031 4181 3142 4240 post
3199 4187 3368 4238 pauca
3410 4167 3624 4225 addidi‘

2037 4243 2193 4303 etiam
2223 4243 2353 4299 haec.
2386 4247 2492 4301 Sed
2524 4243 2722 4299 omnes
2741 4260 2875 4299 mss.
2911 4255 2966 4295 ut
2994 4243 3046 4296 in
3075 4253 3246 4296 textu.

2111 4317 2224 4388 (Η)
2259 4317 2332 4369 Ita
2367 4333 2494 4388 mss.
2531 4316 2724 4388 nostri.
2755 4315 2895 4388 Editi
2929 4330 3057 4367 vero
3088 4327 3393 4382 perperam,
3436 4313 3627 4365 etiam-

354 4454 731 4530 Vallis-Clara:
755 4499 770 4523 ,
804 4459 908 4523 Qui
968 4477 1085 4512 cum
1137 4454 1532 4530 proposuisset:
1567 4460 1747 4530 caueri
1800 4474 1928 4512 mss.
1968 4474 2008 4528 υ
2038 4469 2084 4511 et
2113 4459 2458 4530 custoditum,
2497 4470 2602 4509 etc.

356 4529 613 4580 omittunt
646 4527 812 4589 Nam,
845 4530 925 4582 vel
959 4530 1083 4595 Qui.
1113 4527 1315 4584 Deinde
1342 4546 1472 4585 mss.
1505 4529 1838 4584 Sorhonieus
1881 4539 1934 4582 et

355 4595 632 4670 MontisS.
670 4597 970 4670 Michaelis,
1019 4601 1120 4654 Sed
1145 4604 1282 4654 dicet
1317 4602 1528 4670 aliquis.
1560 4600 1750 4655 Caneri
1783 4615 1931 4665 vero,

355 4676 414 4720 et.
441 4669 570 4721 editi
602 4678 660 4722 ιιι
686 4669 736 4721 in
768 4678 937 4722 textu.

429 4737 661 4810 (57)_lta
709 4755 838 4810 mss.
875 4740 1117 4808 plerique
1149 4760 1160 4793 :
1189 4750 1244 4795 et
1291 4741 1362 4794 ita
1409 4741 1694 4810 legendum
1721 4739 1938 4794 videtur

353 4807 508 4882 juxta
532 4807 750 4882 Graecos
775 4807 1069 4882 Scriptura:
1095 4827 1264 4882 sacra:
1291 4807 1527 4874 codices,
1556 4826 1786 4882 quorum
1821 4811 1933 4878 ple-

357 4879 517 4951 rique
548 4878 745 4951 habent
775 4878 1046 4951 ﬁdeique.
1068 4880 1274 4951 ACaeteri
1304 4899 1435 4936 mss.
1479 4892 1534 4934 et
1562 4878 1688 4934 editi
1717 4899 1731 4944 ;
1781 4890 1937 4948 prout

357 4947 491 5007 uult,
523 4948 592 5000 al.
625 4947 811 5004 Graece
839 4947 1000 5003 Θέλὲι.
1037 4949 1158 5005 Mox
1207 4953 1372 5016 editi,
1408 4951 1540 5006 Cum
1579 4953 1717 5003 enim
1761 4947 1935 5002 mani-

362 5017 709 5092 festissime...
737 5032 781 5072 et
809 5031 1007 5074 certum
1031 5031 1161 5075 esset
1192 5025 1387 5092 quia...
1420 5038 1535 5092 cum
1584 5023 1696 5086 ipso
1723 5037 1938 5088 corpore

360 5090 752 5153 resurrexisset,
781 5103 887 5145 etc.
921 5093 1024 5144 Sed
1054 5090 1244 5147 omnes
1275 5110 1407 5147 mss.
1437 5103 1492 5147 ut
1521 5091 1574 5144 in
1610 5100 1782 5143 textu.

430 5156 545 5228 (58)
583 5157 734 5224 Quw,
777 5162 1047 5215 omittitur
1099 5165 1150 5216 in
1200 5164 1382 5229 editis,
1431 5173 1485 5217 et
1537 5162 1838 5216 restituitur
1872 5175 1938 5216 ex

356 5230 610 5284 Omnibus
643 5248 772 5286 mss.

428 5299 544 5422 (59)
587 5301 749 5365 Editi,
807 5317 900 5369 per
949 5301 1180 5354 divinam
1230 5303 1519 5372 potentiam
1575 5312 1940 5368 cooperantem

447 5371 622 5422 mivel
655 5373 811 5422 SDlt‘IB
841 5383 1182 5422 consumunt.
1229 5373 1327 5422 Ms.
1372 5373 1607 5422 Reaius.
1665 5388 1758 5422 per
1807 5373 1940 5422 divi-

357 5371 519 5422 culmi
545 5371 622 5424 vel
655 5373 811 5438 spica:
841 5383 1182 5440 consurgunt.
1229 5371 1327 5426 Ms.
1372 5373 1607 5443 Regius,
1665 5388 1758 5439 per
1807 5373 1942 5425 divi-

358 5457 482 5493 nam
509 5444 793 5508 potentium
823 5444 1192 5510 corpusculum
1221 5449 1299 5497 vel
1324 5445 1480 5510 spica:
1508 5443 1796 5511 consurgit.
1827 5444 1942 5498 Ca:-

360 5512 460 5564 teri
492 5527 624 5564 mss.
655 5524 805 5565 recte
832 5521 890 5564 ut
926 5514 1204 5565 in'nostro
1239 5523 1408 5568 textu.

368 5649 378 5658 .
430 5581 546 5648 (40)
581 5581 671 5634 Sic
706 5598 808 5635 ms.
857 5596 1014 5634 unus.
1053 5582 1253 5658 Cameri
1286 5598 1416 5658 vero
1446 5600 1601 5658 m_ss.,
1632 5583 1770 5658 quod
1796 5584 1940 5636 cadit

360 5654 420 5705 in
444 5666 620 5704 semen
647 5667 834 5720 corpus
867 5664 1126 5706 nostrum.
1161 5654 1327 5720 Editi,
1363 5656 1504 5721 quod
1555 5656 1692 5706 ca.lit
1724 5655 1779 5706 in
1837 5664 1941 5707 ter-

362 5737 473 5774 ram
500 5736 685 5789 corpus
741 5731 1000 5777 nostrum.
1055 5724 1254 5780 Deinde
1309 5727 1460 5790 editi,
1521 5723 1588 5778 Et
1621 5725 1834 5779 assertis
1861 5725 1940 5779 his

2111 4528 2220 4602 (42)
2271 4529 2410 4602 ldeiti
2443 4567 2458 4590 ,
2513 4531 2577 4580 ab
2626 4527 2768 4584 omni
2816 4526 2932 4580 loco
2979 4525 3033 4579 in
3080 4539 3390 4594 quocunque
3436 4522 3625 4592 fuerit.

2040 4598 2167 4654 Mss.
2204 4598 2258 4650 itt
2289 4599 2340 4650 in
2369 4607 2536 4653 textu.

2111 4669 2225 4741 (45)
2267 4671 2558 4736 l’erperam
2603 4667 2758 4730 editi,
2810 4667 3047 4735 infernus
3102 4674 3273 4741 autem
3318 4679 3414 4732 pro
3450 4678 3624 4741 uere;

2038 4735 2178 4792 mors
2207 4735 2325 4793 uero
2373 4735 2466 4806 pro
2510 4747 2695 4790 terra:
2729 4741 2882 4806 quasi
2930 4737 3214 4805 quamdam
3254 4735 3623 4806 cognationem

2043 4809 2135 4880 (al.
2171 4805 2562 4879 cogitationem]
2609 4809 2692 4860 Itis
2738 4805 2965 4880 interise
3020 4808 3241 4880 invic_em_
3289 4805 3622 4857 habentibus.

2041 4876 2249 4945 Corpus
2265 4881 2400 4934 enim
2432 4876 2694 4945 pulverem
2740 4879 2950 4945 mortis,
2999 4886 3106 4932 etc.
3137 4876 3244 4930 Sed
3269 4887 3457 4930 omnes
3485 4888 3624 4929 mss.

2041 4952 2211 5004 nostri
2251 4959 2307 5002 ut
2342 4949 2393 5001 in
2424 4957 2593 5001 textu.

2042 5090 2069 5142 ὁ
2112 5021 2224 5100 (tl)
2263 5020 2428 5084 Edtti,
2481 5019 2688 5074 beatus.
2737 5017 2928 5073 Melius
2977 5032 3107 5072 mss.
3170 5017 3340 5071 nostri
3404 5029 3625 5080 omnes,

2075 5102 2259 5142 cattus.

2075 5102 2259 5144 cattus.

2114 5161 2224 5231 (45)
2255 5160 2639 5213 Tantummodo
2678 5159 2948 5214 omittitur
2981 5161 3034 5214 itt
3082 5158 3261 5223 editis,
3293 5167 3344 5212 et
3379 5156 3627 5212 restitui-

2045 5244 2132 5285 llll‘
2153 5248 2216 5283 ex
2245 5247 2373 5284 mss.

2114 5302 2226 5370 (46)
2265 5302 2428 5362 Editi,
2455 5310 2546 5352 aut
2587 5304 2877 5368 volucrum,
2921 5311 3009 5353 aut
3049 5301 3267 5367 piscium
3294 5315 3311 5352 :
3336 5299 3412 5351 sic
3460 5313 3630 5366 neque

2044 5374 2192 5436 solis,
2229 5383 2316 5424 aut
2362 5373 2523 5432 lunae,
2557 5383 2648 5424 aut
2691 5373 2967 5426 stellarum
3016 5371 3245 5439 formam
3299 5371 3626 5436 sperandum

2044 5455 2116 5496 est
2145 5443 2376 5510 accipere
2405 5460 2490 5495 eos
2521 5442 2611 5509 qui
2658 5455 2924 5513 resurgent
2961 5445 3014 5494 in
3051 5442 3221 5509 gloria
3253 5456 3272 5493 :
3295 5443 3395 5513 sed
3453 5453 3629 5491 exem-

2044 5514 2115 5583 pli
2163 5530 2323 5565 causa
2368 5515 2508 5565 dicta
2538 5518 2648 5566 ltazc
2703 5513 2766 5565 ab
2809 5510 3084 5582 'Apostolo,
3120 5519 3228 5566 etc.
3289 5510 3628 5583 Sedomnes

2047 5581 2178 5636 mss.
2213 5595 2269 5636 ut
2310 5583 2362 5636 in
2390 5594 2572 5636 nostro
2602 5594 2773 5647 textu,
2821 5581 2921 5638 nisi
2955 5584 3099 5650 quod
3154 5597 3257 5637 ms.
3298 5581 3495 5649 Regius
3522 5581 3623 5650 ha:

2047 5653 2208 5716 beat,
2245 5662 2336 5706 aut
2385 5653 2657 5707 stellarum
2682 5648 3000 5720 sperandum
3033 5663 3106 5707 est
3151 5648 3396 5723 accipere
3412 5664 3500 5705 eos
3530 5648 3624 5718 qui

2050 5726 2443 5780 resurrectionis
2469 5723 2691 5796 gloriam
2724 5727 3014 5782 attendunt.
