3870 6220
316 232 423 289 597

1506 240 1850 298 APOLOGIA
1888 240 2024 296 PRO
2061 240 2381 296 ORIGENE.

3479 241 3593 298 593.

316 354 494 421 gratia
524 353 669 408 dicta
705 368 823 410 esse
849 356 965 411 haec
1007 354 1077 411 ab
1103 356 1365 426 Apostolo
1399 360 1740 414 sentiendum
1792 369 1896 420 est,
1928 367 1972 419 Α
2004 359 2319 413 adversario
2357 365 2579 427 possent
2620 356 2906 411 adversum
2938 356 3238 414 contrarias
3281 365 3446 429 atque
3472 360 3581 413 ini-

316 455 383 501 m
413 446 725 516 designetur
752 464 851 518 per
897 452 1015 505 haec
1070 452 1215 520 quod
1243 452 1335 505 alii
1395 467 1493 521 pro
1543 454 1753 507 meritis
1783 455 1897 509 suis

317 536 757 594 honorabiliores
803 550 860 594 et
905 542 1172 598 clariores
1202 553 1383 609 erunt,
1416 544 1659 598 beatiora
1684 559 1898 614 quoque

318 630 631 687 habitacula
662 634 907 689 sortituri
942 651 957 689 :
989 636 1219 691 aliorum
1246 652 1376 693 vero
1407 638 1817 708 indignissimus
1843 648 1898 694 et

315 721 722 789 abjectissimus
750 741 850 795 pro
884 738 1161 794 gestorum
1187 730 1395 784 scelere
1440 730 1547 785 erit
1572 740 1764 794 status,
1802 730 1895 800 qui

316 814 485 870 etiam
514 817 679 872 mutis
713 818 1038 875 animalibus
1074 821 1270 893 dignus
1296 823 1365 877 sit
1389 824 1716 891 comparari.
1761 841 1782 875 ι

388 905 714 964 Ρλιριιιιυε.
744 907 926 965 Pauca
967 912 1083 968 haec
1111 915 1178 967 ad
1222 914 1591 969 testimonium
1626 917 1891 973 traximus

313 1001 385 1053 e'x
420 1000 605 1054 multis
632 1008 689 1055 et
732 1000 1031 1058 innumeris
1055 1018 1175 1073 qua:
1221 1018 1318 1074 per
1348 1003 1714 1073 hujuscemodi
1760 1021 1889 1063 sen-

313 1106 436 1145 sum
488 1092 540 1145 in
570 1092 699 1161 ipsis
746 1092 899 1150 libris
959 1110 1097 1163 quos
1147 1094 1221 1151 De
1272 1099 1651 1153 resurrectione
1677 1099 1887 1165 scribit,

310 1184 578 1253 exposuit.
605 1183 721 1240 Non
754 1197 934 1241 autem
961 1188 1175 1243 videtur
1200 1188 1494 1244 absurdum
1532 1190 1599 1245 ad
1630 1192 1887 1261 majorem

312 1272 740 1329 satisfactionem
765 1276 928 1330 etiam
963 1277 1029 1333 de
1050 1278 1276 1348 reliquis
1304 1279 1420 1347 ejus
1442 1281 1595 1335 libris
1618 1296 1887 1336 consonas

311 1366 402 1420 his
434 1367 520 1420 vel
567 1380 771 1436 paucas
824 1368 1083 1428 adhibere
1136 1371 1456 1426 sententias.
1503 1370 1560 1426 ln
1626 1374 1884 1429 vicesimo

307 1458 483 1528 igitur
532 1468 587 1515 et
630 1471 824 1516 octavo
870 1461 1012 1516 libro
1061 1464 1125 1517 de
1179 1464 1314 1518 Isaia
1361 1467 1659 1533 propheta,
1694 1468 1759 1519 de
1795 1467 1884 1522 illo

302 1548 549 1617 capitulo
573 1552 841 1617 scribens,
883 1554 938 1607 in
990 1568 1102 1623 quo
1129 1556 1329 1608 dicitur
1364 1572 1377 1606 :
1414 1554 1883 1612 Resuscitabuntur

301 1641 524 1709 mortui,
566 1653 614 1697 et
655 1656 928 1712 resurgent
957 1646 1011 1699 lii
1035 1648 1125 1716 qui
1155 1648 1207 1701 in
1251 1649 1503 1717 sepulcris
1541 1661 1659 1704 sunt
1685 1652 1761 1717 ";
1804 1652 1876 1706 ita

302 1731 402 1786 ait.

372 1846 657 1905 Ontcsnas.
724 1850 837 1922 (47)
885 1849 1117 1908 «Melius
1175 1865 1259 1909 est
1312 1867 1442 1925 ergo
1495 1856 1677 1913 dicere
1731 1859 1872 1927 quod

300 1950 486 1993 omnes
531 1940 747 2009 quidem
786 1957 1129 2013 resurgemus
1160 1944 1229 2012 ",
1268 1954 1325 1999 ut
1365 1958 1420 2000 et
1466 1948 1615 2017 impii
1657 1951 1873 2003 veniant

303 2028 356 2081 in
399 2029 546 2084 illum
590 2032 762 2086 locum
799 2035 885 2089 ubi
912 2034 1067 2091 ﬂetus
1096 2046 1181 2091 est
1211 2047 1264 2092 et
1296 2040 1497 2094 stridor
1525 2041 1765 2095 dentium
1801 2042 1867 2107 ιδ,

297 2119 412 2190 (48)
441 2130 495 2176 et
525 2123 612 2177 ubi
653 2124 786 2193 justi
822 2128 1080 2195 recipient
1126 2130 1499 2199 unusquisque
1546 2132 1598 2185 in
1643 2148 1742 2187 suo
1774 2148 1868 2187 or-

295 2213 422 2266 dine
451 2215 744 2269 secundum
799 2219 1051 2272 meritum
1099 2220 1365 2275 bonorum
1412 2232 1687 2292 gestorum
1743 2240 1869 2280 suo-

296 2319 434 2369 rum,
480 2322 602 2360 cum
656 2308 1139 2365 transformabitur
1186 2328 1382 2379 corpus
1429 2316 1749 2371 humilitatis
1772 2332 1866 2372 eo-

293 2410 437 2460 rum,
473 2408 529 2451 ut
576 2399 648 2453 sit
681 2400 959 2457 conforme
1018 2405 1265 2472 corporis
1314 2406 1498 2475 gloriae
1541 2409 1742 2463 Christi
1775 2409 1856 2460 u:

291 2486 406 2559 (49)
438 2491 578 2559 quod
623 2493 951 2548 seminatum
1003 2498 1222 2565 quidem
1264 2508 1349 2553 est
1396 2500 1448 2552 in
1493 2502 1863 2570 corruptione,

289 2590 470 2648 surget
498 2597 624 2636 vero
663 2584 714 2638 in
749 2586 1156 2655 incorruptione
1186 2607 1198 2642 :
1226 2590 1370 2659 quod
1412 2593 1737 2648 seminatum
1782 2605 1865 2650 est

288 2671 341 2725 in
385 2670 700 2741 ignominia,
747 2688 934 2747 surget
979 2679 1031 2732 in
1071 2680 1288 2749 gloria:
1338 2685 1480 2751 quod
1536 2689 1858 2742 seminatum

286 2773 370 2819 est
398 2765 449 2817 in
479 2765 815 2832 infirmitate,
846 2782 1032 2839 surget
1065 2773 1118 2826 in
1152 2773 1357 2830 virtute
1385 2776 1453 2844 “,
1501 2782 1858 2834 resurrectio-

286 2859 369 2912 nis
413 2859 621 2915 scilicet
664 2870 904 2931 tempore
931 2881 947 2917 :
976 2874 1031 2917 et
1072 2868 1214 2935 quod
1255 2870 1579 2925 seminatum
1613 2881 1697 2926 est
1738 2887 1859 2927 cor-

284 2963 387 3018 pus
435 2951 691 3015 animale,
734 2964 919 3023 surget
949 2965 1128 3010 autem
1159 2974 1355 3028 corpus
1404 2962 1670 3029 spiritale.
1707 2963 1857 3019 Licet

282 3056 413 3110 ergo
456 3058 643 3099 omnes
679 3059 983 3116 resurgant,
1036 3060 1091 3105 et
1129 3054 1491 3123 unusquisque
1534 3056 1587 3108 in
1629 3073 1724 3110 suo
1764 3074 1854 3111 or-

2007 449 2173 502 micas
2202 449 2438 503 humano
2482 448 2665 519 generi
2716 456 3031 518 potestates.
3077 449 3340 519 Sepulcra
3394 462 3579 506 autem

2002 551 2340 595 mortuorum
2364 541 2417 594 in
2446 542 2550 595 hoc
2578 539 2720 605 loco,
2753 539 2864 611 (50)
2891 540 3031 595 sicut
3053 550 3107 596 et
3132 542 3185 596 in
3212 542 3397 597 multis
3428 543 3573 610 aliis,

2000 635 2295 690 secundum
2336 635 2625 689 certiorem
2677 633 2971 702 Scriptura“:
3009 649 3227 689 sensum
3262 635 3575 705 accipienda

1999 736 2146 794 sunt,
2174 742 2281 783 non
2312 741 2375 780 ea
2402 727 2574 781 solum
2601 740 2723 795 quae
2766 725 2832 780 ad
2882 725 3275 793 depositionem
3316 728 3574 783 humano-

1996 834 2115 873 rum
2139 833 2428 888 corporum
2454 818 2705 871 videntur
2730 831 2854 871 esse
2874 827 3209 879 constructa.
3236 818 3319 873 vel
3345 820 3396 872 in
3422 820 3569 876 saxis

1994 911 2203 976 excisa,
2248 920 2342 964 aut
2375 910 2426 963 in
2463 918 2662 964 terram
2692 908 2928 973 defossa,
2974 909 3071 963 sed
3104 909 3280 964 omnis
3336 910 3486 966 locus
3511 911 3565 966 in

1995 1016 2319 1073 quocunque
2357 1000 2441 1054 vel
2470 1001 2743 1068 integrum
2775 1000 3069 1054 humanum
3104 1015 3323 1069 corpus,
3370 1000 3456 1056 vel
3497 1015 3566 1056 ex

1990 1104 2144 1166 parte
2174 1094 2355 1164 aliqua
2400 1093 2577 1164 jacet;
2629 1092 2841 1147 etiamsi
2907 1092 3124 1146 accidat
3158 1100 3216 1146 ut
3245 1107 3413 1147 unum
3439 1107 3565 1147 cor-

1990 1203 2092 1258 pus
2121 1202 2217 1257 per
2261 1186 2380 1240 loca
2432 1185 2598 1251 multa
2632 1186 2937 1254 dispersum
2984 1184 3077 1248 sit,
3121 1184 3411 1239 absurdum
3452 1201 3563 1240 non

1988 1280 2090 1335 erit
2116 1279 2299 1334 omnia
2356 1292 2416 1332 ea
2465 1277 2582 1333 loca
2617 1277 2670 1330 in
2722 1276 2917 1346 quibus
2946 1290 3074 1346 pars
3105 1277 3283 1347 aliqua
3316 1279 3563 1346 corporis

1978 1371 2144 1440 jacet,
2173 1370 2420 1439 sepulcra
2456 1370 2701 1438 corporis
2730 1370 2846 1439 ejus
2904 1370 3031 1424 dici.
3068 1367 3126 1423 Si
3154 1370 3299 1423 enim
3339 1386 3443 1425 non
3483 1370 3557 1425 ita

1986 1464 2313 1533 accipiamus
2349 1477 2633 1533 resurgere
2662 1463 2728 1517 de
2751 1460 3015 1532 sepulcris
3065 1462 3180 1517 suis
3226 1471 3442 1517 mortuo
3477 1463 3557 1517 di-

1983 1557 2113 1611 vina
2141 1556 2359 1622 virtute,
2393 1555 2481 1623 qui
2527 1568 2868 1623 nequaquam
2913 1564 3040 1609 sunt
3067 1553 3360 1623 sepultura:
3400 1568 3554 1608 man-

1985 1649 2115 1713 dati,
2149 1647 2259 1720 (51)
2294 1662 2469 1717 neque
2501 1648 2552 1701 in
2580 1646 2845 1716 sepulcris
2880 1646 3131 1715 depositi,
3162 1646 3254 1702 sed
3284 1647 3397 1703 sive
3422 1663 3555 1701 nau-

1906 1720 1950 1773 Β
1979 1740 2186 1812 fragiis,
2218 1741 2333 1796 sive
2361 1741 2413 1795 in
2437 1741 2669 1795 desertis
2695 1739 2965 1808 aliquibus
3017 1738 3255 1794 defuncti
3288 1747 3412 1793 sunt
3469 1740 3551 1794 lo-

1977 1835 2075 1900 cis,
2129 1835 2203 1888 ita
2230 1842 2290 1888 ut
2317 1834 2612 1903 sepultum
2667 1833 2912 1885 mandari
2950 1847 3054 1885 non
3106 1832 3403 1901 potuerint,
3442 1848 3551 1887 non

1974 1926 2299 1981 videbuntur
2333 1926 2679 1979 annumerari
2726 1926 2865 1978 inter
2903 1939 2996 1979 eos
3018 1924 3109 1994 qui
3160 1924 3225 1981 de
3283 1922 3548 1994 sepulcris

1972 2019 2327 2074 resuscitandi
2361 2018 2636 2073 dicuntur.
2672 2016 2825 2084 Quod
2856 2017 3043 2085 utique
3079 2016 3229 2071 valde
3251 2015 3545 2071 absurdum

1970 2120 2071 2167 est.
2107 2130 2126 2163 ι

2040 2205 2362 2259 PAMPHILUS.
2412 2202 2770 2257 Nihilominus
2820 2203 2873 2255 in
2920 2216 2985 2256 eo
3033 2202 3150 2270 ipso
3188 2200 3347 2267 libro,
3380 2201 3547 2256 inter-

1963 2296 2124 2367 jectis
2152 2297 2499 2365 quibusdam,
2530 2295 2659 2349 dicit
2693 2310 2708 2347 :

2038 2390 2329 2445 ORIGENES.
2362 2408 2379 2439 (
2421 2387 2554 2441 Cum
2582 2402 2713 2457 ergo
2744 2386 2943 2441 Paulus
2979 2386 3192 2451 scribit,
3228 2387 3372 2456 quod
3406 2386 3539 2440 sicut

1963 2484 2117 2537 stella
2157 2488 2219 2535 ab
2247 2480 2399 2535 stella
2432 2480 2610 2544 cli/[ert
2640 2480 2693 2531 in
2719 2480 2909 2547 gloria,
2932 2478 3004 2531 ita
3032 2480 3128 2532 erit
3161 2487 3209 2532 et
3231 2480 3541 2532 resurrectio

1964 2584 2290 2628 mortuorum
2320 2573 2362 2603 ἰδ
2394 2588 2405 2624 :
2436 2582 2489 2626 et
2531 2570 2671 2641 quod
2724 2571 2854 2624 dicit
2882 2588 2893 2621 :
2926 2570 3234 2625 Seminatur
3270 2572 3326 2624 in
3358 2588 3541 2624 corru-

1960 2669 2160 2737 ptione,
2206 2667 2372 2736 surgit
2417 2666 2472 2718 in
2508 2665 2903 2733 incorruptione
2937 2663 3003 2727 ‘9,
3030 2673 3084 2718 et
3126 2672 3321 2718 extera
3362 2662 3540 2731 hujus-

1962 2761 2101 2814 modi
2137 2778 2151 2814 :
2186 2757 2472 2813 manifeste
2514 2758 2627 2811 haec
2653 2757 2719 2811 de
2767 2756 2884 2811 solo
2911 2771 3139 2827 corpore
3174 2757 3386 2812 scribit.
3420 2753 3536 2809 Non

1959 2854 2099 2907 enim
2131 2852 2309 2905 anima
2338 2849 2603 2904 seminata
2638 2857 2720 2902 est
2755 2847 2809 2900 in
2843 2848 3215 2918 corruptione,
3244 2860 3338 2903 aut
3385 2848 3437 2902 in
3464 2850 3541 2901 in~

1960 2944 2233 3008 firmitate,
2276 2953 2369 2997 aut
2406 2942 2457 2995 in
2488 2940 2800 3012 ignominia.
2852 2939 3096 3011 Denique
3124 2941 3409 2997 evidenter
3436 2943 3531 2993 ad-

1955 3038 2133 3107 juagit
2167 3037 2249 3090 his
2278 3035 2550 3097 omnibus,
2582 3042 2636 3087 ct
2669 3032 2798 3087 dicit
2824 3049 2836 3085 :
2866 3030 3170 3086 Seminatur
3195 3048 3385 3101 corpus
3411 3035 3535 3087 ani-7

348 3102 376 3110 .-
834 3102 863 3116 υ
970 3102 983 3111 ,
1050 3102 1088 3105 ν-
1136 3102 1486 3123 ρ.--γ-ν,---τπ-
1629 3102 1718 3110 ,η
1765 3102 1810 3111 -.

281 3135 407 3190 dine
437 3136 483 3168 ⁸⁸
510 3149 775 3208 resurgat,
813 3143 1270 3199 considerandum
1299 3156 1381 3202 est
1410 3157 1588 3203 tamen
1634 3160 1855 3220 prepter

1977 3133 2098 3185 nale
2126 3131 2205 3196 ⁵ος
2246 3140 2302 3182 ιιι
2350 3145 2416 3184 ne
2458 3129 2579 3197 quis
2628 3137 2844 3197 putaret
2877 3128 3111 3180 animum
3144 3142 3268 3181 esse
3300 3141 3419 3197 quae
3445 3142 3537 3180 se-

280 3224 429 3280 illum
458 3243 762 3284 sermonem
794 3230 1021 3288 Joannis
1042 3275 1058 3299 ,
1092 3250 1251 3305 quem
1287 3238 1338 3293 in
1374 3238 1727 3299 Revelatione
1757 3260 1853 3300 sua

280 3317 410 3372 dicit
441 3335 454 3369 :
494 3318 691 3376 Beatus
712 3324 801 3391 qui
831 3324 985 3378 habet
1020 3339 1220 3392 partem
1249 3331 1303 3385 in
1345 3336 1721 3389 resurrectione
1744 3340 1855 3406 pri-

276 3426 385 3475 ma,
421 3411 476 3465 in
514 3412 613 3465 hoc
645 3416 882 3468 secunda
915 3432 1056 3470 mors
1097 3434 1199 3473 non
1226 3422 1378 3475 habet
1419 3434 1725 3491 potestatem
1756 3429 1799 3458 "
1834 3445 1848 3480 :

279 3518 348 3557 ne
374 3504 510 3559 forte
544 3506 708 3560 dividi
743 3509 913 3576 possit
939 3511 1116 3565 omnis
1168 3515 1587 3570 resurrectionis
1617 3519 1757 3573 ratio
1795 3519 1851 3573 in

276 3593 411 3647 duas
438 3605 620 3663 partes
647 3616 660 3650 :
691 3597 740 3651 id
769 3608 855 3654 est
906 3600 959 3653 in
991 3616 1085 3656 eos
1108 3603 1201 3671 qui
1224 3604 1469 3660 salvandi
1497 3620 1628 3663 sunt
1649 3610 1846 3677 jnstos,

276 3694 331 3739 et
361 3687 524 3740 etiam
556 3688 609 3742 in
637 3703 731 3744 eos
761 3692 853 3759 qui
891 3696 1170 3748 cruciandi
1226 3708 1354 3751 sunt
1393 3709 1707 3767 peccatores
1744 3722 1759 3757 :
1792 3716 1849 3759 ut

274 3778 347 3833 sit
375 3794 479 3833 una
530 3782 746 3848 quidem
785 3783 1075 3850 honorum,
1113 3802 1233 3856 quae
1264 3790 1467 3844 dicitur
1507 3794 1717 3861 prima;
1756 3796 1844 3850 illa

273 3883 402 3923 vero
431 3886 549 3939 quae
578 3880 664 3926 est
695 3872 1040 3941 miserorum,
1071 3880 1307 3933 secunda
1334 3881 1547 3937 dicatur
1573 3902 1586 3938 :
1620 3896 1669 3940 et
1697 3887 1844 3943 illam

271 3963 488 4030 quidem
540 3964 595 4019 in
643 3969 898 4023 omnibus
939 3984 1061 4024 esse
1114 3986 1325 4040 puram,
1376 3974 1626 4043 hilarem,
1682 3979 1845 4037 totius

270 4055 486 4124 plenam
518 4057 752 4125 laetitiis;
787 4060 932 4114 illam
968 4077 1101 4114 vero
1141 4061 1366 4117 alteram
1399 4074 1565 4120 totam
1608 4072 1839 4139 tristem,

270 4156 437 4202 totam
480 4152 733 4207 maeroris
764 4153 997 4222 plenam,
1045 4163 1100 4208 et
1140 4156 1352 4210 actibus
1403 4173 1469 4213 ac
1502 4160 1622 4215 vitae
1654 4176 1840 4219 eorum

268 4239 486 4310 dignam
520 4243 610 4311 qni
645 4242 697 4297 in
747 4245 996 4313 praesenti
1032 4247 1138 4300 vita
1193 4246 1285 4301 Dei
1322 4252 1571 4306 mandata
1598 4262 1841 4309 contem-

267 4334 497 4401 pserint,
526 4341 579 4388 et
601 4332 792 4401 judicii
820 4333 937 4404 ejus
969 4337 1163 4392 timore
1196 4339 1466 4409 neglecto,
1511 4347 1840 4417 semetipsos

268 4423 591 4479 tradiderint
622 4426 678 4479 in
732 4427 1102 4495 operationem
1158 4431 1323 4486 totius
1384 4434 1742 4494 immunditiae
1776 4452 1831 4496 et
1862 4445 1912 4504 ι)
1938 4440 2696 4514 esthancspeciemquaznunc

264 4516 526 4580 avaritiae,
556 4532 654 4573 nec
677 4534 736 4574 se
770 4535 1075 4589 praeparare
1107 4526 1285 4579 conati
1319 4526 1446 4593 sint,
1487 4539 1543 4582 ut
1580 4531 1834 4588 resistere

332 4702 377 4736 ι’
406 4704 506 4758 lsa.
528 4705 780 4768 xxvr,19.
860 4706 903 4737 ⁸³
932 4707 946 4760 |
971 4707 1096 4762 Cor.
1123 4724 1207 4764 xv.
1233 4705 1318 4759 51.

261 4772 309 4805 δ’
337 4775 503 4843 Apoc.
532 4792 624 4841 xx,
658 4776 711 4831 6.
784 4778 830 4809 ⁸⁸
860 4778 879 4830 ι
911 4778 1039 4834 Cor.
1068 4794 1156 4846 xv,
1184 4778 1275 4833 41.
1350 4776 1395 4808 ⁸⁸
1428 4779 1559 4832 ibid.
1588 4779 1659 4832 42
1697 4796 1810 4850 seq.

356 4916 447 4988 47)
484 4918 561 4973 Ex
590 4920 687 4975 lib.
718 4937 891 4976 xxvnl
924 4924 979 4977 in
1008 4922 1231 4978 Isaiam.

467 4989 632 5062 Editi,
661 4992 854 5062 etjusti
882 4995 969 5045 ubi
993 4996 1264 5061 recipiant,
1292 5002 1395 5049 etc.

356 5060 446 5134 49)
472 5058 545 5112 lta
571 5058 810 5117 editiIAt
847 5080 978 5117 mss.
1013 5058 1218 5128 nostri,
1242 5065 1380 5132 quod
1411 5065 1699 5118 seminatur
1716 5065 1832 5134 qui-

260 5130 393 5203 dem
422 5130 478 5182 in
514 5136 871 5203 corruptione,
920 5136 1086 5203 surgit
1138 5136 1191 5187 in
1247 5130 1737 5201 incorruptione
1784 5143 1833 5187 et

262 5202 396 5270 quod
428 5201 738 5274 seminatum
768 5214 843 5256 est
872 5201 1125 5271 animale,
1152 5213 1330 5273 surget
1361 5216 1536 5258 autem
1566 5203 1660 5274 [aL
1683 5205 1836 5259 deest

261 5267 455 5340 autem]
483 5286 667 5339 corpus
689 5274 947 5338 spiritale.

333 5340 445 5409 (50)
480 5340 644 5405 Editi,
675 5346 920 5397 similiter
964 5352 1011 5397 et
1063 5345 1117 5396 in
1145 5344 1346 5397 multis.
1387 5344 1494 5399 Sed
1522 5359 1650 5397 mss.
1686 5355 1743 5399 ut
1778 5346 1829 5398 in

258 5421 429 5466 textu.
495 5412 828 5469 Sorbonicus
883 5425 1059 5469 tamen
1121 5416 1321 5468 omittit
1380 5426 1434 5470 et
1476 5415 1745 5479 sinuliter,
1780 5425 1833 5470 et

254 5483 411 5537 sicut.

329 5552 444 5624 (5i)
493 5551 593 5624 Ms.
640 5552 973 5611 Sorbonicns
1007 5554 1228 5618 omittit,
1272 5572 1433 5624 neque
1476 5556 1527 5608 in
1575 5555 1827 5623 sepulcris

260 5622 499 5690 depositi.
531 5623 631 5679 Ms.
655 5624 1022 5689 Corhniensis,
1067 5626 1227 5680 hodie
1256 5625 1313 5682 S.
1346 5622 1609 5679 ‘Germani
1632 5622 1671 5678 'a
1704 5624 1829 5679 Pra-

261 5692 329 5748 tis
358 5693 554 5761 habet,
607 5697 696 5770 qui
727 5712 1051 5766 nequaquam
1084 5706 1201 5751 sunt
1254 5696 1534 5765 sepultura:
1568 5697 1827 5764 ntandati,

242 5310 256 5384 l

1399 4706 1444 4737 ’⁸³
1475 4706 1604 4762 an.
1639 4725 1752 4771 χιιι,
1779 4710 1870 4767 28.

1959 3226 2196 3278 minatur
2234 3224 2286 3277 in
2334 3221 2704 3290 corruptione,
2749 3221 2833 3275 vel
2885 3222 2939 3274 in
2982 3220 3302 3290 ignominia,
3344 3220 3430 3274 vel
3474 3218 3532 3275 in

1956 3313 2289 3367 inﬁrmitate.
2334 3331 2355 3363 ›

2024 3404 2351 3459 PAMPHILUS.
2404 3402 2529 3457 llam
2561 3402 2775 3470 quidem
2826 3415 2894 3454 ex
2941 3400 3023 3453 his
3073 3397 3228 3454 libris
3254 3397 3364 3469 (52)
3392 3412 3529 3468 quos

1953 3497 2006 3551 in
2037 3497 2251 3551 Esaiam
2278 3496 2519 3566 scripsit.
2568 3493 2684 3546 Non
2725 3491 3128 3562 praatcribimus
3176 3507 3305 3546 vero
3355 3508 3528 3559 neque

1951 3590 2100 3642 illum
2129 3590 2302 3642 locum
2326 3605 2483 3658 quem
2510 3588 2574 3641 de
2601 3588 2777 3656 primo
2807 3584 3011 3654 psalmo
3045 3584 3323 3648 disseruit,
3351 3585 3400 3637 in
3423 3597 3534 3653 quo

1950 3683 2112 3735 etiam
2141 3683 2205 3735 de
2233 3679 2633 3735 resurrectione
2664 3680 2734 3731 ita
2765 3674 2982 3745 scripsit
3009 3694 3022 3729 :

2843 3791 2956 3863 (55)
2985 3794 3193 3863 Ὥσπερ
3224 3792 3281 3845 δὲ
3308 3793 3369 3845 τὸ
3391 3789 3529 3855 εἶδός

2770 3891 2883 3942 ἐστι
2940 3889 3099 3961 μέχρι
3130 3889 3225 3941 τοῦ
3272 3888 3526 3960 πέρατος,

2768 3982 2871 4036 κᾶν
2895 3985 2943 4034 ol
2967 3983 3310 4054 χαρακτῆρες
3330 3984 3528 4037 δοκῶσι

2764 4074 2961 4144 πολλὴν
2992 4075 3133 4144 ἔχειν
3151 4074 3523 4147 παραλλαγήν·

2764 4167 2936 4231 οὕτως
2961 4170 3178 4240 νοητέον
3194 4171 3287 4223 καὶ
3317 4170 3409 4223 ἐπὶ
3430 4169 3525 4225 τοῦ

2767 4262 3034 4331 παρόντος
3063 4302 3077 4324 ,
3142 4257 3281 4324 εἶδος
3326 4263 3524 4317 ταυτὸν

2767 4353 2902 4409 εἶναι
2946 4356 3024 4426 τῷ
3071 4356 3337 4427 μέλλοντι,
3369 4357 3523 4409 πλεί-

2772 4466 2902 4521 στης
2943 4452 3074 4519 ὅσης
3121 4450 3385 4521 ἐσομένης
3422 4452 3521 4521 τῆς

1940 4545 2021 4589 est
2058 4538 2110 4589 in
2155 4535 2328 4599 nobis,
2360 4536 2528 4605 ipsam
2562 4551 2686 4603 per-
2764 4536 2857 4588 ἐπὶ
2914 4536 3128 4591 κάλλιον
3193 4537 3519 4609 μεταϐολῆς.

2018 3795 2244 3851 ORIGEN.
2300 3817 2318 3848 ι
2360 3797 2512 3851 Sicut
2553 3796 2695 3849 enim

1947 3895 2135 3947 eadem
2188 3892 2242 3945 in
2282 3891 2439 3946 nobis
2485 3892 2697 3959 species

1945 3997 2231 4057 permanet
2259 3987 2327 4040 ab
2356 3985 2579 4040 infantia
2607 4000 2695 4039 us-

1944 4093 2049 4147 que
2081 4079 2147 4132 ad
2184 4088 2537 4140 senectutem,
2569 4076 2694 4130 licet

1943 4169 2287 4224 characteres
2338 4168 2557 4222 multam
2614 4169 2693 4221 vi-

1942 4264 2132 4316 deatur
2158 4263 2585 4317 immutationem
2611 4278 2695 4317 re-

1941 4353 2142 4419 cipere,
2178 4354 2249 4407 ita
2287 4353 2695 4423 intelligendum

1966 4711 2469 4794 fthilipp.m.°2t.
2546 4715 2988 4789 ‘i‘lCor.xv,42
3028 4739 3141 4794 seq.
3206 4725 3253 4756 ιε
3278 4725 3405 4781 ibid.
3428 4724 3517 4779 es.

1889 4783 1933 4813 "°
1962 4783 2091 4837 ibid.
2122 4784 2210 4837 44.

1938 4944 2032 4981 nec
2078 4931 2134 4982 in
2164 4930 2723 5009 sepulcrismandati.
2779 4937 2878 4991 Ms.
2933 4937 3153 5009 Regius,
3189 4941 3277 5009 qui
3327 4955 3520 5009 nequa-

1935 5014 2093 5076 quam
2128 5012 2250 5053 sunt
2300 5005 2585 5076 sepultura:
2614 5023 2705 5059 nec
2735 5009 2788 5060 in
2835 5005 3083 5076 sepulcris
3115 5005 3376 5063 mandati.
3401 5005 3516 5066 Sed

1938 5069 2066 5122 editi
2086 5080 2152 5141 et
2182 5087 2310 5125 mss.
2340 5069 2546 5141 aliquot
2576 5077 2774 5131 rectius
2805 5089 2860 5131 ut
2888 5069 2944 5131 'in
2973 5090 3143 5134 textu.

1999 5140 2123 5217 '(52)
2158 5141 2319 5217 Editi,
2348 5140 2494 5217 quos
2538 5146 2590 5197 in
2641 5145 2845 5201 Isaiam
2886 5150 3137 5204 scribit...
3170 5150 3234 5202 de
3280 5166 3517 5204 resurre-

1938 5215 2113 5287 ctione
2154 5215 2226 5287 ita
2251 5215 2453 5287 scribit.
2486 5217 2591 5269 Sed
2622 5232 2753 5271 mss.
2782 5221 3089 5287 utrobique,
3118 5222 3347 5287 scripsit.

2012 5284 2123 5351 ('05)
2153 5282 2229 5335 Ex
2250 5283 2807 5359 (.‘o_mment.gin_psulnt.
2833 5282 3164 5359 ι,5.Ὥσπερ
3180 5282 3247 5342 δὲ
3272 5290 3338 5342 τὸ
3355 5292 3519 5359 εἶδός

1940 5351 2094 5432 ἐσζῆ
2155 5365 2260 5432 etc.
2304 5353 2492 5432 Grzeca
2537 5351 2695 5432 hujus
2749 5358 2851 5413 loci
2908 5364 3066 5432 verba
3115 5351 3330 5415 exstant
3372 5351 3515 5432 apud

1940 5422 2321 5498 Epiphanium,
2370 5426 2561 5498 haeres.
2593 5422 2678 5493 64,
2701 5445 2821 5497 cap.
2857 5432 2940 5485 Η.
2984 5431 3111 5486 Vide
3155 5432 3207 5484 in
3246 5422 3515 5498 psalnium

1938 5495 2190 5614 plrimum,
2218 5504 2416 5577 nostra:
2453 5497 2612 5578 hujus
2635 5495 2883 5555 editionis
2908 5512 3034 5556 tom.
3066 5501 3200 5562 XIII,
3239 5495 3360 5570 pag.
3384 5502 3513 5558 500.

1988 5567 2071 5614 Ide
2096 5574 2254 5614 etiam
2297 5564 2664 5614 θνηηξηηιηοι·Δ
2704 5571 2792 5614 lih-
2852 5587 2909 5614 ll-
2959 5581 3147 5614 nuta-ct-
3179 5572 3227 5614 ll
3273 5586 3400 5614 num
3454 5571 3507 5614 7A

1988 5563 2071 5642 ide
2096 5565 2266 5642 etiam
2297 5563 2665 5642 Origeniunor.
2704 5571 2793 5625 lib.
2852 5587 2912 5638 ll,
2959 5581 3149 5642 quwst.
3179 5563 3423 5637 9,'num.
3454 5571 3511 5641 7,

1938 5633 2025 5688 ubi
2056 5634 2361 5707 liaccretiam
2392 5633 2717 5695 referuntur.
