3870 6220
331 230 437 308 599

333 360 643 404 mansuram
692 348 855 402 etiam
904 347 956 401 in
1000 346 1087 400 l'u-

334 452 478 508 turo,
509 441 741 510 plurima
779 451 954 495 tatnen
990 442 1090 494 im-

330 536 635 588 mutatione
693 534 746 587 in
788 532 981 587 melius
1034 542 1089 586 et

333 626 622 698 gloriosius
652 626 810 679 facta.
856 624 1089 680 Necesse

331 731 415 779 est
442 722 585 776 enim
613 722 919 775 animamin
952 721 1088 777 locis

333 819 615 888 corporeis
640 817 975 871 habitantem
1009 818 1086 870 uti

333 910 657 980 corporibus
720 908 916 964 talibus
968 924 1087 977 qu;e

332 1015 455 1075 apta
469 1006 573 1060 sint
589 1005 672 1061 his
686 1005 815 1061 locis
828 1006 879 1058 in
894 1004 1087 1073 quibus

332 1099 502 1169 tlcg't.
524 1098 588 1152 Et
618 1098 775 1159 sicut,
793 1098 941 1152 verbi
968 1112 1089 1149 cau-

333 1207 416 1255 sa,
451 1192 495 1246 si
530 1192 581 1245 in
610 1192 767 1260 aquis
798 1191 962 1244 maris
993 1205 1090 1244 nos

334 1284 601 1349 habitare,
637 1283 722 1339 vel
758 1286 953 1352 degere
990 1298 1085 1351 po-

333 1386 549 1443 srcret,
601 1376 720 1431 sine
776 1376 936 1430 dubio
991 1390 1090 1447 pro

334 1469 626 1524 habitaculi
681 1470 941 1537 qualitate
996 1484 1091 1524 ne-

334 1563 634 1617 cessarium
688 1564 960 1617 videretur
988 1563 1086 1615 ha-

336 1658 467 1712 bere
514 1658 674 1712 talem
707 1658 952 1725 corporis
984 1665 1088 1711 sta-

334 1759 470 1816 tum,
505 1758 559 1803 et
606 1749 1084 1819 compositionem,

335 1844 548 1911 qualem
604 1842 805 1896 habent
839 1842 927 1896 illa
973 1842 1087 1894 ani-

335 1933 496 1988 malia
548 1947 667 2003 quae
713 1934 765 1987 in
816 1934 970 2002 aquis
1005 1934 1087 1986 vi-

333 2038 505 2084 vunt:
541 2030 611 2083 ita
644 2044 784 2084 nunc
821 2045 943 2085 cum
977 2042 1086 2084 ete-

332 2123 507 2179 lorum
551 2121 916 2177 habitaculum
965 2137 1091 2191 pro-

334 2224 602 2289 mittatur,
622 2226 918 2279 secundum
941 2223 1089 2278 loco-

1533 235 1589 292 S.
1628 231 1957 289 PAMPHILI
1998 231 2359 288 MARTYRlS

3490 238 3607 294 600

1176 349 1495 419 Ἀναγκαῖον
1508 350 1617 422 γὰρ
1631 349 1726 421 τὴν
1742 347 1915 419 ψυχὴν

2093 346 2386 403 Οιιιαεηεε.
2409 346 2522 418 (55)
2561 362 2581 397 ‹
2608 345 2871 400 Dominus
2900 344 3056 403 Iesus
3076 348 3322 407 Christus
3364 353 3480 410 haec
3513 356 3605 411 di-

1163 447 1219 497 ὲν
1246 445 1431 508 τόποις
1459 448 1788 517 σωματικοῖς
1812 446 1915 497 ὑπ-

1163 540 1329 609 άρχου
1338 555 1437 591 σαν
1463 579 1478 603 ,
1615 537 1916 609 κεχρῆσθαι

1165 630 1377 702 σώμασι
1412 632 1765 703 καταλλήλοις
1805 636 1917 696 τοῖς

1157 728 1356 791 τόποις.
1390 730 1498 783 Καὶ
1528 728 1715 801 ὥσπερ
1743 731 1800 782 ἐν
1825 730 1919 784 θα-

1156 822 1328 895 λάσσῃ
1363 823 1460 895 ζῇν
1492 825 1639 894 ἡμᾶς
1665 823 1917 894 ἐνύδρους

1157 916 1482 985 γενομένους
1505 918 1553 968 εἰ
1569 916 1758 987 ἐχρῆν,
1784 916 1919 969 πάν-

1156 1022 1264 1068 τως
1296 1004 1363 1059 ἃν
1396 1005 1500 1058 ἔδει
1531 1005 1918 1077 παραπλησίαν

1159 1100 1302 1171 ἔχειν
1316 1101 1409 1153 καὶ
1423 1100 1521 1171 τὴν
1535 1099 1700 1168 ἄλλην
1722 1097 1917 1168 ἰχθύων

1160 1198 1524 1250 κατάστασιν·
1573 1194 1744 1259 οὕτως
1789 1194 1918 1265 μέλ-

1160 1289 1351 1352 λοντας
1381 1288 1736 1360 κληρονομεῖν
1767 1287 1920 1357 βασι-

1162 1383 1308 1437 λείαν
1338 1381 1603 1453 οὐρανῶν,
1624 1383 1717 1436 καὶ
1746 1383 1804 1434 ἐν
1833 1382 1920 1434 τό-

1162 1496 1282 1541 ποις
1307 1476 1653 1547 διαφέρουσιν
1679 1474 1917 1539 ἔσεσθαι,

1160 1572 1455 1639 ἀναγκαῖον
1479 1567 1711 1640 χρῆσθαι
1735 1566 1922 1638 σώμα-

1162 1681 1213 1717 σι
1246 1665 1656 1734 πνευματικοῖς,
1682 1661 1802 1730 οὐχί
1826 1661 1917 1714 τοῦ

1159 1756 1331 1819 εἴδους
1358 1753 1450 1808 τοῦ
1484 1752 1751 1825 προτέρου
1774 1753 1915 1821 ἀφα-

1161 1850 1461 1921 νιζομένου,
1494 1848 1602 1900 κᾶν
1629 1847 1719 1899 ἐπὶ
1750 1846 1810 1898 τὸ
1833 1846 1918 1899 ὲν-

1160 1944 1336 2010 δοξότε
1346 1959 1435 2014 ρον
1454 1941 1676 2010 γένηται
1704 1938 1913 2009 αὐτοῦὴ

1160 2030 1649 2109 τροπὴ.”Ωσπερῆν
1664 2034 1725 2086 τὸ
1742 2032 1914 2105 Ἰησοῦ

1162 2127 1336 2194 εἶδος,
1376 2130 1469 2183 καὶ
1508 2126 1788 2189 Μωῡσὲως
1822 2126 1917 2179 καὶ⁴

1174 2224 1374 2287 Ἠλίου,
1405 2224 1502 2293 οὐχ
1532 2221 1718 2292 ἕτερον
1752 2220 1808 2271 ὲν
1848 2222 1913 2291 τῆ

332 2333 454 2372 rum
484 2318 709 2388 gloriam
752 2333 1089 2388 consequens
1165 2313 1607 2389 μεταμορφώσει,
1630 2312 1797 2383 παρ’ὂ
1824 2306 1911 2382 ἦν.

333 2420 418 2466 est
457 2412 721 2482 aptandas
763 2426 885 2466 esse
932 2413 1093 2465 etiam
1125 2425 1407 2478 corporum
1442 2407 1756 2477 qualitates.
1806 2404 1915 2458 Nec

336 2503 457 2558 ideo
500 2514 678 2559 tamen
712 2506 865 2575 prior
898 2503 1014 2558 haec
1050 2503 1260 2571 species
1291 2500 1767 2562 exterminabitur,
1794 2497 1916 2551 licet

334 2594 626 2665 gloriosior
656 2592 774 2662 ejus
807 2592 999 2649 eﬂ‘ecta
1046 2593 1117 2647 sit
1170 2590 1522 2662 permutatio.
1567 2589 1722 2643 Sicut
1768 2586 1913 2641 enim

334 2687 505 2757 ipsius
532 2686 743 2742 Domini
775 2684 932 2751 Iesu,
961 2686 1043 2739 vel
1074 2685 1265 2756 Moysi,
1292 2684 1378 2739 vel
1400 2684 1528 2738 Elite
1561 2681 1772 2751 species
1800 2679 1913 2752 (54)

337 2795 441 2833 non
471 2787 586 2833 erat
608 2780 713 2833 alia
740 2779 793 2833 in
834 2778 1335 2842 transformatiune,
1378 2791 1538 2847 quam
1577 2774 1756 2828 fuerat
1788 2783 1915 2827 ante

338 2872 900 2936 transformationem,
932 2873 1006 2925 ita
1038 2887 1144 2926 non
1169 2871 1275 2925 erit
1312 2870 1419 2924 alia
1453 2854 1765 2924 sanctorum
1795 2879 1917 2935 spe-

336 2966 468 3031 cies,
499 2964 713 3020 etiamsi
768 2965 939 3020 multo
977 2964 1268 3036 gloriosior
1299 2963 1413 3017 liat.
1450 2981 1469 3015 ι

899 3122 1154 3163 INTERPB.
1187 3121 1348 3163 NOVA.

412 3220 485 3270 Ac
509 3218 949 3288 quemadmodum
997 3220 1193 3286 species
1219 3220 1334 3288 ipsa
1369 3218 1438 3288 ad
1469 3217 1715 3271 ultimum
1753 3233 1916 3287 usque

340 3287 528 3340 eadem
559 3296 658 3350 est,
686 3290 783 3342 etsi
812 3291 993 3358 ingens
1030 3291 1366 3357 propriarum
1400 3287 1713 3356 formarum,
1764 3300 1915 3340 nota-

342 3374 561 3426 rumque
607 3359 848 3412 uideatur
869 3376 979 3413 esse
1004 3360 1284 3413 diversitas
1318 3361 1432 3412 :ita
1461 3367 1510 3411 et
1544 3359 1599 3410 in
1623 3375 1682 3412 eo
1710 3359 1773 3411 de
1810 3375 1914 3426 quo

340 3429 569 3497 agimus,
605 3428 1001 3500 intelligendum
1055 3440 1130 3483 est
1170 3440 1479 3499 prwseutem
1512 3430 1747 3494 corporis
1798 3445 1915 3496 spe-

339 3501 468 3551 ciem
509 3502 747 3551 eamdem
780 3517 889 3553 esse
944 3516 1062 3553 cum
1111 3500 1295 3566 futura
1325 3517 1339 3552 :
1371 3516 1489 3552 cum
1521 3515 1580 3551 eo
1613 3510 1808 3558 tamen,
1858 3508 1915 3551 ut

336 3569 661 3621 incredibilis
688 3569 741 3621 in
761 3571 948 3623 melius
973 3572 1037 3623 sit
1070 3571 1255 3639 futura
1283 3570 1526 3622 mutatio.
1566 3568 1794 3623 Necesse
1839 3579 1914 3622 est

338 3639 477 3691 enim
510 3641 745 3691 animum
770 3644 1033 3705 corporeis
1067 3643 1119 3692 in
1148 3641 1278 3693 locis
1308 3640 1587 3692 ltwreutem
1632 3650 1913 3692 consenta-

340 3712 447 3760 neis
488 3710 587 3761 sibi
634 3710 712 3761 uti
765 3713 1098 3780 corporibus.
1132 3711 1299 3775 Atque
1330 3719 1385 3763 ut
1427 3710 1471 3763 si
1514 3712 1567 3762 in
1602 3710 1914 3777 aquatilium

340 3792 584 3832 naturam
615 3795 891 3835 conuersos
916 3784 1079 3834 vitam
1112 3782 1167 3833 in
1200 3782 1335 3833 mari
1364 3796 1457 3833 nos
1488 3780 1673 3848 degere
1704 3789 1913 3846 Oporte-

340 3859 439 3913 ret,
461 3851 817 3903 necessarium
843 3852 980 3919 foret
1008 3868 1100 3906 nos
1128 3852 1239 3902 alia
1271 3866 1549 3917 corporum
1582 3851 1914 3904 constitutio-

338 3934 423 3979 ne,
442 3920 767 3989 pisciumque
799 3921 963 3974 simili
986 3938 1095 3974 esse
1118 3922 1365 3987 prwditos
1395 3936 1413 3985 ;
1457 3922 1529 3973 ita
1558 3922 1646 3989 qui
1668 3921 1915 3973 caelorum

339 3990 487 4056 regni
525 3990 886 4044 Ita'reditatem
913 3992 1112 4045 adituri
1139 4000 1281 4055 sunt,
1309 4009 1369 4044 ac
1393 3993 1608 4045 diversis
1627 3991 1680 4042 in
1703 3991 1915 4043 sedibus

338 4060 658 4123 habilaturi,
690 4062 954 4125 spiritalia
981 4078 1184 4130 quoque
1213 4078 1433 4129 corpora
1458 4062 1680 4115 habeant
1710 4076 1915 4114 necesse

338 4139 414 4201 est
441 4148 459 4186 :
486 4147 587 4201 non
617 4131 755 4200 quod
788 4134 934 4197 prior
966 4136 1334 4201 exstinguatur
1356 4133 1573 4200 species,
1619 4132 1825 4201 tametsi
1858 4133 1915 4184 in

337 4198 909 4273 illustriusquiddum
958 4198 1346 4273 gloriosiusque
1381 4198 1675 4273 _mutetur._
1719 4200 1914 4263 Quem-

338 4269 622 4342 admodum
654 4272 805 4335 Jesu,
840 4289 903 4325 ac
932 4269 1156 4342 Moysis,
1195 4284 1241 4325 et
1258 4269 1397 4325 Elite
1432 4273 1628 4331 species
1658 4271 1711 4323 in
1739 4280 1916 4342 trans-

337 4340 655 4405 I'ormutioue
686 4357 789 4395 non
817 4343 925 4396 alia
977 4340 1136 4412 quam
1171 4360 1289 4413 qua:
1316 4343 1468 4396 initio
1497 4354 1632 4406 erat,
1685 4341 1911 4393 exstitit.

2019 440 2118 505 cit,
2144 439 2261 511 (56)
2289 440 2442 511 cujus
2472 441 2705 511 primum
2726 455 2857 495 caro
2886 442 3158 507 requievit
3183 445 3235 498 in
3266 460 3381 514 spe.
3408 448 3605 505 Cruci-

2018 532 2162 589 tixus
2191 533 2340 586 enim
2368 542 2476 596 est,
2513 531 2910 602 primogenitus
2935 544 3002 586 ex
3038 536 3268 590 mortuis
3295 538 3505 606 factus;
3539 552 3603 597 et

2019 633 2143 694 post
2195 625 2651 679 resurrectionem
2680 633 2995 693 assumptus
3036 624 3089 680 in
3139 628 3362 693 ctnlum,
3409 645 3598 685 secum

2022 726 2295 771 terrenum
2313 731 2512 786 corpus
2531 716 2731 780 evexit,
2748 717 2820 771 ita
2844 726 2902 769 ut
2924 725 3261 773 terrerentur
3275 729 3329 775 et
3344 721 3603 793 obstupe-

2020 818 2239 865 scerent
2268 810 2500 864 virtutes
2526 810 2783 865 caelestes
2827 812 3079 867 videntes
3124 828 3341 868 carnem
3369 815 3487 884 (57)
3511 830 3601 872 as-

2018 900 2336 955 cendentem
2368 899 2420 953 in
2458 899 2682 954 coelum.
2715 900 2791 957 De
2830 901 2947 955 Elia
2981 903 3133 957 enim
3178 904 3442 972 scripturn
3487 916 3599 970 est,

2018 992 2143 1060 quia
2167 992 2323 1060 quasi
2354 993 2408 1045 in
2438 991 2635 1049 etelum
2654 1004 2965 1064 assumptus
2992 1003 3079 1048 est
3101 994 3180 1049 "z
3209 1004 3263 1049 et
3290 996 3359 1050 de
3386 996 3599 1066 Enocb,

2020 1084 2145 1152 quia
2178 1084 2477 1139 translatus
2510 1096 2597 1139 est
2625 1085 2673 1116 ⁸³
2704 1103 2717 1138 :
2753 1100 2858 1140 non
2898 1096 3077 1141 tamen
3120 1087 3324 1141 dictum
3361 1098 3443 1143 est
3470 1090 3599 1158 quia

2018 1173 2267 1229 ascendit
2315 1174 2370 1228 in
2400 1174 2618 1231 ctelurn.
2666 1173 2984 1231 Oﬂ‘endatur
3012 1177 3102 1246 qui
3151 1176 3267 1230 vult
3296 1192 3363 1231 ex
3410 1188 3603 1234 nostro

2020 1280 2277 1333 sermone
2308 1283 2321 1319 :
2355 1281 2459 1336 ego
2502 1276 2679 1322 autem
2710 1282 2834 1322 cum
2881 1268 3030 1321 omni
3076 1268 3272 1323 ﬁducia
3310 1282 3600 1339 assevero,

2021 1359 2145 1429 quia
2181 1360 2322 1415 sicut
2374 1360 2773 1430 primogenitus
2822 1376 2891 1416 ex
2940 1361 3172 1416 mortuis
3205 1373 3289 1416 est
3322 1363 3601 1429 Christus,

2022 1450 2095 1503 ita
2130 1451 2339 1519 primus
2365 1465 2587 1506 carnem
2623 1453 2803 1506 evexit
2836 1451 2902 1507 ad
2961 1451 3189 1506 coelum.
3227 1452 3472 1521 Denique
3503 1468 3599 1507 no-

2022 1542 2188 1596 vitate
2219 1542 2335 1612 ipsa
2357 1552 2734 1611 penerrentur
2769 1544 3018 1599 cmlestes
3051 1545 3300 1610 virtutes,
3340 1544 3455 1613 (58)
3472 1546 3601 1613 quia

2022 1635 2165 1704 quod
2202 1650 2481 1705 nunquam
2524 1646 2652 1691 ante
2685 1637 2954 1700 viderant,
3008 1651 3155 1691 nunc
3189 1634 3449 1691 videbant
3476 1652 3600 1691 car-

2025 1742 2147 1781 nem
2187 1728 2497 1783 ascendisse
2548 1735 2600 1783 in
2653 1729 2895 1783 coelum:
2930 1737 2985 1783 et
3028 1740 3312 1800 propterea
3368 1732 3601 1787 dicunt:

2026 1818 2157 1885 Quis
2185 1830 2260 1873 est
2281 1821 2376 1873 iste
2407 1822 2495 1890 qui
2516 1821 2658 1877 venit
2686 1838 2750 1875 ex
2775 1820 2967 1886 Edam,
2996 1822 3051 1876 id
3079 1831 3166 1878 est
3196 1837 3225 1877 a
3277 1822 3601 1892 terrigenis?

2024 1910 2206 1966 Rubor
2240 1914 2660 1967 vestimentorum
2714 1930 2832 1983 ejus
2887 1929 2951 1968 ea:
3003 1912 3175 1967 Bosor
3210 1914 3279 1970 “.
3334 1913 3603 1970 Videbunt

2024 2006 2167 2059 enim
2204 2006 2257 2058 in
2311 2021 2537 2073 corpore
2585 2006 2704 2074 ejus
2731 2006 2958 2078 vestigia
2994 2006 3277 2063 vulnerum
3302 2022 3370 2063 ex
3407 2009 3601 2076 Bosor,

2026 2096 2078 2151 id
2114 2105 2218 2161 est,
2256 2097 2309 2151 in
2339 2112 2504 2152 carne
2528 2107 2798 2167 suscepta.
2830 2118 2851 2152 s

2095 2232 2423 2290 Panrmws.
2447 2234 2512 2289 Et
2541 2243 2662 2304 post
2690 2250 2891 2305 pauca:

2094 2350 2384 2405 ORIGENES.
2429 2369 2447 2402 ‹
2498 2349 2622 2404 Πωο
2649 2358 2874 2421 propter
2901 2348 3032 2405 illud
3060 2350 3202 2419 quod
3235 2351 3443 2406 dictum
3493 2358 3603 2416 est,

2023 2443 2276 2511 quoniam
2307 2459 2431 2495 caro
2457 2459 2572 2496 mea
2604 2444 2887 2513 requiescet
2915 2444 2968 2497 in
3019 2460 3106 2513 spe
3128 2444 3195 2497 ⁵⁸.
3227 2441 3284 2497 1η
3320 2459 3425 2513 qua
3457 2457 3556 2513 spe
3582 2442 3607 2497 Υ

2024 2533 2140 2587 Non
2172 2534 2344 2588 solum
2370 2535 2499 2605 quia
2539 2549 2604 2589 ex
2643 2535 2873 2589 mortuis
2928 2536 3167 2606 resurgit
3211 2536 3423 2607 (parum
3452 2533 3606 2587 enim

2026 2626 2129 2681 hoc
2159 2626 2286 2694 est),
2329 2627 2422 2680 sed
2459 2627 2513 2680 in
2560 2641 2626 2681 ea
2655 2641 2749 2697 spe
2784 2629 3098 2698 requiescit,
3143 2627 3291 2699 quod
3322 2634 3606 2695 assumpta

2024 2723 2109 2772 est
2134 2717 2186 2771 in
2230 2716 2449 2773 caelum.
2483 2736 2503 2771 ι

2101 2851 2436 2910 Purmws.
2468 2854 2609 2921 Quid
2664 2854 2766 2912 hoc
2818 2856 3129 2913 evidentius
3179 2865 3238 2911 et
3282 2854 3483 2911 clarius
3536 2854 3607 2912 ab

2025 2946 2208 3015 aliquo
2248 2948 2350 3003 dici
2394 2957 2574 3018 potest
2598 2949 2662 3003 de
2677 2950 3076 3003 resurrectione
3096 2948 3299 3013 carnis,
3329 2962 3493 3017 quam
3518 2960 3608 3001 as-

2024 3040 2269 3108 signavit
2297 3056 2404 3095 non
2428 3041 2603 3095 solum
2641 3048 3066 3095 resurrecturum
3087 3054 3116 3093 a
3135 3038 3385 3102 mortuis,
3412 3053 3605 3092 verum

2023 3132 2189 3186 etiam
2233 3133 2287 3186 in
2319 3132 2512 3196 ctelos,
2562 3132 2607 3186 si
2657 3147 2761 3201 qua
2810 3142 2992 3186 tamen
3025 3131 3077 3184 id
3132 3130 3417 3194 meruerit,
3449 3144 3605 3183 assu-

2024 3228 2303 3290 mendam,
2343 3236 2655 3281 secuturam
2702 3225 2914 3281 scilicet
2938 3239 3063 3279 eum
3091 3224 3187 3294 qui
3214 3224 3607 3294 primogenitus

2022 3335 2089 3373 ex
2126 3318 2354 3373 mortuis
2378 3318 2572 3380 factus,
2626 3319 2833 3386 primus
2867 3318 2921 3371 in
2952 3316 3157 3371 cmlum
3194 3325 3449 3370 naturam
3477 3330 3604 3369 car-

2024 3413 2108 3467 nis
2137 3410 2384 3465 invexit?
2415 3409 2554 3476 Quid
2597 3418 2774 3462 tamen
2808 3411 2860 3462 in
2908 3418 3104 3464 octavo
3134 3406 3347 3462 decimo
3396 3405 3605 3475 psalmo

2022 3515 2302 3571 exponens
2336 3499 2485 3553 illum
2512 3498 2841 3553 versiculum
2873 3514 2886 3549 :
2921 3496 2990 3552 In
3011 3496 3124 3551 sole
3152 3496 3331 3566 posuit
3356 3496 3605 3550 taberna-

2024 3592 2198 3646 culum
2222 3606 2375 3645 suum
2399 3589 2467 3656 ⁵⁸,
2506 3588 2765 3653 senserit,
2798 3588 3105 3643 audiamus.

2094 3701 2385 3758 Ontcauas.
2425 3700 2537 3773 (59)
2573 3718 2591 3752 t
2628 3701 2764 3767 Quid
2795 3710 2875 3755 est
2915 3700 3058 3770 quod
3089 3700 3261 3754 dixit:
3291 3697 3358 3753 In
3386 3700 3497 3754 sole
3514 3717 3609 3769 po-

2023 3796 2130 3850 suit
2171 3792 2571 3848 tabernaculum
2605 3808 2760 3846 suum
2788 3793 2811 3845 ἒ)
2835 3791 3062 3858 Quidam
3104 3792 3321 3861 quidem
3355 3793 3607 3846 dicebant

2022 3885 2167 3955 quod
2197 3884 2453 3939 Salvator
2484 3890 2672 3937 noster
2699 3883 3001 3938 ascendens
3031 3898 3062 3937 e
3095 3884 3259 3937 terris
3294 3884 3351 3937 in
3381 3884 3601 3949 cmlum,

2024 3988 2081 4031 et
2116 3991 2317 4045 corpus
2350 3990 2508 4029 suum
2546 3988 2853 4041 assumens,
2885 3974 3131 4042 pervenit
3159 3988 3330 4044 usque
3371 3974 3439 4028 ad
3477 3989 3605 4029 eum

2025 4065 2289 4121 circulum
2337 4064 2431 4135 qui
2485 4064 2617 4120 solis
2647 4080 2784 4119 zona
2814 4064 3143 4132 nominatur,
3177 4074 3234 4120 et
3278 4066 3377 4132 ibi,
3423 4065 3600 4131 aiunt,

2026 4157 2205 4227 posuit
2235 4142 2643 4210 tabernaculum
2673 4156 2924 4225 corporis
2966 4156 3050 4210 sui
3084 4171 3097 4207 :
3136 4171 3242 4210 non
3278 4158 3422 4211 enim
3462 4156 3603 4212 ultra

2025 4256 2147 4303 erat
2180 4246 2440 4317 possibile
2476 4246 2528 4301 id
2558 4247 2833 4315 progredi.
2866 4246 2974 4302 Sed
3007 4247 3121 4301 haec
3149 4247 3222 4302 illi
3247 4248 3321 4302 ita
3340 4250 3603 4313 sentiunt,

2025 4357 2128 4413 pro
2175 4356 2239 4395 eo
2268 4342 2413 4410 quod
2456 4339 2774 4412 allegoriam
2810 4340 3002 4396 nolunt
3033 4343 3086 4397 in
3112 4342 3391 4412 Scriptura
3424 4345 3605 4399 divina

407 4428 737 4487 PAMPHILUS.
768 4430 874 4487 Sed
908 4443 963 4489 et
995 4437 1046 4488 in
1075 4436 1265 4505 quinto
1283 4433 1498 4489 decimo
1518 4432 1726 4502 psalmo
1749 4447 1917 4500 expo-
1949 4451 1993 4506 ι)
2028 4434 2275 4504 recipere
2310 4449 2325 4486 :
2365 4441 2420 4486 et
2449 4433 2571 4487 ideo
2602 4449 2749 4500 purae
2795 4433 3039 4489 historias
3085 4435 3478 4501 deservientes,
3507 4438 3607 4490 bn-

337 4535 471 4576 nens
524 4524 673 4579 illum
730 4526 1056 4581 versiculum
1098 4548 1110 4582 :
1145 4528 1369 4595 Insuper
1398 4536 1444 4581 et
1478 4542 1606 4581 caro
1664 4542 1780 4580 mea
1830 4541 1916 4580 re-

336 4615 562 4682 quiescet
589 4618 643 4671 in
677 4633 764 4687 spe
792 4620 837 4651 δι
874 4636 885 4669 :
922 4619 987 4673 de
1013 4635 1178 4675 carne
1212 4619 1424 4673 Domini
1449 4620 1565 4674 haec
1591 4619 1698 4673 ait:

408 4764 450 4794 ⁵²
480 4761 626 4835 Psal.
672 4783 761 4834 xv,
795 4767 847 4824 9.
955 4768 1000 4799 ⁵³
1036 4764 1100 4819 IV
1139 4765 1272 4835 Reg.
1311 4782 1373 4833 tt,
1408 4765 1493 4819 ll.

341 4850 498 4899 xvttt,
533 4834 587 4887 6.

413 4977 526 5049 (54)
551 4975 1048 5049 Μεετβοίῖιωῑθηεὶβ
1077 4983 1129 5027 et
1157 4972 1359 5049 Regius
1384 4988 1669 5049 perperam
1697 4972 1918 5036 habent,

341 5044 445 5101 non
470 5044 583 5100 erat
619 5047 742 5100 talis
774 5048 830 5100 in
855 5045 1347 5111 transfer-motione,
1384 5045 1560 5115 qualis
1582 5044 1779 5109 fuerat,
1807 5054 1912 5096 etc.

340 5120 444 5172 Sml
472 5119 648 5171 caeteri
685 5132 816 5171 mss.
843 5126 897 5169 et
922 5117 1052 5169 editi
1078 5124 1223 5169 recte
1263 5122 1319 5168 ut
1353 5117 1404 5168 in
1445 5124 1613 5168 textu.

412 5189 523 5259 (55)
548 5190 621 5241 Ex
653 5186 943 5259 Comment.
969 5186 1023 5238 in
1065 5188 1252 5253 psalm.
1294 5201 1382 5249 xv,

411 5252 524 5330 (56)
568 5258 729 5323 Etliti,
751 5258 902 5325 cujus
935 5252 1102 5323 primo
1130 5273 1253 5310 caro
1287 5255 1533 5330 requievit
1569 5256 1622 5307 iu
1651 5270 1758 5322 spe.
1785 5252 1922 5306 Cru-

339 5326 531 5398 ci/iasus
555 5330 691 5383 enim
734 5330 1138 5396 primogenitus,
1170 5337 1277 5380 etc.
1324 5326 1436 5398 Sed
1470 5341 1664 5398 omnes
1704 5342 1835 5378 mss.
1867 5336 1925 5378 ttt

343 5396 397 5454 in
446 5413 632 5454 nostro
681 5409 853 5454 testu.
892 5398 1059 5451 Paulo
1089 5407 1207 5466 post
1241 5412 1373 5450 mss.
1414 5396 1747 5450 Sorbouicus
1777 5405 1833 5447 et
1862 5399 1922 5447 S.

343 5470 621 5524 Michaelis
658 5470 711 5523 in
746 5468 998 5522 Periculo
1030 5469 1200 5520 maris
1226 5506 1240 5530 ,
1273 5478 1317 5519 et
1344 5476 1453 5532 post
1486 5466 1922 5519 resurreuioncm

343 5552 646 5610 assumptus
680 5541 735 5593 in
784 5538 936 5593 ccelos
965 5536 1252 5610 gccelorum,
1271 5608 1278 5610 _
1300 5553 1472 5610 secum
1500 5548 1784 5610 terrenum,
1814 5547 1918 5590 etc.

344 5607 535 5666 Caute-rt
573 5626 703 5664 vero
732 5625 861 5664 mss.
890 5608 1092 5663 habent
1125 5608 1463 5677 simpliciter,
1493 5608 1549 5660 in
1577 5607 1784 5671 caelum,
1813 5623 1919 5661 non

345 5684 397 5735 in
430 5684 581 5735 ctelos
611 5680 881 5735 cartorum.

416 5750 529 5824 (57)
564 5752 766 5808 Omnes
795 5764 925 5811 mss.
970 5750 1349 5807 ascendentem.
1389 5748 1550 5819 Editi,
1595 5748 1908 5805 ascendisse.

1594 4764 1640 4795 ⁵³
1686 4762 1881 4818 Genes.
1926 4779 1983 4831 ν,
2017 4762 2109 4818 24.

2023 4528 2257 4598 jusmodi
2288 4525 2499 4580 fabulas
2545 4536 2602 4580 et
2650 4526 2902 4595 ﬁgmenta
2950 4537 3299 4598 componunt.
3332 4528 3440 4583 Nos
3476 4542 3608 4584 vero

2030 4619 2393 4688 deprecamur
2437 4617 2885 4685 omnipotentiam
2941 4619 3057 4682 Dei,
3116 4631 3173 4674 ut
3229 4636 3326 4676 nos
3354 4622 3607 4692 dignetur

2214 4761 2260 4793 ⁵⁸
2309 4761 2409 4815 lsa.
2459 4776 2611 4825 unt,
2647 4761 2696 4815 l.
2819 4763 2864 4793 ⁵⁵
2893 4761 3035 4817 Psal.
3068 4777 3163 4828 xv,
3198 4761 3252 4817 9.
3390 4764 3435 4795 ⁸⁸
3461 4763 3607 4820 Psal.

2035 4974 2173 5047 Infra
2210 4991 2357 5047 mss.
2384 4975 2567 5044 plures
2590 4990 2895 5046 perperam,
2926 4972 3186 5029 Ostendat
3220 4975 3313 5047 [οἱ.
3352 4972 3606 5032 Ostendi-

2024 5044 2133 5114 tur]
2158 5048 2246 5114 qui
2276 5046 2402 5108 vult,
2426 5057 2535 5103 etc.

2555 5117 2680 5185 quia
2710 5117 2977 5185 quondam
2995 5115 3311 5185 aliquidtale
3334 5134 3603 5180 nunquam

2029 5188 2294 5253 viderant,
2325 5190 2461 5240 sicut
2490 5204 2628 5241 nunc
2656 5190 2866 5254 quando
2901 5188 3138 5239 uidebant
3169 5204 3380 5240 carnem
3420 5204 3576 5240 ascen

2029 5260 2151 5311 dere
2194 5264 2245 5309 in
2291 5259 2543 5314 coelum...
2581 5257 2712 5321 Quis
2759 5266 2835 5309 est
2889 5259 2982 5309 istc
3009 5258 3098 5324 qui
3136 5260 3270 5311 venit
3301 5260 3363 5310 de
3391 5256 3602 5310 Edam."

2029 5328 2416 5383 Gcnebrartlus
2445 5367 2460 5393 ,
2510 5331 2635 5397 quia
2681 5328 2820 5397 quod
2866 5343 3133 5395 nunquam
3184 5327 3418 5380 uiderant
3461 5340 3599 5391 ante,

2029 5416 2167 5452 nunc
2205 5399 2415 5451 tandem
2447 5397 2683 5451 videbant
2714 5413 2927 5449 carnem
2954 5398 3252 5451 ascendisse
3274 5401 3326 5450 in
3343 5397 3594 5452 (mlum...

2029 5469 2159 5534 Quis
2193 5482 2268 5522 est
2313 5472 2409 5521 iste
2450 5469 2539 5538 qui
2564 5468 2698 5520 venit
2742 5468 2805 5519 de
2839 5467 3052 5538 Edoni?
3083 5467 3188 5521 Sed
3225 5483 3414 5522 omnes
3468 5484 3579 5521 mss

2031 5541 2172 5593 utin
2209 5552 2397 5601 textu;
2438 5537 2541 5592 nisi
2568 5539 2713 5606 quod
2755 5553 2891 5592 unus
2925 5537 3144 5601 habeat,
3198 5554 3338 5593 nunc
3390 5540 3575 5596 uideas

2028 5627 2126 5680 pro
2166 5626 2303 5663 nunc
2328 5611 2592 5680 videbant.

2097 5680 2210 5756 (ὃν)
2251 5682 2327 5738 ιιι
2360 5678 2652 5736 Comment.
2685 5679 2737 5733 in
2771 5678 2908 5749 psal.
2940 5695 3096 5750 xvm,
3124 5679 3179 5735 6.
