3840 6222
132 314 227 370 601

1303 316 1648 373 ΑΡθιοοιΑ
1690 314 1826 372 PRO
1866 312 2028 369 ORlG
2038 312 2187 366 ENE.

3293 309 3399 366 692

137 437 345 504 audire,
380 445 435 497 et
476 449 685 495 secreta
722 439 880 495 nobis
920 440 1181 508 spiritalis
1228 441 1600 509 intelligentiae
1631 441 1716 494 di—
1746 444 1793 500 Α
1824 439 2145 493 memoriam
2182 436 2478 505 recipiens,
2523 448 2753 503 quorum
2788 434 2840 488 in
2875 448 2935 487 se
2960 434 3113 504 signa
3144 433 3392 503 quaedam

141 538 334 598 gnetur
361 531 599 600 aperire.
632 530 789 598 Quod
828 546 961 601 ergo
990 547 1021 586 a
1063 534 1222 588 nobis
1261 534 1494 588 sentitur
1534 534 1586 586 in
1612 532 1716 586 hoc

142 622 281 689 loco,
330 623 434 679 hoc
481 632 585 688 est,
633 622 701 677 In
743 627 855 678 sole
896 626 1069 692 posuit
1099 625 1498 678 tabernaculum
1532 640 1710 687 suum,

141 729 324 781 quaero
359 714 488 784 quid
533 714 605 768 sit
650 715 1061 770 tabernaculum
1110 715 1339 782 Christi,
1389 723 1446 770 et
1479 730 1600 783 qua:
1644 716 1717 770 sit

146 807 487 863 babitatioiu
518 823 627 877 qua
685 809 1092 871 tabernaculum
1135 810 1340 864 Christi
1396 809 1713 864 collocatur.

145 898 415 952 llabitatio
463 899 792 955 tabernaculi
842 900 1047 955 Christi
1082 900 1163 955 sol
1204 916 1325 955 esse
1359 900 1575 955 dicitur.
1613 901 1717 953 Τι-

144 989 498 1045 bernaculum
539 1006 669 1045 vero
698 991 903 1046 Christi
938 991 1241 1046 Ecclesiam
1284 1007 1410 1047 esse
1449 992 1713 1061 intelligo.

146 1079 324 1136 Solem
359 1094 538 1137 autem
564 1098 729 1152 quem
759 1083 925 1138 alium
961 1085 1165 1138 sentire
1194 1083 1399 1147 debeo,
1439 1083 1543 1137 nisi
1586 1083 1715 1137 illud

139 1175 313 1228 lumen
338 1188 539 1239 verum,
567 1175 706 1244 quod
752 1175 1021 1228 illuminat
1068 1192 1274 1229 omnem
1336 1176 1600 1229 hominem
1632 1194 1719 1230 ve-

141 1268 369 1325 nientem
392 1267 446 1319 in
475 1268 614 1321 hunc
636 1268 888 1321 mundum
904 1268 990 1320 ‘7?
1030 1268 1204 1335 Ipsum
1233 1268 1388 1323 video
1439 1268 1628 1333 solem,
1651 1270 1718 1325 de

142 1372 249 1427 quo
268 1357 472 1411 dictum
492 1350 574 1413 est
607 1373 621 1411 :
650 1356 789 1422 Quia
818 1358 1120 1411 timentibus
1149 1358 1264 1427 (till)
1296 1376 1483 1412 nomen
1504 1358 1717 1413 Domini

140 1450 341 1502 orietur
364 1448 461 1504 Sol
481 1449 735 1519 justitiw,
756 1459 806 1503 et
834 1449 1039 1503 sanitas
1070 1451 1125 1503 in
1156 1450 1257 1503 alis
1285 1451 1401 1519 ejus
1423 1450 1489 1505 ⁵⁸.
1518 1450 1574 1504 In
1604 1449 1717 1505 sole

140 1556 270 1613 ergo
297 1543 477 1611 posuit
500 1542 907 1599 tabernaculum
967 1558 1147 1606 suum,
1181 1544 1234 1597 id
1273 1552 1358 1597 est
1389 1544 1441 1597 in
1473 1541 1600 1598 Sole
1623 1542 1716 1610 ju-

141 1632 306 1686 stitize
332 1632 629 1687 Ecclesium
655 1648 810 1687 suam
865 1633 1171 1688 collocavit.
1203 1634 1259 1687 ln
1287 1633 1377 1686 illo
1405 1633 1548 1687 enim
1604 1632 1716 1688 sole

138 1725 381 1781 Ecclesia
429 1725 694 1780 collocata
746 1737 852 1791 est,
914 1727 1006 1796 qui
1066 1726 1211 1782 diem
1250 1737 1514 1781 aeternum
1562 1725 1710 1791 facit,

136 1820 282 1873 sicut
312 1820 515 1875 dictum
550 1830 633 1875 est
669 1838 683 1874 :
712 1818 833 1873 Erit
870 1821 966 1875 tibi
998 1820 1254 1875 Dominus
1289 1821 1385 1875 lux
1415 1831 1632 1888 wterna,
1665 1831 1711 1876 et

135 1910 279 1964 Deus
309 1910 480 1980 gloria
517 1919 611 1963 tua
630 1910 700 1963 ⁸⁸.
741 1929 759 1961 ι

208 2002 542 2057 Ρλιιριιιιυε.
601 2002 941 2058 Erubescant
983 2005 1146 2065 etiam
1191 2005 1266 2059 illi
1297 2005 1388 2074 qui
1418 2005 1603 2061 ethoc
1648 2005 1717 2061 de

132 2111 255 2166 Ipso
286 2112 395 2150 non
427 2094 812 2149 dubitaverunt
851 2097 1185 2150 concinnare
1238 2099 1549 2165 ligmentum
1579 2097 1712 2170 (6|),

130 2204 245 2259 quo
274 2188 521 2242 dicereut
554 2187 682 2257 quia
718 2203 916 2257 corpus
948 2189 1029 2243 vel
1056 2204 1277 2243 carnem
1306 2191 1508 2245 Christi
1544 2206 1717 2260 usque

134 2281 204 2333 ad
252 2279 425 2333 solem
487 2278 620 2332 dicit
660 2289 929 2344 evectam,
982 2290 1037 2335 et
1083 2281 1155 2335 ibi
1204 2296 1328 2336 esse
1376 2282 1713 2336 derelictam.

136 2368 251 2426 Hoc
280 2371 425 2425 enim
460 2370 549 2425 ille
600 2371 669 2425 ab
719 2370 842 2425 aliis
884 2372 1112 2441 dictum,
1144 2389 1253 2427 non
1315 2384 1465 2429 recte
1511 2375 1714 2429 dictum

131 2481 257 2521 esse
299 2464 565 2521 eonfutat.
602 2464 709 2520 Sed
737 2467 1097 2521 ostenderunt
1144 2483 1206 2522 se
1256 2484 1322 2523 ne
1357 2469 1469 2523 haec
1498 2470 1715 2538 quidem

135 2560 442 2630 intelligere
473 2560 720 2628 potuisse
775 2561 1173 2615 obtrectatores
1217 2560 1335 2630 ejus
1363 2577 1482 2632 quae
1513 2562 1600 2617 ille
1648 2564 1716 2619 ab

131 2657 262 2712 aliis
296 2671 402 2710 non
424 2665 570 2710 recte
596 2658 743 2711 dicta
770 2658 1040 2724 coarguit,
1077 2667 1129 2711 et
1159 2673 1278 2726 qua:
1307 2667 1432 2711 sunt
1462 2673 1580 2726 qua:
1603 2658 1715 2727 ipsa

131 2751 452 2806 conﬁrmat.
469 2750 603 2802 Tum
623 2749 821 2803 deinde
849 2750 1016 2803 etiam
1043 2749 1121 2803 illi
1150 2751 1534 2819 impudentiam
1564 2767 1715 2805 suam

130 2843 451 2906 retundant,
483 2842 576 2911 qui
598 2843 785 2898 dicunt
806 2857 930 2896 cum
962 2857 1160 2911 corpus
1188 2844 1407 2912 quidem
1430 2859 1716 2914 resurgere

134 2935 410 2996 centiteri,
438 2949 659 2990 carnem
687 2950 821 2990 vero
848 2951 1074 3005 negare.
1133 2936 1391 2989 Desinant
1428 2937 1717 3005 aliquando

131 3039 160 3077 a
199 3025 534 3093 maledictis,
570 3028 827 3082 videntes
870 3044 995 3083 eum
1022 3044 1241 3082 carnem
1282 3026 1437 3082 Verbi
1465 3029 1558 3084 Dei
1591 3046 1714 3084 cum

1820 548 1883 587 ac
1914 531 2138 597 formas,
2167 545 2287 584 cum
2308 537 2578 599 peccaret,
2597 536 2963 596 expresserat,
2982 537 3036 581 et
3061 527 3395 597 singulorum

1819 634 2094 694 gestorum
2128 637 2350 676 suorum
2370 636 2490 688 quae
2508 619 2591 673 vel
2616 620 2758 673 {cede
2781 619 2865 672 vel
2890 619 3114 687 turpiter
3134 629 3396 688 gesserat,

1821 715 1906 769 vel
1938 715 2101 767 etiam
2153 714 2318 782 impie
2357 712 2732 776 commiserat,
2790 710 3069 765 historiam
3103 712 3395 778 quamdam

1822 807 2090 862 scelerum
2122 821 2342 861 suorum
2395 816 2521 859 ante
2558 804 2746 859 oculos
2791 818 2916 858 suos
2949 800 3156 856 videbit
3184 802 3383 869 exposi‘

1824 908 1954 951 tam.
1976 896 2128 950 Tunc
2148 904 2204 950 et
2238 896 2352 964 ipsa
2377 894 2733 951 conscientia.
2761 892 2994 962 propriis
3025 892 3261 946 stimulis
3285 893 3399 961 agi-

1820 998 1969 1044 tatur
1995 998 2156 1057 atque
2178 987 2581 1059 compnngitur,
2603 996 2656 1041 et
2687 986 2800 1039 suis
2828 984 2943 1051 ipsa
2970 981 3203 1037 efﬁcitur
3235 998 3398 1038 accu-

1824 1086 2015 1147 satrix,
2043 1094 2099 1138 et
2132 1085 2303 1138 testis.
2336 1081 2491 1150 Quod
2521 1082 2594 1136 ita
2622 1081 2860 1135 sensisse
2887 1080 3052 1135 etiam
3089 1080 3392 1148 apostolum

1828 1180 2050 1233 Paulum
2082 1188 2232 1247 puto,
2258 1192 2381 1231 cum
2422 1177 2598 1231 dicit:
2638 1174 2790 1228 Inter
2832 1190 2887 1228 se
2932 1174 3151 1227 invicem
3196 1174 3397 1242 cogita-

1827 1272 2064 1323 tionibus
2099 1268 2494 1329 accusantibus,
2532 1276 2622 1321 aut
2672 1267 2833 1321 etiam
2877 1266 3298 1335 defendentibus,
3344 1266 3398 1319 in

1823 1364 1926 1426 die,
1956 1378 2073 1414 cum
2095 1361 2361 1430 judicabit
2388 1359 2527 1413 Deus
2552 1358 2757 1412 occulta
2782 1358 3072 1418 hominum,
3113 1356 3399 1409 secundum

1823 1451 2168 1522 Evangelium
2196 1467 2388 1514 meum,
2426 1466 2516 1516 per
2531 1449 2713 1504 Iesum
2736 1447 3084 1502 Christum“.
3116 1465 3136 1498 ι

1891 1544 2218 1599 Puteanus.
2253 1544 2359 1596 Sed
2383 1551 2436 1597 et
2464 1543 2520 1596 in
2558 1542 2907 1610 sequentibus
2936 1555 3153 1593 rursum
3184 1539 3251 1594 de
3274 1553 3398 1609 pec-

1820 1647 2068 1691 catorum
2104 1633 2282 1703 poenis
2317 1635 2418 1687 hoc
2442 1634 2603 1687 modo
2624 1633 2815 1688 scribit
2850 1650 2863 1687 :

1896 1726 2186 1781 ORIGENES.
2236 1744 2254 1776 s
2297 1724 2463 1778 Multa
2494 1735 2623 1778 sunt
2684 1718 2889 1778 autem
2923 1739 3043 1793 quae
3074 1738 3171 1779 nos
3209 1723 3396 1786 latent,

1820 1835 1941 1888 quas
1970 1820 2046 1873 illi
2076 1819 2173 1874 soli
2201 1819 2414 1889 cognita
2434 1827 2561 1873 sunt
2587 1821 2679 1886 qui
2708 1826 2791 1872 est
2823 1819 3065 1871 medicus
3096 1818 3397 1872 animarum

1816 1922 2150 1967 nostrarum.
2190 1910 2247 1965 Si
2283 1911 2427 1964 enim
2463 1910 2530 1963 ad
2563 1910 2811 1978 corporis
2857 1910 3147 1962 sanitatem
3182 1923 3281 1978 pro
3315 1908 3401 1963 his

1816 2012 1969 2064 vitiis
1990 2025 2111 2080 quae
2136 2025 2234 2078 per
2264 2024 2445 2064 escam
2493 2018 2791 2078 potumque
2824 2006 3161 2072 collegimus,
3204 2022 3381 2062 neces.

1816 2103 2021 2155 sariam
2058 2101 2320 2155 habemus
2380 2100 2652 2155 interdum
2696 2099 3014 2153 austerioris
3067 2114 3129 2152 ac
3184 2100 3393 2154 morda-

1819 2196 1981 2249 cioris
2040 2194 2423 2248 medicamenti
2458 2208 2643 2246 curam
2671 2206 2686 2245 :
2718 2206 3107 2260 nonnunquam
3158 2206 3311 2254 vero,
3352 2200 3397 2246 st

1820 2291 1870 2344 id
1910 2289 2022 2343 vitii
2060 2287 2298 2356 qualitas
2350 2285 2757 2355 depoposcerit,
2802 2286 2980 2355 rigore
3028 2283 3160 2338 ferri
3210 2293 3265 2338 et
3314 2299 3399 2338 se-

1818 2383 2014 2437 ctionis
2040 2382 2333 2452 asperitate
2361 2380 2662 2449 indigemus
2693 2396 2706 2433 :
2742 2380 2884 2448 quod
2910 2381 2951 2431 si
2987 2388 3039 2433 et
3070 2379 3184 2431 haec
3212 2392 3401 2446 super-

1819 2491 2036 2544 gressus
2066 2474 2226 2529 fuerit
2254 2473 2425 2527 morbi
2468 2473 2679 2535 modus,
2704 2473 2770 2524 ad
2798 2471 3043 2524 ultimum
3077 2480 3398 2539 conceptum

1818 2568 2006 2622 vitium
2067 2566 2206 2637 ignis
2266 2565 2493 2620 exurit:
2531 2573 2735 2632 quanto
2768 2563 2939 2632 magis
2990 2561 3397 2630 intelligendum

1819 2672 1921 2724 est,
1958 2661 2226 2715 medicum
2248 2668 2489 2713 nostrum
2520 2655 2688 2710 Dcunt
2720 2660 2989 2709 volentem
3024 2654 3236 2707 diluere
3268 2655 3398 2707 vitia

1819 2756 2118 2808 animarum
2153 2763 2467 2807 nostrarum
2520 2750 2660 2820 (65),
2697 2763 2815 2818 qum
2854 2764 2918 2801 ex
2950 2755 3295 2816 peccatorum
3346 2756 3400 2801 et

1819 2848 2084 2925 scelerum
2136 2844 2453 2897 diversitate
2508 2841 2883 2910 collegerant,
2953 2841 3027 2891 uti
3092 2837 3397 2905 hujusmodi

1816 2937 2120 3008 poenalibus
2150 2936 2321 3000 curis,
2362 2935 2583 3003 insuper
2626 2934 2789 2988 etiam
2835 2932 2972 3000 ignis
3037 2930 3238 2983 inferre
3274 2946 3400 3000 sup-

1819 3032 2034 3102 plicittm
2064 3029 2147 3083 his
2177 3030 2269 3098 qui
2301 3028 2587 3081 sanitatem
2621 3026 2818 3079 anima:
2847 3023 3239 3092 perdiderunt?
3272 3042 3289 3074 ι

131 3118 255 3186 ipso
290 3116 469 3174 Verbo
496 3120 608 3175 Deo
639 3120 692 3174 in
730 3121 894 3186 coelo,
923 3120 1296 3201 quoNerbum
1332 3122 1600 3187 ascendit,
1621 3123 1713 3177 im~
1739 3135 1782 3194 (ς
1888 3128 2216 3181 PAMPHILUS.
2274 3123 2384 3194 (64)
2444 3121 2575 3176 ltem
2610 3126 2734 3190 post
2787 3133 2958 3189 pauca
2990 3118 3196 3172 addidit
3236 3116 3398 3170 etiam

127 3222 358 3276 ponere.

204 3300 306 3353 llis
329 3300 615 3373 conjungit
650 3304 717 3358 de
747 3303 1029 3375 suppliciis
1058 3314 1427 3373 peccatorum,
1458 3320 1579 3375 quae
1618 3320 1716 3360 nos

127 3405 353 3459 quoque
405 3404 815 3463 consequenter
846 3397 913 3450 ad
942 3412 1004 3449 ea
1026 3412 1147 3466 quae
1182 3412 1346 3465 supra
1394 3398 1538 3451 dicta
1567 3406 1713 3463 sunt,

129 3482 537 3552 conjungimns,
575 3487 833 3555 quoniam
857 3486 913 3541 in
934 3488 1123 3543 ordine
1144 3489 1583 3543 criminationum
1612 3489 1716 3543 iste

130 3572 317 3629 fuerat
351 3577 485 3631 ordo
522 3577 787 3646 digestus.

722 3668 956 3726 CAPUT
986 3670 1115 3728 Vill.

205 3776 421 3819 ALTERA
454 3779 741 3820 ιιεεροΝειο
777 3778 846 3819 ΑΙ)
886 3782 1152 3821 SEPTIMA}!
1195 3782 1640 3823 CRIMINATIONEX.

602 3857 673 3910 De
706 3859 870 3925 panis
895 3869 1254 3925 peccatorum.

449 3945 550 4019 (Ex
574 3947 711 4003 libro
747 3949 988 4003 secundo
1012 3950 1149 4018 Περὶ
1177 3950 1421 4021 ἀρχῶν.)

198 4040 501 4098 Οιιιςειηεε.
536 4040 650 4112 (62)
687 4059 704 4091 ι
740 4040 851 4109 Ego
896 4041 1137 4095 arbitror
1165 4045 1308 4111 quod
1340 4045 1479 4099 sicut
1509 4045 1561 4099 in
1594 4060 1718 4101 cor-

126 4148 268 4201 pore
322 4149 464 4188 esca:
519 4131 876 4197 abundantia,
932 4138 988 4185 et
1034 4132 1290 4200 qualitas,
1347 4146 1402 4190 et
1439 4137 1717 4205 quantitas

127 4228 241 4280 cibi
283 4225 584 4289 contraria,
640 4224 822 4280 febres
885 4235 1128 4295 generat,
1175 4236 1229 4280 et
1274 4226 1453 4282 febres
1510 4229 1714 4284 diversi

124 4318 219 4373 vel
284 4317 454 4383 modi,
508 4317 594 4371 vel
637 4317 920 4385 temporis,
976 4318 1271 4373 secundum
1324 4334 1442 4373 eam
1505 4336 1720 4376 mensu-

124 4428 253 4466 ram
310 4425 419 4481 qua
471 4410 827 4478 intemperies
885 4410 1111 4465 collecta
1156 4412 1442 4465 materiam
1477 4415 1717 4485 suggerit

1823 3220 1936 3274 hinc
1971 3237 1983 3271 :

1893 3307 2181 3363 Ornos-ses.
2212 3325 2230 3358 ι
2260 3304 2524 3371 Quoniam
2562 3315 2740 3358 autem
2800 3300 3205 3372 pernecessaria
3240 3312 3402 3368 paena

1822 3412 1903 3455 est
1935 3417 1993 3454 ea
2021 3417 2139 3469 qtae
2166 3415 2261 3468 per
2286 3400 2465 3467 ignem
2493 3396 2684 3452 referri
2708 3398 2926 3458 dicitur,
2976 3395 3141 3448 Isaias
3172 3393 3400 3454 docens.

1823 3497 1889 3549 de
1915 3493 2079 3547 Israel
2105 3493 2322 3562 quidem
2369 3492 2447 3545 sic
2479 3490 2646 3544 dicit:
2686 3490 2871 3543 Abluet
2914 3488 3170 3541 Dominus
3220 3485 3401 3538 sordes

1822 3585 2054 3653 ﬁliorum
2082 3599 2144 3636 ac
2167 3583 2405 3652 ﬁliarum
2430 3581 2580 3641 Sion,
2624 3591 2672 3635 et
2700 3581 3006 3649 sanguinem
3041 3576 3348 3644 expurgabit
3375 3591 3400 3628 e

1822 3678 1993 3731 medio
2022 3679 2251 3743 ipsorum
2275 3674 2739 3742 spiritujudiciiet
2786 3671 2982 3734 spiritu
3011 3668 3309 3722 adustionis
3334 3668 3399 3720 ⁸³.

1825 3768 1898 3823 De
1925 3767 2193 3824 Chaldaeis
2216 3776 2395 3820 autem
2434 3767 2515 3820 sic
2542 3766 2671 3819 dicit
2700 3781 2713 3818 :
2741 3763 2915 3818 Habes
2949 3764 3200 3816 carbones
3243 3762 3400 3829 ignis,

1822 3863 2023 3917 sedebis
2044 3876 2199 3929 super
2213 3876 2300 3913 eos
2328 3858 2422 3912 :hi
2443 3867 2595 3911 erunt
2623 3857 2717 3909 tibi
2744 3856 3012 3926 adjutorio
3028 3855 3091 3906 θ’.
3113 3853 3170 3906 Et
3199 3852 3249 3905 in
3281 3851 3403 3904 aliis

1823 3955 1954 4010 dicit
1984 3973 1997 4008 :
2025 3951 2383 4020 Sancti/icabit
2409 3967 2495 4003 eos
2521 3949 2777 4002 Dominus
2810 3951 2861 4001 in
2886 3950 3003 4017 igne
3026 3945 3228 3999 ardenti
3246 3943 3309 3995 ⁸³.
3339 3941 3402 3996 Et

1824 4048 1877 4103 in
1912 4046 2175 4101 Malachia
2221 4046 2483 4114 propheta
2520 4043 2651 4097 dicit
2681 4058 2694 4093 :
2729 4040 2930 4096 Sedens
2964 4038 3220 4092 Dominus
3274 4051 3402 4089 con-

1822 4142 1971 4211 ﬂabit
2032 4140 2169 4193 sicut
2220 4154 2410 4190 aurum
2458 4147 2506 4189 et
2560 4142 2837 4206 argentum
2888 4136 3139 4199 pupulum
3210 4143 3397 4191 suum,

1824 4233 2073 4302 con/labit
2111 4241 2159 4284 et
2199 4229 2588 4301 purgabiteos,
2640 4236 2687 4280 et
2730 4224 2911 4295 [undet
2958 4233 3210 4291 purgatos
3261 4220 3403 4289 ﬁlios

1822 4325 1967 4379 Iuda
1992 4323 2058 4376 ⁸⁸.
2102 4342 2120 4375 ι

1894 4416 2224 4473 ΡΑιιιιιιιιυε.
2274 4414 2399 4470 Haec
2447 4412 2662 4483 quidem
2711 4426 2778 4464 ex
2824 4409 2976 4462 libris
3003 4405 3140 4475 Περὶ
3178 4403 3399 4475 ἀρχῶν.

122 4520 193 4560 ac
219 4503 468 4559 fomitem
498 4503 729 4557 lehrium
766 4521 779 4555 :
823 4518 944 4572 qua:
993 4503 1235 4557 materia:
1263 4504 1497 4573 qualitas
1536 4522 1603 4560 ex
1638 4508 1711 4561 di-

1831 4512 2247 4568 Innumerabilia
2280 4525 2408 4564 vero
2440 4508 2683 4577 dispersa
2733 4513 2861 4559 sunt
2892 4518 2987 4572 per
3015 4516 3205 4555 omnes
3238 4500 3404 4553 libros

122 4611 301 4651 versa
335 4595 657 4664 intemperie
686 4604 1039 4665 congregata,
1096 4609 1260 4649 causa
1298 4598 1379 4650 vel
1414 4599 1719 4654 acerbioris

121 4688 339 4751 morbi,
369 4686 454 4742 vel
515 4686 825 4756 prolixioris
863 4685 1079 4741 exsistit
1132 4703 1147 4740 :
1210 4687 1282 4740 ita
1329 4688 1534 4752 anima,
1595 4704 1718 4743 cum

126 4780 549 4835 multitudinem
579 4779 845 4833 malorum
880 4793 1105 4847 operum
1146 4785 1201 4831 et
1233 4779 1627 4835 abundantiam
1666 4781 1718 4835 in

121 4891 183 4930 se
206 4872 629 4944 congregaverit
678 4882 1046 4943 peccatorum.
1102 4872 1441 4942 Competenti
1479 4884 1722 4945 tempore

117 4966 316 5022 omnis
348 4965 438 5021 illa
467 4966 732 5021 malorum
761 4964 1110 5036 congregatio
1141 4965 1445 5020 concitatur
1476 4966 1543 5021 ad
1588 4982 1719 5035 sup-

120 5059 383 5127 plicium,
421 5066 582 5128 atque
627 5056 995 5112 inﬂammatur
1037 5060 1102 5111 ad
1150 5070 1377 5127 pmnas:
1407 5072 1527 5112 cum
1564 5074 1719 5115 mens

119 5153 247 5221 ipsa
287 5149 374 5203 vel
407 5150 742 5205 conscientia
780 5166 872 5216 per
900 5149 1141 5204 divinam
1167 5150 1423 5202 virtutem
1454 5150 1634 5204 omnia
1661 5152 1715 5205 in

192 5248 247 5280 ⁸⁷
274 5244 436 5301 Joan.
477 5262 517 5308 t,
554 5246 605 5301 9.
685 5246 731 5277 ⁸⁸
762 5245 990 5301 Malach.
1017 5261 1090 5308 tv,
1126 5245 1183 5303 2.

118 5319 167 5350 ⁸³
200 5317 314 5371 lsa.
350 5333 404 5381 χ,
440 5318 530 5374 17.
601 5316 647 5350 ⁸⁸
682 5316 907 5373 Malach.
946 5333 1028 5380 ιιι,
1057 5316 1109 5370 ὅ.

194 5413 323 5486 (60)
368 5412 447 5486 lta
489 5429 680 5486 omnes
717 5430 851 5486 mss.
875 5413 1022 5486 Editi
1058 5426 1237 5486 _vero_,_
1274 5428 1462 5486 nomen
1492 5430 1662 5468 meum
1693 5432 1715 5481 ;

113 5497 174 5540 ct
207 5481 392 5543 infra,
426 5484 488 5537 In
510 5485 602 5538 illo
622 5486 759 5540 enim
789 5484 914 5540 Sole
930 5484 1159 5552 justitia:
1192 5481 1453 5547 Ecclesia,
1481 5496 1587 5539 etc.

58 5592 67 5627 ι
196 5556 326 5623 (δι)
364 5553 535 5627 Editi,
564 5558 700 5623 quod
726 5556 919 5627 dixerit
952 5552 1239 5627 corpustjel
1275 5568 1485 5627 carnem
1523 5553 1719 5610 Christi

58 5620 67 5645 ί
115 5620 585 5697 usque'adsolem'
608 5636 810 5679 vectam
842 5624 938 5697 [aL
972 5620 1333 5693 recturi],etc.
1368 5621 1569 5684 Omnes
1594 5641 1720 5684 vero

116 5714 270 5753 mss.
311 5704 371 5747 ut
404 5696 457 5748 in
478 5706 667 5750 nostro
701 5696 869 5752 textu.

194 5765 327 5840 (62)
351 5765 440 5840 _Ex
470 5765 565 5820 lib.
598 5781 632 5819 ιι
670 5765 743 5821 De
773 5766 1025 5838 princip,
1048 5783 1167 5840 cap.
1192 5766 1279 5837 10,
1313 5768 1536 5827 nttm.4.

194 5835 326 5908 (63)
350 5835 491 5908 Lege
517 5845 692 5894 caute.

1273 5246 1318 5278 ⁵³
1352 5243 1456 5300 lsa.
1491 5262 1583 5314 Ls,
1618 5250 1703 5305 19.
1780 5255 1824 5285 ⁶⁰
1858 5253 2013 5309 llont.
2051 5267 2110 5316 ll,
2141 5249 2227 5315 15,
2263 5248 2351 5303 16.

1827 4604 1944 4670 ejus
1974 4601 2293 4657 assertionis
2338 4600 2497 4666 hujus
2548 4595 2880 4656 tesdmonia,
2924 4608 3043 4659 qum
3080 4606 3176 4643 nos
3224 4589 3407 4642 studio

1828 4697 2107 4753 brevitatis
2135 4694 2461 4757 omittimus,
2491 4695 2982 4745 commemorantes
3002 4685 3064 4737 de
3092 4685 3176 4737 his
3206 4681 3407 4735 solum-

1828 4790 2009 4854 modo,
2044 4803 2165 4858 quae
2213 4786 2267 4841 in
2300 4795 2453 4840 sexto
2479 4783 2689 4856 psalmo
2727 4780 2795 4835 de
2828 4779 2933 4833 hoc
2961 4778 3078 4847 ipso
3116 4788 3405 4845 ptcnarutn

1828 4896 2026 4953 genere
2048 4878 2363 4950 disputavit.

1898 4974 2188 5029 Galaesus.
2220 4970 2310 5044 (65
2375 4987 2393 5020 ι
2430 4966 2692 5022 Possibile
2720 4972 2805 5019 est
2849 4962 3195 5017 considerare
3221 4974 3287 5013 ex
3319 4958 3406 5013 his

1834 5066 2069 5119 maxime
2096 5062 2376 5117 doloribus
2406 5074 2545 5129 quos
2580 5058 2633 5111 in
2670 5057 2770 5111 hoc
2806 5067 3035 5121 corpore
3071 5050 3231 5120 positi
3283 5063 3408 5102 sen-

1835 5158 2016 5220 timus,
2049 5154 2138 5222 qui
2194 5151 2445 5221 quamvis
2497 5147 2672 5218 magni
2707 5146 2841 5209 sint,
2875 5144 3055 5197 brevis
3103 5152 3251 5195 certe
3281 5148 3405 5193 sunt

2430 5246 2473 5278 ⁶¹
2506 5244 2609 5301 lsa.
2641 5259 2715 5309 tv,
2753 5243 2807 5298 4.
2885 5241 2930 5271 ⁶¹
2974 5240 3075 5295 lsa.
3114 5253 3281 5304 XLvu,
3316 5236 3401 5290 11.

1897 5417 2009 5485 (lii)
2041 5414 2132 5468 Sic
2159 5428 2347 5467 omnes
2376 5424 2506 5485 mss.
2544 5404 2736 5485 nostri.
2770 5405 2965 5485 Verum
3000 5401 3129 5485 editi
3156 5442 3169 5463 ,
3198 5397 3404 5485 Etlpost

1824 5465 2240 5555 paucula-dilidit
2270 5465 2565 5555 etiamhoc
2594 5478 2687 5551 [al.
2740 5477 3009 5553 omittitur
3059 5474 3217 5525 etiam
3258 5465 3401 5555 hoc].

1825 5548 2117 5614 Olthl-INES.
2152 5554 2425 5620 Quomodo
2448 5548 2623 5605 autem
2645 5548 3037 5620 pernecessaria
3058 5557 3209 5620 paena
3234 5548 3307 5620 est
3340 5553 3403 5620 ca

1824 5606 2297 5700 5.:iiii'giii'igﬁzem
2325 5623 2483 5690 infert
2536 5606 2695 5685 Deu's,
2718 5618 2888 5674 Isaias
2930 5606 3123 5672 docens
3142 5611 3207 5665 de
3229 5606 3403 5663 Israel

1826 5699 2199 5770 quidemdicit.

1906 5764 2011 5840 (65)
2040 5768 2116 5825 Ex
2142 5768 2434 5825 Comment.
2468 5763 2525 5820 in
2546 5760 2685 5831 psal.
2719 5775 2794 5817 vt.
