3870 6220
437 318 544 375 603

1639 315 1694 373 Β.
1731 314 2057 370 PAMPlllLI
2097 312 2451 368 MARTYRIS

445 436 727 504 temporis,
761 448 861 503 pro
894 449 961 487 eo
996 434 1139 502 quod
1179 432 1221 486 si
1255 433 1415 502 paulo
1453 435 1893 490 vehementiores
1938 451 2035 488 ex-
2064 439 2107 491 A
2138 434 2358 485 maximi
2404 430 2543 500 signi
2598 429 2923 484 reverentiae
2966 426 3086 500 ejus
3121 442 3185 484 ac
3217 428 3427 484 timoris
3465 429 3517 482 in
3573 421 3712 485 divi-

446 529 714 586 stiterint.
772 526 1030 579 continuo
1084 527 1248 579 etiam
1308 527 1433 579 vitae
1494 526 1723 580 celerem
1780 526 2023 579 inferunt

451 620 634 673 linem.
668 618 909 686 Denique
962 618 1142 682 multi,
1178 618 1221 670 si
1254 633 1339 670 res
1373 618 1701 684 poposcerit,
1736 633 1832 685 pro
1864 619 2029 686 pieta-

448 712 519 763 tis
548 711 886 763 confessione
922 711 972 762 in
1008 710 1137 777 ipsis
1174 711 1455 762 tormentis
1482 708 1713 761 animam
1748 708 1862 777 (66)
1904 708 2027 761 red-

450 802 631 856 dunt:
665 801 752 854 alii
805 816 935 854 vero
968 802 1019 853 in
1076 802 1194 867 ipso
1241 800 1352 868 jam
1406 814 1621 851 coronae
1673 799 1818 849 aditu
1868 798 2027 865 positi

450 895 715 963 denegauit
744 893 925 955 ﬁdem,
959 908 1121 959 quam
1156 908 1325 960 usque
1358 891 1423 945 ad
1458 904 1684 945 mortem
1730 906 2027 960 proposue-

452 998 572 1043 rant
604 989 872 1042 conliteri.
912 988 977 1041 Et
1006 988 1107 1042 hoc
1142 1003 1246 1040 non
1284 988 1471 1053 utique
1521 985 1880 1038 diminutione
1910 999 2032 1053 pro-

452 1082 609 1151 positi
637 1081 939 1149 patiuntur,
968 1081 1060 1135 sed
1088 1080 1135 1132 vi
1178 1079 1381 1132 doloris
1419 1077 1586 1131 nimia
1635 1089 1690 1130 et
1728 1076 1841 1148 (67)
1884 1077 2027 1130 into-

452 1171 669 1225 lerabili
702 1172 965 1239 superati.
997 1170 1054 1224 Si
1081 1186 1210 1239 ergo
1240 1171 1290 1222 in
1333 1170 1435 1222 hac
1479 1169 1729 1237 przesenti
1761 1168 1867 1220 vita
1919 1177 2025 1220 tam

456 1262 826 1317 intolerabiles
847 1272 970 1316 sunt
990 1276 1274 1331 poenarum
1300 1262 1539 1324 dolores,
1575 1259 1704 1328 quid
1726 1258 2025 1328 putandum

453 1365 540 1410 est
575 1365 699 1410 tunc
731 1371 850 1408 cum
887 1370 991 1408 non
1042 1354 1155 1421 jam
1198 1354 1473 1408 crassiore
1518 1353 1696 1405 anima
1740 1359 1921 1405 utetur
1953 1351 2029 1404 in-

456 1451 758 1515 dumento;
800 1449 894 1504 sed
920 1464 1043 1503 cum
1082 1449 1130 1502 id
1182 1447 1429 1517 spiritale
1462 1446 1710 1500 effectum
1737 1460 1804 1499 ex
1846 1460 2027 1499 resur-

458 1543 705 1596 rectione
755 1542 995 1608 recipiet,
1055 1550 1109 1594 et
1155 1555 1221 1593 eo
1271 1538 1648 1593 vehementius
1676 1537 1882 1605 utique,
1920 1551 2028 1605 quo

460 1631 711 1685 subtilius
740 1638 840 1693 est,
870 1632 1069 1685 sentiet
1108 1630 1211 1682 vim
1244 1629 1487 1683 doloris?
1518 1627 1652 1681 Puto
1707 1627 1851 1681 enim
1884 1626 2025 1695 quod

457 1731 656 1791 quanta
684 1722 984 1776 differentia
1016 1722 1169 1775 estin
1201 1720 1450 1790 prmsenti
1473 1719 1667 1773 saeculo
1688 1719 1882 1772 nudum
1909 1733 2027 1771 ver-

2134 525 2215 577 nis
2244 524 2587 589 dogmatibus
2620 536 2741 575 esse
2767 522 3012 584 deberet,
3047 522 3189 588 quod
3214 522 3348 576 tanti
3381 538 3575 576 sensus
3604 524 3707 583 vir,

2130 625 2186 667 et
2221 625 2384 667 tanta;
2413 614 2731 684 prudentiae,
2767 628 2888 667 cum
2925 612 3110 679 utique
3143 612 3401 681 magister
3424 624 3571 667 esset
3603 615 3709 668 Ec-

2132 707 2336 770 clesiae,
2375 717 2431 760 et
2466 716 2611 759 tanta
2638 707 2706 759 ab
2736 720 2799 759 eo
2828 705 2971 758 dicta
3013 704 3404 766 scriberentur,
3442 704 3554 775 (70)
3600 720 3709 759 non

2132 802 2217 845 est
2267 808 2433 846 ausus
2463 793 2514 845 id
2547 793 2649 847 sibi
2693 792 3038 846 auctoritatis
3069 807 3368 851 assumere.
3400 802 3456 845 ut
3487 795 3710 860 proprie

2134 888 2213 942 De
2238 891 2415 942 anima
2441 886 2641 940 librum
2675 886 2858 940 ederet
2884 885 3167 954 scriptum.
3197 882 3391 937 Procul
3412 885 3575 938 dubio
3596 887 3711 939 haec

2131 977 2443 1032 observatio
2472 975 2593 1042 ejus
2622 976 2753 1029 illud
2786 975 3012 1037 iudicat,
3043 974 3183 1041 quod
3216 973 3352 1029 nihil
3380 974 3622 1029 audebat
3642 975 3712 1029 de

2131 1069 2233 1123 hac
2260 1082 2319 1123 re
2347 1066 2634 1123 manifesto
2671 1068 2921 1137 dogmate
2950 1066 3296 1121 conﬁrmare.

2206 1160 2443 1226 Denique
2477 1158 2528 1211 in
2573 1172 2638 1211 eo
2664 1156 2803 1210 libro
2833 1170 2993 1224 quem
3026 1155 3079 1207 in
3136 1153 3428 1222 Epistolam
3461 1152 3709 1224 Apostoli

2132 1252 2198 1305 ad
2229 1251 2409 1305 Titum
2442 1249 2653 1313 scribit,
2690 1248 3000 1302 haereticnm
3030 1246 3366 1312 describens,
3409 1254 3464 1299 et
3508 1245 3709 1300 anima:

2132 1346 2333 1400 faciens
2368 1344 2720 1406 mentionem,
2755 1342 2872 1395 hrec
2899 1341 3029 1395 dicit
3062 1359 3075 1394 :

2735 1432 2963 1489 CAPUT
3008 1431 3097 1485 IX.

2353 1544 2639 1583 BESPONSIO
2674 1546 2740 1582 AD
2764 1541 3009 1580 OCTAVA!
3043 1537 3489 1580 ΩΒΙΙΙΝΑΤΙΟΝΒΙ.

2759 1618 2834 1672 De
2867 1621 3064 1671 anima.

2202 1714 2488 1770 ORIGENES.
2523 1714 2635 1784 (71)
2669 1730 2687 1762 ι
2726 1714 2863 1765 Sunt
2895 1725 3023 1763 vero
3073 1719 3127 1762 et
3178 1707 3282 1761 alia
3319 1707 3563 1776 quadam
3614 1706 3711 1760 do-

459 1814 640 1869 berari
670 1830 831 1881 quam
867 1814 1156 1877 vestitum,
1209 1812 1277 1864 ad
1319 1811 1759 1880 persentiendnm
1814 1810 2025 1864 scilicet
2061 1786 2101 1839 Β
2141 1816 2346 1877 gmata,
2380 1822 2501 1872 qum
2538 1806 2589 1858 in
2618 1803 2934 1872 apostolicis
2962 1801 3337 1854 traditionibus
3369 1814 3473 1853 non
3504 1797 3709 1852 haben-

455 1910 792 1970 cruciatum,
846 1922 911 1960 eo
963 1907 1105 1975 quod
1155 1905 1528 1959 vehementius
1589 1904 1787 1957 nudum
1829 1918 2027 1972 corpus

459 1999 707 2054 crucient
750 1999 976 2050 verbera
1017 2011 1177 2064 quam
1217 1995 1473 2047 veStitum
1514 2012 1527 2047 :
1562 2003 1761 2046 tantam
1789 2005 1918 2061 puto
1947 1992 2028 2045 l‘u-

461 2098 636 2143 turam
664 2087 1020 2142 differentiam
1051 2088 1274 2151 doloris,
1325 2103 1449 2140 cum
1477 2101 1675 2153 corpus
1709 2086 2025 2151 humanum,

460 2178 839 2231 crassitudinis
878 2176 1035 2244 hujus
1078 2176 1392 2229 indumento
1453 2176 1719 2244 deposito,
1756 2176 1899 2229 velut
1927 2192 2028 2227 nu-

465 2270 589 2323 dum
624 2269 852 2333 cteperit
880 2268 1152 2320 sustinere
1186 2274 1475 2318 tormenta.
1513 2284 1530 2315 ι

533 2360 866 2414 PAMPHILUS.
901 2358 1158 2411 Sullicere
1185 2358 1419 2410 arbitror
1440 2357 1602 2409 etiam
1633 2357 1697 2409 ad
1730 2356 1888 2423 hujus
1919 2355 2028 2410 cri-

463 2454 779 2507 minationis
821 2451 1143 2505 calumniam
1191 2449 1640 2518 prepulsandam,
1700 2464 1864 2515 pauca
1918 2449 2031 2500 haec

465 2542 533 2594 de
559 2542 675 2609 ejus
710 2539 862 2593 libris
896 2540 1201 2593 testimonia
1237 2539 1544 2607 protulisse,
1591 2554 1711 2605 quae
1751 2538 2029 2591 innumera

462 2629 690 2699 sparsim
724 2644 822 2696 per
872 2627 1038 2679 libros
1070 2625 1185 2692 ejus
1218 2626 1563 2679 manifestum
1611 2636 1693 2677 est
1739 2625 2029 2679 contineri.

536 2721 687 2775 Nunc
716 2722 780 2773 ad
814 2735 875 2774 ea
910 2720 1070 2772 etiam
1120 2735 1212 2786 per
1243 2735 1338 2772 nos
1376 2720 1519 2786 ipsos
1565 2719 2029 2787 respondebimus,

467 2826 586 2880 quae
616 2812 663 2863 ei
698 2811 765 2864 de
806 2813 987 2863 anima
1029 2811 1315 2879 objiciunt,
1355 2810 1406 2863 id
1447 2812 1700 2877 estquod
1732 2820 1856 2865 ante
1916 2826 2034 2864 cor-

468 2919 569 2971 pus
602 2918 720 2955 eam
770 2901 966 2955 factam
1005 2902 1153 2954 dicat
1200 2903 1489 2956 exsistere.
1547 2903 1735 2956 Sciens
1776 2910 2036 2971 namque

464 2996 627 3047 etiam
659 2996 797 3047 istud
822 2995 1011 3062 dogma
1047 2994 1113 3047 de
1149 2994 1327 3045 anima
1363 3010 1466 3046 non
1502 3004 1687 3061 aperte
1726 3010 1895 3063 neque
1920 3011 2033 3046 ma-

468 3086 665 3139 nifeste
710 3086 897 3139 haberi
950 3086 1001 3137 in
1033 3084 1384 3138 ecclesiastica
1427 3086 1818 3153 prmdicatione,
1863 3086 2035 3141 sicubi

469 3179 809 3230 occasionem
840 3177 1075 3244 aliquam
1110 3176 1191 3229 vel
1223 3177 1592 3245 suspicionem
1629 3179 1806 3247 potius
1844 3179 2029 3248 dispu-

474 3268 619 3320 tandi
658 3268 705 3320 ei
761 3268 1057 3335 Scripturse
1089 3282 1269 3322 sermo
1306 3268 1598 3337 suggessit,
1640 3269 1934 3322 discutiens
1981 3281 2035 3323 et

468 3369 811 3429 pertractans
852 3374 913 3411 ea
946 3374 1066 3426 qum.
1118 3360 1300 3412 sensui
1346 3360 1463 3428 ejus
1515 3370 1891 3426 occurrerant,
1922 3362 2032 3417 dis-

470 3454 743 3505 cernenda
804 3451 921 3504 lucc
978 3451 1283 3519 legentibus
1328 3454 1574 3521 exposuit
1620 3462 1675 3506 et
1720 3453 2033 3521 probanda,

473 3558 579 3597 non
615 3542 901 3596 manifesto
925 3542 1195 3611 dogmate,
1230 3542 1341 3613 (68)
1368 3544 1449 3597 vel
1482 3543 1882 3610 Scripturarum
1913 3561 2035 3599 sen-

472 3634 695 3687 tentiam
727 3649 884 3687 suam
922 3634 1249 3687 auctoritate
1293 3635 1577 3698 deliniens,
1632 3634 1950 3705 frequenter
1982 3648 2035 3691 et

473 3726 601 3779 illud
631 3726 834 3780 addens
867 3746 877 3779 :
936 3746 955 3776 ‹
1003 3727 1059 3779 Si
1096 3736 1273 3779 tamen
1304 3726 1501 3779 habere
1532 3728 1745 3781 videtur
1778 3738 1869 3781 ant
1908 3744 2034 3797 pro-

470 3817 627 3871 batur
654 3817 857 3885 aliquid
880 3818 1283 3884 consequentiae
1310 3832 1486 3870 sermo
1516 3818 1559 3871 is
1582 3833 1741 3885 quem
1766 3819 1829 3873 de
1856 3822 2035 3875 anima

470 3910 848 3963 tractavimus.
887 3928 905 3958 ι
956 3908 1195 3976 Denique
1246 3908 1297 3960 in
1340 3917 1447 3960 tam
1502 3909 1685 3962 multis
1714 3920 1763 3963 et
1794 3921 1899 3963 tam
1950 3912 2033 3966 di-

468 4000 643 4053 versis
688 4000 806 4069 ejus
852 3999 1006 4053 libris
1055 4014 1320 4066 nusquam
1374 4000 1595 4052 omnino
1646 4001 1917 4055 invenitur
1969 4004 2037 4057 ab

468 4103 538 4142 eo
573 4089 710 4142 liber
756 4089 973 4158 prOprie
1032 4088 1103 4141 De
1135 4089 1315 4140 anima
1347 4089 1715 4157 conscriptus,
1762 4092 1899 4145 sicut
1936 4094 2034 4146 ha-

467 4178 561 4233 bet
590 4178 670 4233 vel
700 4178 775 4231 De
806 4180 1080 4248 martyrio,
1120 4180 1205 4231 vel
1247 4178 1321 4230 De
1346 4180 1597 4245 oratione,
1633 4182 1719 4233 vel
1764 4182 1838 4235 De
1863 4200 2037 4236 resur-

469 4272 721 4326 rectione.
751 4269 1023 4339 Nusquam
1051 4286 1272 4339 prorsus
1301 4270 1497 4324 librum
1523 4274 1738 4341 proprie
1768 4274 1834 4327 de
1851 4276 2030 4329 anima

468 4365 728 4433 scriptum
773 4363 983 4429 edidit;
1036 4364 1130 4417 sed
1166 4364 1216 4416 in
1274 4364 1503 4417 diversis
1555 4365 1708 4430 locis,
1763 4367 1904 4420 sicut
1939 4383 2033 4421 su-

471 4455 652 4523 perius
686 4454 941 4515 diximus,
978 4455 1316 4508 incurrentes
1344 4455 1444 4508 sibi
1481 4456 1763 4523 opiniones
1796 4472 1859 4511 ex
1897 4458 2036 4513 Scri-

468 4556 642 4616 plura!
693 4546 805 4616 (69)
846 4546 1223 4599 occasionibus
1270 4544 1613 4601 disserebat:
1664 4549 1807 4616 quod
1854 4551 2032 4619 potius

541 4644 586 4675 “
628 4642 734 4695 Tit.
776 4655 865 4704 ιιι,
905 4640 991 4692 ll.

544 4738 655 4806 (66)
690 4737 827 4790 Editi
850 4778 864 4800 ,
902 4736 1364 4799 reddunt;0mnes
1398 4751 1524 4791 mss.
1557 4738 1763 4803 nostri,
1793 4742 2035 4796 reddide-

472 4820 615 4862 runt.
648 4807 768 4860 Mox
798 4823 920 4859 mss.
948 4807 1123 4873 plures
1142 4822 1420 4874 perperam
1438 4846 1452 4869 ,
1479 4810 1534 4860 in
1566 4810 1674 4875 ipso
1698 4811 1804 4869 iam
1830 4829 2036 4867 corona:

473 4881 620 4931 aditu
644 4878 898 4943 propositi
928 4880 1182 4943 denegant
1212 4877 1367 4942 ﬁdem
1396 4895 1414 4931 :
1450 4878 1543 4931 sed
1575 4889 1720 4933 recte
1762 4884 1943 4936 caeteri
1984 4893 2040 4936 et

474 4949 602 5002 editi
636 4948 833 5000 habent
872 4948 1046 5011 positi,
1078 4962 1174 5014 pro
1207 4948 1475 5012 propositi.

547 5018 659 5087 (67)
695 5016 856 5087 Editi,
883 5015 1221 5087 insuperabili
1248 5019 1498 5080 superati.
1525 5016 1643 5069 Mox
1671 5016 1946 5082 Merlinus,
1978 5021 2039 5075 Si

473 5086 690 5155 σθω...
728 5086 1079 5159 intolerabiles
1131 5095 1251 5137 sunt
1310 5101 1577 5159 poenarum
1633 5088 1862 5154 dolores,
1916 5092 2039 5159 quid

475 5158 768 5225 putandum
800 5166 871 5206 est
906 5172 1019 5206 cum
1044 5155 1157 5222 jam
1183 5156 1428 5207 crassiori
1454 5159 1630 5209 anima
1672 5161 1837 5211 utitur
1882 5155 2041 5212 indu-

481 5238 673 5287 mento,
704 5228 790 5277 sed
818 5234 927 5277 tum
959 5225 1013 5276 id
1042 5225 1413 5288 spirituale....
1439 5243 1539 5292 quo
1585 5228 1830 5281 subtilius
1856 5232 2040 5282 sentiet

480 5297 581 5349 vim
613 5295 831 5349 doloris.
881 5294 1284 5354 Genebrardus,
1329 5293 1385 5347 Si
1435 5313 1645 5362 ergo....
1689 5298 2040 5351 intolerabiles

478 5374 598 5418 sunt
639 5380 906 5431 pinnarum
948 5364 1187 5426 dolores,
1230 5380 1347 5415 cum
1390 5366 1507 5433 jam
1561 5369 1809 5420 crassiori
1864 5371 2042 5421 anima

482 5436 652 5487 utitur
680 5436 1005 5505 indumento,
1048 5435 1172 5501 quid
1204 5442 1495 5505 putandum
1534 5446 1607 5487 est
1656 5453 1771 5488 cum
1804 5438 1855 5489 id
1894 5440 2045 5505 spiri-

481 5505 679 5558 tale....
700 5521 801 5573 quo
828 5504 1070 5556 subtilius
1100 5504 1286 5555 sentiet
1315 5505 1413 5556 vim
1445 5506 1660 5557 doloris.
1690 5506 1795 5559 Sed
1832 5504 1959 5560 mss.
1986 5518 2047 5559 nt

484 5578 537 5627 in
572 5584 745 5636 textu,
781 5574 883 5628 nisi
916 5575 1056 5643 quod
1089 5575 1329 5643 plerique
1364 5575 1548 5627 itidem
1590 5577 1822 5630 habeant
1878 5580 2047 5630 utitur

484 5660 580 5713 pro
603 5654 787 5696 utetur.

559 5714 670 5784 (68)
707 5714 832 5767 Mss.
866 5713 1136 5781 plerique,
1167 5722 1220 5766 et
1262 5712 1593 5768 Genebrardi
1623 5716 1807 5780 editio,
1847 5716 1922 5768 vel
1956 5718 2043 5768 ab-

485 5796 653 5854 rupta:
677 5786 942 5841 sententia:
975 5787 1283 5839 auctoritate
1304 5784 1573 5852 deﬁniens.
1606 5785 1857 5842 Merlinus
1886 5802 2031 5849 vero,

2137 1907 2246 1961 tur,
2291 1898 2356 1949 de
2412 1898 2614 1964 quibus
2661 1896 2908 1963 requires
2961 1894 3004 1945 si
3062 1902 3277 1961 oportet
3322 1907 3413 1945 eos
3458 1891 3550 1959 qui
3592 1888 3707 1959 (Ἱῖ)

2134 1990 2414 2058 quodlibet
2445 1990 2509 2043 de
2546 1990 2631 2043 his
2670 1989 2914 2042 sentiunt
2951 1986 3029 2039 vel
3078 1994 3436 2053 pertractant,
3490 1984 3707 2038 haereti-

2134 2096 2229 2135 cos
2298 2081 2601 2151 putandos,
2647 2090 2859 2149 utputa,
2930 2078 3080 2132 verbi
3134 2092 3296 2130 causa
3351 2077 3617 2139 dixerint,
3665 2076 3708 2131 si

2137 2174 2259 2242 quis
2292 2172 2557 2225 rationem
2606 2172 2856 2225 humana?
2910 2169 3108 2222 animae
3160 2168 3433 2236 inquirat,
3481 2182 3603 2221 cum
3647 2169 3711 2223 dc

2135 2280 2196 2318 ea
2232 2279 2409 2330 neque
2454 2265 2596 2332 quod
2627 2278 2692 2317 ex
2725 2261 2949 2316 seminis
2976 2261 3198 2314 traduce
3244 2260 3493 2318 ducatur.
3532 2275 3712 2328 neque

2137 2358 2279 2424 quod
2317 2355 2687 2409 bonorabilior
2721 2364 2774 2408 et
2803 2354 3083 2422 antiquior
3116 2367 3407 2421 corporum
3450 2367 3713 2421 compage

2141 2450 2242 2512 sit,
2282 2448 2563 2502 tradiderit
2614 2447 2991 2500 Ecclesiastica
3052 2448 3251 2516 regula.
3304 2445 3533 2511 Propter
3569 2447 3711 2513 quod

2142 2541 2294 2594 multi
2331 2556 2430 2595 nec
2478 2540 2938 2609 comprehendere
2985 2546 3280 2609 potuerunt
3323 2537 3555 2606 qualiter
3587 2553 3713 2591 sen-

2144 2632 2231 2685 tiri
2261 2639 2539 2700 oporteret.
2580 2631 2645 2683 de
2689 2631 2881 2683 animaa-
2934 2632 3187 2684 ratione:
3240 2630 3335 2685 sed
3381 2639 3439 2683 et
3484 2630 3577 2698 qui
3614 2628 3715 2683 ali-

2139 2726 2266 2792 quid
2305 2725 2513 2779 sentire
2544 2724 2629 2777 vel
2659 2723 2927 2777 disserere
2961 2722 3071 2792 (73)
3098 2722 3195 2777 visi
3228 2732 3375 2787 sunt,
3412 2737 3441 2774 a
3483 2720 3717 2775 nonnul-

2141 2816 2207 2869 lis
2257 2816 2309 2868 in
2358 2816 2664 2883 suspicione
2710 2814 2975 2868 habentur
3023 2815 3170 2868 velut
3218 2814 3339 2867 novi
3385 2814 3591 2881 aliquid
3628 2813 3717 2866 in-

2146 2906 2516 2966 troducentes,
2560 2925 2579 2957 ι

2212 2994 2537 3050 PAMPHILUS.
2579 2994 2785 3048 Deinde
2810 3004 2930 3063 post
2964 3010 3133 3064 pauca
3168 2994 3283 3048 ait:

2214 3086 2501 3141 URIGENES.
2537 3105 2555 3135 ι
2597 3085 2701 3140 Sed
2735 3096 2789 3139 et
2825 3098 2877 3139 tu
2901 3087 3013 3156 ipse
3059 3086 3195 3154 apud
3228 3085 3571 3155 temetipsum
3602 3086 3717 3141 dis-

2142 3180 2357 3233 cuticns
2428 3178 2712 3231 considera
2780 3177 2826 3231 si
2876 3186 3089 3246 Oportet
3153 3192 3275 3231 cum
3325 3177 3418 3246 qui
3473 3178 3724 3246 quolibet

2143 3271 2303 3325 modo
2334 3270 2398 3323 de
2425 3270 2508 3323 bis
2541 3270 2801 3340 opinatur
2828 3270 2915 3324 vel
2952 3269 3291 3333 btereticum,
3334 3270 3418 3322 vel
3450 3270 3721 3324 ecclesia-

2142 3358 2337 3412 sticum
2373 3368 2575 3413 temere
2603 3359 2841 3423 deliniri,
2874 3371 2966 3413 aut
2996 3360 3042 3413 si
3088 3374 3193 3414 non
3226 3369 3310 3414 est
3341 3360 3721 3428 periculosum

2143 3443 2205 3504 de
2236 3466 2303 3505 eo
2338 3452 2712 3519 pronuntiare,
2755 3453 3010 3519 quoniam
3050 3460 3107 3505 ct
3154 3452 3269 3521 ipse
3317 3468 3595 3521 perversus
3648 3454 3723 3506 sit

2142 3552 2194 3597 et
2218 3555 2428 3614 peccet,
2454 3552 2508 3597 et
2535 3545 2605 3596 sit
2634 3560 2666 3596 a
2693 3546 2964 3612 semetipso
3003 3544 3286 3598 damnatus
3313 3546 3389 3597 “z
3426 3544 3538 3611 (74)
3568 3548 3728 3613 quod

2143 3636 2209 3689 de
2241 3634 2506 3689 haereticis
2539 3634 2757 3698 dicitur,
2782 3636 2825 3688 si
2855 3635 2977 3702 quis
3010 3633 3151 3688 forte
3175 3649 3241 3688 ex
3285 3634 3369 3687 bis
3400 3648 3523 3700 quae
3552 3647 3720 3701 supra

2142 3727 2399 3790 diximus,
2429 3726 2726 3794 quamlibet
2748 3726 3057 3794 opinionem
3084 3726 3208 3779 licet
3235 3740 3425 3777 novatn
3446 3734 3495 3778 et
3523 3738 3724 3793 quam-

2144 3820 2389 3889 pluritnis
2430 3820 2793 3889 peregrinam,
2842 3819 3089 3871 videatur
3136 3818 3408 3871 inducere.
3440 3834 3459 3865 ι

2220 3910 2547 3964 PAMPHILUS.
2582 3909 2706 3963 Haec
2737 3910 2957 3977 quidem
2994 3912 3106 3976 ipse
3156 3908 3209 3962 in
3255 3922 3320 3960 eo
3359 3907 3500 3960 libro
3554 3922 3723 3975 quem

2150 4016 2315 4069 supra
2372 4002 2609 4055 diximus
2642 4000 2854 4054 scribit.
2914 3998 3023 4054 Nos
3073 4014 3200 4052 vero
3250 3998 3334 4052 bis
3369 3998 3726 4069 adjungimus

2146 4094 2307 4145 etiam
2360 4093 2459 4146 ista
2505 4107 2624 4161 qua:
2678 4092 2833 4145 nobis
2870 4094 2981 4160 ipsa
3017 4092 3242 4159 aequitas
3286 4092 3500 4144 videtur
3545 4106 3725 4162 expo-

2150 4200 2323 4238 scere.
2359 4184 2413 4239 Si
2459 4183 2743 4237 nnanileste
2783 4182 3026 4237 Ecclesia
3074 4184 3309 4257 traderet
3343 4182 3423 4236 vel
3451 4185 3725 4251 praedica-

2149 4288 2224 4330 ret
2261 4277 2532 4331 contraria
2563 4277 2648 4329 his
2673 4290 2791 4344 qua:
2824 4274 2913 4329 ille
2959 4276 3151 4339 sensit,
3194 4274 3311 4329 sine
3359 4277 3523 4329 dubio
3573 4276 3727 4331 velut

2143 4371 2447 4424 contrarius
2522 4378 2574 4423 et
2606 4370 2867 4422 resistens
2911 4366 3133 4421 statutis
3176 4367 3569 4422 ecclesiasticis
3600 4384 3725 4422 me-

2145 4465 2248 4518 rito
2278 4462 2606 4532 culparetur.
2650 4460 2802 4514 Nunc
2836 4475 2965 4514 vero
2992 4476 3112 4513 cum
3145 4458 3433 4513 diversitas
3465 4460 3537 4513 sit
3570 4462 3725 4530 apud

2141 4569 2329 4610 omnes
2360 4555 2786 4617 ecclesiasticos,
2817 4564 2870 4607 et
2899 4553 2990 4606 alii
3016 4552 3119 4606 alia
3152 4552 3217 4606 de
3246 4552 3424 4605 anima
3455 4554 3723 4618 sentiant,

2141 4754 2189 4799 et
2256 4746 2474 4809 abrupta
2528 4744 2838 4796 auctoritate
2883 4740 3156 4807 deﬁniens.
3198 4740 3323 4793 Mss.
3377 4738 3722 4795 Sorbonicus

2142 4825 2195 4868 et
2225 4817 2283 4869 S.
2317 4814 2590 4868 Michaelis
2622 4814 2671 4864 in
2702 4811 2943 4865 l’ericuto
2962 4811 3144 4872 maris,
3178 4812 3252 4863 vel
3290 4809 3385 4880 [aL
3413 4810 3528 4881 sed]
3572 4811 3720 4865 Scri-

2143 4895 2419 4954 pturarum
2449 4884 2755 4935 sententiam
2798 4896 2946 4933 suam
2985 4882 3294 4933 auctoritate
3326 4881 3587 4949 deﬁniens
3612 4897 3629 4932 :
3662 4893 3721 4935 et

2148 4958 2218 5009 ita
2258 4955 2540 5017 legendum
2582 4954 2807 5005 videtur.

2220 5024 2328 5094 (69)
2363 5025 2561 5079 Omnes
2594 5038 2725 5076 mss.
2754 5021 2923 5075 nostri
2946 5060 2962 5085 ,
2992 5019 3375 5075 occasionibus.
3423 5020 3597 5085 Editi,
3626 5037 3720 5075 oc-

2150 5111 2376 5148 00810118.

2220 5164 2329 5235 (70)
2362 5161 2520 5223 Editi,
2555 5178 2657 5235 non
2685 5178 2843 5235 ausus
2875 5159 3121 5235 sit._Mss.
3150 5172 3223 5235 ut_
3252 5161 3304 5235 in
3339 5170 3512 5235 textu.
3547 5158 3722 5215 Paulo

2149 5230 2267 5303 post
2300 5230 2428 5287 cditi
2463 5232 2718 5303 omittunt
2748 5230 3142 5303 Apostg‘li‘post
3181 5231 3493 5303 Epistolam.

2218 5304 2327 5370 (71)
2364 5304 2441 5356 Ex
2482 5300 2769 5355 Comment.
2812 5302 2863 5352 in
2908 5299 3075 5368 Epist.
3107 5303 3175 5352 ad
3212 5300 3406 5352 Titum.

2222 5374 2331 5443 (7'2)
2374 5373 2465 5426 Sic
2501 5387 2629 5424 mss.
2666 5371 2806 5423 Editi
2840 5386 2987 5436 vero,
3025 5372 3503 5438 quomodolibet....
3535 5386 3606 5424 ea:
3629 5384 3715 5425 ss-

2150 5446 2284 5496 mine
2318 5443 2570 5495 traducis.

2224 5513 2335 5580 (75)
2380 5512 2514 5565 Editi
2537 5551 2550 5575 ,
2576 5511 2675 5563 nisi
2703 5519 2858 5573 sunt;
2889 5524 3016 5563 mss.
3050 5512 3241 5574 nostri,
3279 5510 3373 5564 visi
3399 5520 3545 5564 sunt.

2224 5583 2338 5651 (74)
2371 5581 2445 5635 Ita
2476 5596 2606 5635 mss.
2642 5581 2780 5651 Editi
2816 5590 2995 5635 autem
3031 5593 3335 5651 perperam,
3371 5582 3507 5650 quod
3537 5585 3716 5635 Iams-

2155 5654 2287 5707 licus
2323 5650 2519 5705 dicitur
2698 5650 2814 5705 licet
2853 5665 3222 5719 nonnunquam
3266 5650 3504 5721 plurimis
3557 5666 3719 5721 pere-

2147 5726 2371 5792 grinam,
2402 5732 2505 5778 etc.

3790 82 3809 353 1

3806 574 3813 655 “
