3870 6220
175 336 289 395 605

1381 339 1725 394 APULOGIA
1763 339 1901 396 PRO
1941 339 2263 397 ORIGENE.

3351 341 3458 398 606

181 463 236 510 et
263 469 457 512 omnes
488 456 726 524 diversa,
755 461 1031 529 quomodo
1060 461 1150 516 hic
1184 460 1358 532 magis
1385 477 1546 530 quam
1579 462 1760 515 caueri
1794 467 1835 522 Α
1869 472 2098 535 peccat;
2149 465 2374 534 insuper
2415 463 2580 518 etiam
2633 463 2779 534 quod
2813 471 2874 518 et
2923 461 3105 531 ptenis
3164 461 3442 518 subdcnda

183 548 516 604 incusantlus
556 563 662 616 est,
711 554 948 609 maxime
995 571 1118 609 cmn
1174 572 1235 610 ea
1293 572 1414 626 quae
1467 572 1495 608 a
1543 555 1765 624 reliquis

187 639 547 706 aflirmantur,
583 643 696 713 (75)
727 645 898 699 multo
932 647 1103 710 magis
1147 659 1200 702 et
1248 649 1485 703 absurda
1537 649 1764 705 videan-

184 744 292 797 tur,
329 745 382 788 et
412 736 514 788 sibi
564 737 679 804 ipsa
711 739 1035 792 contraria?
1067 739 1296 806 Quidam
1345 742 1487 796 enim
1531 743 1761 811 opinan—

183 837 269 877 tttr
299 828 618 894 praeparatis
660 827 770 894 jam
815 829 868 882 in
913 841 1104 886 ventre
1151 832 1438 887 mulierum
1491 833 1763 890 deforma-

182 919 361 987 tisque
410 920 758 988 corporibus,
791 931 918 976 tunc
947 924 1014 976 ad
1055 939 1293 992 praesens
1320 927 1498 981 creari
1527 929 1760 994 animas,

181 1018 235 1063 et
267 1010 433 1064 inseri
465 1010 906 1080 deformatojam
937 1015 1177 1085 corpori.
1211 1015 1337 1071 Hmc
1367 1033 1498 1072 vero
1521 1021 1762 1073 sentien-

182 1110 286 1166 tes,
336 1115 535 1171 praeter
585 1106 688 1160 hoc
739 1107 882 1175 quod
936 1107 1254 1163 manifestas
1293 1110 1641 1178 probationes
1694 1128 1758 1167 ex

181 1196 393 1249 sanctis
439 1194 742 1265 Scripturis
785 1200 1046 1255 adhibere
1097 1216 1206 1255 non
1260 1212 1510 1270 possunt,
1545 1203 1763 1274 insuper

175 1286 346 1340 etiam
397 1287 719 1357 injustitiam
772 1293 1178 1362 quodammodo
1231 1295 1540 1351 Conditoris
1595 1313 1759 1354 accu-

173 1389 328 1446 sant,
354 1381 631 1448 quodnon
673 1385 957 1454 aequaliter
999 1386 1116 1460 (76)
1166 1402 1360 1443 omnes
1407 1397 1669 1455 utantur,
1708 1391 1760 1445 id

175 1481 300 1536 est,
343 1489 526 1542 aequas
567 1476 689 1531 vitae
738 1480 1179 1536 conversationes
1222 1479 1427 1536 tribuat
1483 1485 1759 1538 omnibus.

179 1565 380 1620 Statim
411 1567 555 1622 enim
587 1577 644 1622 ut
673 1580 856 1625 creata
901 1570 1064 1626 fuerit
1091 1574 1292 1640 anima,
1323 1590 1448 1630 cum
1490 1575 1626 1630 nihil
1655 1578 1761 1630 uti-

173 1673 286 1728 que
327 1659 504 1714 adhuc
534 1661 586 1715 in
615 1676 672 1714 se
702 1662 874 1731 culpa:
907 1666 1262 1733 commiserit,
1299 1668 1560 1722 inseritur
1588 1669 1758 1722 inter-

175 1751 330 1815 dum,
365 1751 408 1805 si
439 1752 509 1806 ita
553 1753 816 1808 acciderit
852 1771 997 1810 caeco
1021 1761 1257 1827 corpori,
1286 1759 1368 1813 vel
1394 1760 1528 1814 alias
1556 1761 1752 1815 debili:

175 1841 302 1896 alia:
341 1858 472 1898 vero
509 1847 656 1900 sanis
681 1848 1004 1915 corporibus
1049 1861 1103 1904 et
1155 1851 1486 1906 firmioribus
1515 1869 1526 1903 :
1559 1864 1612 1906 et
1641 1853 1758 1907 aliis

175 1932 401 2003 quidem
451 1936 678 1990 multum
716 1939 838 1992 vitae
883 1949 1098 2009 tempus
1149 1942 1422 2009 tribuitur,
1462 1945 1584 1998 aliis
1627 1961 1757 1999 vero

173 2027 562 2081 brevissimum
597 2044 611 2080 :
661 2031 734 2084 ita
771 2041 826 2084 ut
876 2031 1146 2086 interdum
1177 2033 1337 2087 simul
1366 2047 1423 2088 ut
1459 2049 1597 2089 natze
1640 2037 1757 2093 fne-

171 2116 310 2178 rint.
363 2119 723 2174 exturbentur
767 2136 798 2175 e
843 2138 1113 2191 corpore:
1157 2132 1210 2177 et
1257 2127 1376 2179 aliae
1422 2129 1640 2197 quidem
1691 2131 1756 2184 ad

167 2213 653 2267 conversationem
702 2227 970 2283 agrestem
1019 2219 1310 2285 quamdam
1356 2229 1412 2274 et
1450 2221 1755 2287 barbaram,

169 2303 292 2373 (77)
320 2312 374 2357 et
407 2304 496 2358 ubi
542 2321 606 2360 ex
651 2306 794 2360 nulla
844 2308 976 2361 nihil
1010 2309 1231 2364 humani
1267 2322 1358 2364 aut
1401 2313 1611 2369 honesti
1654 2326 1755 2378 est,

171 2401 236 2444 et
265 2408 429 2463 super
473 2396 654 2449 omnia
703 2397 792 2451 ubi
827 2408 1067 2466 paterna-
1110 2402 1517 2470 superstitionis
1563 2404 1758 2473 impie-

168 2495 262 2538 tas
295 2486 524 2550 obtinet,
573 2487 922 2556 diriguntur:
971 2491 1091 2545 alite
1139 2509 1268 2547 vero
1316 2495 1382 2547 ad
1417 2496 1561 2549 viros
1592 2496 1760 2550 hone-

169 2582 316 2639 stos,
347 2576 578 2638 sobrios,
615 2577 906 2642 humanos,
961 2581 1050 2635 ubi
1100 2592 1154 2636 et
1189 2583 1547 2637 humanarum
1577 2586 1757 2656 legum

173 2666 491 2722 abservatio
519 2669 702 2738 viget:
751 2671 1024 2726 interdum
1073 2675 1235 2728 etiam
1269 2677 1334 2729 ad
1386 2689 1642 2746 parentes
1675 2695 1757 2733 rc-

171 2757 422 2829 ligiosos,
453 2759 541 2815 ubi
570 2762 823 2818 educatio
872 2765 1067 2820 nobilis
1098 2778 1152 2820 et
1179 2768 1427 2834 honesta,
1459 2771 1546 2824 ubi
1597 2771 1758 2823 etiam

170 2851 416 2906 eruditio
448 2855 814 2920 rationabilis,
847 2859 1312 2917 transmittuntur.
1338 2861 1618 2928 Quomodo
1645 2864 1755 2936 (78)

171 2943 347 3012 igitur
391 2955 694 3000 assertores
735 2962 926 3001 eorum
974 2950 1027 3003 in
1064 2951 1260 3005 talibus
1295 2953 1532 3007 divinam
1565 2953 1758 3009 Provi-

168 3037 421 3092 dentiam
457 3049 603 3093 rec1e
629 3040 811 3094 omnia
843 3041 1267 3109 dispensantem,
1313 3055 1367 3097 et
1409 3061 1562 3114 arqua
1607 3047 1759 3102 lance

167 3131 576 3198 moderantem,
627 3144 882 3204 tanquam
927 3135 1055 3189 boni
1103 3145 1158 3190 et
1184 3137 1312 3205 justi
1362 3137 1454 3192 Dei
1507 3150 1758 3208 poterunt

169 3224 502 3293 assignare?
542 3223 660 3285 Jam
700 3241 831 3281 vero
882 3227 958 3282 illi
1008 3228 1101 3297 qui
1151 3243 1216 3282 ex
1275 3231 1498 3286 traduce
1547 3233 1758 3288 animas

171 3317 374 3371 venire
423 3316 721 3383 aﬂirmant,
771 3329 825 3374 et
873 3320 1033 3373 simul
1080 3335 1200 3374 cum
1241 3325 1507 3392 corporali
1549 3340 1641 3380 eas
1677 3340 1764 3381 se-

171 3410 332 3464 mine
361 3411 616 3464 seminari
650 3431 662 3464 :
702 3412 968 3480 siquidem
1006 3411 1087 3481 (ut
1124 3415 1344 3482 quidam
1392 3417 1630 3485 ipsorum
1679 3418 1760 3472 af-

169 3501 404 3556 ﬁrmare
434 3503 632 3574 solent)
663 3503 774 3571 (79)
810 3521 914 3559 non
961 3505 1107 3559 aliud
1141 3506 1331 3560 dicunt
1375 3510 1612 3562 animam
1641 3525 1762 3564 esse

171 3611 346 3666 quam
400 3596 819 3650 insntliationcm
874 3598 1111 3666 Spiritus
1163 3599 1302 3664 Dei,
1359 3601 1503 3654 illam
1555 3603 1762 3658 scilicet

170 3702 348 3758 quam
379 3687 534 3742 initio
580 3689 805 3744 facturze
837 3690 1022 3742 Inundi
1054 3689 1202 3744 Deus
1229 3691 1430 3745 dicitur
1460 3692 1762 3750 insuillasse

169 3781 236 3836 in
265 3777 436 3831 Adam
472 3777 537 3845 ⁸⁸,
572 3778 688 3846 (80)
725 3779 792 3832 de
840 3778 954 3846 ipsa
999 3777 1091 3831 Dei
1139 3793 1257 3832 esse
1297 3767 1415 3831 eam
1456 3779 1757 3834 substantia

171 3870 534 3941 profitentes:
581 3869 853 3938 quomodo
893 3884 999 3922 non
1037 3877 1092 3922 et
1132 3869 1218 3921 isti
1251 3869 1578 3922 videbuntur
1617 3884 1754 3938 quo-

170 3962 469 4020 dammodo
519 3962 632 4016 haec
677 3970 872 4032 praeter
914 3960 1212 4029 Scriptura:
1267 3959 1536 4030 regulam,
1579 3970 1633 4015 et
1679 3977 1761 4017 ra-

169 4056 387 4110 tionem
427 4053 648 4122 pietatis
693 4067 962 4118 asserere,
1005 4052 1150 4122 quod
1194 4053 1495 4107 substantia
1537 4053 1628 4106 Dei
1675 4063 1760 4108 est

165 4163 299 4219 qua:
340 4157 551 4216 peccat,
596 4148 640 4201 si
681 4146 860 4200 anima
905 4161 1026 4214 qua:
1061 4145 1128 4199 de
1170 4143 1474 4200 substantia
1523 4143 1614 4198 Dei
1651 4154 1756 4210 est,

250 4287 302 4318 “
340 4285 475 4340 Gen.
508 4302 570 4351 ιι,
593 4286 644 4341 7.

1798 1833 1833 1881 li

1867 557 1938 612 sit
1978 571 2076 627 pro
2114 555 2383 625 peccato?
2425 555 2539 626 (81)
2587 553 2694 609 Sed
2731 562 2785 609 et
2837 553 2966 608 illud
3006 569 3068 609 se
3111 554 3292 624 (quod
3331 569 3453 623 per-

1867 649 2157 703 absurdum
2186 651 2304 718 est)
2345 650 2629 703 incurrere
2661 661 2773 701 non
2814 645 3020 710 vident,
3060 646 3185 715 quia
3225 661 3448 700 necesse

1865 752 1947 796 est
1975 757 2093 797 eam
2121 741 2282 795 simul
2309 755 2430 795 cum
2458 754 2689 810 corpore
2719 739 2878 804 mori,
2907 747 2961 793 et
2985 753 3110 794 esse
3134 737 3444 800 mortalem,

1865 830 1909 884 si
1942 829 2100 883 simul
2146 843 2268 884 cum
2318 843 2547 898 corpore
2587 829 2671 882 vel
2717 829 3014 892 seminata,
3062 829 3143 882 vel
3176 831 3448 891 formata,

1863 924 1946 978 vel
1983 934 2109 977 nata
2147 933 2250 978 est.
2291 923 2429 977 Tum
2460 923 2656 977 deimle
2699 922 2774 978 illi
2813 923 2904 992 qui
2936 939 3094 977 unam
3125 923 3343 992 quidem
3378 937 3444 977 ex

1866 1015 2028 1069 nullis
2069 1015 2446 1069 substantibus
2475 1030 2505 1068 a
2537 1014 2645 1069 Deo
2681 1014 2887 1069 factam
2931 1029 3052 1068 esse
3097 1014 3286 1068 dicunt
3324 1014 3430 1068 ani-

1864 1122 2031 1167 mam,
2071 1105 2122 1159 id
2159 1117 2245 1160 est
2301 1105 2446 1159 illam
2481 1121 2601 1175 qua:
2637 1109 2809 1175 prima
2850 1105 2992 1160 facta
3030 1117 3110 1160 est
3143 1106 3195 1160 in
3237 1107 3445 1170 Adam,

1865 1210 1919 1254 et
1944 1215 2012 1254 ex
2044 1214 2106 1254 ea
2133 1197 2246 1267 jam
2282 1200 2524 1253 omnium
2571 1200 2852 1254 hominum
2894 1199 3106 1254 animas
3145 1200 3444 1264 essistere,

1863 1300 1920 1346 et
1957 1293 2256 1346 secundum
2296 1290 2638 1360 corporalem
2675 1292 2795 1346 sine
2840 1290 3002 1346 dubio
3036 1290 3441 1345 successionem

1863 1381 1978 1451 (82)
2016 1381 2299 1436 traducem
2334 1396 2550 1450 quoque
2589 1380 2706 1437 fieri
2743 1381 3086 1449 animarum,
3135 1381 3300 1436 etiam
3343 1381 3444 1452 ipsi

1862 1471 1992 1540 quid
2035 1471 2179 1526 aliud
2211 1472 2537 1537 ostendunt,
2573 1472 2679 1526 nisi
2727 1473 2938 1528 animas
2973 1488 3094 1528 esse
3134 1471 3450 1528 mortales?

1864 1564 1921 1618 Si
1951 1563 2094 1618 enim
2123 1563 2538 1618 sicutanimalia
2567 1573 2764 1620 caetera
2789 1580 2855 1619 ex
2879 1565 2997 1620 solo
3019 1567 3226 1621 semine
3258 1566 3445 1620 oriun-

1863 1666 1969 1721 tur,
2003 1657 2076 1710 ita
2102 1656 2266 1711 etiam
2297 1657 2366 1712 de
2397 1659 2709 1714 hominibus
2733 1660 3054 1724 sentiamus,
3087 1672 3147 1714 ut
3174 1675 3296 1714 cum
3328 1675 3446 1715 cor-

1863 1767 1993 1822 pore
2023 1753 2184 1807 simul
2227 1753 2278 1806 in
2315 1754 2505 1808 eodem
2553 1753 2762 1809 semine
2811 1754 2974 1808 etiam
3033 1757 3213 1808 anima
3247 1754 3444 1809 diffun-

1862 1845 2042 1906 datur,
2086 1842 2216 1910 quid
2264 1842 2497 1898 dicimus
2535 1845 2600 1899 de
2648 1843 2733 1898 his
2768 1844 2860 1914 qui
2915 1844 3216 1912 imperfecti
3266 1846 3444 1902 adhuc

1861 1944 1915 1988 et
1971 1934 2037 1988 de
2098 1945 2290 1990 ventre
2363 1935 2540 1992 aborsi
2586 1947 2738 2002 sunt,
2817 1946 2870 1992 et
2921 1940 3012 2008 qui
3060 1954 3446 2010 nonnunquam

1862 2027 2027 2081 etiam
2049 2036 2338 2096 antequam
2357 2028 2702 2084 vasculorum
2723 2031 3053 2085 naturalium
3089 2033 3447 2102 receptaculis

1862 2123 2066 2176 semina
2111 2123 2220 2176 sint
2275 2133 2551 2193 suscepta,
2605 2123 2946 2193 depereunt?
2979 2126 3033 2179 In
3079 2127 3275 2195 quibus
3324 2126 3443 2181 sine

1862 2213 2028 2266 dubio
2060 2213 2402 2280 invenietur,
2447 2217 2590 2283 quod
2633 2215 2797 2269 simul
2833 2217 2997 2270 etiam
3051 2217 3153 2271 illae
3194 2232 3315 2286 quae
3349 2233 3444 2271 na-

1862 2305 2019 2358 turali
2085 2307 2293 2360 ratione
2342 2308 2644 2362 seminibus
2695 2309 2915 2364 insertaa
2963 2310 3177 2363 inerant
3223 2311 3441 2379 animae,

1861 2397 2145 2451 exstinctae
2188 2399 2295 2450 sint
2345 2397 2548 2466 pariter
2593 2408 2648 2452 et
2694 2409 2988 2469 corruptte.
3048 2398 3172 2454 Sive
3213 2415 3344 2471 ergo
3375 2417 3443 2455 ex

1863 2491 2232 2546 insumatione
2278 2489 2370 2544 Dei
2406 2491 2546 2554 sint,
2588 2493 2705 2546 sive
2732 2493 2799 2546 ab
2830 2508 2936 2547 una
2986 2493 3074 2546 illa
3118 2509 3238 2562 quae
3267 2495 3444 2562 prima

1862 2582 2006 2638 facta
2035 2593 2138 2647 est,
2171 2583 2487 2638 necessario
2511 2585 2672 2638 simul
2702 2601 2824 2639 cum
2856 2587 3180 2654 corporibus
3205 2602 3445 2640 corrum-

1859 2687 2085 2747 pentur,
2112 2679 2156 2731 si
2184 2677 2431 2732 eamdem
2463 2693 2586 2732 cum
2617 2680 2943 2748 corporibus
2980 2679 3143 2738 etiam
3177 2681 3440 2750 originem

1864 2777 2089 2822 sumunt
2120 2770 2419 2823 secundum
2453 2769 2697 2838 ipsorum
2728 2771 3019 2824 rationem.
3052 2771 3158 2822 Aut
3189 2773 3334 2824 cnim
3370 2773 3446 2825 ni-

1860 2861 1934 2914 hil
1962 2861 2186 2914 omnino
2209 2875 2271 2914 ex
2297 2861 2608 2915 rationabili
2634 2871 2793 2928 atque
2818 2861 3112 2915 immortali
3133 2862 3312 2916 anima
3331 2863 3442 2933 (85)

1861 2952 2217 3022 participavit
2252 2951 2382 3005 illud
2413 2953 2554 3021 quod
2601 2951 2782 3006 adhuc
2818 2953 2870 3006 in
2909 2961 3097 3006 ventre
3127 2962 3442 3022 corruptum

1861 3054 1982 3109 est;
2025 3053 2080 3098 et
2119 3043 2331 3112 repulsa
2365 3043 2456 3097 illa
2512 3044 2648 3097 ratio
2699 3053 2781 3099 est
2811 3060 2932 3114 qua:
2963 3043 3193 3099 aﬂirmat
3223 3061 3343 3100 eam
3392 3047 3444 3100 in

1865 3137 2088 3191 seminis
2122 3137 2348 3190 traduce
2377 3137 2535 3190 simul
2566 3153 2686 3191 cum
2719 3137 3045 3206 corporibus
3077 3139 3398 3192 seminatam
3428 3157 3441 3192 :

1863 3235 1954 3279 aut
1986 3227 2030 3280 si
2063 3227 2384 3296 participat,
2415 3228 2709 3281 necessitas
2741 3227 2988 3282 imminet
3016 3229 3261 3283 confiteri
3295 3245 3441 3284 mor-

1864 3319 2024 3372 talem
2058 3333 2179 3374 esse
2217 3319 2494 3373 animam:
2533 3319 2676 3387 quod
2711 3319 2844 3375 fides
2886 3321 3072 3389 utique
3115 3331 3302 3375 nostra
3340 3337 3445 3375 non

1860 3411 2074 3480 recipit.
2110 3411 2500 3491 Verumtamen
2535 3416 2664 3479 qutd
2719 3424 2803 3469 est
2840 3416 2984 3483 quod
3021 3429 3085 3468 ex
3125 3414 3210 3468 his
3260 3414 3443 3468 omni-

1860 3503 1961 3556 bus
1987 3503 2200 3559 ostendi
2231 3504 2524 3559 volumus?
2554 3505 2684 3558 illud
2711 3505 2982 3575 profecto,
3011 3507 3153 3574 quod
3183 3506 3322 3560 sicut
3350 3521 3444 3559 eos

1860 3593 1954 3663 qui
1996 3610 2157 3648 unam
2193 3595 2494 3664 quamlibet
2543 3597 2611 3650 de
2659 3596 2744 3650 his
2782 3612 2920 3667 quas
2966 3612 3130 3665 supra
3184 3597 3444 3664 exposui-

1862 3702 2005 3746 mus,
2045 3687 2356 3755 opinionem
2390 3702 2574 3741 veram
2616 3699 2846 3758 putant,
2901 3705 3006 3743 non
3050 3700 3195 3744 recta
3231 3691 3440 3745 ratione

1865 3777 2152 3831 haereticos
2183 3778 2302 3846 quis
2341 3779 2599 3848 appellat,
2635 3795 2735 3849 pro
2769 3795 2834 3835 eo
2869 3782 3012 3851 quod
3053 3797 3227 3850 neque
3261 3798 3327 3836 ex
3358 3783 3440 3838 di-

1866 3869 2009 3921 vinis
2038 3867 2338 3938 Scripturis
2373 3871 2508 3924 certi
2543 3871 2748 3942 aliquid
2794 3873 2858 3926 de
2910 3872 2995 3926 his
3030 3873 3114 3928 vel
3159 3874 3444 3928 manifeste

1865 3961 2064 4014 dictum
2105 3977 2224 4018 esse
2272 3963 2554 4030 videatur,
2607 3980 2782 4034 neque
2825 3965 2876 4019 in
2929 3965 3312 4021 Prtedicatione
3361 3983 3445 4021 ec-

1865 4052 2160 4106 clesiastica
2206 4054 2518 4109 contineri:
2570 4057 2640 4109 ita
2678 4071 2851 4125 neque
2903 4057 3046 4112 hunc
3089 4058 3268 4112 virum
3321 4058 3409 4113 cul

1864 4147 1977 4216 pari
2023 4148 2228 4216 justum
2275 4156 2380 4214 est,
2412 4148 2772 4204 disserentem
2805 4149 2948 4219 quod
2983 4151 3086 4207 sibi
3124 4152 3297 4208 visum
3326 4161 3440 4221 est,

248 4427 363 4500 (75)
400 4427 562 4493 Editi,
605 4430 771 4500 multo
814 4428 982 4497 magis
1022 4429 1130 4500 sint
1168 4437 1215 4481 et
1261 4427 1620 4500 absurda,et
1661 4428 1760 4500 sibi
1793 4411 1836 4466 θ
1865 4425 2305 4500 Admonitionem
2351 4434 2588 4481 nostram
2640 4426 2693 4480 in
2747 4426 2886 4480 hanc
2925 4425 3188 4495 Pamphili
3241 4425 3442 4496 Apolo-

165 4501 307 4562 rpsis
353 4501 638 4552 contraria.
681 4499 786 4550 Sed
833 4514 963 4551 mss.
1011 4509 1068 4551 ut
1114 4499 1167 4551 in
1218 4507 1410 4564 textu;
1459 4499 1562 4552 nisi
1613 4499 1756 4567 quod

168 4571 516 4625 Sorbonicus
571 4579 625 4624 et
668 4569 868 4639 Regius
919 4568 1150 4623 habeant
1177 4568 1301 4637 ,(et
1359 4569 1459 4622 sibi
1498 4569 1599 4638 ipsi
1632 4585 1758 4623 con-

163 4643 370 4696 traria.

248 4710 368 4778 (76)
418 4710 606 4765 Omnes
657 4718 896 4763 utantur.
956 4707 1084 4765 Haec
1146 4709 1254 4764 duo
1292 4709 1453 4764 verba
1493 4712 1759 4766 omittun-

167 4792 269 4834 tur
304 4782 358 4835 in
402 4781 590 4840 editis.
636 4791 691 4834 et
734 4780 1101 4834 restituuntur
1140 4781 1191 4832 iu
1234 4795 1389 4845 mss.,
1428 4783 1517 4848 qui
1554 4797 1616 4836 ea
1646 4782 1760 4836 col-

166 4854 366 4909 locant
396 4861 510 4920 post
543 4851 739 4904 tribuat
777 4850 1052 4915 omnibus;
1095 4853 1186 4904 sed
1227 4852 1539 4905 collocanda
1577 4854 1758 4906 viden-

167 4935 269 4976 tur
298 4933 432 4975 ante
459 4923 512 4975 id
539 4933 634 4975 est.
671 4922 808 4974 Intra
840 4936 969 4973 mss.
1003 4923 1221 4987 quidam
1255 4924 1514 4975 mendose
1541 4923 1748 4986 ferunt,

167 4993 259 5047 vel
288 4993 410 5045 alia:
443 4992 622 5047 debiti.
662 4989 780 5044 Mox
813 4993 1050 5056 pessime
1089 4991 1250 5056 editi,
1293 4993 1415 5046 alia:
1449 5010 1535 5046 ver
1611 4995 1757 5048 sanis

164 5063 509 5127 corporibus,
543 5072 592 5116 et
636 5063 758 5115 alia:
800 5061 1207 5127 inﬁrmioribus.

250 5132 364 5203 (77)
397 5131 486 5187 Sic
517 5149 708 5187 omnes
748 5147 876 5185 mss.
909 5130 1048 5185 Editi
1084 5148 1236 5195 vero,
1279 5143 1329 5186 et
1366 5135 1451 5187 ubi
1483 5153 1534 5188 ut
1592 5133 1626 5185 il
1663 5135 1758 5186 Im-

161 5203 327 5258 mani
358 5212 452 5256 aut
497 5204 698 5257 honesti
731 5211 842 5266 est,
889 5213 935 5256 et
976 5219 1134 5272 super
1167 5206 1344 5258 omnia
1387 5207 1474 5258 ubi
1514 5221 1756 5272 pa.erna:

159 5275 548 5336 institutionis,
582 5283 687 5328 etc.

249 5344 365 5415 (78)
398 5341 596 5409 Igitur.
627 5343 908 5400 Omittitur
955 5344 1008 5397 in
1069 5345 1318 5399 omnibus
1364 5361 1495 5399 mss.
1530 5345 1751 5408 nostris,

161 5420 274 5469 sed
305 5424 486 5468 exstat
533 5415 585 5467 in
633 5415 827 5478 editis,
870 5416 960 5484 qni
1011 5415 1167 5482 paulo
1195 5428 1309 5482 post
1344 5431 1625 5485 perperam
1669 5420 1755 5469 ha-

161 5488 353 5554 bent,
379 5495 626 5554 tanquam
658 5485 842 5538 bonum
871 5497 918 5539 et
937 5485 1072 5553 justi
1108 5487 1226 5550 Dei,
1251 5498 1358 5540 etc.

247 5553 366 5627 (79)
402 5553 522 5627 Non
550 5555 697 5607 aliud
732 5558 933 5627 dicunt,
964 5567 1070 5627 etc.
1104 5555 1180 5609 Ex
1217 5557 1300 5610 his
1341 5555 1520 5610 verbis
1556 5555 1752 5610 l‘liero-

159 5625 375 5698 nymus
425 5625 515 5678 lib.
555 5641 586 5678 tt
617 5627 866 5698 adversus
904 5625 1152 5698 Ruﬁnum
1198 5628 1414 5681 videtur
1465 5642 1754 5682 accusasse

163 5695 470 5765 ‘U'rigeuem
507 5696 684 5765 quasi
711 5697 908 5750 dixerit
960 5695 1221 5764 Spiritum
1262 5707 1508 5751 sanctum
1541 5712 1644 5751 non
1687 5699 1753 5752 de

154 5769 371 5825 cadent
413 5764 590 5821 Patris
651 5764 879 5837 Filiiqne
929 5782 1050 5822 csse
1101 5767 1424 5822 substantia.
1477 5767 1583 5822 Sed
1635 5769 1753 5824 vide

1861 4498 2023 4565 giam,
2057 4513 2204 4551 num.
2241 4497 2292 4550 7.

1934 4566 2046 4637 (80)
2087 4567 2214 4621 Mss.
2244 4569 2509 4636 plerique,
2539 4568 2603 4622 de
2635 4569 2754 4637 ipsa
2786 4565 2882 4619 Dei
2913 4582 3024 4620 esse
3050 4582 3165 4620 eam
3195 4567 3438 4621 substan-

1861 4639 1991 4691 tiam
2026 4639 2349 4706 proﬁtentes,
2380 4639 2542 4692 male.

1933 4708 2042 4777 (81)
2088 4705 2164 4760 Ita
2196 4723 2386 4762 omnes
2430 4724 2559 4764 mss.
2611 4708 2803 4762 nostri.
2849 4708 2917 4761 At
2956 4723 3086 4762 vero
3129 4706 3288 4769 editi,
3333 4705 3441 4763 Sed

1859 4788 1908 4831 et
1935 4778 2070 4830 illud
2107 4780 2246 4846 quod
2291 4781 2531 4848 sequitur
2566 4781 2738 4848 (quod
2780 4779 3160 4845 perabsurdum
3197 4783 3309 4847 est)
3358 4779 3440 4832 in-

1861 4865 2073 4902 currere
2105 4865 2207 4902 non
2237 4851 2522 4916 pratvident
2693 4864 2758 4903 ea:
2783 4850 2941 4903 nullis
2973 4849 3374 4904 subsistentibus
3414 4867 3446 4903 a

1860 4918 1970 4972 Deo
2009 4919 2207 4987 factam
2236 4935 2368 4980 esse,
2410 4929 2518 4974 etc.

1931 4988 2044 5059 (82)
2093 4989 2219 5043 Mss.
2256 4993 2423 5043 nostri
2467 5006 2659 5044 omnes
2694 4990 2918 5056 habent,
2946 4991 3001 5044 in
3033 4991 3328 5044 traducem.
3361 4989 3442 5044 ln-

1862 5059 1941 5112 fra
1983 5060 2150 5123 editi,
2185 5061 2312 5128 quid
2347 5062 2582 5115 dicemus
2609 5081 2628 5118 :
2671 5077 2789 5114 mox
2825 5077 2954 5115 mss.
2997 5060 3329 5114 Sorbonicus
3378 5071 3435 5115 et

1863 5130 1920 5184 S.
1961 5131 2274 5186 Michaelis.
2319 5135 2382 5184 de
2433 5133 2512 5186 his
2550 5134 2638 5201 qui
2688 5130 2949 5199 interfecti
2997 5133 3211 5185 adhuc:
3256 5141 3440 5201 postea

1860 5217 2049 5256 omnes
2076 5217 2228 5271 mss.,
2257 5213 2302 5255 et
2329 5205 2468 5271 quod
2496 5219 2868 5271 nonnunquam
2898 5203 3053 5256 etiam
3081 5203 3242 5270 (editi
3271 5203 3438 5254 omit-

1863 5283 1981 5324 tunt
2017 5269 2209 5340 etiam)
2246 5269 2525 5339 antequam
2556 5269 2908 5335 uasculorum,
2964 5284 3068 5328 etc.
3117 5274 3222 5328 Sed
3270 5273 3443 5342 legen-

1861 5345 1985 5396 dum
2026 5343 2237 5394 videtur
2273 5355 2330 5395 ut
2371 5343 2423 5395 itt
2470 5353 2656 5397 nostro
2697 5354 2868 5397 textu.

1933 5412 2044 5480 (85)
2092 5412 2256 5479 Editi,
2292 5414 2630 5481 participabit
2677 5415 2730 5467 id
2783 5414 2928 5482 quod
2958 5414 3132 5468 adhuc
3174 5416 3230 5467 in
3265 5421 3438 5468 ventre

1859 5495 2122 5548 receptum
2148 5493 2246 5545 est,
2285 5496 2332 5535 et
2364 5486 2568 5549 repulsa
2590 5496 2662 5538 est
2699 5484 2794 5537 illa
2827 5486 2961 5536 ratio
2993 5501 3130 5554 qum,
3164 5497 3273 5539 etc.
3305 5483 3433 5535 Mss.

1860 5554 2194 5608 Sorbonicus
2220 5564 2275 5608 et
2305 5554 2364 5608 S.
2401 5554 2676 5609 Michaelis
2708 5556 2758 5607 in
2813 5555 3056 5608 Periculo
3096 5556 3283 5618 maris,
3312 5567 3440 5621 par-

1858 5625 2090 5687 ticipuvit
2129 5625 2184 5676 id
2241 5627 2380 5692 quod
2434 5626 2606 5678 adhuc
2646 5627 2698 5678 in
2749 5636 2922 5679 uentre
2963 5635 3208 5694 corrupto
3257 5634 3354 5682 est,
3389 5629 3440 5674 et

1859 5696 2068 5762 repulsa
2107 5704 2182 5747 est
2223 5696 2318 5748 illa
2364 5697 2500 5749 ratio
2549 5712 2696 5766 quia,
2743 5707 2848 5754 etc.
2895 5695 3090 5752 Caneri
3132 5711 3261 5751 vero
3303 5705 3439 5748 mss.

1864 5778 1920 5821 ut
1957 5766 2009 5818 in
2057 5774 2242 5821 nostro
2291 5774 2460 5822 textu.
