3870 6220
416 326 521 381 607

1662 322 1718 376 S.
1760 322 2089 379 PAMPHILI
2131 323 2313 379 MAR?
2331 321 2489 378 YRIS

3591 324 3689 379 508

420 446 656 500 maxime
687 459 812 499 cum
843 444 974 499 illud
1015 444 1290 515 praecipue
1324 445 1637 499 servaverit
1661 447 1804 515 quod
1832 447 1885 501 in
1910 447 2013 502 Ec-
2042 450 2087 507 Α
2116 445 2398 501 contrario
2430 443 2539 499 diei
2567 450 2843 514 poterunt,
2874 441 3221 513 disputentur
3250 456 3266 495 :
3313 450 3368 496 et
3403 442 3541 498 banc
3574 460 3687 499 esse

423 539 587 592 rlesia
652 538 717 593 de
766 538 960 593 anima:
1017 538 1366 592 confessione
1418 538 1629 592 servari
1680 540 2010 594 omnimodis

425 631 610 692 debet,
641 628 693 683 id
728 638 812 681 est
864 644 931 683 ne
960 630 1216 683 diversas
1246 642 1474 683 naturas
1501 643 1623 683 esse
1654 630 1862 685 diceret
1894 632 2011 684 ani—

428 740 687 778 marum:
730 724 976 792 quinimo
1006 734 1057 777 et
1106 723 1355 779 dicentes
1397 725 1716 795 redarguit,
1749 735 1803 781 et
1843 726 2010 780 vehe—

431 814 599 868 menti
624 816 927 867 asscrtione
948 814 1245 868 convincit;
1280 813 1396 884 Ipse
1420 824 1601 870 autem
1630 816 1831 871 fatetur
1851 816 2011 871 unius

426 905 746 961 Substantim
785 921 977 961 omnes
1027 922 1147 961 esse
1194 908 1428 971 animas,
1481 918 1537 962 et
1572 908 1913 964 immortales
1945 924 2011 963 ac

428 996 810 1059 rationabiles,
845 996 998 1050 liberi
1037 999 1251 1053 arbitrii
1285 1016 1351 1054 ac
1386 1000 1723 1055 voluntatis:
1749 1002 2010 1069 judican-

430 1088 525 1143 das
547 1104 763 1158 quoque
785 1106 908 1144 esse
934 1106 1030 1159 pro
1064 1092 1146 1146 liis
1173 1106 1292 1160 qua:
1325 1092 1377 1145 in
1411 1093 1513 1146 liae
1546 1093 1655 1147 vita
1686 1100 2009 1162 gesserunt:

427 1194 548 1236 esse
579 1192 760 1236 tamen
796 1198 891 1237 eas
929 1182 1104 1237 factas
1138 1200 1166 1237 a
1222 1185 1353 1249 Deo,
1386 1187 1474 1254 qui
1517 1188 1773 1240 universa
1808 1186 2014 1240 creavit

427 1282 484 1328 et
512 1274 775 1329 condidit.
807 1275 1035 1341 Quando
1067 1288 1248 1331 autem
1280 1278 1439 1333 factze
1482 1279 1611 1342 sint,
1649 1279 1779 1333 olim
1830 1280 2011 1341 simul,

429 1376 526 1419 aut
577 1380 719 1419 nunc
754 1380 849 1435 per
896 1367 1143 1436 singulos
1183 1368 1530 1422 nascentium
1558 1410 1572 1434 ,
1612 1368 1741 1438 quid
1789 1370 2012 1438 periculi

424 1465 514 1510 est
540 1457 772 1511 alterum
821 1472 852 1512 e
884 1458 1094 1513 duobus
1119 1461 1378 1527 opinari?
1426 1460 1536 1531 (84)
1582 1460 1688 1515 Sed
1737 1460 1896 1516 aliter
1927 1478 2012 1515 re-

431 1548 701 1614 spondere
740 1547 999 1614 possibile
1033 1556 1135 1613 est,
1169 1559 1229 1603 ut
1272 1550 1451 1603 omnis
1501 1552 1714 1620 penitus
1763 1551 2013 1620 culpandi

432 1634 612 1689 aditus
636 1636 980 1691 excludatur.
1010 1636 1163 1691 Sicut
1204 1639 1349 1692 enim
1389 1639 1456 1695 de
1490 1641 1852 1694 luminaribus
1893 1641 2015 1696 cteli

432 1727 647 1783 diversa
684 1729 904 1797 singuli,
956 1732 1118 1785 etiam
1171 1732 1275 1801 ipsi
1325 1733 1417 1801 qui
1455 1742 1584 1787 sunt
1633 1734 1685 1787 in
1724 1732 2013 1799 Ecclesiis,

2114 547 2288 593 artem
2324 537 2633 606 disputandi
2685 552 2793 590 non
2829 536 3198 597 advertenics,
3240 535 3502 605 objiciunt
3548 536 3596 590 ci
3624 538 3688 591 dc

2112 630 2217 685 liae
2260 630 2532 697 dogmate,
2564 627 2709 698 quod
2739 627 2894 697 quasi
2936 627 3049 696 ipse
3086 626 3323 681 senserit
3363 642 3425 681 ea
3458 642 3579 696 qua!
3623 644 3687 683 cx

2114 722 2461 776 adversantis
2487 735 2718 791 persona
2755 720 3035 777 disseruit.
3072 719 3315 789 Denique
3341 719 3486 789 quod
3514 719 3690 775 discu-

2117 816 2281 870 tiendi
2320 815 2437 869 haec
2467 823 2521 869 et
2570 829 2676 869 non
2718 815 3076 869 confirmandi
3111 814 3311 868 dixerit
3362 829 3550 879 causa,
3583 814 3691 881 ipse

2114 923 2209 976 per
2247 923 2310 962 ea
2345 922 2466 974 qua:
2513 916 2635 975 post
2671 916 2964 961 tractatum
3002 906 3081 961 rei
3121 906 3291 975 ipsius
3340 906 3556 976 adjecit,
3598 920 3689 961 os-

2117 999 2290 1052 tendit
2340 999 2443 1053 lioc
2489 998 2651 1053 modo
2693 996 2921 1053 dicens:

2186 1092 2477 1147 ORIGENES.
2522 1091 2634 1161 (88)
2671 1111 2690 1142 ι
2729 1091 2836 1146 Sed
2870 1091 3007 1153 lucc,
3056 1100 3316 1159 quantum
3346 1090 3415 1144 ad
3445 1104 3546 1145 nos
3575 1105 3691 1159 pcr-

2116 1186 2289 1251 tinct,
2330 1201 2436 1240 non
2492 1186 2599 1239 sint
2651 1185 2943 1254 dogmata;
2994 1184 3087 1239 sed
3125 1183 3482 1237 discussionis
3523 1184 3692 1253 gratia

2116 1280 2261 1334 dicta
2302 1278 2431 1341 sint,
2470 1286 2523 1332 et
2552 1277 2900 1344 abjieiantnr.
2934 1277 3039 1331 Pro
3087 1292 3155 1332 eo
3187 1286 3364 1331 autem
3402 1276 3520 1329 salo
3554 1276 3692 1330 dicta

2116 1383 2263 1433 sunt,
2289 1385 2355 1424 ne
2381 1370 2633 1424 videatur
2653 1370 2887 1440 quaeSIio
2914 1379 3083 1434 mota,
3110 1384 3212 1423 non
3238 1384 3357 1423 esse
3384 1370 3649 1423 discussa.
3673 1388 3688 1420 i

2188 1464 2524 1519 PAMPHILUS.
2558 1464 2667 1520 Sed
2699 1464 2813 1519 haec
2853 1464 2904 1517 in
2943 1480 3007 1518 eo
3042 1464 3161 1517 loco
3209 1463 3367 1529 dixit,
3410 1464 3461 1516 in
3502 1478 3610 1532 quo
3636 1467 3697 1517 de

2118 1553 2406 1610 animabus
2434 1555 2757 1609 animalium
2794 1554 3126 1624 requirebat,
3157 1553 3269 1623 (89)
3296 1568 3400 1607 non
3429 1554 3495 1609 de
3530 1564 3699 1609 trans-

2119 1648 2420 1703 mutatione
2472 1649 2804 1704 animarum.
2861 1648 2938 1702 De
3000 1648 3303 1701 animarum
3354 1661 3484 1701 vero
3530 1656 3701 1701 trans-

2122 1741 2427 1795 mutatione
2477 1741 2529 1794 in
2574 1741 2809 1810 septimo
2843 1741 2983 1795 libro
3032 1740 3084 1794 in
3138 1740 3481 1810 Evangelium
3516 1757 3705 1794 secun-

435 1822 722 1885 seutiunt;
771 1822 890 1876 aliis
934 1823 1154 1892 quidem
1209 1825 1563 1892 Opinantibus
1602 1839 1723 1879 esse
1761 1826 2015 1879 animan-
2050 1806 2091 1861 Β
2120 1836 2244 1889 dum
2279 1832 2593 1887 Μαιιιηεαηι
2633 1806 2707 1888 ita
2743 1834 2938 1889 scribit
2980 1847 2996 1887 ε

432 1916 532 1977 tia,
596 1924 651 1969 et,
699 1916 1107 1969 rationabilium
1159 1917 1557 1984 animantium;
1598 1919 1721 1974 aliis
1763 1934 1892 1973 vero
1922 1934 2019 1987 pu-

439 2005 680 2059 tantibns
710 2006 852 2074 quod
906 2006 1307 2062 irrationabilia
1359 2010 1490 2074 sint,
1545 2011 1654 2064 imo
1699 2026 1829 2065 vero
1875 2012 2018 2080 quod

433 2109 541 2149 non
584 2099 758 2149 solum
792 2096 999 2160 anima,
1051 2097 1146 2151 sed
1197 2106 1251 2150 et
1298 2098 1445 2151 omni
1480 2114 1641 2152 sensu
1681 2098 1894 2167 penitus
1921 2113 2015 2152 ca-

432 2194 623 2248 reant,
659 2194 714 2238 et
746 2186 857 2240 sola
890 2190 1007 2241 sine
1050 2188 1245 2256 spiritu
1290 2205 1355 2244 ac
1405 2206 1566 2245 Sensu
1605 2190 1713 2244 sint
1744 2205 2013 2258 corpora:

432 2294 592 2334 nemo
622 2288 801 2333 tamen
833 2281 1029 2334 merito
1070 2280 1301 2336 alterum
1329 2296 1520 2337 eorum
1554 2284 1644 2352 qui
1678 2282 1794 2336 haec
1834 2284 1905 2335 ita
1937 2283 2018 2336 di-

431 2384 591 2426 verse
629 2374 890 2438 sentiunt,
927 2374 1243 2428 liarreticum
1282 2376 1512 2438 dixerit,
1550 2384 1836 2443 propterea
1872 2376 2016 2444 quod

431 2477 540 2517 non
572 2473 760 2531 aperte
795 2467 860 2517 de
906 2464 992 2519 bis
1043 2467 1299 2519 traditum
1335 2476 1421 2521 est
1474 2466 1586 2537 (85)
1630 2469 1683 2520 ἱιι
1718 2468 2016 2533 apostolica

430 2557 815 2627 praedicatione
845 2575 856 2610 :
898 2560 967 2613 ita
1013 2560 1178 2613 etiam
1207 2574 1302 2614 eos
1334 2559 1427 2629 qui
1465 2561 1531 2614 de
1570 2561 1810 2614 humana
1839 2561 2017 2615 anima

431 2650 701 2715 dubitant,
743 2654 889 2707 etde
920 2653 1074 2706 initio
1104 2653 1219 2723 ejus
1259 2652 1340 2707 vel
1380 2653 1592 2722 origine
1638 2654 1851 2708 diversa
1888 2653 2011 2721 opi-

431 2752 653 2808 nantur,
697 2759 801 2797 non
836 2752 918 2798 est
951 2754 1156 2797 rectum
1184 2744 1468 2798 luereticos
1492 2745 1870 2813 pronuntiare,
1903 2760 2017 2797 ma-

430 2833 576 2888 xime
610 2850 734 2888 cum
772 2834 824 2888 in
867 2834 1090 2903 reliquis
1134 2834 1527 2890 ecclesiastica:
1559 2836 1824 2890 doctrinae
1859 2850 2019 2905 regu-

433 2923 500 2978 lis
532 2925 672 2992 quod
710 2936 914 2980 rectum
945 2940 1028 2982 est
1056 2936 1111 2982 et
1132 2927 1460 2982 catholicum
1494 2936 1737 2982 teneant.

505 3012 807 3072 Novissima
844 3018 1155 3073 criminatio
1184 3028 1269 3074 est
1297 3018 1406 3089 (86)
1448 3018 2014 3090 μετενσωματώσεως,

432 3108 534 3164 hoc
563 3119 648 3164 est
695 3112 1171 3165 transmutationis
1203 3111 1536 3165 animarum.
1564 3113 1644 3166 Ad
1681 3112 1850 3181 quod,
1872 3112 2019 3165 sicut

2739 1924 2969 1980 CAPUT
3010 1926 3079 1981 X.

2368 2034 2653 2075 BISPONSIO
2691 2035 2759 2073 AD
2798 2034 2976 2074 NONA}!
3015 2034 3461 2075 (λιιιιιιΝΑτιοΣεὶι.

2493 2112 2568 2166 De
2591 2112 3034 2166 transmutatione
3056 2114 3374 2165 animarum.

2191 2204 2484 2262 Oatceass.
2532 2224 2551 2257 ι
2586 2205 2699 2275 (99)
2732 2205 2961 2271 Quidam
2982 2205 3197 2273 quidem
3221 2205 3331 2275 (9|)
3356 2205 3562 2274 opinati
3584 2214 3708 2259 sunt

2122 2310 2189 2347 ex
2223 2310 2289 2347 eo
2322 2295 2469 2364 quod
2497 2295 2698 2349 dictum
2723 2304 2808 2349 est
2844 2309 2858 2346 :
2891 2294 3011 2363 Ipse
3036 2304 3112 2348 est
3144 2292 3293 2347 Elia:
3319 2297 3410 2364 qui
3456 2306 3710 2349 venturus

2120 2395 2197 2439 est
2225 2386 2267 2416 ⁸⁷
2297 2402 2311 2441 :
2338 2387 2573 2439 animam
2606 2385 2738 2439 Elite
2785 2388 3029 2441 eamdem
3063 2384 3229 2440 fuisse
3260 2401 3420 2456 quam
3458 2386 3707 2443 Joannis.

2120 2474 2275 2543 Quod
2307 2477 2452 2531 enim
2479 2478 2616 2531 dixit
2658 2496 2671 2531 :
2701 2476 2824 2544 Ipse
2842 2488 2918 2530 est
2948 2475 3123 2543 Elius,
3172 2494 3278 2532 non
3319 2478 3383 2531 ad
3417 2479 3580 2543 aliud,
3614 2481 3708 2534 sed

2120 2564 2187 2618 ad
2215 2564 2455 2619 animam
2492 2564 2840 2619 referendum
2900 2575 3184 2634 putarunt,
3216 2576 3270 2622 et
3319 2583 3382 2621 ex
3426 2569 3531 2623 hoc
3573 2585 3711 2639 pene

2119 2657 2233 2712 solo
2256 2673 2511 2713 sermone
2550 2658 2748 2728 dogma
2798 2658 3215 2714 introduxerunt
3278 2663 3710 2732 μετενσωματώο

2122 2765 2281 2812 σεως,
2307 2748 2355 2801 id
2386 2760 2491 2810 est,
2521 2748 2997 2803 transmutationis
3016 2751 3341 2816 animarum,
3366 2752 3524 2821 quasi
3542 2754 3709 2807 etiam

2120 2836 2238 2905 ipso
2266 2837 2368 2890 hoc
2390 2835 2519 2892 Jesu
2559 2838 2941 2893 conlirmante.
2992 2838 3099 2894 Sed
3126 2852 3439 2911 oportuerat
3487 2844 3713 2907 intueri,

2120 2926 2246 2994 quia
2269 2926 2312 2978 si
2353 2925 2457 2980 hoc
2488 2941 2678 2979 verum
2703 2937 2870 2993 esset,
2910 2928 2964 2982 in
3016 2929 3200 2985 multis
3225 2931 3413 3001 utique
3468 2934 3713 3002 prophe-

2123 3025 2299 3070 tarum
2365 3017 2451 3072 vel
2512 3016 2932 3089 Evangeliorum
2988 3023 3205 3092 scriptis
3268 3025 3447 3080 simile
3504 3026 3711 3096 aliquid

2124 3108 2355 3162 inveniri
2376 3109 2616 3164 deberet.
2641 3110 2776 3164 Tum
2802 3113 2994 3167 deinde
3024 3115 3187 3168 etiam
3244 3116 3335 3171 ille
3387 3133 3572 3173 sermo
3619 3124 3712 3189 qui

434 3202 486 3255 in
513 3202 722 3257 caneris
752 3202 1000 3265 fecimus,
1045 3203 1216 3270 ipsius
1254 3204 1346 3273 qui
1381 3212 1670 3256 accusatur
1700 3180 2011 3269 responde-
2044 3180 2085 3236 δ
2124 3202 2250 3255 huic
2274 3201 2611 3270 adjungitur,
2646 3205 2885 3259 ost‘endit
2938 3208 3291 3262 secretiorem
3322 3180 3716 3277 quemdam-et

435 3293 611 3348 bimus
653 3294 871 3349 verbis:
916 3293 1048 3349 illud
1100 3296 1277 3364 primo
1330 3297 1741 3365 pernecessario
1777 3309 2017 3348 commo‘

435 3394 640 3447 nentes,
671 3386 797 3455 quia
824 3394 1174 3441 accusatores
1199 3385 1315 3454 ejus
1353 3402 1458 3440 non
1497 3387 1860 3457 intelligentes
1889 3401 2017 3455 qua-

433 3475 562 3530 liter
610 3479 679 3531 ab
719 3493 784 3532 eo
824 3479 891 3533 de
928 3479 1028 3532 ista
1084 3480 1388 3547 quaestione
1436 3487 1723 3532 tractatum
1774 3478 1878 3542 sit,
1933 3476 2016 3531 vel

436 3569 579 3640 quod
616 3572 752 3623 ratio
780 3570 1165 3640 disputationis
1197 3572 1268 3625 ita
1300 3586 1359 3626 se
1398 3571 1619 3634 habeat,
1659 3570 1769 3641 (87)
1803 3579 1859 3623 ut
1907 3586 2013 3624 non

436 3677 653 3731 semper
692 3663 802 3718 sola
831 3664 978 3718 velut
1024 3679 1092 3719 ex
1134 3680 1365 3734 persona
1412 3664 1757 3733 pronuntiari
1803 3663 2019 3716 videan-

435 3764 521 3809 tur
551 3770 672 3825 qute
710 3756 986 3821 dicuntur,
1036 3757 1129 3811 sed
1178 3756 1447 3811 interdum
1493 3759 1661 3809 etiam
1710 3771 1773 3810 ea
1823 3770 1943 3824 quan
1987 3772 2017 3809 e

506 3933 548 3963 ⁸⁷
575 3932 768 3988 Matth.
800 3951 875 4000 XI,
912 3935 999 3990 14.
1078 3936 1123 3971 ⁸⁸
1154 3936 1285 3993 ibid.
1318 3937 1405 3994 15.

508 4136 621 4209 (84)
664 4139 792 4194 Mss.
834 4142 1051 4210 quidam
1076 4184 1090 4204 ,
1138 4140 1245 4197 Sed
1281 4142 1436 4195 aliter
1468 4139 1776 4207 respondere
1825 4140 2011 4208 impos-

437 4211 586 4263 sibile
621 4221 716 4263 est.
764 4211 953 4265 (ἐπωρτί
1000 4228 1127 4266 vero
1176 4228 1303 4266 mss.
1353 4225 1409 4266 et
1454 4214 1583 4267 editi
1625 4222 1682 4265 ut
1723 4214 1775 4265 in
1823 4222 2010 4278 textu,

438 4281 538 4334 nisi
580 4282 721 4345 quod
767 4284 895 4336 editi
938 4284 1193 4336 amittant
1231 4282 1408 4336 aliter.

513 4352 624 4421 (85)
667 4351 790 4405 Mss.
824 4354 950 4416 dno,
988 4354 1186 4421 Regius
1211 4353 1418 4407 scilicet
1459 4361 1512 4406 et
1548 4352 1919 4413 Corbeiensis,
1958 4354 2013 4405 in

440 4422 728 4489 apostolica
770 4426 1093 4478 traditione:
1141 4424 1327 4479 caeteri
1384 4440 1516 4478 mss.
1574 4433 1630 4475 ct
1670 4425 1801 4477 editi
1852 4436 1911 4476 ut
1957 4424 2010 4475 in

440 4503 559 4546 11081
570 4508 627 4543 το
666 4503 835 4547 textu.

513 4562 626 4631 (86)
670 4562 742 4615 Ita
782 4579 973 4619 omnes
1013 4580 1144 4621 mss.
1176 4573 1232 4618 et
1271 4563 1607 4618 Genebrardi
1654 4563 1842 4619 editio.
1880 4563 2016 4616 Mer-
2052 4566 2092 4619 Ι)

440 4631 582 4713 linus
635 4649 798 4713 vero,
845 4633 1352 4706 μεταμορφώσεως,
1397 4638 1494 4687 hoc
1545 4644 1619 4687 est
1661 4635 2015 4704 transferatu-

438 4705 593 4756 tiOnis
626 4705 946 4758 animarum.

510 4765 621 4840 (B7)
659 4773 798 4828 Eiliti
823 4815 838 4838 ,
876 4784 932 4829 ut
974 4794 1076 4830 non
1117 4793 1320 4842 semper
1364 4775 1501 4829 velut
1536 4791 1600 4828 ex
1644 4791 1748 4828 una
1794 4792 2018 4843 persona

438 4844 779 4896 uronuntiari
949 4850 1037 4900 sed
1077 4847 1343 4906 interdum
1373 4848 1529 4898 etiam
1564 4863 1625 4899 ea
1655 4862 1774 4915 qua:
1802 4857 2021 4899 contra-

441 4929 522 4965 ria
569 4914 672 4966 dici
700 4924 1005 4983 potuerunt,
1039 4919 1389 4985 disputentur.
1431 4915 1559 4969 Mss.
1593 4918 1789 4977 nostri,
1827 4926 1880 4967 ut
1916 4933 2019 4969 non

438 5000 643 5049 semper
671 4988 783 5037 salu
816 4986 982 5054 (mss.
1030 4989 1402 5049 Sorbonicns,
1459 4985 1671 5055 omnia)
1714 4986 1851 5039 velut
1898 5002 2021 5053 pro-

440 5055 677 5105 nuntiari
847 5059 938 5110 sed
972 5059 1235 5110 interdum
1268 5059 1425 5109 etiam
1462 5074 1522 5109 ea
1552 5074 1669 5123 qua:
1696 5073 1722 5109 e
1748 5057 2018 5109 contrario

440 5125 546 5203 dici
583 5135 847 5195 poterunt,
882 5128 1235 5197 disputentur.
1270 5128 1376 5183 Sed
1400 5131 1689 5198 legendum
1723 5128 1938 5182 videtur
1962 5138 2019 5180 ut

439 5209 494 5247 ΙΙΙ
544 5206 715 5247 ιεχιιι.

511 5264 637 5339 (88)
664 5265 792 5320 Vide
834 5277 988 5321 notas
1019 5268 1112 5323 lib.
1144 5285 1155 5322 ι
1185 5268 1257 5322 De
1290 5270 1537 5339 princip.,
1570 5284 1689 5338 cap.
1728 5268 1782 5334 8,
1817 5277 1927 5323 not.
1962 5269 2012 5321 1.

440 5330 567 5407 Haec
603 5330 853 5406 Origenis
894 5340 1056 5393 verba
1098 5330 1341 5393 addenda
1388 5330 1534 5395 ειιίιι⁷
1564 5330 1781 5394 ἰιιἸίιιέ
1825 5340 2019 5407 capitis

438 5406 493 5464 8.
538 5406 660 5461 libri
691 5423 728 5473 ι,
769 5409 844 5461 De
890 5411 1189 5477 principiis,
1226 5412 1311 5464 tibi
1349 5412 1676 5464 omittuntur
1712 5420 1767 5463 et
1798 5406 2017 5476 ubi’pro

441 5477 525 5530 liis
556 5481 833 5532 transtttlit
876 5480 1134 5535 llulinus:
1175 5484 1318 5545 Quas
1350 5499 1442 5534 nos
1473 5499 1575 5534 non
1595 5484 1764 5535 solum
1791 5497 1893 5534 non
1921 5498 2016 5534 su-

436 5548 712 5613 scipimus,
756 5550 845 5603 sed
871 5560 920 5603 et
950 5568 1125 5604 omnes
1154 5552 1249 5604 has
1276 5553 1589 5605 assertiones
1622 5568 1801 5605 eorum
1834 5566 2017 5605 contra

435 5618 594 5691 [idem
628 5629 863 5673 nostram
896 5622 1152 5675 venientes
1190 5623 1486 5691 refutamus
1520 5634 1674 5688 atque
1704 5623 2012 5690 respuimus.

449 5688 575 5741 Vide
611 5690 1034 5745 Obsel't'aEioncs
1070 5688 1287 5748 nostras
1328 5695 1379 5745 in
1403 5688 1790 5751 liunclocum,
1813 5702 1867 5744 et
1890 5692 2017 5744 Uri-

437 5760 712 5825 genianor.
748 5761 841 5814 ιιι».
877 5777 931 5828 ιι,
965 5774 1157 5831 (ιιιωει.
1192 5766 1246 5825 6,
1286 5779 1435 5816 num.
1474 5764 1655 5823 17.18
1692 5762 1853 5816 eti‘J.
1896 5761 2019 5817 Ha'c

436 5835 621 5885 calent
674 5833 923 5902 Origenis
962 5836 1135 5903 (verba
1198 5834 1273 5890 sic
1329 5834 1494 5889 refert
1548 5833 1911 5904 Hieronymus
1963 5834 2013 5888 in

2123 3308 2381 3349 arcanum
2412 3311 2631 3350 sensum
2660 3297 2710 3349 in
2741 3297 2825 3351 liis
2874 3314 2995 3367 quae
3020 3300 3168 3354 dicta
3231 3312 3358 3356 sunt
3418 3305 3713 3372 requiren-

2124 3386 2271 3450 dum,
2298 3388 2467 3457 magis
2498 3387 2610 3459 (92)
2635 3404 2797 3459 quam
2826 3405 2887 3444 ea
2909 3406 3028 3459 quae
3068 3392 3141 3446 illi
3182 3394 3482 3448 secundum
3520 3396 3716 3451 litterae

2125 3479 2291 3534 solius
2324 3479 2733 3550 intelligentiam
2784 3494 3161 3552 susceperunt.
3191 3500 3312 3539 cum
3368 3487 3503 3540 dicit
3542 3504 3554 3537 :
3608 3489 3717 3553 Qui

2124 3574 2272 3627 liabet
2310 3590 2465 3627 aures
2490 3576 2762 3639 audiendi,
2784 3576 2967 3628 audiat
2997 3576 3062 3629 ⁸⁸.
3094 3577 3414 3633 Addendum
3444 3590 3633 3634 autem
3660 3590 3717 3634 et

2126 3666 2278 3729 illud,
2312 3666 2362 3719 id
2393 3676 2499 3732 est,
2541 3668 2667 3736 quia
2704 3668 2749 3723 si
2781 3684 2877 3737 pro
2912 3670 3167 3738 peccatis,
3217 3672 3515 3725 secundum
3568 3674 3718 3742 quod

2129 3755 2229 3825 ipsi
2255 3757 2520 3823 sentiunt,
2552 3760 2936 3815 transmutatio
2970 3759 3065 3815 fiat
3109 3763 3439 3827 animarum,
3488 3774 3718 3834 propter

2118 4137 2341 4207 epistola
2377 4138 2443 4194 ad
2488 4138 2703 4193 Avitum
2728 4153 2741 4189 :
2766 4138 2847 4191 Ad
2870 4147 3157 4193 extremum
3186 4156 3249 4193 ne
3271 4149 3541 4193 teneretur
3561 4139 3712 4208 (Ori-

2118 4211 2316 4280 genes)
2350 4208 2689 4279 Pythagorici
2723 4211 2986 4280 dogmatis
3014 4227 3134 4263 reus
3157 4211 3247 4279 qui
3275 4213 3465 4263 asserit
3496 4228 3711 4280 μετεμ-

2118 4231 2316 4280 ίζθηυδ)
2350 4231 2689 4279 ιύιιιιιςοιίσι
2723 4231 2986 4277 aagmatts
3014 4231 3134 4263 reus
3157 4231 3247 4279 ιμιι
3275 4231 3464 4263 αδδεϊιι
3496 4231 3629 4280 μΞτΞ
3686 4242 3711 4251 ’

2116 4279 2362 4350 ψύχωσιν
2388 4288 2506 4347 post
2544 4289 2651 4331 tam
2706 4278 2988 4350 nefandam
3034 4280 3445 4342 disputationem
3479 4298 3588 4348 qua
3634 4231 3713 4337 Ῐέ-

2120 4348 2276 4403 ὸιοῖίε
2296 4354 2528 4404 animum
2546 4350 2857 4403 vulneravit.
2880 4369 2897 4399 ι
2917 4348 3065 4414 lites,
3085 4351 3274 4419 inquit,
3291 4351 3449 4420 juxta
3470 4364 3715 4405 nostram

2121 4424 2462 4481 sententiam,
2501 4437 2604 4473 non
2648 4422 2752 4473 sint
2789 4420 3060 4488 dogmata,
3101 4426 3191 4474 sed
3232 4423 3455 4491 qua’sita
3493 4432 3716 4475 tantum

2124 4500 2281 4559 atque
2321 4493 2580 4559 projecta,
2609 4506 2671 4543 ne
2694 4494 2901 4556 penitus
2940 4491 3142 4544 intacta
3181 4492 3501 4545 riderentur.
3538 4512 3559 4544 ι

2191 4562 2304 4631 (89)
2331 4561 2471 4615 Editi
2510 4571 2629 4629 post
2662 4563 2778 4613 hinc
2810 4561 2996 4626 verba,
3025 4578 3128 4615 non
3162 4563 3226 4615 de
3258 4564 3714 4631 transmutatione

2124 4635 2444 4701 animarum,
2477 4631 2629 4701 quasi
2676 4632 2727 4683 in
2772 4632 2923 4683 titulo
2964 4646 3091 4685 mox
3126 4633 3346 4692 habent,
3387 4630 3455 4685 In
3483 4635 3716 4701 septimo

2124 4703 2257 4755 libro
2289 4704 2343 4754 in
2371 4700 2713 4769 Evangelium
2749 4702 3038 4755 secundum
3069 4701 3379 4756 Matthteum
3413 4705 3487 4755 ita
3521 4704 3714 4756 scribit

2121 4774 2185 4826 de
2228 4774 2669 4826 transmutatione
2708 4773 3030 4825 animarum.
3078 4773 3183 4827 Sed
3227 4788 3362 4825 mss.
3408 4783 3469 4825 ut
3511 4775 3568 4826 in
3608 4788 3714 4827 no-

2122 4856 2234 4896 stro
2255 4854 2423 4906 textu,
2449 4843 2549 4895 nisi
2576 4842 2717 4910 quod
2743 4843 2961 4910 quidam
2987 4843 3242 4897 omittunt
3265 4859 3403 4906 vero,
3432 4855 3487 4895 et
3513 4860 3714 4898 omnes

2124 4915 2382 4977 habeant,
2428 4915 2481 4965 in
2532 4911 2853 4981 Evangelia;
2900 4913 2995 4968 sed
3054 4914 3401 4969 scribendum
3442 4915 3717 4967 duximus

2122 4999 2243 5036 cnin
2278 4984 2461 5048 editis,
2496 4982 2549 5035 in
2600 4982 2965 5052 Evangelium.
3007 4984 3207 5038 Deinde
3262 4984 3479 5038 titulum
3527 4986 3711 5046 hunc,

2125 5052 2407 5120 Responsio
2465 5055 2533 5105 ad
2580 5069 2775 5106 nouam
2821 5055 3265 5107 criminationem.
3311 5054 3479 5121 Caput
3511 5052 3592 5117 Χ,
3636 5054 3716 5107 De

2124 5125 2560 5177 transmutatione
2616 5126 2961 5189 animarum,
3020 5128 3085 5178 de
3139 5134 3329 5178 nostra
3395 5127 3719 5178 addidimus

2122 5198 2187 5249 ad
2224 5196 2507 5249 clariorem
2537 5194 2697 5246 libelli
2726 5196 3050 5249 divisionem
3084 5212 3097 5248 :
3132 5211 3233 5250 ncc
3270 5196 3416 5249 enim
3453 5196 3506 5248 in
3537 5196 3709 5250 editis

2122 5280 2223 5320 nec
2274 5267 2323 5317 in
2366 5282 2493 5318 mss.
2541 5273 2835 5333 comparet.

2192 5336 2305 5405 (90)
2329 5336 2405 5389 Ex
2438 5337 2529 5389 lib.
2557 5350 2631 5388 vti
2662 5333 2953 5389 Comment.
2977 5336 3031 5389 in
3057 5334 3386 5391 Matthwum.

2191 5408 2304 5477 (9t)
2337 5408 2413 5461 lta
2448 5420 2638 5477 omnes
2670 5421 2799 5459 mss.
2833 5408 3025 5460 nostri.
3070 5408 3207 5461 Editi
3235 5418 3416 5477 autem
3437 5444 3453 5469 ,
3479 5407 3688 5473 apinan

2120 5474 2271 5531 tur...
2288 5474 2532 5530 animam
2565 5474 2697 5530 Elia:
2722 5480 2958 5530 eamdem
2982 5494 3092 5531 esse
3111 5493 3230 5547 qute
3252 5476 3499 5542 Joannis,
3536 5489 3653 5530 etc.

2193 5549 2304 5619 (92)
2336 5549 2498 5612 Editi,
2526 5563 2682 5619 quam
2712 5550 2851 5614 quod
2878 5548 2995 5609 illi;
3025 5558 3079 5602 et
3122 5549 3283 5616 paulo
3304 5556 3448 5617 post,
3489 5548 3716 5599 Adden-

2120 5618 2246 5672 dum
2279 5618 2454 5671 autem
2481 5628 2528 5670 et
2555 5618 2685 5686 illud
2722 5629 2817 5679 est,
2843 5621 2991 5686 quia,
3019 5631 3126 5672 etc.
3150 5619 3274 5672 Mss.
3301 5619 3505 5686 plures,
3539 5633 3709 5686 quam

2119 5706 2238 5755 qua:
2269 5690 2351 5742 illi
2377 5692 2499 5756 (IIIS.
2538 5690 2596 5742 S.
2616 5685 2893 5759 (Remigii,
2926 5706 3082 5759 quam
3111 5705 3261 5759 quem
3286 5685 3461 5756 illi)...
3486 5687 3712 5739 Adden-

2121 5764 2246 5811 dum
2274 5772 2445 5813 autem
2480 5771 2525 5811 et
2563 5758 2694 5810 illud
2724 5770 2820 5823 est,
2857 5760 3003 5829 quia,
3039 5771 3146 5816 etc.
3206 5758 3309 5815 Sed
3363 5759 3564 5815 melius
3606 5772 3712 5812 tus.

2124 5832 2457 5887 Sorbonicus
2494 5838 2549 5885 ut
2583 5830 2633 5883 in
2676 5837 2850 5885 textu.
