3870 6220
179 328 297 381 609

1380 328 1724 385 AI'OLOCIA
1764 329 1901 386 Plit)
1940 327 2265 385 ORICENE.

3367 334 3472 397 (iit)

180 462 314 517 qua!
347 455 570 516 peccata
605 445 734 501 Elite
778 448 958 501 animo
994 455 1356 503 transmutata
1409 459 1494 504 est
1526 450 1579 503 in
1612 448 1776 503 Joaii-
1808 458 1854 509 Α
1880 450 1980 504 es?
2015 448 2083 502 Et
2111 448 2283 503 dicit:
2310 447 2433 502 Nati
2458 464 2575 502 uini
2598 447 2662 499 ⁵³.
2696 446 2805 504 Sed
2827 455 2885 501 ut
2914 447 3237 505 ostendatur
3268 465 3467 505 conve-

177 554 335 602 iiem,
365 539 459 609 qui
485 542 554 593 ab
587 539 707 608 ipso
730 540 923 610 angelo
945 543 1254 595 nasciturus
1292 543 1705 611 pramuntiatur,
1739 556 1767 593 a

178 628 544 699 quoethsus
580 630 834 686 Salvator
881 632 1109 688 noster?
1148 633 1431 701 Quomodo
1486 649 1618 704 ergo
1670 651 1778 690 nor:

178 722 655 778 evidentissimum
688 724 790 779 hoc
817 728 1159 782 mendacium
1192 738 1296 791 est,
1334 737 1393 783 ut
1418 728 1505 782 ilie
1535 729 1625 798 qui
1669 737 1779 783 tam

176 812 467 882 perfectus
483 815 608 879 fuit,
639 824 697 869 ut
736 831 802 870 ne
830 833 1169 875 communem
1200 821 1419 891 quidem
1444 822 1602 875 istam
1625 836 1773 875 mor~

181 917 299 959 tem
333 917 599 975 gustaret,
626 912 838 964 veniret
874 912 941 965 ad
990 914 1503 968 transmutationem
1555 914 1770 981 animae,

179 1012 310 1066 quin
341 1001 639 1053 secundum
670 1000 885 1055 illorum
917 1004 1277 1059 assertionem
1301 1021 1406 1060 non
1424 1014 1603 1075 potest
1627 1006 1772 1060 acci-

175 1090 317 1145 dere
353 1092 457 1146 nisi
493 1106 560 1146 ex
610 1095 900 1162 peccatis?
929 1095 1067 1165 (92’)
1111 1097 1317 1153 Deinde
1363 1100 1637 1168 quomodo
1671 1098 1774 1153 hoc

173 1191 460 1251 exponent
494 1184 637 1245 quod
668 1186 871 1240 dictum
905 1199 988 1242 est
1020 1189 1085 1243 ad
1109 1187 1375 1245 Joannem
1428 1207 1442 1244 :
1498 1191 1577 1245 Tu
1625 1190 1776 1245 Elia:

260 1296 443 1349 Ἀλλοι
484 1298 583 1366 μὲν
609 1295 701 1352 οὖν
728 1300 1261 1372 ὑπολαμϐανέτωσαν
1294 1305 1432 1372 ξένοι
1453 1306 1546 1361 τοῦ
1575 1308 1770 1380 ἐκκλη-

178 1388 470 1441 σιαστικοῦ
498 1389 656 1457 λόγου
691 1392 1040 1459 μεταϐαίνειν
1076 1394 1176 1459 τὰς
1222 1396 1402 1469 ψυχὰς
1429 1399 1537 1453 ἀπὸ
1581 1401 1769 1472 σωμά-

170 1494 292 1530 των
321 1479 622 1551 ἀνθρώπων
650 1482 741 1534 ἐπὶ
772 1483 998 1554 σώματα
1028 1487 1239 1554 κύνεια,
1280 1490 1422 1544 κατὰ
1454 1492 1552 1563 τὴν
1584 1492 1771 1563 διάφο-

1883 542 2007 596 nire
2035 542 2136 595 bac
2168 541 2335 594 etiam
2372 539 2449 593 illi
2486 541 2652 594 verbo
2676 542 2819 609 quod
2866 539 3002 595 dixit
3062 540 3355 596 Dominus:
3407 542 3468 596 Si

1882 633 2037 687 vultis
2081 634 2368 699 suscipere,
2408 633 2518 698 ipse
2562 642 2637 685 est
2682 630 2833 686 Eliaa
2859 633 2951 702 qui
2992 644 3238 688 venturus
3264 645 3341 687 est
3370 634 3416 665 7‘
3450 652 3464 687 :

1882 724 1989 779 lioc
2041 723 2187 793 quod
2247 724 2406 787 dixit,
2438 721 2588 775 Elia:
2612 723 2719 788 ipse
2746 733 2839 785 est,
2877 722 3223 778 referendum
3267 737 3349 779 est
3397 727 3467 780 ad

1882 815 2134 885 spiritum
2172 823 2227 867 et
2252 815 2506 868 virtutem
2538 814 2707 882 ipsius
2734 814 2879 868 Elite.
2901 812 3139 870 Joannes
3167 816 3308 869 enini
3342 830 3467 886 pro-

1882 908 2048 964 cessit
2077 907 2132 958 in
2158 906 2349 974 spiritu
2376 915 2423 958 et
2466 906 2655 960 virtute
2680 905 2817 960 Elia:
2846 918 3142 961 convertere
3176 908 3338 961 corda
3366 923 3465 978 pa-

1881 1013 2018 1055 trum
2037 1002 2105 1053 ad
2144 998 2379 1066 ﬁlios“.
2419 1017 2438 1049 ι

1954 1089 2287 1144 ΡΑιιιιιιιιςε.
2325 1087 2401 1142 De
2441 1101 2505 1142 eo
2550 1087 2698 1155 ipso,
2752 1102 2817 1141 ex
2864 1088 3154 1143 undecimo
3214 1086 3353 1143 libro
3398 1088 3465 1145 de

1883 1181 2171 1254 Evangelia
2194 1183 2485 1237 secundum
2510 1180 2841 1237 Mattiitcum.

1947 1316 2060 1389 (95)
2102 1314 2394 1371 Oiiicssss.
2422 1314 2534 1385 (Μ)
2574 1342 2589 1367 .
2629 1314 2694 1368 Hi
2726 1314 2942 1385 quidem
2979 1316 3071 1386 qui
3095 1316 3258 1371 alieni
3291 1327 3467 1372 simia

1880 1411 2145 1466 catholica
2168 1409 2293 1475 fide,
2330 1406 2614 1463 transferri
2637 1408 2847 1461 animas
2868 1423 2933 1461 ex
2958 1408 3207 1464 humanis
3225 1411 3467 1480 corpori-

1879 1505 1978 1559 bus
2008 1504 2060 1558 in
2091 1518 2317 1573 corpora
2346 1500 2663 1555 animalium
2692 1510 2904 1569 putant,
2961 1500 3259 1556 secundum
3308 1500 3465 1556 diffe-

177 1585 277 1639 ρον
307 1572 524 1624 κακίαν.
564 1573 755 1645 Ἡμεῖς
787 1574 843 1628 δὲ
892 1578 1156 1650 μηδαμῶς
1212 1580 1370 1634 τοῦτο
1423 1584 1767 1655 εὑρίσκοντες

1881 1596 2112 1650 rentiam
2140 1572 2511 1665 peccatorum.
2546 1593 2659 1664 (95)
2690 1591 2799 1647 Nos
2852 1608 2981 1647 vero
3022 1593 3115 1663 qui
3176 1594 3279 1647 hoc
3329 1610 3464 1649 nus-

172 1664 238 1715 ὲν
266 1666 334 1734 τῇ
366 1662 484 1736 θείᾳ
507 1664 718 1738 Γραφῇ,
754 1670 932 1740 φαμὲν
963 1672 1045 1725 ὃτι
1074 1675 1407 1739 κατάστασις
1435 1675 1773 1750 λογικωτέρα

175 1757 509 1825 μεταϐάλλει
537 1762 615 1823 εἰς
640 1761 1012 1835 ἀλογωτέραν,
1050 1768 1114 1819 ὲκ
1136 1767 1337 1839 πολλῆς
1372 1769 1644 1841 ῥᾳθυμίας
1677 1773 1772 1825 καὶ

173 1849 445 1919 ἀμελείας
494 1853 556 1906 τὸ
602 1854 847 1909 τοιοῦτον
897 1857 1203 1929 πάσχουσα.
1274 1862 1509 1933 Ὁμοίως
1564 1864 1620 1917 δὲ
1676 1865 1770 1918 xa‘i.

173 1943 497 2017 ἀλογωτὲρα
534 1949 849 2020 προαίρεσις
884 1950 1036 2022 παρὰ
1067 1954 1128 2005 τὸ
1165 1954 1259 2008 τοῦ
1304 1956 1462 2025 λόγου
1508 1957 1582 2028 μὴ
1636 1960 1771 2030 ἡμε-

171 2036 426 2106 ληκὲναι,
464 2041 784 2112 ἐπιστρέφει
814 2045 943 2097 ποτὲ
968 2047 1048 2109 εἰς
1076 2047 1137 2098 τὸ
1163 2046 1353 2119 λογικὴ
1395 2045 1532 2102 εἶναι
1552 2090 1565 2113 ,
1600 2050 1675 2114 ὡς
1712 2052 1773 2105 τό

173 2146 313 2182 ποτε
350 2131 584 2185 κυνίδιον
603 2134 662 2186 τὸ
680 2135 911 2204 ἀγαπῶν
936 2138 1137 2193 ἐσθίειν
1167 2139 1277 2192 ἀπὸ
1306 2140 1412 2194 τῶν
1433 2140 1631 2212 ψιχίων
1664 2144 1774 2197 τῶν

172 2221 491 2276 πιπτόντων
536 2225 645 2278 ἀπὸ
682 2227 783 2297 τῆς
833 2230 1115 2300 τραπέζης
1166 2231 1276 2285 τῶν
1324 2233 1528 2304 κυρίων
1583 2235 1769 2301 αὑτοῦ,

171 2310 340 2382 ἥκειν
368 2315 447 2378 είς
479 2316 812 2372 κατάστασιν
842 2320 1057 2372 τέκνου.
1087 2321 1245 2389 Μέγα
1268 2321 1377 2393 γὰρ
1404 2324 1771 2394 συμϐάλλεται

170 2402 483 2476 ἀρετὴ-μὲν
511 2408 648 2475 πρὸς
692 2410 754 2462 τὸ
786 2412 1009 2483 ποιῆσαι
1050 2414 1238 2466 τέκνον
1270 2414 1439 2479 Θεοῦ,
1480 2418 1649 2471 κακία
1715 2419 1771 2471 δὲ

168 2494 275 2546 καὶ
310 2494 369 2546 τὸ
395 2495 667 2563 λυσσῶδες
698 2503 756 2553 ὲν
779 2500 958 2570 λόγοις
993 2503 1349 2575 ὑϐριστικοῖς,
1387 2509 1481 2561 καὶ
1513 2507 1573 2560 τὸ
1621 2510 1772 2563 ἀναι-

170 2584 287 2649 δὲς,
324 2586 461 2659 πρὸς
488 2588 550 2641 τὸ
576 2593 798 2663 ποιῆσαί
834 2612 955 2649 τινα
988 2599 1347 2669 χρηματίσαι,
1385 2599 1525 2653 κατά
1560 2601 1652 2654 τὸν
1674 2602 1773 2672 τῆς

176 2676 405 2749 Γραφῆς
440 2680 620 2748 λόγον,
649 2684 806 2739 κύνα.
840 2687 912 2739 Τὸ
939 2688 997 2741 δὲ
1035 2690 1219 2760 ὅμοιον
1270 2692 1482 2762 νοήσεις
1532 2692 1624 2746 καὶ
1680 2694 1771 2746 ἐπὶ

174 2768 290 2821 τῶν
318 2769 521 2826 λοιπῶν
544 2775 844 2845 ὀνομάτων,
873 2776 983 2831 τῶν
1009 2779 1150 2833 κατὰ
1169 2780 1237 2833 τὰ
1267 2781 1434 2849 ἄλογα
1462 2782 1595 2847 ζῶα.
1623 2783 1771 2855 Πλὴν

1879 1704 2041 1758 quam
2066 1697 2281 1742 cautum
2306 1687 2616 1740 invenimus
2642 1685 2698 1739 in
2740 1686 2921 1739 divina
2978 1684 3288 1755 Scriptura,
3321 1687 3464 1740 dici-

1878 1795 1999 1835 mus
2034 1780 2160 1850 quia
2201 1793 2297 1848 per
2326 1778 2549 1832 multam
2601 1778 2727 1831 vitae
2790 1777 3171 1848 negligentiam
3226 1779 3461 1833 humana

1876 1870 2183 1940 prudentia,
2216 1884 2337 1923 cum
2369 1869 2532 1924 fuerit
2571 1869 2773 1924 inculta
2805 1879 2967 1939 atque
3019 1870 3286 1940 neglecta,
3345 1870 3462 1926 εστι.

1881 1964 2023 2017 citur
2051 1963 2197 2016 velut
2240 1962 2616 2017 irrationabile
2662 1976 2829 2030 pecus
2874 1978 2970 2031 per
3015 1962 3345 2032 imperitiam
3377 1965 3461 2018 Vel

1881 2054 2289 2125 negligentiam,
2323 2069 2428 2109 non
2461 2069 2557 2122 per
2591 2064 2867 2107 naturam.
2900 2054 3160 2115 Similiter
3184 2064 3365 2109 autem
3406 2066 3462 2111 et

1876 2146 1929 2201 hi
1959 2147 2053 2214 qui
2083 2145 2216 2200 tales
2242 2145 2438 2199 fuerint
2468 2144 2644 2200 enecti
2673 2160 2738 2199 cx
2776 2148 3037 2217 propositi
3063 2149 3143 2201 sui
3184 2150 3462 2221 negligen-

1879 2237 1948 2290 tia
1972 2252 2076 2307 qiia
2113 2237 2317 2291 erudiri
2348 2235 2704 2306 neglexerint,
2734 2238 2845 2307 (96)
2884 2238 2927 2291 si
2974 2222 3264 2293 eruditioni
3292 2254 3350 2294 se
3371 2250 3458 2293 at-

1871 2343 1977 2398 que
2033 2326 2301 2383 exercitio
2345 2327 2655 2382 rationabili
2698 2328 3002 2382 dediderint
3040 2368 3055 2392 ,
3110 2328 3460 2386 rationabiles

1873 2419 2180 2475 efﬁciuntur
2211 2430 2370 2490 atque
2398 2421 2694 2491 prudentes
2730 2439 2744 2474 :
2797 2422 2938 2475 sicut
2973 2421 3234 2490 scriptum
3282 2430 3367 2477 est
3391 2423 3458 2476 de

1874 2512 1983 2566 illis
2010 2511 2337 2582 evangelicis
2365 2511 2596 2567 canibus
2621 2512 2711 2580 qni
2751 2512 3154 2567 manducabant
3210 2514 3274 2566 de
3306 2514 3457 2567 micis

1873 2620 1987 2674 qum
2016 2606 2209 2657 cadunt
2235 2604 2300 2657 de
2325 2620 2503 2657 mensa
2525 2604 2857 2657 dominorum
2885 2620 3101 2657 suorum
3122 2604 3167 2636 ⁷³
3210 2625 3222 2659 :
3247 2619 3311 2658 ex
3338 2605 3460 2676 qui-

1875 2696 1976 2750 bus
1997 2710 2258 2749 conversa
2289 2694 2595 2749 Cliaiiaiiaia
2634 2693 2775 2748 facta
2807 2704 2889 2748 est
2923 2694 3015 2749 Dei
3070 2694 3175 2749 filia
3203 2736 3217 2757 ,
3256 2711 3457 2751 secun-

1874 2788 1997 2839 dum
2030 2787 2170 2856 quod
2208 2787 2338 2840 dicit
2361 2786 2426 2840 ad
2446 2801 2564 2839 eam
2603 2785 2852 2840 Salvator
2884 2803 2896 2837 :
2923 2785 2968 2840 0
2995 2786 3133 2854 ﬁlia,
3161 2804 3350 2858 magna
3380 2798 3457 2844 est

168 2863 204 2914 ὁ
237 2863 513 2935 ἐλεγχθεὶς
546 2867 622 2930 ὡς
659 2869 942 2933 κὺων,καὶ
988 2873 1063 2945 μὴ
1115 2875 1498 2947 ἀγανακτήσας
1542 2878 1635 2929 ἐπὶ
1690 2875 1767 2947 τῷ

1879 2879 2004 2942 ﬁdes
2030 2889 2120 2931 tua
2145 2880 2210 2931 ⁷³.
2238 2879 2390 2933 Sicut
2412 2878 2559 2932 enim
2585 2879 2758 2933 virtus
2782 2881 2946 2933 animi
2986 2880 3199 2935 confert
3240 2881 3457 2935 unicui-

170 2955 397 3020 ἀνὰξιος
421 2954 557 3011 εῖναι
583 2960 840 3030 λέγεσθαι
873 2963 1038 3035 ἄρτου
1078 2968 1284 3020 τέκνων
1315 3008 1328 3031 ,
1360 2969 1454 3020 καὶ
1490 2967 1627 3037 μετὰ
1660 2968 1764 3021 πά-

174 3056 281 3117 σης
311 3049 661 3117 ἀνεξικακίας
699 3053 867 3107 εἰπὼν
899 3056 989 3108 τὸν
1027 3056 1126 3127 τῆς
1186 3058 1497 3122 Χαναναίας
1550 3059 1765 3130 ἐκείνης

170 3138 355 3209 λόγον,
390 3142 483 3195 τὸν
516 3148 783 3216 φήσαντα·
825 3150 959 3214 Ναὶ,
984 3152 1183 3219 Κύριε,
1214 3151 1311 3205 καὶ
1342 3151 1449 3222 γὰρ
1480 3153 1552 3205 τὰ
1581 3152 1765 3206 κυνά-

165 3245 273 3299 ρια
326 3232 512 3287 ἐσθίει
544 3235 662 3289 ἀπὸ
698 3237 816 3291 τῶν
850 3241 1073 3310 ψιχίων
1104 3239 1222 3294 τῶν
1265 3244 1603 3295 πιπτόντων
1650 3242 1767 3296 ἀπὸ

168 3319 292 3390 τῆς
339 3325 632 3394 τραπέζὴς
679 3329 798 3383 τῶν
850 3334 1073 3401 κυρίων
1129 3332 1347 3397 αὐτῶν,
1384 3334 1627 3398 τεύξεται
1668 3334 1768 3404 τῆς

1871 2990 1974 3043 que
2000 2984 2057 3027 ut
2082 2973 2151 3028 sit
2195 2973 2339 3027 ﬁlius
2358 2973 2476 3039 Dei,
2523 2975 2597 3027 ita
2620 2974 2827 3029 malitia
2855 2975 3054 3029 mentis
3084 2984 3139 3029 et
3161 2973 3452 3028 verborum

1872 3066 2082 3120 insania
2115 3076 2277 3136 atque
2307 3067 2641 3137 impudentia
2691 3065 2819 3121 facit
2866 3081 3329 3136 unumquemque,
3377 3082 3458 3121 se-

1873 3161 2111 3213 cundum
2159 3160 2535 3214 auctoritatem
2568 3158 2889 3226 Scripturae,
2942 3157 3203 3227 appellari
3237 3171 3451 3211 canem.

1877 3243 2140 3299 Similiter
2176 3255 2353 3299 autem
2390 3245 2801 3316 intelligendum
2842 3254 2925 3300 est
2981 3247 3143 3299 etiam
3179 3248 3247 3301 de
3294 3256 3453 3301 caete-

1876 3349 2063 3387 rorum
2118 3334 2431 3387 animalium
2463 3346 2735 3390 mutorum
2768 3335 3241 3404 appellationibus.
3285 3353 3307 3389 ι

172 3420 624 3490 προσηνεστάτης
658 3421 1003 3494 ἀποκρίσεως
1038 3426 1211 3498 Ἰησοῦ
1233 3426 1485 3496 λέγοντος
1513 3425 1659 3497 αὐτῷ
1680 3444 1693 3456 ·
1711 3423 1956 3493 Μεγάλη
1987 3442 2103 3479 σου
2127 3426 2165 3493 ἡ
2199 3426 2422 3492 πίστις,
2454 3427 2592 3480 ἐπὰν
2617 3426 2949 3498 τηλικαύτην
2978 3427 3219 3499 ἀναλάϐῃ
3248 3432 3451 3492 πίστιν,

170 3511 273 3594 καὶ
300 3509 581 3579 λέγοντος’
610 3515 886 3571 Γενέσθω
916 3534 1015 3573 σοι
1054 3520 1135 3586 ὡς
1162 3520 1377 3585 θέλεις,
1408 3520 1498 3573 ἵνα
1530 3521 1623 3573 καὶ
1650 3518 1809 3582 αὐτὸς
1837 3518 1981 3589 ἰαθῇ,
2014 3520 2108 3572 καὶ
2152 3520 2205 3571 εί
2241 3536 2361 3572 τινα
2408 3520 2617 3591 καρπὸν
2657 3520 2912 3590 ἐγέννησε
2939 3520 3190 3592 δεόμενον
3235 3524 3453 3593 ἰάσεως,

172 3607 270 3661 καὶ
298 3600 452 3673 οὗτος
476 3610 805 3686 θεραπευθῇ.

1406 3756 1970 3814 INTERPRETATIO
2008 3756 2263 3814 HUETII.

247 3888 576 3969 Existiment
609 3894 778 3965 igitur
813 3894 901 3950 alii
933 3896 991 3969 in
1023 3895 1410 3969 ecclesiasticis
1434 3898 1778 3953 sermonibus
1807 3898 2078 3969 peregrini
2107 3938 2121 3959 .
2152 3896 2387 3969 transire
2417 3894 2628 3969 animas
2659 3894 2726 3947 ali
2763 3894 3017 3969 humanis
3042 3896 3363 3969 corporibus
3391 3898 3443 3952 in

176 3975 412 4036 corpora
446 3965 664 4036 canina,
697 3982 797 4036 pro
833 3966 978 4020 varia
1016 3968 1311 4036 iniquitate
1340 3984 1355 4021 :
1385 3984 1483 4023 nos
1514 3983 1643 4023 vero
1668 3971 1719 4022 in
1750 3965 2256 4035 divina'St-riptiira
2284 3967 2332 4020 id
2375 3966 2597 4019 minime
2629 3967 2989 4033 reperientes.
3029 3967 3446 4033 pronuntiamus

176 3982 412 4029 corpora
446 3982 664 4029 canina,
697 3982 797 4087 {ira
833 3982 978 4020 varia
1016 3982 1311 4036 iniquitate
1340 3984 1355 4021 :
1385 3984 1483 4023 nos
1514 3983 1643 4023 vero
1668 3986 1719 4022 in
1750 3982 1933 4022 nivma
1980 3982 2256 4035 Scriptura
2284 3982 2332 4020 in
2375 3982 2597 4019 minime
2629 3982 2989 4033 reperientes.
3029 3982 3446 4033 pronuntiamus

175 4035 394 4109 ratione
416 4035 601 4109 magis
625 4052 693 4104 po
718 4036 912 4109 lentem
944 4039 1385 4109 conSiitutionem
1432 4040 1484 4093 in
1516 4050 1792 4093 carentem
1827 4039 1999 4109 magis
2033 4038 2245 4093 ratione
2278 4036 2472 4090 mutari
2498 4050 2605 4109 ,_ex
2650 4050 2848 4109 magna
2893 4050 3087 4103 nempe
3130 4036 3338 4104 ignavia
3390 4050 3448 4094 et

176 4103 389 4156 incuria
415 4104 467 4157 id
496 4103 793 4174 patientem
830 4107 1115 4161 :similiter
1146 4119 1199 4163 et
1226 4109 1455 4165 rationis
1484 4110 1699 4178 inopem
1747 4103 2075 4163 voluntatem
2134 4117 2359 4176 propter
2407 4103 3011 4178 neglectam‘rationcm
3066 4103 3310 4178 converti
3370 4110 3444 4165 ita

175 4188 591 4248 nonnunquam,
627 4186 683 4248 iit
724 4178 937 4231 ratione
964 4178 1188 4247 praedita
1223 4180 1441 4244 evadat,
1476 4175 1609 4234 adeo
1642 4181 1812 4248 utqui
1848 4179 1974 4235 olim
2012 4175 2237 4233 catellus
2288 4179 2466 4230 fuerat
2492 4178 2558 4229 de
2608 4175 2762 4229 iniu-is
2792 4192 2822 4229 e
2864 4191 3063 4248 mensa
3104 4176 3443 4234 dominorum

175 4257 402 4318 suorum
428 4246 749 4318 cadentibus
778 4248 939 4301 edere
966 4246 1181 4314 amans,
1215 4250 1306 4302 filii
1334 4258 1533 4303 statum
1560 4246 1903 4318 assequatiir.
1959 4248 2259 4302 Plurimum
2291 4248 2558 4316 siquidem
2586 4248 2801 4300 confert
2824 4247 3017 4318 virtus.
3051 4254 3109 4299 tit
3138 4248 3262 4315 quis
3302 4250 3444 4304 filius

175 4312 280 4367 Dei
307 4314 434 4379 fiat;
469 4317 710 4385 nequitia
762 4328 962 4379 autem,
987 4329 1040 4373 et
1070 4319 1123 4371 in
1155 4312 1565 4375 contumeliosis
1589 4312 1934 4375 sermonibus
1975 4320 2153 4373 rabies
2184 4329 2239 4373 et
2272 4312 2626 4386 impudentia,
2670 4326 2725 4369 ut
2748 4318 2894 4383 quis,
2941 4316 3094 4383 juxta
3146 4312 3445 4386 Scriptura:

176 4397 516 4459 sermonem,
549 4387 702 4441 canis
727 4387 1050 4459 appelletur.
1082 4387 1273 4444 Simile
1302 4390 1463 4443 etiam
1501 4392 1769 4459 intelliges
1793 4391 1859 4445 de
1898 4389 2119 4458 reliquis
2155 4389 2482 4459 nominibus,
2506 4402 2627 4455 qua:
2659 4389 2865 4440 ratione
2893 4386 3209 4459 carentibus
3227 4390 3445 4459 anima-

170 4453 324 4509 libus
352 4455 689 4529 tribuuntur.
726 4453 1114 4529 Verumtamen
1148 4462 1237 4528 qui
1280 4453 1775 4527 repreheiiditiiFtit
1808 4464 1982 4521 canis,
2017 4453 2118 4514 nec
2153 4473 2295 4529 aigre
2327 4458 2434 4512 fert
2466 4453 2761 4529 iiidigiiiiiii_
2795 4472 2853 4510 se
2876 4454 2981 4511 dici
3016 4472 3153 4525 pane
3184 4458 3440 4524 filiorum,

170 4533 375 4598 etcum
411 4527 557 4580 omni
587 4528 844 4591 patientia
877 4526 1183 4582 sermonem
1238 4526 1566 4585 Cliaiianaam
1620 4532 1765 4585 illius
1812 4541 2075 4598 usurpat,
2128 4526 2451 4583 dicentem:
2497 4526 2694 4590 Etiam,
2737 4526 2975 4588 Domine,
3013 4543 3134 4579 nam
3178 4539 3225 4581 et
3267 4530 3442 4598 catelli

170 4595 335 4649 edunt
365 4598 430 4649 de
457 4598 631 4659 micis,
667 4614 784 4665 qua:
812 4599 1008 4651 cadunt
1031 4600 1093 4652 de
1118 4616 1297 4654 mensa
1345 4600 1681 4654 dominorum
1733 4595 1987 4665 suorum,
2036 4601 2379 4654 mitissimam
2442 4609 2801 4665 consequetur
2854 4598 3257 4665 responsionem
3313 4597 3442 4654 Jesu

172 4665 407 4739 dicentis
441 4666 540 4734 ipsi
572 4683 584 4718 :
621 4667 815 4737 Magna
846 4679 920 4721 est
960 4669 1092 4736 ﬁdes
1126 4680 1217 4722 tua
1240 4712 1253 4735 ,
1293 4681 1577 4739 postquam
1634 4682 1838 4725 tantam
1886 4672 2235 4739 assnnipserit
2270 4671 2449 4730 fidem,
2481 4678 2533 4719 et
2556 4669 2816 4739 dicentis:
2845 4666 2970 4722 Fiat
3003 4665 3097 4721 tibi
3127 4669 3258 4722 sicut
3284 4669 3440 4739 vis",

169 4743 236 4789 ut
268 4744 321 4790 et
353 4736 466 4806 ipse
488 4736 737 4805 sanetur,
780 4748 834 4793 et
869 4739 912 4793 si
942 4754 1101 4809 quem
1131 4736 1359 4810 protulit
1382 4736 1620 4797 fructum
1647 4744 1930 4797 sanatione
1967 4736 2321 4812 indigentem,
2351 4748 2575 4793 sanetur
2608 4748 2664 4791 et
2690 4738 2798 4792 ille.

710 4928 757 4960 ⁷ο
799 4926 992 4983 Matth.
1026 4944 1100 4991 xi,
1127 4926 1215 4981 14.
1293 4928 1337 4957 ⁷⁸
1371 4925 1503 4981 Luc.
1532 4926 1683 4989 ι,17.

217 4926 263 4959 ⁸⁸
284 4925 441 4982 Joan.
471 4946 510 4994 ι,
542 4928 633 4982 2i.

1762 4927 1806 4958 τ’
1838 4925 2024 4979 Mattli.
2050 4941 2139 4991 xv,
2164 4924 2254 4979 27.

2332 4924 2378 4955 ⁷³
2418 4924 2547 4978 ibid.
2575 4926 2665 4981 28.
2743 4930 2787 4960 ⁷⁸
2815 4929 2945 4987 ibitl.

243 5111 383 5181 (92')
412 5111 573 5176 Editi,
602 5112 857 5181 Denique.
886 5112 1014 5169 Mss.
1040 5110 1263 5167 Deinde.
1299 5110 1466 5167 Paulo
1495 5122 1617 5181 post
1653 5128 1755 5167 ms.
1790 5116 1833 5169 D
1867 5129 2128 5181 nusquam
2160 5111 2236 5166 uel
2262 5111 2513 5175 scriptum
2542 5122 2755 5164 cautum
2778 5111 3093 5181 invenimus,
3120 5123 3224 5167 etc.

171 5174 399 5252 Regius,
426 5183 486 5235 Si
510 5174 665 5237 vultis
691 5174 845 5239 scire.
885 5184 948 5237 Et
980 5182 1118 5237 infra
1144 5174 1528 5238 Getiebrardii's
1550 5182 1750 5247 habet,

167 5254 403 5308 Joannes
433 5255 570 5306 enim
616 5254 904 5321 prwcessit,
965 5265 1072 5308 etc.
1133 5252 1237 5307 Sed
1285 5268 1475 5309 omnes
1528 5271 1658 5309 mss.
1702 5264 1757 5309 et

170 5322 458 5382 blerlinus,
489 5322 721 5377 Joannes
743 5326 882 5378 enim
905 5324 1179 5391 processit,
1215 5332 1322 5377 etc.

248 5392 358 5462 (95)
400 5392 575 5447 Rufini
614 5395 1009 5463 interpretatio.

243 5463 355 5533 (94)
390 5463 463 5516 Ex
494 5464 587 5518 lib.
638 5480 673 5519 it
706 5469 999 5519 Comment.
1031 5467 1086 5519 in
1116 5464 1454 5529 Mattliteum,
1486 5482 1635 5520 num.
1664 5466 1753 5520 17.

165 5536 251 5589 lia
283 5549 471 5606 otiines
497 5550 625 5587 iiiss.
660 5533 967 5594 Editivero.
1011 5536 1261 5606 Quidum
1286 5540 1375 5606 qui
1408 5538 1567 5590 alieni
1609 5548 1754 5600 sunt,

165 5615 275 5660 etc.
307 5604 430 5657 Hcec
458 5613 567 5657 tam
599 5606 787 5660 Graece
814 5620 972 5673 quam
1002 5605 1191 5661 Latine
1244 5604 1478 5673 reperies
1518 5607 1573 5659 in
1609 5606 1749 5659 Mat-

166 5677 459 5747 ilitcuni,t.
502 5689 579 5742 δι,
613 5692 765 5730 num.
798 5676 890 5742 17,
942 5692 1064 5747 pag.
1118 5676 1241 5732 506.
1308 5677 1437 5733 Vide
1484 5687 1643 5732 notas
1693 5679 1746 5732 in

164 5748 317 5802 hunc
343 5744 540 5799 locum.

246 5814 359 5885 (95)
391 5813 489 5874 Ms.
522 5815 855 5873 Sorbonicus
882 5831 1169 5889 perperam
1218 5816 1333 5875 Nos
1364 5835 1481 5875 vero
1512 5820 1601 5889 qui
1650 5819 1746 5873 lioc

1934 5180 2048 5253 (96)
2076 5185 2149 5235 Ita
2186 5199 2317 5238 mss.
2355 5181 2690 5237 Sorlionicus
2720 5192 2773 5235 et
2821 5182 2877 5236 S.
2934 5180 3217 5253 Michaelis
3252 5182 3303 5236 in
3336 5180 3437 5253 Pe-

1862 5254 2033 5307 riculo
2073 5253 2272 5317 maris,
2323 5268 2552 5321 quarunt
2586 5253 2722 5305 alius
2774 5254 2931 5305 liabet
2983 5252 3245 5317 dederint,
3300 5252 3439 5307 alius

1860 5325 2176 5377 dediderint.
2204 5325 2296 5377 Sic
2327 5325 2489 5375 etiam
2518 5324 2645 5379 editi
2675 5364 2689 5385 ,
2718 5324 2817 5375 nisi
2861 5323 3005 5391 quod
3044 5324 3277 5377 liabeaiit
3325 5335 3441 5377 tra-

1859 5398 1989 5448 dant
2036 5410 2131 5462 pro
2184 5396 2507 5455 dediderint,
2559 5411 2693 5462 quas
2752 5409 2911 5447 voces
2957 5408 3057 5446 ius.
3092 5394 3437 5449 Curbcieiisis

1860 5466 2085 5529 omittit,
2117 5467 2255 5518 sicut
2287 5476 2341 5519 et
2374 5463 2576 5533 Regius
2620 5464 2707 5517 tibi
2766 5464 2981 5528 legitur,
3032 5464 3078 5516 si
3134 5464 3437 5517 eruditione

1860 5548 2015 5603 atque
2061 5536 2311 5589 exercitio
2365 5534 2705 5589 rationabiles
2761 5536 2867 5595 e/ﬁc
2898 5546 3076 5595 untur,
3144 5544 3248 5587 etc.
3312 5533 3434 5587 Mox

1854 5607 2015 5659 iidem
2033 5608 2354 5675 posteriores
2370 5622 2521 5667 inss.;
2542 5606 2699 5668 alius,
2717 5622 2833 5674 qua:
2853 5607 3045 5656 cadunt
3064 5619 3219 5671 super
3235 5618 3437 5667 mensa;

1857 5677 2017 5740 alius,
2051 5693 2169 5745 qua:
2199 5677 2455 5729 cadebant
2478 5692 2633 5747 super
2652 5675 3030 5731 iiiensaiii.Sed
3063 5676 3274 5745 priores
3296 5689 3429 5732 mss.

1856 5757 1910 5803 et
1936 5747 2065 5805 editi
2096 5755 2153 5803 ut
2186 5747 2240 5802 in
2272 5755 2444 5802 textu.
