3870 6220
433 315 534 373 6H

1677 316 1734 370 S.
1776 311 2103 369 PAMPHILI
2141 310 2506 367 MARTYRIS

3597 313 3694 369 612

499 437 826 492 Ρυίριιιιυε.
854 434 931 490 De
948 433 1159 499 eodem,
1197 449 1263 489 ex
1285 435 1450 489 tertio
1485 432 1698 488 decimo
1758 432 1898 485 libro
1947 445 2014 485 ex
2061 426 2352 497 Evangelia
2374 425 2657 496 «cundum
2690 426 3030 482 Malthaanm.

498 552 942 624 (96‘)0ntoetves.
975 551 1086 623 (9.7)
1124 569 1144 601 ι
1175 549 1232 604 1η
1256 550 1340 604 his
1371 550 1658 616 Elias,non
1682 548 1860 601 anima
1895 546 2021 600 Elia:
2049 531 2097 586 Α

427 646 531 700 dici
557 646 689 699 mihi
720 645 958 709 videtur,
990 644 1068 697 uti
1107 657 1172 696 ne
1205 643 1548 696 iucurramus
1573 641 1626 694 in
1658 642 1850 709 dogma
1875 638 2010 692 alie-

428 751 556 790 num
589 736 657 790 ab
687 735 927 790 Ecclesia
959 733 1053 787 Dei
1092 733 1158 787 de
1191 731 1643 786 transmutatione
1681 732 2006 790 animarum,

428 828 571 896 quod
603 841 702 880 nec
722 827 788 879 ab
813 825 1071 894 apostolis
1105 821 1362 876 traditum
1392 829 1496 883 est,
1525 835 1626 874 nec
1676 833 1905 889 usquam
1956 819 2008 871 in

427 917 727 988 Scripturis
749 927 966 972 cautum
994 927 1096 970 est.
1130 915 1477 972 Contrarium
1513 927 1749 983 namque
1792 921 1877 966 est
1923 913 2009 966 his

425 1025 548 1080 quae
578 1010 717 1063 dicta
751 1015 876 1062 sunt
910 1007 976 1060 ab
1005 1006 1264 1074 Apostolo
1291 1024 1303 1058 :
1343 1003 1603 1069 Quoniam
1625 1017 1743 1072 quae
1770 1001 2012 1055 videntur

425 1101 737 1172 temporalia
762 1110 879 1154 sunt
905 1101 951 1131 ⁷⁸
971 1142 986 1167 ,
1009 1098 1134 1170 ’(98)
1174 1107 1228 1154 et
1255 1100 1342 1152 ubi
1384 1107 1466 1153 est
1498 1099 1602 1153 hoc
1628 1097 1769 1165 quod
1821 1110 2009 1152 omnes

425 1197 725 1267 Scriptura:
758 1194 1256 1262 contirmant,quod
1283 1208 1521 1263 prtesens
1542 1191 1797 1246 saaculum
1825 1190 2009 1243 finien-

426 1289 552 1345 dum
575 1299 656 1343 est
688 1289 753 1340 ⁷⁸.
785 1288 890 1342 Sed
921 1303 1017 1342 nec
1045 1287 1174 1340 illud
1213 1286 1410 1354 poterit
1433 1297 1580 1339 stare
1605 1285 1748 1354 quod
1801 1284 2004 1336 dictum

425 1391 509 1434 est
544 1397 558 1434 :
590 1379 788 1433 Caelum
819 1392 863 1433 et
889 1391 1030 1434 terra
1060 1379 1356 1432 transibunt
1385 1379 1432 1410 "'-'
1461 1395 1474 1441 ;
1506 1393 1679 1446 neque
1709 1377 1838 1430 illud
1862 1378 2006 1447 quod

425 1472 559 1526 dicit
586 1471 875 1540 Apostolus
907 1491 920 1524 :
949 1472 1218 1525 Transibit
1239 1473 1378 1525 enim
1403 1471 1616 1525 habitus
1644 1471 1802 1541 hujus
1852 1488 2007 1525 mun-

423 1565 478 1616 di
499 1565 546 1596 ⁷⁸
575 1581 590 1630 ;
621 1573 673 1618 et
699 1564 828 1618 illttd
857 1579 870 1616 :
911 1564 1039 1618 Caeli
1065 1565 1310 1634 peribunt
1333 1565 1402 1629 7°,
1425 1573 1481 1618 et
1511 1578 1573 1616 ea
1609 1579 1727 1633 qua:
1768 1579 2006 1632 sequun-

425 1663 535 1709 tur.
589 1652 646 1707 Si
672 1655 948 1724 enim(ut
990 1656 1144 1707 aiunt
1193 1664 1445 1708 auctores
1493 1654 1654 1724 hujus
1700 1655 2002 1723 dogmatis)

423 1759 585 1799 nemo
613 1753 787 1812 potest
825 1745 877 1797 in
917 1745 968 1798 id
1006 1745 1222 1797 initittm
1251 1745 1486 1808 restitui,
1517 1744 1663 1813 quod
1703 1745 1877 1814 primo
1905 1744 2003 1798 fuit

424 1834 495 1888 ab
528 1833 684 1888 initio
709 1835 890 1888 mundi
933 1849 1106 1901 usque
1135 1836 1200 1888 ad
1236 1834 1418 1901 finem,
1474 1851 1578 1904 qua
1608 1851 1673 1889 ex
1705 1851 1866 1889 causa
1902 1835 2002 1888 im-

425 1926 622 1980 mutari
656 1926 893 1979 animam
936 1927 1020 1980 vel
1068 1926 1356 1981 transferri
1414 1929 1652 1982 secundo
1700 1929 1786 1981 vel
1843 1929 2002 1982 tertio

420 2031 556 2086 opus
588 2018 803 2084 est,\-'c.l
859 2017 1210 2086 frequenter?
1271 2018 1382 2074 lloc
1416 2019 1562 2073 enim
1621 2020 1783 2074 modo
1849 2019 2000 2074 reddi

423 2111 620 2166 delicta
679 2111 1104 2180 uniuscujusque
1167 2112 1475 2180 perhibent,
1513 2121 1567 2166 et
1602 2125 1788 2180 poenas
1832 2112 1926 2179 ltti,
1957 2115 2002 2167 si

428 2203 483 2258 in
522 2204 733 2258 diversa
761 2218 991 2272 corpora
1025 2202 1364 2271 frequentius
1393 2202 1503 2274 (99)
1541 2203 1999 2260 transmittantur.

422 2295 576 2362 Quod
608 2296 795 2364 utique
828 2293 1101 2364 superfluo
1129 2294 1252 2358 fiet,
1297 2294 1340 2348 si
1376 2294 1496 2349 finis
1528 2294 1708 2349 nullus
1755 2296 2005 2350 emenda-

425 2389 592 2445 tionis
622 2394 896 2452 occurrat,
928 2402 1028 2442 nec
1061 2387 1168 2441 erit
1195 2402 1430 2455 unquam
1449 2388 1665 2455 quando
1689 2402 1793 2442 non
1821 2389 2002 2443 anima

422 2481 809 2537 transferatur.
843 2479 909 2532 Et
935 2480 978 2533 si
1014 2493 1228 2546 semper
1260 2495 1356 2548 pro
1373 2479 1588 2534 delictis
1625 2481 1910 2535 animabus
1936 2482 2002 2535 ad

425 2585 656 2640 corpora
686 2573 893 2625 diversa
915 2571 1246 2624 redeundum
1265 2581 1366 2635 est,
1395 2570 1516 2638 quis
1538 2587 1774 2640 unquam
1802 2573 2004 2626 mundo

422 2663 640 2716 dabitur
666 2661 808 2725 finis,
844 2670 902 2713 ttt
935 2660 1221 2729 impleatur
1251 2661 1382 2713 illud
1433 2661 1574 2729 quod
1635 2662 1837 2716 dictum
1866 2674 1952 2718 est
1986 2681 1998 2716 :

422 2751 622 2805 Caelum
654 2759 697 2805 et
723 2761 863 2803 terra
886 2751 1184 2801 transibunt
1207 2749 1290 2800 3°?
1325 2747 1476 2814 Quod
1505 2748 1616 2801 etsi
1647 2750 1999 2814 concedatur,

426 2845 573 2899 verbi
605 2845 806 2914 gratia,
836 2853 895 2895 ut
925 2845 997 2896 sit
1020 2842 1216 2910 aliquis
1241 2843 1356 2894 sine
1387 2851 1612 2906 peccato
1635 2879 1649 2903 ,
1697 2855 1858 2909 quem
1885 2841 2000 2910 jam

424 2946 530 2984 non
591 2931 662 2983 sit
716 2943 936 2982 necesse
993 2925 1193 2980 revolvi
1250 2925 1301 2978 in
1363 2939 1580 2991 corpus,
1613 2922 1691 2994 (l)
1727 2939 1822 2993 per
1873 2935 2003 2992 quot

423 3031 670 3090 tempora
702 3020 1016 3089 putabimus
1038 3017 1267 3072 inveniri
1301 3032 1462 3068 unam
1498 3016 1729 3071 fortasse
1761 3017 1848 3069 vix
1881 3016 2002 3069 ani-

426 3129 570 3168 mam
599 3129 719 3183 qua:
751 3113 966 3182 penitus
999 3126 1128 3180 pura
1171 3110 1262 3170 sit,
1301 3124 1400 3163 nec
1430 3109 1827 3176 permutatione
1881 3123 2003 3162 cor-

426 3207 574 3276 poris
598 3205 872 3275 indigeat?
901 3203 1054 3270 Quod
1079 3213 1135 3258 et
1165 3203 1338 3272 ipsum
1364 3204 1409 3257 si
1474 3201 1827 3264 concedatur,
1881 3217 2002 3254 rur-

426 3313 546 3353 sum
581 3299 916 3353 contrarium
947 3312 1106 3350 suum
1142 3297 1334 3366 dogma
1369 3293 1621 3349 cflicitur.
1647 3293 1702 3346 Si
1727 3294 1870 3348 enim
1903 3294 2000 3348 de-

426 3407 548 3445 mus
604 3405 804 3458 paucas
831 3404 1072 3458 quasque
1102 3389 1314 3441 animas
1354 3402 1451 3456 per
1490 3387 1732 3456 singulos
1764 3387 1828 3440 ad
1875 3403 2000 3455 per-

423 3483 716 3538 fectionem
747 3497 905 3550 posse
941 3481 1196 3544 restitui,
1231 3481 1304 3533 ita
1363 3489 1422 3532 ut
1467 3478 1605 3531 ultra
1655 3479 1707 3531 in
1773 3493 2003 3546 corpora

422 3579 612 3632 venire
635 3591 741 3631 non
779 3577 1075 3643 indigeant,
1111 3589 1335 3628 necesse
1365 3583 1448 3628 est
1483 3573 1636 3641 (licet
1664 3587 1757 3642 per
1794 3574 2000 3627 infinita

421 3673 621 3727 szecula
668 3679 720 3723 et
775 3669 1040 3722 immensa
1098 3664 1366 3736 tempora)
1422 3664 1649 3734 singulis
1701 3664 2000 3734 quibusque

423 3763 707 3817 animabus
739 3761 804 3814 ad
841 3758 1232 3830 perfectionem
1283 3757 1578 3821 restitutis,
1629 3771 1845 3811 cessare
1885 3757 1995 3824 jam

2209 541 2294 594 Ἐν
2328 541 2536 604 τούτοις
2569 541 2774 606 Ἠλίας,
2799 543 2940 613 οὐχὴ
2958 541 3104 615 ψυχὴ
3127 544 3278 598 δοκεῖ
3312 562 3402 615 μοι
3425 543 3696 614 λέγεσθαι,

2115 630 2202 685 ἵνα
2241 631 2313 702 μὴ
2353 631 2612 702 ἐμπίπτω
2657 633 2737 695 εἰς
2791 632 2849 685 τὸ
2903 632 3184 704 ἀλλότριον
3239 635 3337 705 τῆς
3378 635 3695 706 Ἐκκλησίας

2110 723 2204 777 τοῦ
2237 722 2373 777 Θεοῦ
2414 724 2542 793 περὶ
2591 724 2690 794 τῆς
2755 724 3300 796 μετενσωματὼσεως
3329 729 3526 800 δόγμα,
3575 730 3693 783 οὔτε

2113 813 2542 885 παραδιδόμενον
2571 814 2676 868 ὑπὸ
2703 815 2811 869 τῶν
2835 815 3179 880 ἀποστόλων,
3209 817 3333 870 οὕτε
3372 819 3696 891 ἐμφαινόμε-

2111 907 2200 960 νόν
2229 923 2332 959 που
2354 907 2464 961 τῶν
2497 906 2732 978 Γραφῶν
2750 924 2763 936 ·
2801 909 2896 961 καὶ
2923 909 3033 982 γὰρ
3053 911 3293 965 ἐναντίον
3325 913 3442 964 ἐστὶ
3460 912 3536 982 τῷ
3554 952 3570 976 ,
3619 915 3696 970 Τὰ

2105 1003 2457 1071 βλεπόμενα
2480 1004 2816 1071 πρόσκαιρα
2843 1001 3019 1066 εἶναι,
3080 1005 3175 1057 καὶ
3218 1004 3526 1060 συντέλειαν
3575 1007 3691 1059 πεξ-

2112 1092 2300 1146 σεσθαι
2327 1091 2418 1145 τὸν
2451 1093 2624 1146 αἰῶνα
2659 1094 2846 1146 τοῦτον
2866 1111 2880 1125 ·
2917 1094 3053 1148 ἀλλὰ
3087 1095 3183 1147 καὶ
3224 1095 3302 1166 τῷ
3345 1096 3694 1168 πληρωθῆναι

2108 1183 2168 1236 τὸ
2189 1223 2204 1247 ,
2247 1184 2299 1236 '0
2329 1185 2590 1252 οὐρανὸς
2621 1184 2720 1237 καὶ
2752 1183 2788 1250 ἠ
2815 1184 2887 1254 γῆ
2925 1188 3430 1254 παρελεύσονται·
3471 1188 3565 1241 καὶ
3600 1189 3692 1253 τὸ,

2109 1275 2367 1346 Παράγει
2399 1275 2509 1346 γὰρ
2536 1277 2598 1330 τὸ
2630 1275 2837 1347 σχῆμα
2872 1278 2978 1331 τοῦ
3023 1281 3260 1349 κόσμου
3305 1281 3520 1334 τούτου
3542 1298 3554 1310 ο
3601 1282 3692 1335 καὶ

2108 1368 2204 1434 τὸ,
2249 1371 2314 1421 Οὶ
2349 1368 2591 1437 οὐρανοὶ
2633 1369 3020 1436 ἀπολοῦνται,
3055 1371 3194 1441 μετὰ
3214 1372 3320 1426 τῶν
3347 1372 3471 1443 ἑξῆς
3523 1373 3690 1444 αὐτῷ.

2107 1459 2314 1530 Εἰγὰρ,
2349 1459 2470 1512 καθ’
2503 1460 2778 1522 ὑπόθεσιν,
2804 1459 2885 1523 δὶς
2918 1460 3137 1514 δύναται
3162 1462 3220 1514 ὲν
3265 1466 3330 1533 τῇ
3381 1463 3472 1517 ἀπ’
3521 1448 3692 1536 ἀρχῆς

2111 1552 2274 1624 μέχρι
2331 1552 2642 1616 συντελείας
2692 1553 2788 1606 τοῦ
2841 1553 3044 1624 κόσμου
3092 1556 3422 1609 καταστάσει
3466 1559 3499 1627 ἡ
3557 1557 3694 1630 αὐτὴ

2106 1641 2251 1712 ψυχὴ
2285 1643 2342 1694 ὲν
2381 1641 2459 1712 τῷ
2489 1641 2720 1712 σώματι,
2745 1641 2811 1694 δι’
2863 1644 3043 1696 αἰτίαν
3072 1644 3137 1714 ἣν
3165 1644 3230 1698 ἂν
3265 1644 3470 1712 γένοιτο
3505 1647 3562 1698 ὲν
3606 1648 3697 1700 αὑ-

2105 1732 2214 1804 aq);
2247 1734 2317 1785 Ἢ
2353 1732 2420 1784 δι’
2453 1732 2727 1803 ἁμαρτίαν
2756 1732 3023 1802 γενομένη
3051 1731 3130 1796 δὶς
3160 1736 3216 1786 ὲν
3253 1734 3485 1805 σώματι,
3512 1735 3601 1789 διὰ
3641 1738 3695 1789 τί

2105 1827 2227 1898 οὐχὶ
2261 1827 2352 1879 καί
2374 1827 2516 1897 τρὶς,
2541 1827 2633 1878 καὶ
2664 1825 2953 1888 πλεονάκις
2982 1825 3131 1878 ἔσται
3159 1830 3216 1880 ἐν
3250 1828 3395 1898 αὐτῷ
3417 1867 3432 1887 ,
3465 1829 3570 1881 τῶν
3609 1828 3697 1882 διὰ

2110 1917 2201 1969 τὸν
2232 1917 2345 1988 βίον
2378 1919 2564 1970 τοῦτον
2591 1918 2683 1970 καὶ
2720 1917 2786 1971 τὰ
2826 1919 3193 1989 ἡμαρτημένα
3237 1920 3293 1971 ἐν
3344 1920 3491 1990 αὐτῷ
3537 1919 3698 1974 κολά-

2113 2027 2251 2063 σεων
2271 2011 2444 2081 τούτῳ
2478 2011 2962 2083 ἁποδοθησομένων
3015 2013 3159 2084 μόνῳ
3197 2012 3274 2083 τῷ
3323 2015 3506 2085 τρόπῳ
3557 2016 3700 2069 κατὰ

2109 2101 2207 2172 τὴν
2239 2104 2733 2174 μετενσωμάτωσιν
2756 2123 2768 2170 ;
2801 2104 2978 2176 Ὅπερ
3001 2105 3094 2158 ἐὰν
3118 2104 3178 2169 ἐξ
3200 2106 3515 2169 ἀκολουθίας
3543 2107 3696 2178 δοθῇ,

2111 2195 2210 2246 οὐκ
2239 2193 2391 2248 ἔσται
2421 2195 2562 2266 τάχα
2602 2197 2690 2248 ὅτε
2737 2195 2883 2267 ψυχὴ
2923 2198 2982 2249 οὺ
3045 2198 3696 2268 μετενσωματωθὴσεται.

2125 2286 2235 2338 Ἀεὶ
2272 2287 2380 2358 γὰρ
2409 2287 2498 2339 διὰ
2527 2288 2596 2341 τὰ
2660 2289 2900 2360 πρότερα
2960 2289 3328 2361 ἁμαρτήματα
3365 2289 3699 2360 ὲπιδημήσει

2110 2379 2186 2451 τῷ
2214 2379 2447 2452 σώματι,
2483 2383 2576 2435 καὶ
2605 2380 2778 2445 οὕτως
2802 2384 2898 2452 οὐχ
2925 2382 3034 2447 ἕξει
3077 2383 3260 2455 χώραν
3289 2383 3320 2452 ἡ
3353 2382 3466 2435 τοῦά
3488 2384 3698 2454 κόσμου

2112 2474 2273 2560 φορά,
2297 2475 2419 2528 καθ’
2447 2477 2512 2547 ἣν
2542 2479 2574 2528 o'
2605 2476 2857 2544 οὐρανὸς
2881 2479 2978 2530 καὶ
3005 2478 3043 2543 ἡ
3077 2476 3149 2547 γῆ
3199 2478 3696 2546 παρελεύσονται.

2112 2566 2231 2619 Ἵνα
2253 2565 2328 2631 δὲ,
2366 2565 2507 2618 κατὰ
2531 2565 2626 2636 τὴν
2662 2565 2916 2619 ὑπόθεσιν
2951 2567 3175 2638 ταύτην,
3203 2568 3417 2620 δίδωται
3451 2568 3546 2620 τὸν
3569 2568 3699 2621 πάν-

2109 2675 2174 2729 τη
2199 2659 2582 2730 ἀναμάρτητον
2621 2658 2819 2728 μηκέτι
2868 2658 3019 2728 ἦξειν
3061 2661 3139 2722 εἰς
3179 2661 3238 2712 τὸ
3296 2659 3381 2712 διὰ
3429 2662 3699 2729 γενέσεως

2111 2751 2290 2822 σῶμα,
2310 2751 2397 2804 διὰ
2433 2752 2612 2805 πόσων
2646 2752 2850 2823 χρόνων
2874 2752 2973 2805 οἴει
3006 2753 3131 2822 μίαν
3155 2753 3484 2823 εὑρήσεσθαι
3519 2755 3696 2826 πάντη

2110 2843 2525 2915 καθαρεύσασαν
2547 2843 2742 2915 ψυχὴν,
2777 2843 2869 2896 καὶ
2914 2845 2988 2916 μὴ
3030 2844 3288 2915 δεομένην
3347 2864 3700 2918 μετενσωμα-

2109 2935 2357 3001 τώσεως;
2387 2937 2577 3006 Ὅμως
2601 2937 2658 2990 δὲ
2692 2939 2783 2990 καὶ
2800 2938 2974 3000 οὕτως
3013 2941 3138 3008 μιᾶς
3175 2941 3427 3002 τινος-ἀεὶ
3478 2943 3545 2994 ἐκ
3598 2943 3694 2996 τοῦ

2111 3027 2418 3098 ὡρισμένου
2471 3028 2579 3080 τῶν
2617 3028 2806 3098 ψυχῶν
2843 3028 3080 3100 ἀριθμοῦ
3136 3029 3556 3104 μεθισταμένης,
3597 3034 3698 3088 καὶ

2113 3119 2308 3192 μηκέτι
2332 3121 2412 3183 εἰς
2443 3119 2602 3191 σῶμα
2640 3120 2960 3191 ἐρχομένης,
3007 3120 3272 3190 ἐπιλείψει
3322 3125 3451 3176 ποτὲ
3496 3125 3574 3188 ὡς
3612 3126 3702 3181 διά

2110 3229 2270 3265 τινων
2299 3211 2539 3282 ὡσπερεὶ
2575 3212 2817 3283 ἀπείρων
2852 3212 3112 3284 χρόνωνή
3153 3214 3385 3281 γένεσις,
3421 3220 3701 3287 καταντή-

2112 3320 2304 3367 σαντος
2328 3302 2422 3356 τοῦ
2452 3303 2656 3374 κόσμου
2679 3305 2770 3356 ἐπὶ
2802 3321 2924 3358 τινα
2958 3305 3074 3368 ἕνα,
3105 3305 3137 3376 ἢ
3167 3306 3440 3378 δεύτερον,
3471 3309 3506 3380 ἦ
3533 3309 3700 3381 ὀλίγῳ

2111 3396 2343 3460 πλείους,
2373 3396 2490 3467 μεθ’
2517 3397 2610 3460 οὒς
2633 3398 2727 3450 καὶ
2775 3399 2969 3462 αὐτοὺς
2993 3399 3394 3464 τελειωθέντας,
3418 3403 3446 3453 ὁ
3490 3402 3701 3473 κόσμος

2110 3487 2472 3559 φθαρήσεται,
2501 3489 2887 3542 ἐπιλειπόντων
2913 3489 3019 3542 τῶν
3060 3491 3139 3553 εἰς
3179 3491 3336 3560 σῶμα
3360 3493 3697 3564 ἐρχομένωνο

2105 3581 2243 3650 ὅπερ
2263 3580 2363 3632 οὐκ
2393 3580 2619 3651 ἀρέσκει
2648 3584 2713 3652 τῇ
2743 3581 2932 3652 Γραφῇ
2955 3599 2968 3611 ·
3000 3581 3203 3652 πλῆθος
3232 3582 3338 3655 γὰρ
3360 3579 3499 3636 οἶδεν
3523 3588 3702 3659 ἀμαρ-

2106 3669 2292 3723 τωλῶν
2320 3671 2378 3722 ὲν
2407 3670 2485 3740 τῷ
2516 3670 2691 3741 χρόνῳ
2731 3671 2829 3742 τῆς
2873 3670 2967 3723 τοῦ
3018 3672 3226 3741 κόσμου
3277 3672 3510 3743 φθορᾶςο
3560 3675 3702 3747 ὅπερ

2105 3762 2221 3814 ἐστὶ
2250 3761 2407 3832 δῆλον
2433 3761 2918 3834 συνεξεταζομένου
2945 3762 3066 3830 τοῦ,
3087 3764 3261 3832 Πλὴν
3277 3764 3472 3819 ἐλθὼν
3505 3769 3540 3820 ὁ
3567 3768 3702 3833 Υἱὸς

1659 3851 2223 3911 ΙΝΤΕΒΡΒΕΤΑΤΚΟ
2264 3856 2520 3913 HUETII.

494 3951 553 4007 ln
577 3952 665 4006 his
689 3967 784 4035 per
811 3952 980 4007 Eliam
1011 3965 1125 4035 non
1150 3951 1282 4035 mihi
1309 3951 1524 4005 videtur
1551 3951 1734 4035 anima
1767 3950 2186 4035 sigttiﬁcari,_ne
2207 3952 2416 4008 fortein
2446 3955 2681 4035 alienam
2712 3953 2780 4007 ab
2814 3955 3052 4035 Ecclesia
3077 3954 3181 4035 Dei.
3202 3954 3268 4007 de
3312 3954 3702 4035 migratiotte_e

428 4038 664 4093 corpore
690 4021 742 4076 in
773 4039 970 4090 corpus
1015 4023 1362 4085 sententiam,
1392 4036 1567 4093 neque
1598 4023 1664 4074 ab
1691 4021 1955 4088 apostolis
1990 4024 2282 4088 traditam,
2323 4039 2498 4092 neque
2548 4025 2760 4093 llSIllﬂm
2814 4028 2866 4078 itt
2918 4023 3212 4093 Scripturis
3238 4021 3505 4092 prolatam
3556 4028 3702 4080 inci-

423 4091 549 4149 dam
577 4109 591 4145 :
627 4095 753 4147 huic
777 4095 921 4148 enim
946 4093 1267 4146 adversatur
1301 4091 1442 4160 quod
1474 4093 1738 4163 scriptum
1791 4101 1903 4163 est,
1939 4093 2143 4145 caduca
2176 4101 2237 4146 ea
2271 4108 2396 4148 esse
2416 4091 2544 4163 quae
2575 4091 2862 4156 videntur,
2904 4108 2958 4150 et
3003 4091 3434 4149 consummatum
3483 4096 3550 4148 iri
3589 4112 3699 4150 sa:-

423 4165 605 4235 culum
666 4166 866 4235 hocce;
901 4164 1029 4232 quin
1059 4173 1340 4235 eteorum
1388 4162 1684 4235 peractioni
1727 4177 1741 4214 :
1774 4161 1973 4214 Caelum
2004 4172 2052 4214 et
2075 4174 2216 4235 terra
2257 4161 2559 4217 transiliunt
2594 4181 2612 4228 ;
2651 4175 2704 4219 et
2757 4182 2768 4216 :
2821 4163 3071 4218 Praeterit
3132 4167 3267 4218 enim
3299 4166 3474 4234 ﬁgura
3533 4167 3700 4235 hujus

424 4234 647 4298 mundi;
685 4244 740 4288 et
773 4253 786 4288 :
832 4234 960 4288 Caeli
995 4234 1278 4302 peribunt,
1327 4247 1447 4285 cum
1492 4232 1557 4285 iis
1591 4246 1718 4304 quae
1749 4243 2084 4304 sequuntur.
2117 4233 2252 4286 Nam
2276 4235 2344 4300 si,
2379 4245 2435 4287 ut
2474 4235 2526 4289 id
2562 4252 2848 4304 ponamus,
2878 4236 2930 4288 in
2982 4251 3048 4288 eo
3093 4253 3269 4289 rerum
3300 4232 3442 4289 Statu
3490 4239 3582 4303 qui
3605 4232 3701 4290 ’δὴ

425 4306 579 4359 initio
601 4307 666 4358 ad
693 4305 1214 4359 c0nsummationem
1247 4317 1414 4369 usque
1439 4301 1623 4355 mundi
1651 4302 1938 4374 obtinebit,
1968 4304 2156 4356 eadem
2190 4305 2371 4357 anima
2418 4305 2499 4359 bis
2523 4301 2720 4374 corpus
2752 4307 2932 4359 subire
2957 4317 3155 4374 potest,
3210 4301 3572 4374 ecqttatttttatn
3629 4309 3702 4360 ob

425 4391 646 4428 causam
675 4377 876 4429 subibit
905 4374 1072 4427 illud?
1101 4375 1156 4426 Si
1189 4382 1409 4441 propter
1440 4385 1720 4440 peccatum
1757 4372 1841 4425 bis
1873 4387 2067 4441 corpus
2095 4374 2257 4437 subit,
2285 4391 2382 4428 cur
2409 4392 2513 4428 non
2551 4372 2655 4438 ter,
2695 4387 2745 4429 et
2777 4372 2974 4443 sepius
3001 4376 3223 4438 subibit,
3281 4372 3404 4428 cum
3434 4392 3532 4443 per
3593 4380 3702 4429 tui-

426 4449 738 4516 grationotn
759 4445 1095 4497 solummodo
1120 4457 1149 4496 e
1174 4445 1484 4516 corporein
1512 4457 1734 4516 corpus,
1771 4456 1869 4496 nec
1900 4443 2005 4496 alia
2034 4445 2225 4510 quavis
2262 4445 2473 4499 ratione
2505 4447 2614 4498 vita
2643 4448 2779 4500 haec.
2810 4447 2861 4498 iu
2892 4463 3063 4514 eaque
3091 4447 3325 4499 admissa
3355 4445 3563 4514 ﬂagitia
3599 4464 3701 4516 pu-

424 4513 686 4569 niantur?
711 4514 862 4581 Quod
896 4517 938 4566 si
969 4530 1033 4566 ex
1063 4513 1531 4586 consequentibus
1592 4513 1755 4566 fuerit
1786 4527 2127 4586 concessum,
2161 4530 2438 4584 nunquam
2477 4532 2580 4568 non
2608 4516 2838 4569 fortasse
2873 4513 3052 4570 anima
3078 4532 3107 4570 e
3141 4531 3366 4585 corpore
3416 4513 3465 4568 in
3494 4513 3700 4586 corpus

424 4587 850 4648 transmigrabit.
881 4587 1108 4651 Semper
1131 4585 1273 4636 enim
1307 4595 1526 4652 propter
1555 4586 1736 4649 priora
1765 4584 1992 4635 crimina
2027 4583 2079 4653 in
2129 4583 2359 4652 corpore
2384 4586 2696 4640 versabitur
2727 4627 2742 4653 ,
2770 4598 2934 4653 atque
2962 4587 3034 4639 ita
3087 4583 3259 4641 locum
3310 4602 3416 4640 non
3469 4583 3703 4642 habebit

425 4658 592 4710 motio
628 4657 716 4709 illa
747 4657 954 4716 mundi,
991 4669 1094 4722 qua
1153 4655 1339 4706 caelum
1380 4651 1426 4705 et
1462 4667 1616 4726 terra
1672 4655 1989 4726 transibunt.
2029 4651 2096 4705 Ut
2123 4651 2303 4708 autem
2329 4651 2857 4726 concedatur,juxta
2884 4659 3021 4710 hanc
3051 4658 3398 4724 positionem.
3441 4673 3572 4711 eum
3602 4659 3697 4725 qui

427 4727 624 4780 nullius
649 4727 853 4794 peccati
887 4741 1008 4777 reus
1034 4728 1158 4785 erit,
1194 4740 1300 4776 non
1323 4724 1561 4796 amplius
1593 4739 1688 4796 per
1721 4734 1901 4776 ortutn
1935 4724 1984 4774 in
2008 4738 2214 4796 corpus
2245 4725 2542 4796 rediturum
2573 4745 2586 4791 ;
2614 4724 2829 4781 animo
2855 4738 3158 4794 temporum
3191 4728 3423 4781 decursu
3460 4724 3701 4796 reperiri

422 4811 586 4866 posse
609 4793 890 4850 existimas
925 4796 1162 4848 animam
1187 4795 1364 4847 omnis
1390 4810 1578 4862 puram
1604 4795 1778 4848 labis:
1816 4809 1913 4847 nec
1951 4793 2109 4846 ullius
2143 4796 2193 4847 iu
2233 4795 2377 4848 aliud
2436 4812 2632 4864 corpus
2678 4793 3019 4865 migrationis
3065 4797 3359 4863 egentem?
3411 4793 3704 4851 Verumta-

427 4883 547 4920 tnen
574 4868 723 4920 etsie
745 4867 924 4935 aliqua
959 4881 1172 4934 semper
1200 4879 1267 4918 ex
1295 4866 1557 4932 praefinito
1582 4865 1886 4936 animarum
1918 4879 2145 4936 numero
2179 4869 2500 4936 excedente,
2535 4884 2632 4922 nec
2653 4868 2881 4936 amplius
2912 4870 3170 4921 redeunte
3210 4869 3260 4919 in
3293 4882 3518 4936 corpus,
3543 4882 3703 4921 ortus

425 4937 737 5004 aliquando,
767 4934 885 5004 post
919 4937 1239 4989 immensum
1277 4945 1399 5002 puta
1435 4944 1666 5003 tempus,
1693 4934 1926 5006 desinet,
1977 4935 2201 5006 redacto
2231 4934 2446 4988 scilicet
2471 4937 2536 4991 ad
2565 4934 2760 4997 unum,—
2784 4939 2870 4991 vel
2911 4939 3162 4998 alterum,
3189 4937 3274 4991 vel
3303 4934 3464 5005 paulo
3509 4941 3703 5006 plures

423 5009 646 5071 mundo,
682 5009 878 5076 quibus
901 5006 1011 5073 jam
1036 5006 1424 5075 perfectionem
1453 5006 1686 5076 adeptis,
1713 5005 1946 5076 mundus
1976 5005 2244 5070 interibit,
2288 5007 2667 5060 deficientibus
2696 5009 2789 5076 qui
2820 5010 2874 5061 in
2925 5023 3123 5076 corpus
3171 5019 3296 5060 eant
3323 5005 3522 5074 ;quod
3543 5011 3703 5062 Scri-

423 5088 593 5145 pturae
623 5074 844 5131 minime
871 5074 1297 5131 consentanemn
1321 5085 1435 5139 est;
1465 5074 1872 5127 multitudinem
1905 5074 2174 5142 siquidem
2201 5088 2547 5146 peccatorum
2575 5074 2808 5131 futuram
2848 5079 2997 5132 novit
3023 5074 3038 5140 ζ
3093 5094 3202 5146 quo
3235 5088 3476 5144 tempore
3525 5079 3707 5132 inter-

422 5149 521 5201 ibit
548 5149 779 5202 mundus
809 5169 819 5202 :
846 5149 990 5216 quod
1023 5163 1088 5199 ex
1116 5147 1198 5199 bis
1223 5153 1431 5199 attente
1461 5146 1822 5201 consideratis
1841 5147 2186 5212 perspicuum
2213 5157 2295 5200 est
2329 5162 2341 5196 :
2389 5145 2760 5201 Verumtamen
2794 5146 2968 5202 Filius
2999 5145 3228 5201 hominis
3252 5150 3460 5202 veniens
3481 5189 3495 5211 ,
3537 5159 3704 5217 putas

481 5288 526 5319 ⁷⁸
557 5287 738 5343 llCor.
775 5301 848 5350 tv,
878 5286 964 5340 18.
1009 5283 1054 5314 ⁷⁸
1081 5283 1273 5339 Matth.
1305 5229 1532 5348 Xlll,’39.
1575 5283 1619 5317 ⁷⁷
1645 5281 1834 5336 Matth.
1857 5279 2113 5347 xxtv,35.
2155 5281 2377 5338 78lCor.
2400 5300 2496 5349 vn,
2527 5284 2618 5338 31.
2657 5285 2703 5316 ’⁷⁸
2741 5283 2886 5341 Psal.
2910 5300 2984 5349 Cl,
3008 5283 3099 5338 27.
3155 5283 3202 5316 ⁸⁸
3220 5283 3700 5351 Matth.xm\-,55,

2033 5401 2077 5455 D
2111 5401 2242 5453 utin
2277 5411 2449 5456 testu.

2181 5471 2292 5542 (99)
2329 5473 2400 5526 lta
2434 5487 2563 5526 mss.
2607 5472 2746 5526 Editi
2781 5487 2926 5538 vero,
2949 5481 3384 5526 transmutenlnr.

2179 5537 2428 5612 (l)'Alias
2459 5558 2766 5612 perperam,
2799 5560 2893 5608 per
2915 5537 3070 5611 quod
3104 5557 3196 5608 per
3224 5537 3700 5612 terrapora.iP;rulo

2107 5610 2230 5679 poSt
2253 5615 2407 5674 editi,
2437 5610 2650 5666 rursum
2684 5629 2779 5665 suo
2807 5610 3037 5681 dogmati
3069 5615 3388 5664 contrarium
3442 5610 3696 5678 eﬂicitur.

2107 5682 2164 5736 Si
2197 5687 2334 5735 enim
2360 5687 2610 5737 demus...
2643 5699 2734 5751 per
2762 5684 2998 5751 singulas
3023 5683 3092 5734 ad
3123 5681 3496 5749 perfectionem
3539 5697 3697 5741 posse

2106 5754 2327 5818 restitui,
2356 5755 2570 5808 ntultra
2595 5755 2645 5808 in
2678 5769 2922 5820 corpora,
2956 5763 3061 5809 etc.
3103 5753 3226 5807 Mss.
3286 5762 3464 5806 autt'tu
3524 5760 3582 5804 ut
3639 5752 3695 5802 in

2105 5834 2272 5880 lCXlU.

492 5405 629 5476 (96')
671 5403 854 5459 Rufini
887 5403 1282 5476 interpretatio.

489 5469 710 5549 (97)'Ex
733 5477 824 5529 lib.
864 5489 961 5549 {tut
996 5471 1268 5549 comment
1293 5510 1307 5525 .
1338 5473 1391 5549 in
1414 5469 1994 5549 llfattlttenm,_nutu._l._

420 5542 513 5604 sui
553 5542 652 5602 ms.
681 5561 837 5599 unus.
873 5542 946 5596 Ita
972 5546 1131 5598 etiam
1167 5559 1294 5597 mss.
1327 5543 1570 5612 plerique
1610 5553 1665 5596 et
1704 5543 1856 5604 editi,
1895 5542 1998 5595 nisi

418 5619 560 5687 quod
584 5620 838 5670 omittam
860 5615 991 5687 dici.
1021 5614 1152 5668 Mss.
1206 5631 1336 5668 vero
1386 5613 1730 5687 Uol'beimtsis
1785 5621 1852 5687 et.
1892 5613 1997 5664 lie-

420 5681 559 5755 gius,
594 5689 827 5741 Joannes
852 5683 1024 5746 Elius,
1069 5702 1172 5740 non
1217 5687 1393 5738 anima
1423 5683 1554 5755 Elite
1585 5684 1726 5748 ,mihi
1769 5681 1992 5736 videtur.

494 5759 607 5829 (98)
643 5758 798 5819 liditi,
821 5757 884 5809 Et
917 5757 1003 5808 ubi
1030 5769 1147 5810 sunt
1177 5772 1292 5825 qua?
1318 5771 1492 5829 omnes
1522 5754 1831 5829 Sct'iptura’,
1863 5763 1992 5814 etc.,

423 5827 545 5884 cum
577 5838 774 5896 ιιι-ιωιο
805 5830 1244 5898 interrogationis
1269 5831 1322 5884 in
1354 5828 1478 5882 line.
1518 5827 1624 5883 Sed
1647 5838 1838 5882 omnes
1862 5839 1989 5879 tnss.
