3870 6220
132 321 251 377 613

1346 315 1693 372 APOLOGIA
1728 313 1867 370 PRO
1906 313 2231 372 ORIGENE.

3307 323 3412 377 614

124 438 239 494 τοῦ
275 437 609 507 ἀνθρώπου,
642 436 885 505 εὑρήσει
912 436 1025 504 τὴν
1053 437 1263 490 πίστιν
1287 434 1385 487 ἐπὶ
1414 433 1523 503 τῆς
1572 434 1704 503 γῆς1

1826 448 1980 487 usum
2015 447 2326 503 corporum,
2359 443 2410 488 et
2441 448 2537 503 per
2557 434 2659 490 hoc
2689 434 2850 490 ﬁnem
2875 438 3131 493 mundum
3168 442 3412 511 recipere

122 530 204 593 ὡς
241 528 476 601 εὕρομεν
537 527 689 599 παρὰ
733 528 810 598 τῷ
854 527 1123 597 Ματθαίῳ
1182 524 1355 588 οὕτως
1391 525 1716 599 εἰρημένονο

124 620 356 689 Ὠσπερ
385 621 455 674 δὲ
489 624 549 673 αἱ
601 619 809 689 ἡμέραι
858 619 969 671 τοῦ
1020 618 1183 681 Νῶε,
1241 618 1429 683 οὕτως
1482 616 1654 671 ἔσται
1680 618 1718 679 ἡ

122 715 430 783 παρουσία
457 714 563 768 τοῦ
597 713 731 767 Υιοῦ
771 712 873 766 τοῦ
904 712 1238 780 ἀνθρώπου.

122 810 400 864 indicatur
426 810 570 879 quod
636 812 687 863 in
746 808 1040 877 Evangelio
1099 809 1361 877 scriptum
1392 816 1536 862 est:

1828 540 1891 580 ac
1915 524 2135 579 resolvi.
2161 523 2275 579 Non
2310 534 2487 580 tamen
2520 528 2592 581 ita
2638 530 2854 581 videtur
2896 540 3098 584 sanctae
3159 531 3410 602 Scriptu-

1829 632 1922 681 raa,
1944 632 2068 686 qua:
2100 617 2231 671 dicit
2263 618 2665 673 multitudinem
2718 623 3055 687 peccantium
3100 624 3411 691 relinquen-

1831 710 1951 762 dam
1974 725 2097 763 esse
2129 709 2182 763 in
2218 709 2323 765 ﬁne
2355 711 2557 765 swculi.
2588 712 2741 778 Quod
2768 728 2832 766 ex
2869 729 2933 766 eo
2968 716 3409 769 manifestissime

1612 806 1981 861 Verumtamen
2038 819 2193 872 putas
2251 806 2459 859 veniens
2499 805 2669 859 Filius
2716 808 2941 860 hominis
2980 810 3199 862 inveniet
3251 808 3410 877 ﬁdem

118 917 282 972 super
304 914 496 958 terram
521 902 610 955 t“‘i
640 901 791 957 Sicut
820 902 957 954 enim
979 900 1035 953 in
1058 898 1244 953 diebus
1274 898 1411 960 Noe,
1432 900 1506 951 ita
1534 898 1636 951 erit
1661 907 1706 949 et
1746 897 1997 949 adventus
2026 894 2153 949 Filii
2183 896 2409 949 hominis
2439 896 2519 949 8"i
2549 915 2568 947 ι

1361 1010 1923 1070 INTERPRETATIO
1961 1012 2221 1068 HUETII.

119 1115 349 1169 inveniet
383 1112 537 1179 [idem
565 1112 620 1164 in
651 1124 791 1165 terra
818 1112 845 1165 ?
896 1120 949 1164 et
994 1110 1450 1179 quemadmodum
1496 1107 1636 1177 apud
1668 1105 1977 1160 Mattlneum
2020 1108 2095 1161 ita
2122 1120 2441 1175 expressum
2482 1106 2791 1164 invenimus
2837 1125 2853 1163 :

118 1187 306 1241 diebus
340 1179 475 1247 Noe,
504 1183 581 1236 ita
602 1184 699 1235 erit
720 1194 765 1235 et
799 1182 1052 1235 aduentus
1082 1179 1214 1233 Filii
1253 1181 1503 1234 hominis.

2927 1111 3072 1166 Sicut
3118 1123 3290 1167 autem
3344 1116 3401 1169 in

194 1328 522 1384 PAMPHILUS.
550 1326 625 1398 (‘2)
651 1327 714 1380 Et
737 1335 1090 1396 posteaquam
1116 1326 1182 1379 de
1204 1323 1502 1394 Scripturis
1532 1322 1695 1377 multa
1716 1322 1997 1386 disseruit,
2029 1320 2268 1390 ipsejam
2294 1337 2447 1376 suam
2476 1323 2803 1378 sententiam
2825 1323 2925 1379 hoc
2951 1326 3111 1380 modo
3133 1327 3394 1383 declarat.

195 1443 389 1495 Ἔσται
417 1442 474 1495 δὲ
490 1443 601 1501 τοῖς
626 1440 745 1493 τότε
771 1442 803 1511 ἡ
825 1439 932 1493 τῶν
956 1439 1370 1512 ἁμαρτημάτων
1404 1438 1710 1511 εἷσπραξις,

116 1533 222 1586 οὐκ
268 1535 326 1587 ὲν
385 1531 905 1604 μετενσωματὼσει·
946 1534 993 1584 εἰ
1035 1531 1143 1602 γὰρ
1194 1532 1272 1585 ἔτι
1312 1533 1711 1604 ἁμαρτάνοντες

118 1626 661 1698 παραλαμϐάνονται,
712 1627 831 1697 ἦτοι
862 1625 1007 1696 ἄλλῳ
1058 1625 1245 1696 τρόπῳ
1279 1624 1550 1688 κολάσεως
1576 1624 1713 1695 μετὰ

1891 1436 1992 1507 ('2‘)
2020 1436 2311 1492 ORIGENES.
2343 1438 2422 1509 (5)
2456 1456 2474 1489 ι
2514 1438 2631 1493 Erit
2664 1449 2841 1493 autem
2866 1441 2951 1495 his
2969 1442 3056 1509 qui
3089 1452 3215 1498 tunc
3245 1456 3407 1501 erunt

1821 1528 2173 1599 vindicta,(4)
2213 1544 2318 1581 non
2350 1544 2414 1583 ex
2443 1531 2895 1585 transmutatione
2920 1534 3223 1589 animarum
3252 1553 3267 1590 :
3296 1552 3401 1592 non

1817 1618 1960 1672 enim
1991 1619 2101 1689 jam
2124 1619 2189 1672 ad
2217 1620 2549 1689 peccandum
2579 1620 2729 1675 locus
2766 1623 2870 1676 erit
2893 1640 2905 1674 :
2926 1625 3019 1677 sed
3055 1626 3157 1678 alia
3202 1643 3402 1696 genera

116 1718 281 1772 τοῦτο
310 1717 753 1788 κολασθήσονται,
788 1718 880 1770 καὶ
922 1716 1063 1771 κατὰ
1099 1716 1256 1768 τοῦτο
1284 1718 1400 1787 ἦτοι
1437 1716 1529 1769 δύο
1557 1717 1704 1770 τόποι

1820 1720 1971 1766 Brllnl.
2020 1728 2214 1783 paenae.
2249 1712 2660 1769 Transmutatio
2692 1731 2927 1785 namque
2968 1734 3253 1788 corporum
3282 1735 3400 1791 pte-

120 1812 396 1865 κολάσεων
434 1810 646 1864 ἔσονται
669 1809 945 1879 γενικοί·ὁ
977 1809 1076 1879 μὲν
1102 1812 1159 1862 ὲν
1189 1810 1705 1881 μετενσωματώσειο

116 1906 147 1956 ὁ
171 1902 230 1957 δὲ
257 1902 359 1966 ἔξω
396 1902 488 1954 τοῦ
520 1902 761 1955 τοιούτου
801 1899 1084 1971 σώματος’
1124 1901 1218 1954 καὶ
1267 1901 1574 1969 λεγέτωσαν
1611 1902 1711 1965 τὰς

115 1994 328 2049 τούτων
361 1994 566 2058 αἰτίας,
598 1994 691 2048 καὶ
730 1992 993 2064 διαφοράς
1018 2009 1030 2021 ⁸
1064 1992 1097 2063 ἢ
1147 1993 1207 2045 οὐ
1260 1992 1707 2065 κολασθήσονται,

115 2086 196 2151 ὡς
227 2087 435 2159 ἁθρόως
462 2086 824 2147 ἀποϐαλόντες
849 2084 915 2137 τὰ
940 2086 1309 2156 ἁμαρτήματα
1339 2088 1385 2138 οἱ
1416 2086 1507 2138 ἐπὶ
1530 2102 1711 2138 συντε-

116 2180 242 2251 λείᾳ
268 2179 713 2249 καταλειφθέντες
744 2197 756 2209 ·
798 2179 854 2251 ἢ,
890 2179 1025 2249 ὅπερ
1067 2176 1293 2247 βέλτιον,
1324 2174 1402 2242 εἷς
1443 2179 1555 2230 ἐστι
1582 2179 1710 2249 τρό-

118 2289 224 2334 πος
267 2271 537 2334 κολάσεως
582 2272 693 2332 τοῖς
739 2268 1115 2339 ἡμαρτηκόσιν
1156 2268 1213 2319 ἐν
1258 2267 1489 2338 σώματι,
1521 2268 1580 2319 τὸ
1607 2267 1711 2331 ἔξω

113 2362 285 2418 αὐτοῦ
311 2362 411 2430 τῆς
448 2360 836 2423 καταστάσεως
864 2358 956 2413 τοῦ
994 2359 1108 2429 βίου
1140 2358 1330 2412 τούτου
1358 2359 1417 2411 τὸ
1450 2359 1710 2427 καταξίαν

111 2454 230 2509 τῶν
280 2452 681 2524 ἡμαρτημένων
736 2452 928 2505 παθεῖν
956 2469 968 2481 ο
1006 2451 1235 2504 ’ἑκαστον
1277 2451 1335 2503 δὲ
1382 2451 1585 2504 τούτων
1634 2452 1711 2523 τῷ

113 2548 313 2619 ἐνορᾷς)
354 2544 637 2616 δυναμένῳ
674 2548 784 2609 τοῖς
823 2544 1139 2616 πράγμασιν
1178 2544 1566 2614 ἀνατρεπτικόν
1596 2546 1711 2596 ἐστι

112 2634 805 2709 τῆςμετενσωματώσεως.
846 2637 906 2688 Εἰ
951 2636 1006 2687 δὲ
1026 2635 1335 2703 ἀναγκαίως
1366 2637 1415 2688 οἱ
1444 2636 1543 2707 τὴν
1587 2654 1711 2707 μετ-

112 2727 504 2798 ενσωμάτωσιν
536 2728 844 2795 εἰσάγοντες
878 2727 1157 2799 Ἕλληνες,
1207 2727 1281 2789 ὼς
1310 2727 1576 2780 ἀκόλουθα
1616 2731 1711 2782 αὐ-

110 2823 232 2885 τοῖς
254 2821 514 2883 τιθέντες,
550 2821 670 2873 οὐδὲ
702 2820 1018 2891 φθείρεσθαι
1052 2820 1328 2891 βούλονται
1360 2822 1450 2873 τὸν
1485 2822 1707 2891 κόσμον,

112 2915 237 2987 ὥρα
278 2916 371 2967 καὶ
424 2914 644 2977 τούτους
685 2914 1111 2983 ἀντιϐλέψαντας
1164 2916 1283 2977 ταῖς
1324 2914 1708 2982 ὲκφαινούσαις

112 3007 363 3077 Γραφαῖς
393 3004 765 3076 φθαρήσεσθαι
796 3005 884 3057 τὸν
924 3006 1156 3075 κόσμον,
1204 3005 1236 3075 ἣ
1274 3005 1571 3074 ἀπιστῆσαι
1613 3006 1710 3058 αὑ-

1813 1822 1935 1859 natn
1967 1821 2073 1859 non
2103 1804 2264 1860 faciet
2289 1817 2659 1875 peccatorum,
2688 1809 2756 1863 ita
2797 1822 2852 1863 ut
2880 1811 3024 1863 nulla
3062 1812 3403 1870 extrinsecus

1810 1905 2067 1969 putentur
2103 1898 2291 1954 inferri
2329 1900 2593 1970 supplicia
2620 1942 2634 1965 ,
2664 1905 2795 1970 quin
2830 1904 3009 1971 potius
3035 1913 3117 1956 est
3150 1914 3397 1972 peccato-

1814 1992 1963 2043 ribus
1997 2005 2280 2059 poenarum
2309 1992 2522 2057 modus,
2555 1992 2605 2043 id
2637 2001 2721 2044 est
2752 2000 2810 2045 ut
2846 2008 2943 2060 pro
2978 1993 3060 2047 his
3097 1993 3173 2063 (5)
3202 2010 3320 2064 quae
3348 1996 3401 2050 in

1812 2080 1914 2134 hoc
1942 2082 2139 2135 mundo
2170 2091 2475 2152 gesserunt,
2521 2099 2734 2152 pteuam
2768 2086 3031 2154 recipiant
3055 2086 3397 2143 delictorum.

1811 2172 2155 2227 Manifestum
2182 2184 2358 2227 tamen
2386 2184 2466 2229 est
2488 2176 2631 2245 qnod
2666 2177 2781 2230 ista:
2806 2178 3028 2248 singula:
3057 2181 3294 2233 rationes
3317 2180 3399 2235 his

1812 2265 1900 2335 qui
1935 2274 2158 2333 possunt
2184 2266 2259 2320 rei
2289 2269 2735 2336 consequentiam
2765 2269 3055 2339 diligenter
3088 2272 3395 2340 advertere,

1812 2359 2101 2413 contrarize
2140 2368 2264 2413 sunt
2312 2359 2439 2413 huic
2471 2362 2706 2431 dogmati
2749 2378 2856 2431 quo
2888 2362 3245 2431 perhibentur
3276 2365 3397 2416 ani-

1814 2465 1912 2503 ma:
1950 2450 2325 2505 transmutari.
2364 2451 2515 2517 Quod
2560 2453 2604 2506 si
2635 2455 2913 2523 gentilium
2952 2466 3203 2508 auctores
3246 2456 3398 2524 sequi

1812 2541 1996 2594 volunt
2021 2544 2112 2609 qui
2139 2543 2447 2609 Opinionem
2478 2544 2629 2597 istam
2655 2561 2717 2599 ex
2753 2546 3139 2615 principiorum
3169 2562 3392 2600 suorum

1813 2636 2199 2704 consequentia
2229 2638 2496 2705 persecuti
2523 2649 2668 2702 sunt,
2688 2639 2930 2693 dicentes
2954 2656 3077 2695 eum
3109 2641 3220 2694 haec
3246 2642 3398 2705 fiant,

1812 2725 1930 2780 sine
1963 2727 2125 2781 dubio
2175 2744 2449 2798 nunquam
2516 2732 2776 2784 mundum
2834 2732 2995 2785 istum
3033 2748 3190 2801 posse
3217 2733 3397 2801 ﬁniri,

1812 2834 2153 2890 consequens
2186 2829 2269 2875 est
2295 2838 2387 2876 eos
2412 2823 2486 2892 (6)
2527 2824 2617 2893 qui
2665 2824 2777 2877 haec
2811 2826 3073 2887 sentiunt,
3102 2825 3401 2895 Scripturaa

1814 2918 2016 2963 nostra:
2071 2926 2176 2964 non
2228 2914 2488 2976 credere,
2522 2930 2643 2981 quae
2684 2914 3126 2969 ntanifestissime
3159 2931 3400 2984 pronun-

1814 3004 1914 3056 tiat
1938 3002 2099 3057 ﬁnem
2131 3007 2314 3058 mundi
2354 3005 2617 3069 futurum,
2648 3016 2704 3059 et
2727 3022 2829 3059 non
2868 3007 3159 3075 exquirere
3184 3007 3235 3059 in
3270 3007 3400 3075 ipsis

112 3099 258 3161 ταῖς,
290 3097 322 3166 ἦ
366 3096 731 3169 εὑρεσιλογεῖν
771 3098 897 3168 περὶ
950 3097 1254 3169 διηγήσεως
1284 3095 1392 3148 τῶν
1425 3095 1564 3147 κατὰ
1608 3096 1704 3165 τὴν

1820 3095 2117 3164 Scripturis
2154 3098 2544 3166 expositiones,
2573 3101 2689 3152 sive
2722 3099 3054 3152 assertiones
3103 3099 3313 3168 ineptas
3343 3108 3398 3152 et

112 3188 450 3254 συντέλειαν,
486 3190 622 3261 ὅπερ
680 3188 779 3242 κᾶν
813 3189 1105 3259 βούλωνται
1148 3188 1393 3259 ποιῆσαι,
1444 3190 1505 3241 οὐ
1548 3188 1704 3261 δυνή-

1820 3186 2291 3259 inconsequentes,
2324 3207 2387 3245 ex
2423 3193 2620 3260 quibus
2650 3192 2795 3247 nullo
2828 3205 3028 3261 genere
3049 3191 3262 3246 ostendi
3303 3207 3373 3260 po

1809 3288 1910 3335 test
1953 3284 2094 3352 quod
2148 3285 2445 3338 secundum
2505 3284 2818 3355 Scripturas
2868 3296 3084 3340 nostras
3117 3300 3397 3356 nunquam

1803 3374 1985 3427 smculi
2032 3374 2155 3428 linis
2205 3375 2420 3430 futurus
2467 3378 2556 3431 sit.
2598 3396 2615 3428 ι

1359 3488 1923 3543 ΙΝΤΕΠΡΒΕΤΛΤΙΟ
1965 3488 2225 3545 I'IUETll.

188 3585 491 3639 Punientur
522 3595 701 3640 autem
731 3598 918 3657 eorum
946 3586 1439 3657 peccataquitunc
1464 3594 1622 3636 erunt
1658 3622 1671 3644 ,
1698 3598 1803 3635 non
1833 3597 1928 3651 per
1958 3583 2333 3651 migrationem
2370 3599 2399 3637 e
2423 3600 2649 3654 corpore
2683 3586 2734 3639 in
2766 3604 2962 3657 corpus
3003 3606 3019 3642 :
3052 3605 3175 3645 nam
3220 3592 3266 3645 si
3302 3593 3372 3646 ad

113 3658 227 3711 huc
252 3667 541 3730 peccantes
572 3653 1184 3730 deprehendunturr_,‘vel
1232 3654 1341 3706 alio
1380 3667 1557 3730 ponite
1604 3668 1801 3721 genere
1836 3664 2023 3730 postea
2078 3653 2668 3730 punientur_:__ac’dua:
2712 3653 2937 3726 proinde
2977 3662 3261 3730 generales
3293 3678 3399 3730 pu-

110 3728 301 3779 niendi
344 3728 583 3780 rationes
614 3736 811 3799 erunL;
854 3726 941 3777 illa
957 3723 1186 3799 quidem
1223 3740 1319 3792 per
1349 3724 1637 3799 transitum
1663 3740 1693 3777 e
1724 3739 1955 3799 corpore
1986 3723 2039 3777 in
2091 3739 2297 3799 corpus
2329 3741 2342 3788 ;
2380 3727 2467 3778 illa
2494 3743 2622 3781 vero
2652 3723 2805 3781 extra
2859 3723 3026 3784 hoec'e
3065 3748 3261 3799 corpus
3281 3723 3308 3797 ξ
3332 3748 3398 3787 ac

110 3799 335 3871 illarum
369 3812 564 3850 causas
591 3808 646 3851 et
691 3795 1037 3871 differentias
1098 3804 1441 3871 exponant:
1481 3794 1567 3871 vel
1611 3809 1717 3846 non
1758 3795 2093 3871 punientur,
2144 3796 2298 3863 quasi
2344 3810 2565 3865 peccata
2615 3815 2708 3851 sua
2759 3801 3042 3854 confestim
3101 3794 3400 3871 ali-jecerint

110 3866 214 3936 qui
250 3869 302 3920 in
343 3869 810 3921 consummatione
835 3864 1452 3942 fuerintdeprehensi;
1487 3863 1769 3942 χρὴ-(μιοὰ
1831 3865 2020 3942 melius
2048 3873 2306 3942 es_t._una
2344 3863 2561 3919 tantum
2610 3871 2821 3923 ratione
2855 3863 3182 3937 plectuntur;
3218 3875 3307 3942 qui
3340 3874 3393 3927 iu

108 3934 349 4006 corpore
380 3947 764 4005 peccaverunt,
800 3951 992 4005 poenas
1028 3935 1279 4006 videlicet
1303 3944 1457 3989 extra
1487 3934 1723 4006 illud,et
1752 3942 1919 4006 extra,
1944 3936 2070 3988 vita:
2102 3934 2261 4006 huius
2304 3945 2505 3990 statum
2535 3954 2601 3992 ex
2649 3934 3002 4006 peccatorum
3034 3934 3255 3995 suorum
3287 3960 3400 3996 me-

109 4003 230 4061 rito
257 4003 472 4062 dantes.
510 4003 944 4077 Unumquodque
966 4016 1145 4059 autetn
1186 4005 1426 4078 illorum,
1462 4016 1519 4058 ut
1554 4003 2005 4078 facileuintelligit
2035 4005 2286 4078 quisquis
2314 4023 2401 4061 res
2433 4003 2794 4076 introspicere
2828 4023 3027 4078 potest,
3067 4013 3397 4067 sententiam

107 4080 187 4132 de
224 4079 546 4146 migratione
582 4074 884 4131 animarum
929 4092 960 4131 e
1009 4091 1237 4145 corpore
1288 4076 1338 4129 in
1375 4090 1572 4145 corpus
1604 4074 1849 4146 funditus
1904 4075 2397 4142 label‘actat.Quod
2436 4080 2480 4132 si
2532 4074 2621 4146 qui
2669 4074 2952 4134 transitum
2990 4085 3294 4136 animarum
3344 4087 3397 4136 in

106 4149 272 4203 varia
307 4144 533 4217 corpora
573 4148 835 4203 invehunt
862 4144 1329 4215 ethnici,’utpole
1375 4144 1740 4217 consentanea
1780 4144 2042 4217 doctrina:
2087 4149 2212 4201 huic
2260 4144 2589 4212 astruentes,
2636 4152 2817 4203 tnm'idi
2871 4152 3148 4205 interitum
3203 4170 3395 4207 neces-

107 4221 265 4292 sario
291 4214 1003 4292 nonadmittunt,superest
1026 4227 1092 4292 _ut
1116 4214 1404 4292 postquam
1436 4214 1741 4292 scripturis
1776 4216 1962 4269 mundi
1993 4230 2247 4292 occasum
2272 4222 2648 4273 aSsereltlibtts
2673 4222 2847 4287 palam
2886 4224 3143 4292 refragati
3172 4222 3392 4284 fuerint.

107 4289 201 4344 vel
237 4290 399 4342 fidem
433 4290 511 4363 iis
537 4304 641 4363 non
677 4288 931 4363 habeant,
958 4286 1040 4339 vel
1090 4288 1255 4339 verba
1295 4287 1572 4363 reperiant
1594 4287 1791 4363 quibus
1835 4300 1899 4339 ea
1932 4300 2054 4356 qua:
2099 4288 2167 4341 ad
2203 4286 2736 4345 consummationem
2793 4286 3102 4361 pertinen't,
3127 4294 3399 4363 explicare

106 4363 345 4431 possint,
372 4361 514 4428 quod
545 4359 725 4414 facere
754 4359 1071 4428 neutiquam
1097 4366 1374 4427 poterunt,
1408 4357 1626 4409 etiamsi
1653 4356 1848 4410 velint.

113 3299 323 3336 σονται.

184 4473 517 4528 PAMPHILUS.
552 4474 625 4529 De
654 4474 843 4530 eadem
893 4488 969 4541 re,
1017 4488 1083 4530 ex
1109 4472 1245 4530 libro
1288 4473 1366 4529 De
1403 4474 1701 4529 Proverbiis
1736 4478 1778 4533 ι)
1808 4484 1980 4545 pturze
2007 4486 2212 4531 sancta:
2253 4478 2633 4532 occasionibus
2660 4518 2673 4543 ,
2718 4493 2824 4532 non
2864 4479 3230 4549 intelligentes
3264 4497 3400 4551 quo-

106 4565 444 4621 Salomonis.

183 4659 481 4713 ORIGENES.
508 4656 585 4728 (7)
611 4675 630 4708 ι
660 4658 885 4713 Videtur
904 4670 1081 4713 autem
1108 4659 1239 4713 mihi
1262 4668 1317 4713 et
1346 4659 1432 4713 illa
1466 4660 1699 4714 assertio

105 4764 237 4819 qua:
272 4749 651 4802 transformari
675 4750 889 4804 animas
918 4751 983 4805 de
1012 4751 1335 4819 corporibus
1362 4752 1414 4804 in
1447 4752 1551 4805 alia
1575 4767 1698 4807 cor-

106 4854 244 4910 pora
279 4848 573 4903 asseverat,
606 4842 918 4910 pervenisse
954 4843 1118 4896 etiam
1171 4842 1223 4896 in
1255 4842 1463 4912 aliquos
1502 4859 1692 4899 eorum

104 4932 205 5001 qui
260 4930 480 4985 Christo
508 4932 733 4985 credere
783 4930 1055 4996 videntur,
1086 4947 1155 4986 ex
1181 4932 1504 5000 quibusdam
1540 4933 1693 4989 Scri-

178 5047 227 5078 ⁸¹
254 5046 389 5101 Luc.
419 5061 574 5111 xvtn,
607 5044 661 5100 8.
737 5046 781 5078 ⁸³
806 5045 995 5099 Matth.
1026 5060 1172 5110 XXIV,
1205 5046 1293 5100 57.

182 5141 375 5214 (2)117
404 5144 840 5214 posteaquamde
876 5142 1167 5211 Scripturis
1210 5143 1376 5195 multa
1421 5144 1693 5209 disseruit,

103 5212 219 5270 etc.
262 5212 425 5268 Certe
469 5228 700 5282 sequens
746 5213 996 5285 ()rigenis
1038 5225 1339 5285 contextus
1388 5215 1701 5270 immediate

105 5290 350 5355 priorem
381 5285 623 5352 sequitur
661 5284 712 5337 in
736 5284 952 5339 emo:
981 5284 1220 5355 adeoque
1248 5284 1390 5338 inter
1416 5293 1701 5355 utrumque

102 5354 248 5410 nihil
287 5356 353 5407 de
378 5356 675 5423 Scripturis
706 5356 963 5409 disseruit
990 5354 1270 5424 Origenes.

184 5426 293 5493 (ε)
336 5424 516 5477 Rufini
554 5426 955 5492 interpretatio.

209 5496 264 5558 ὅ)
310 5495 387 5548 Ex
415 5495 508 5549 lib.
545 5510 645 5548 xm
671 5494 964 5549 Comment.
987 5496 1040 5548 in
1076 5494 1410 5558 Matt/ticum,
1446 5511 1593 5552 ιιιιιιι.
1639 5496 1691 5553 ί.

209 5498 242 5549 3
310 5496 387 5548 Ex
415 5496 508 5549 lib.
545 5510 645 5548 xm
671 5496 964 5549 Comment.
987 5496 1040 5548 in
1076 5496 1410 5558 Matt/ticum,
1446 5511 1593 5552 ιιιιιιι.
1639 5496 1691 5553 ί.

176 5496 264 5637 ξιξ
307 5564 400 5618 Sic
422 5580 611 5620 omnes
659 5581 789 5619 mss.
822 5569 891 5620 At
926 5581 1055 5619 vero
1080 5566 1207 5618 editi
1237 5604 1250 5625 ,
1294 5582 1394 5618 non
1426 5576 1694 5619 lrmtsmtt-

104 5639 245 5689 latio
267 5638 566 5689 animarum
602 5652 621 5689 :
658 5653 759 5689 non
781 5638 919 5690 enim
946 5639 1062 5705 jam
1098 5637 1165 5687 ad
1196 5643 1515 5705 peccandum
1551 5638 1695 5690 locns

102 5710 229 5770 erit,
268 5716 377 5760 etc.
405 5705 644 5760 Notauda
676 5707 852 5760 llulini
886 5706 1196 5774 interpretis
1231 5706 1450 5774 perfidia
1483 5708 1573 5775 qui
1610 5708 1696 5761 lue

105 5779 383 5844 reddidit,
414 5793 514 5832 non
548 5781 683 5831 enim
745 5777 848 5838 iam
883 5778 951 5832 ad
992 5783 1314 5845 peccandum
1368 5790 1513 5831 locus
1566 5782 1695 5847 crit,

1812 4567 1974 4620 modo
1999 4566 2223 4638 intelligi
2256 4567 2488 4622 debeant
2526 4584 2645 4637 qua:
2686 4572 2885 4640 scripta
2920 4582 3069 4625 sunt.
3099 4572 3215 4626 Non
3250 4574 3397 4627 enim

1810 4658 2099 4711 advertunt
2126 4660 2397 4728 quomodo
2430 4660 2590 4713 homo
2641 4660 2907 4715 efﬁciatur
2936 4663 3013 4732 (8)
3048 4673 3141 4715 aut
3185 4664 3393 4732 pullus,

1808 4757 1901 4801 aut
1941 4762 2132 4817 equus,
2178 4759 2272 4803 aut
2320 4751 2615 4817 mulus;et
2664 4764 2993 4820 putaverunt
3045 4756 3399 4809 transmutari

1803 4839 2097 4894 humanam
2128 4844 2365 4895 animam
2403 4845 2456 4896 in
2485 4846 2750 4911 pecudum
2782 4862 3035 4914 corpora,
3071 4856 3129 4899 ut
3159 4847 3397 4899 restitua-

1802 4942 1927 4987 rent
1947 4935 2090 5001 quod
2122 4934 2413 5004 aliquando
2463 4938 2737 5007 serpentis
2772 4938 3004 5008 suscipit
3057 4955 3278 5009 corpus,
3316 4919 3401 4994 vel

1806 5164 1928 5201 cum
1962 5150 2226 5202 habeatur
2255 5150 2307 5204 in
2361 5151 2573 5215 Graeco,
2619 5153 2667 5203 εἱ
2710 5150 2817 5221 γὰρ
2862 5151 2940 5204 ἔτι
2993 5150 3401 5221 ἁμαρτάνοντες

1806 5221 2349 5341 ἓαραλαμϐάνονται,
2388 5240 2507 5275 nam
2544 5227 2587 5275 si
2617 5228 2786 5274 adhuc
2807 5234 3081 5291 peccantes
3116 5224 3401 5275 deurthen“

1847 5306 2027 5341 ιιιιιιιν.

1847 5306 2027 5344 αηιιιν.

1878 5361 1953 5430 (ὅ)
1990 5362 2150 5429 ΕιΙίιί,
2180 5379 2298 5434 qua:
2327 5364 2381 5417 in
2406 5363 2502 5415 hoc
2530 5379 2719 5432 corpus
2754 5374 3048 5431 gesserunt.
3094 5361 3216 5416 Mss.
3251 5373 3308 5415 ut
3338 5364 3399 5417 in

1806 5438 1975 5485 textu.

1876 5505 1950 5572 (li)
1994 5503 2066 5555 Ita
2100 5520 2231 5560 mss.
2263 5504 2455 5559 nostri.
2485 5504 2624 5557 Editi
2655 5519 2813 5565 vero,
2862 5502 2951 5573 qni
2980 5507 3088 5555 hazc
3120 5502 3323 5558 volunt.

1875 5574 1950 5641 (7)
1984 5574 2052 5625 [Sx
2089 5574 2381 5627 Comment.
2433 5576 2488 5627 in
2540 5575 2823 5627 Proverbia
2857 5575 3178 5625 Salomonis.

1874 5644 1952 5712 (8)
1994 5646 2196 5699 Omnes
2232 5662 2361 5699 mss.
2391 5646 2559 5698 nostri
2590 5648 2808 5707 habent,
2836 5652 2925 5694 aut
2953 5646 3155 5709 pulvis;
3181 5640 3275 5695 sed
3307 5650 3397 5696 ta:-

1807 5728 1929 5769 men
1967 5714 2253 5785 legendum
2288 5717 2501 5773 videtur
2533 5731 2655 5771 cum
2682 5714 2863 5779 editis,
2895 5722 2987 5766 aut
3022 5713 3225 5773 vultus.
