  <div class='ocr_page' id='page_1' title='image "/cluster/home/n/w/nwhite01/storage/ocr_20150623/17/nnc1.0046978615/317.png"; bbox 0 0 3870 6220; ppageno 0'>
   <div class='ocr_carea' id='block_1_1' title="bbox 471 288 578 347">
    <p class='ocr_par' dir='ltr' id='par_1_1' title="bbox 471 288 578 347">
     <span class='ocr_line' id='line_1_1' title="bbox 471 288 578 347; baseline 0.056 -6"><span class='ocrx_word' id='word_1_1' title='bbox 471 288 578 347; x_wconf 59' lang='lat' dir='ltr'><strong>alii</strong></span> 
     </span>
    </p>
   </div>
   <div class='ocr_carea' id='block_1_2' title="bbox 1719 265 3728 330">
    <p class='ocr_par' dir='ltr' id='par_1_2' title="bbox 1719 265 3728 330">
     <span class='ocr_line' id='line_1_2' title="bbox 1719 265 3728 330; baseline -0.005 0"><span class='ocrx_word' id='word_1_2' title='bbox 1719 276 1777 330; x_wconf 88' lang='lat' dir='ltr'><strong>S.</strong></span> <span class='ocrx_word' id='word_1_3' title='bbox 1820 270 2142 329; x_wconf 78' lang='lat' dir='ltr'><strong>PAMPHIL]</strong></span> <span class='ocrx_word' id='word_1_4' title='bbox 2181 268 2538 327; x_wconf 78' lang='lat' dir='ltr'><strong>MARTYLIS</strong></span> <span class='ocrx_word' id='word_1_5' title='bbox 3640 265 3728 320; x_wconf 79' lang='grc'><strong>6111</strong></span> 
     </span>
    </p>
   </div>
   <div class='ocr_carea' id='block_1_3' title="bbox 472 378 3823 474">
    <p class='ocr_par' dir='ltr' id='par_1_3' title="bbox 472 378 3823 474">
     <span class='ocr_line' id='line_1_3' title="bbox 472 378 3823 474; baseline -0.006 -16"><span class='ocrx_word' id='word_1_6' title='bbox 472 406 693 474; x_wconf 66' lang='lat' dir='ltr'><strong>viperae,</strong></span> <span class='ocrx_word' id='word_1_7' title='bbox 725 397 1020 470; x_wconf 80' lang='lat' dir='ltr'><strong>aliquando</strong></span> <span class='ocrx_word' id='word_1_8' title='bbox 1054 396 1202 467; x_wconf 88' lang='lat' dir='ltr'><strong>equi,</strong></span> <span class='ocrx_word' id='word_1_9' title='bbox 1227 394 1313 449; x_wconf 82' lang='lat' dir='ltr'><strong>vel</strong></span> <span class='ocrx_word' id='word_1_10' title='bbox 1344 393 1675 462; x_wconf 87' lang='lat' dir='ltr'><strong>reliquorum</strong></span> <span class='ocrx_word' id='word_1_11' title='bbox 1715 391 2050 444; x_wconf 81' lang='lat' dir='ltr'><strong>animalium.</strong></span> <span class='ocrx_word' id='word_1_12' title='bbox 2085 398 2131 453; x_wconf 71' lang='grc' dir='ltr'><strong>Α</strong></span> <span class='ocrx_word' id='word_1_13' title='bbox 2160 399 2267 443; x_wconf 81' lang='lat' dir='ltr'><strong>tam</strong></span> <span class='ocrx_word' id='word_1_14' title='bbox 2292 388 2601 441; x_wconf 85' lang='lat' dir='ltr'><strong>daemonum</strong></span> <span class='ocrx_word' id='word_1_15' title='bbox 2647 391 2876 447; x_wconf 67' lang='lat' dir='ltr'><strong>naturae,</strong></span> <span class='ocrx_word' id='word_1_16' title='bbox 2910 397 3077 454; x_wconf 91' lang='lat' dir='ltr'><strong>quam</strong></span> <span class='ocrx_word' id='word_1_17' title='bbox 3104 381 3343 437; x_wconf 87' lang='lat' dir='ltr'><strong>humano</strong></span> <span class='ocrx_word' id='word_1_18' title='bbox 3379 382 3591 474; x_wconf 82' lang='lat' dir='ltr'><strong>generi,</strong></span> <span class='ocrx_word' id='word_1_19' title='bbox 3618 399 3729 451; x_wconf 86' lang='lat' dir='ltr'><strong>pec-</strong></span> <span class='ocrx_word' id='word_1_20' title='bbox 3818 394 3823 474; x_wconf 42' lang='grc' dir='ltr'><strong>ί</strong></span> 
     </span>
    </p>
   </div>
   <div class='ocr_carea' id='block_1_4' title="bbox 472 484 2054 563">
    <p class='ocr_par' dir='ltr' id='par_1_4' title="bbox 472 484 2054 563">
     <span class='ocr_line' id='line_1_4' title="bbox 472 484 2054 563; baseline -0.011 -11"><span class='ocrx_word' id='word_1_21' title='bbox 472 496 591 552; x_wconf 84' lang='lat' dir='ltr'><strong>Jam</strong></span> <span class='ocrx_word' id='word_1_22' title='bbox 613 510 741 563; x_wconf 88' lang='lat' dir='ltr'><strong>ergo</strong></span> <span class='ocrx_word' id='word_1_23' title='bbox 771 504 1115 559; x_wconf 84' lang='lat' dir='ltr'><strong>consequens</strong></span> <span class='ocrx_word' id='word_1_24' title='bbox 1138 498 1224 543; x_wconf 89' lang='lat' dir='ltr'><strong>est</strong></span> <span class='ocrx_word' id='word_1_25' title='bbox 1263 497 1318 543; x_wconf 90' lang='lat' dir='ltr'><strong>et</strong></span> <span class='ocrx_word' id='word_1_26' title='bbox 1352 487 1452 541; x_wconf 88' lang='lat' dir='ltr'><strong>hoc</strong></span> <span class='ocrx_word' id='word_1_27' title='bbox 1476 486 1595 540; x_wconf 87' lang='lat' dir='ltr'><strong>illos</strong></span> <span class='ocrx_word' id='word_1_28' title='bbox 1624 485 1809 538; x_wconf 81' lang='lat' dir='ltr'><strong>dicere</strong></span> <span class='ocrx_word' id='word_1_29' title='bbox 1835 484 2054 546; x_wconf 84' lang='lat' dir='ltr'><strong>debere,</strong></span> 
     </span>
    </p>
   </div>
   <div class='ocr_carea' id='block_1_5' title="bbox 472 575 2052 659">
    <p class='ocr_par' dir='ltr' id='par_1_5' title="bbox 472 575 2052 659">
     <span class='ocr_line' id='line_1_5' title="bbox 472 575 2052 659; baseline -0.009 -18"><span class='ocrx_word' id='word_1_30' title='bbox 472 588 613 659; x_wconf 92' lang='lat' dir='ltr'><strong>quod</strong></span> <span class='ocrx_word' id='word_1_31' title='bbox 633 586 897 647; x_wconf 83' lang='lat' dir='ltr'><strong>diabolus,</strong></span> <span class='ocrx_word' id='word_1_32' title='bbox 919 584 1007 651; x_wconf 85' lang='lat' dir='ltr'><strong>qui</strong></span> <span class='ocrx_word' id='word_1_33' title='bbox 1028 583 1109 637; x_wconf 90' lang='lat' dir='ltr'><strong>leo</strong></span> <span class='ocrx_word' id='word_1_34' title='bbox 1124 583 1175 635; x_wconf 94' lang='lat' dir='ltr'><strong>in</strong></span> <span class='ocrx_word' id='word_1_35' title='bbox 1196 579 1492 648; x_wconf 88' lang='lat' dir='ltr'><strong>Scripturis</strong></span> <span class='ocrx_word' id='word_1_36' title='bbox 1506 578 1701 632; x_wconf 88' lang='lat' dir='ltr'><strong>dicitur</strong></span> <span class='ocrx_word' id='word_1_37' title='bbox 1719 575 2052 643; x_wconf 77' lang='lat' dir='ltr'><strong>&quot;,corpore,</strong></span> 
     </span>
    </p>
   </div>
   <div class='ocr_carea' id='block_1_6' title="bbox 472 669 2055 737">
    <p class='ocr_par' dir='ltr' id='par_1_6' title="bbox 472 669 2055 737">
     <span class='ocr_line' id='line_1_6' title="bbox 472 669 2055 737; baseline -0.011 -1"><span class='ocrx_word' id='word_1_38' title='bbox 472 682 643 736; x_wconf 85' lang='lat' dir='ltr'><strong>leonis</strong></span> <span class='ocrx_word' id='word_1_39' title='bbox 674 688 876 737; x_wconf 85' lang='lat' dir='ltr'><strong>utatur,</strong></span> <span class='ocrx_word' id='word_1_40' title='bbox 907 686 1000 730; x_wconf 89' lang='lat' dir='ltr'><strong>aut</strong></span> <span class='ocrx_word' id='word_1_41' title='bbox 1028 674 1279 728; x_wconf 84' lang='lat' dir='ltr'><strong>draconis</strong></span> <span class='ocrx_word' id='word_1_42' title='bbox 1301 670 1580 733; x_wconf 86' lang='lat' dir='ltr'><strong>carnibus,</strong></span> <span class='ocrx_word' id='word_1_43' title='bbox 1618 684 1737 723; x_wconf 80' lang='lat' dir='ltr'><strong>cum</strong></span> <span class='ocrx_word' id='word_1_44' title='bbox 1763 669 1928 722; x_wconf 83' lang='lat' dir='ltr'><strong>draco</strong></span> <span class='ocrx_word' id='word_1_45' title='bbox 1953 682 2055 719; x_wconf 91' lang='lat' dir='ltr'><strong>no-</strong></span> 
     </span>
    </p>
   </div>
   <div class='ocr_carea' id='block_1_7' title="bbox 473 760 2054 826">
    <p class='ocr_par' dir='ltr' id='par_1_7' title="bbox 473 760 2054 826">
     <span class='ocr_line' id='line_1_7' title="bbox 473 760 2054 826; baseline -0.009 0"><span class='ocrx_word' id='word_1_46' title='bbox 473 775 710 826; x_wconf 77' lang='lat' dir='ltr'><strong>minatur</strong></span> <span class='ocrx_word' id='word_1_47' title='bbox 737 771 803 823; x_wconf 64' lang='lat'><strong>“.</strong></span> <span class='ocrx_word' id='word_1_48' title='bbox 840 770 914 823; x_wconf 91' lang='lat' dir='ltr'><strong>Ita</strong></span> <span class='ocrx_word' id='word_1_49' title='bbox 956 768 1062 822; x_wconf 89' lang='lat' dir='ltr'><strong>erit</strong></span> <span class='ocrx_word' id='word_1_50' title='bbox 1093 776 1151 819; x_wconf 92' lang='lat' dir='ltr'><strong>ut</strong></span> <span class='ocrx_word' id='word_1_51' title='bbox 1178 764 1473 819; x_wconf 90' lang='lat' dir='ltr'><strong>secundum</strong></span> <span class='ocrx_word' id='word_1_52' title='bbox 1512 761 1633 816; x_wconf 90' lang='lat' dir='ltr'><strong>illos</strong></span> <span class='ocrx_word' id='word_1_53' title='bbox 1667 760 2054 814; x_wconf 89' lang='lat' dir='ltr'><strong>transmutatio</strong></span> 
     </span>
    </p>
   </div>
   <div class='ocr_carea' id='block_1_8' title="bbox 474 857 2057 928">
    <p class='ocr_par' dir='ltr' id='par_1_8' title="bbox 474 857 2057 928">
     <span class='ocr_line' id='line_1_8' title="bbox 474 857 2057 928; baseline -0.009 -10"><span class='ocrx_word' id='word_1_54' title='bbox 474 865 575 919; x_wconf 83' lang='lat' dir='ltr'><strong>ista</strong></span> <span class='ocrx_word' id='word_1_55' title='bbox 597 865 903 917; x_wconf 88' lang='lat' dir='ltr'><strong>animarum</strong></span> <span class='ocrx_word' id='word_1_56' title='bbox 926 858 1275 928; x_wconf 87' lang='lat' dir='ltr'><strong>perveniatet</strong></span> <span class='ocrx_word' id='word_1_57' title='bbox 1302 857 1352 910; x_wconf 92' lang='lat' dir='ltr'><strong>in</strong></span> <span class='ocrx_word' id='word_1_58' title='bbox 1379 857 1680 910; x_wconf 59' lang='lat' dir='ltr'><strong>daemonum</strong></span> <span class='ocrx_word' id='word_1_59' title='bbox 1699 864 1969 917; x_wconf 84' lang='lat' dir='ltr'><strong>naturam,</strong></span> <span class='ocrx_word' id='word_1_60' title='bbox 1997 861 2057 904; x_wconf 88' lang='lat' dir='ltr'><strong>ut</strong></span> 
     </span>
    </p>
   </div>
   <div class='ocr_carea' id='block_1_9' title="bbox 471 942 2053 1023">
    <p class='ocr_par' dir='ltr' id='par_1_9' title="bbox 471 942 2053 1023">
     <span class='ocr_line' id='line_1_9' title="bbox 471 942 2053 1023; baseline -0.008 -14"><span class='ocrx_word' id='word_1_61' title='bbox 471 956 540 1010; x_wconf 89' lang='lat' dir='ltr'><strong>sit</strong></span> <span class='ocrx_word' id='word_1_62' title='bbox 564 954 852 1023; x_wconf 77' lang='lat' dir='ltr'><strong>aliquando</strong></span> <span class='ocrx_word' id='word_1_63' title='bbox 897 951 976 1005; x_wconf 89' lang='lat' dir='ltr'><strong>vcl</strong></span> <span class='ocrx_word' id='word_1_64' title='bbox 1028 950 1110 1004; x_wconf 91' lang='lat' dir='ltr'><strong>leo</strong></span> <span class='ocrx_word' id='word_1_65' title='bbox 1141 948 1225 1002; x_wconf 97' lang='lat' dir='ltr'><strong>vel</strong></span> <span class='ocrx_word' id='word_1_66' title='bbox 1259 950 1423 1002; x_wconf 83' lang='lat' dir='ltr'><strong>draco</strong></span> <span class='ocrx_word' id='word_1_67' title='bbox 1466 946 1705 1000; x_wconf 91' lang='lat' dir='ltr'><strong>animam</strong></span> <span class='ocrx_word' id='word_1_68' title='bbox 1742 944 1952 999; x_wconf 87' lang='lat' dir='ltr'><strong>habens</strong></span> <span class='ocrx_word' id='word_1_69' title='bbox 1974 942 2053 1015; x_wconf 82' lang='grc'>(9)</span> 
     </span>
    </p>
   </div>
   <div class='ocr_carea' id='block_1_10' title="bbox 469 1045 832 1101">
    <p class='ocr_par' dir='ltr' id='par_1_10' title="bbox 469 1045 832 1101">
     <span class='ocr_line' id='line_1_10' title="bbox 469 1045 832 1101; baseline -0.014 0"><span class='ocrx_word' id='word_1_70' title='bbox 469 1045 767 1101; x_wconf 86' lang='lat' dir='ltr'><strong>diabolum.</strong></span> <span class='ocrx_word' id='word_1_71' title='bbox 814 1062 832 1095; x_wconf 77' lang='grc' dir='ltr'><strong>ι</strong></span> 
     </span>
    </p>
   </div>
   <div class='ocr_carea' id='block_1_11' title="bbox 543 1134 1343 1202">
    <p class='ocr_par' dir='ltr' id='par_1_11' title="bbox 543 1134 1343 1202">
     <span class='ocr_line' id='line_1_11' title="bbox 543 1134 1343 1202; baseline -0.004 -12"><span class='ocrx_word' id='word_1_72' title='bbox 543 1136 870 1190; x_wconf 74' lang='lat' dir='ltr'><strong>PAMPHILUS.</strong></span> <span class='ocrx_word' id='word_1_73' title='bbox 896 1134 964 1190; x_wconf 89' lang='lat' dir='ltr'><strong>Et</strong></span> <span class='ocrx_word' id='word_1_74' title='bbox 998 1134 1159 1202; x_wconf 88' lang='lat' dir='ltr'><strong>paulo</strong></span> <span class='ocrx_word' id='word_1_75' title='bbox 1190 1142 1343 1202; x_wconf 88' lang='lat' dir='ltr'><strong>post:</strong></span> 
     </span>
    </p>
   </div>
   <div class='ocr_carea' id='block_1_12' title="bbox 539 1217 2047 1292">
    <p class='ocr_par' dir='ltr' id='par_1_12' title="bbox 539 1217 2047 1292">
     <span class='ocr_line' id='line_1_12' title="bbox 539 1217 2047 1292; baseline -0.009 -11"><span class='ocrx_word' id='word_1_76' title='bbox 539 1225 832 1281; x_wconf 79' lang='lat' dir='ltr'><strong>ORIGENES.</strong></span> <span class='ocrx_word' id='word_1_77' title='bbox 858 1243 876 1275; x_wconf 87' lang='grc' dir='ltr'><strong>ι</strong></span> <span class='ocrx_word' id='word_1_78' title='bbox 917 1224 1021 1278; x_wconf 85' lang='lat' dir='ltr'><strong>Sed</strong></span> <span class='ocrx_word' id='word_1_79' title='bbox 1046 1224 1328 1292; x_wconf 79' lang='lat' dir='ltr'><strong>superﬂuae</strong></span> <span class='ocrx_word' id='word_1_80' title='bbox 1361 1230 1489 1277; x_wconf 85' lang='lat' dir='ltr'><strong>sunt</strong></span> <span class='ocrx_word' id='word_1_81' title='bbox 1520 1220 1640 1277; x_wconf 56' lang='lat' dir='ltr'><strong>ista!</strong></span> <span class='ocrx_word' id='word_1_82' title='bbox 1667 1232 1859 1274; x_wconf 86' lang='lat' dir='ltr'><strong>omnes</strong></span> <span class='ocrx_word' id='word_1_83' title='bbox 1893 1217 2047 1270; x_wconf 87' lang='lat' dir='ltr'><strong>adin—</strong></span> 
     </span>
    </p>
   </div>
   <div class='ocr_carea' id='block_1_13' title="bbox 471 1313 2050 1382">
    <p class='ocr_par' dir='ltr' id='par_1_13' title="bbox 471 1313 2050 1382">
     <span class='ocr_line' id='line_1_13' title="bbox 471 1313 2050 1382; baseline -0.007 -11"><span class='ocrx_word' id='word_1_84' title='bbox 471 1319 775 1373; x_wconf 90' lang='lat' dir='ltr'><strong>ventiones.</strong></span> <span class='ocrx_word' id='word_1_85' title='bbox 825 1316 1168 1371; x_wconf 86' lang='lat' dir='ltr'><strong>Manifestum</strong></span> <span class='ocrx_word' id='word_1_86' title='bbox 1216 1324 1302 1369; x_wconf 90' lang='lat' dir='ltr'><strong>est</strong></span> <span class='ocrx_word' id='word_1_87' title='bbox 1350 1316 1493 1367; x_wconf 90' lang='lat' dir='ltr'><strong>enim</strong></span> <span class='ocrx_word' id='word_1_88' title='bbox 1530 1313 1675 1382; x_wconf 92' lang='lat' dir='ltr'><strong>quod</strong></span> <span class='ocrx_word' id='word_1_89' title='bbox 1727 1325 1837 1363; x_wconf 88' lang='lat' dir='ltr'><strong>una</strong></span> <span class='ocrx_word' id='word_1_90' title='bbox 1887 1321 2050 1378; x_wconf 80' lang='lat' dir='ltr'><strong>pcena</strong></span> 
     </span>
    </p>
   </div>
   <div class='ocr_carea' id='block_1_14' title="bbox 2164 473 3823 545">
    <p class='ocr_par' dir='ltr' id='par_1_14' title="bbox 2164 473 3823 545">
     <span class='ocr_line' id='line_1_14' title="bbox 2164 473 3823 545; baseline -0.001 -13"><span class='ocrx_word' id='word_1_91' title='bbox 2164 488 2410 533; x_wconf 87' lang='lat' dir='ltr'><strong>catorum</strong></span> <span class='ocrx_word' id='word_1_92' title='bbox 2447 492 2479 532; x_wconf 91' lang='lat' dir='ltr'><strong>a</strong></span> <span class='ocrx_word' id='word_1_93' title='bbox 2511 476 2739 531; x_wconf 88' lang='lat' dir='ltr'><strong>Domino</strong></span> <span class='ocrx_word' id='word_1_94' title='bbox 2763 474 3027 545; x_wconf 74' lang='lat' dir='ltr'><strong>praeﬁnita</strong></span> <span class='ocrx_word' id='word_1_95' title='bbox 3050 474 3144 539; x_wconf 90' lang='lat' dir='ltr'><strong>sit,</strong></span> <span class='ocrx_word' id='word_1_96' title='bbox 3166 474 3256 528; x_wconf 88' lang='lat' dir='ltr'><strong>illa</strong></span> <span class='ocrx_word' id='word_1_97' title='bbox 3293 490 3454 545; x_wconf 89' lang='lat' dir='ltr'><strong>quam</strong></span> <span class='ocrx_word' id='word_1_98' title='bbox 3486 473 3731 531; x_wconf 85' lang='lat' dir='ltr'><strong>Dominus</strong></span> <span class='ocrx_word' id='word_1_99' title='bbox 3820 473 3823 545; x_wconf 70' lang='lat' dir='ltr'><strong>l</strong></span> 
     </span>
    </p>
   </div>
   <div class='ocr_carea' id='block_1_15' title="bbox 2162 566 3731 642">
    <p class='ocr_par' dir='ltr' id='par_1_15' title="bbox 2162 566 3731 642">
     <span class='ocr_line' id='line_1_15' title="bbox 2162 566 3731 642; baseline -0.004 -16"><span class='ocrx_word' id='word_1_100' title='bbox 2162 572 2277 642; x_wconf 86' lang='lat' dir='ltr'><strong>ipse</strong></span> <span class='ocrx_word' id='word_1_101' title='bbox 2310 586 2406 626; x_wconf 90' lang='lat' dir='ltr'><strong>sua</strong></span> <span class='ocrx_word' id='word_1_102' title='bbox 2437 570 2711 625; x_wconf 86' lang='lat' dir='ltr'><strong>sententia</strong></span> <span class='ocrx_word' id='word_1_103' title='bbox 2746 568 3051 638; x_wconf 75' lang='lat' dir='ltr'><strong>designavit</strong></span> <span class='ocrx_word' id='word_1_104' title='bbox 3090 569 3277 623; x_wconf 85' lang='lat' dir='ltr'><strong>dicens</strong></span> <span class='ocrx_word' id='word_1_105' title='bbox 3310 584 3325 621; x_wconf 88' lang='lat'>:</span> <span class='ocrx_word' id='word_1_106' title='bbox 3363 566 3446 621; x_wconf 82' lang='lat' dir='ltr'><strong>Ite</strong></span> <span class='ocrx_word' id='word_1_107' title='bbox 3479 568 3532 619; x_wconf 85' lang='lat' dir='ltr'><strong>in</strong></span> <span class='ocrx_word' id='word_1_108' title='bbox 3572 568 3731 637; x_wconf 73' lang='lat' dir='ltr'><strong>igneus</strong></span> 
     </span>
    </p>
   </div>
   <div class='ocr_carea' id='block_1_16' title="bbox 2160 542 3824 733">
    <p class='ocr_par' dir='ltr' id='par_1_16' title="bbox 2160 542 3824 733">
     <span class='ocr_line' id='line_1_16' title="bbox 2162 542 3824 665; baseline -0.004 -39"><span class='ocrx_word' id='word_1_109' title='bbox 2162 572 2277 642; x_wconf 86' lang='lat' dir='ltr'><strong>ipse</strong></span> <span class='ocrx_word' id='word_1_110' title='bbox 2310 586 2406 626; x_wconf 90' lang='lat' dir='ltr'><strong>sua</strong></span> <span class='ocrx_word' id='word_1_111' title='bbox 2437 570 2711 625; x_wconf 86' lang='lat' dir='ltr'><strong>sententia</strong></span> <span class='ocrx_word' id='word_1_112' title='bbox 2746 542 3051 638; x_wconf 75' lang='lat' dir='ltr'><strong>designavit</strong></span> <span class='ocrx_word' id='word_1_113' title='bbox 3090 569 3277 623; x_wconf 85' lang='lat' dir='ltr'><strong>dicens</strong></span> <span class='ocrx_word' id='word_1_114' title='bbox 3363 566 3446 621; x_wconf 82' lang='lat' dir='ltr'><strong>Ite</strong></span> <span class='ocrx_word' id='word_1_115' title='bbox 3479 568 3532 619; x_wconf 85' lang='lat' dir='ltr'><strong>in</strong></span> <span class='ocrx_word' id='word_1_116' title='bbox 3572 568 3731 637; x_wconf 73' lang='lat' dir='ltr'><strong>igneus</strong></span> <span class='ocrx_word' id='word_1_117' title='bbox 3816 542 3824 665; x_wconf 67' lang='lat'><em>‘</em></span> 
     </span>
     <span class='ocr_line' id='line_1_17' title="bbox 2160 658 3824 733; baseline -0.004 -13"><span class='ocrx_word' id='word_1_118' title='bbox 2160 675 2438 727; x_wconf 77' lang='lat' dir='ltr'><strong>wternum,</strong></span> <span class='ocrx_word' id='word_1_119' title='bbox 2470 661 2583 731; x_wconf 84' lang='lat' dir='ltr'><strong>(l0)</strong></span> <span class='ocrx_word' id='word_1_120' title='bbox 2617 679 2771 733; x_wconf 84' lang='lat' dir='ltr'><strong>quem</strong></span> <span class='ocrx_word' id='word_1_121' title='bbox 2793 661 3109 730; x_wconf 71' lang='lat' dir='ltr'><strong>prwparavit</strong></span> <span class='ocrx_word' id='word_1_122' title='bbox 3150 658 3293 715; x_wconf 75' lang='lat' dir='ltr'><strong>Deus</strong></span> <span class='ocrx_word' id='word_1_123' title='bbox 3333 659 3540 712; x_wconf 77' lang='lat' dir='ltr'><strong>diabolo</strong></span> <span class='ocrx_word' id='word_1_124' title='bbox 3564 670 3614 713; x_wconf 87' lang='lat' dir='ltr'><strong>et</strong></span> <span class='ocrx_word' id='word_1_125' title='bbox 3644 677 3731 713; x_wconf 84' lang='lat' dir='ltr'><strong>an-</strong></span> <span class='ocrx_word' id='word_1_126' title='bbox 3812 692 3824 733; x_wconf 56' lang='grc' dir='ltr'><strong><em>λ</em></strong></span> 
     </span>
    </p>
   </div>
   <div class='ocr_carea' id='block_1_17' title="bbox 2157 749 3734 825">
    <p class='ocr_par' dir='ltr' id='par_1_17' title="bbox 2157 749 3734 825">
     <span class='ocr_line' id='line_1_18' title="bbox 2157 749 3734 825; baseline -0.006 -17"><span class='ocrx_word' id='word_1_127' title='bbox 2157 755 2287 825; x_wconf 68' lang='lat' dir='ltr'><strong>geli:</strong></span> <span class='ocrx_word' id='word_1_128' title='bbox 2313 755 2428 824; x_wconf 82' lang='lat' dir='ltr'><strong>ejus</strong></span> <span class='ocrx_word' id='word_1_129' title='bbox 2450 752 2577 794; x_wconf 63' lang='lat'><strong>35-“</strong></span> <span class='ocrx_word' id='word_1_130' title='bbox 2605 769 2619 804; x_wconf 89' lang='lat'><strong><em>:</em></strong></span> <span class='ocrx_word' id='word_1_131' title='bbox 2653 752 2944 806; x_wconf 90' lang='lat' dir='ltr'><strong>ostendens</strong></span> <span class='ocrx_word' id='word_1_132' title='bbox 2973 751 3099 820; x_wconf 88' lang='lat' dir='ltr'><strong>quia</strong></span> <span class='ocrx_word' id='word_1_133' title='bbox 3116 750 3302 806; x_wconf 89' lang='lat' dir='ltr'><strong>eadem</strong></span> <span class='ocrx_word' id='word_1_134' title='bbox 3322 749 3533 819; x_wconf 85' lang='lat' dir='ltr'><strong>species</strong></span> <span class='ocrx_word' id='word_1_135' title='bbox 3556 762 3734 817; x_wconf 74' lang='grc' dir='ltr'>ρωιιίι-</span> 
     </span>
    </p>
   </div>
   <div class='ocr_carea' id='block_1_18' title="bbox 2156 839 3732 915">
    <p class='ocr_par' dir='ltr' id='par_1_18' title="bbox 2156 839 3732 915">
     <span class='ocr_line' id='line_1_19' title="bbox 2156 839 3732 915; baseline -0.004 -15"><span class='ocrx_word' id='word_1_136' title='bbox 2156 861 2274 900; x_wconf 88' lang='lat' dir='ltr'><strong>rum</strong></span> <span class='ocrx_word' id='word_1_137' title='bbox 2311 844 2689 915; x_wconf 81' lang='lat' dir='ltr'><strong>peccatoribus</strong></span> <span class='ocrx_word' id='word_1_138' title='bbox 2720 842 3054 908; x_wconf 84' lang='lat' dir='ltr'><strong>hominibus,</strong></span> <span class='ocrx_word' id='word_1_139' title='bbox 3084 850 3142 897; x_wconf 84' lang='lat' dir='ltr'><strong>et.</strong></span> <span class='ocrx_word' id='word_1_140' title='bbox 3185 841 3421 904; x_wconf 77' lang='lat' dir='ltr'><strong>diabolo,</strong></span> <span class='ocrx_word' id='word_1_141' title='bbox 3454 851 3507 894; x_wconf 94' lang='lat' dir='ltr'><strong>et</strong></span> <span class='ocrx_word' id='word_1_142' title='bbox 3535 839 3732 910; x_wconf 77' lang='lat' dir='ltr'><strong>angelis</strong></span> 
     </span>
    </p>
   </div>
   <div class='ocr_carea' id='block_1_19' title="bbox 2155 934 3733 1009">
    <p class='ocr_par' dir='ltr' id='par_1_19' title="bbox 2155 934 3733 1009">
     <span class='ocr_line' id='line_1_20' title="bbox 2155 934 3733 1009; baseline -0.007 -15"><span class='ocrx_word' id='word_1_143' title='bbox 2155 940 2274 1009; x_wconf 77' lang='lat' dir='ltr'><strong>eius</strong></span> <span class='ocrx_word' id='word_1_144' title='bbox 2305 945 2608 1007; x_wconf 70' lang='lat' dir='ltr'><strong>praeparata</strong></span> <span class='ocrx_word' id='word_1_145' title='bbox 2630 937 2722 1000; x_wconf 88' lang='lat' dir='ltr'><strong>sit,</strong></span> <span class='ocrx_word' id='word_1_146' title='bbox 2748 935 2874 989; x_wconf 87' lang='lat' dir='ltr'><strong>licet</strong></span> <span class='ocrx_word' id='word_1_147' title='bbox 2900 934 2957 988; x_wconf 91' lang='lat' dir='ltr'><strong>in</strong></span> <span class='ocrx_word' id='word_1_148' title='bbox 3005 934 3195 989; x_wconf 90' lang='lat' dir='ltr'><strong>eadem</strong></span> <span class='ocrx_word' id='word_1_149' title='bbox 3234 947 3393 1002; x_wconf 65' lang='lat' dir='ltr'><strong>paena</strong></span> <span class='ocrx_word' id='word_1_150' title='bbox 3431 934 3644 987; x_wconf 84' lang='lat' dir='ltr'><strong>diversa</strong></span> <span class='ocrx_word' id='word_1_151' title='bbox 3673 934 3733 985; x_wconf 85' lang='lat' dir='ltr'><strong>sit</strong></span> 
     </span>
    </p>
   </div>
   <div class='ocr_carea' id='block_1_20' title="bbox 2157 1025 3732 1099">
    <p class='ocr_par' dir='ltr' id='par_1_20' title="bbox 2157 1025 3732 1099">
     <span class='ocr_line' id='line_1_21' title="bbox 2157 1025 3732 1099; baseline -0.004 -19"><span class='ocrx_word' id='word_1_152' title='bbox 2157 1029 2434 1099; x_wconf 85' lang='lat' dir='ltr'><strong>quantitas</strong></span> <span class='ocrx_word' id='word_1_153' title='bbox 2463 1042 2660 1097; x_wconf 70' lang='lat' dir='ltr'><strong>ptume.</strong></span> <span class='ocrx_word' id='word_1_154' title='bbox 2701 1027 2860 1081; x_wconf 81' lang='lat' dir='ltr'><strong>Alius</strong></span> <span class='ocrx_word' id='word_1_155' title='bbox 2903 1026 3046 1081; x_wconf 91' lang='lat' dir='ltr'><strong>enim</strong></span> <span class='ocrx_word' id='word_1_156' title='bbox 3097 1025 3317 1097; x_wconf 75' lang='lat' dir='ltr'><strong>gravius</strong></span> <span class='ocrx_word' id='word_1_157' title='bbox 3356 1039 3421 1078; x_wconf 91' lang='lat' dir='ltr'><strong>ac</strong></span> <span class='ocrx_word' id='word_1_158' title='bbox 3452 1027 3732 1078; x_wconf 89' lang='lat' dir='ltr'><strong>vehemen-</strong></span> 
     </span>
    </p>
   </div>
   <div class='ocr_carea' id='block_1_21' title="bbox 2158 1115 3731 1187">
    <p class='ocr_par' dir='ltr' id='par_1_21' title="bbox 2158 1115 3731 1187">
     <span class='ocr_line' id='line_1_22' title="bbox 2158 1115 3731 1187; baseline -0.004 -12"><span class='ocrx_word' id='word_1_159' title='bbox 2158 1121 2264 1175; x_wconf 89' lang='lat' dir='ltr'><strong>tius</strong></span> <span class='ocrx_word' id='word_1_160' title='bbox 2310 1120 2592 1174; x_wconf 86' lang='lat' dir='ltr'><strong>cruciatur</strong></span> <span class='ocrx_word' id='word_1_161' title='bbox 2639 1132 2739 1187; x_wconf 85' lang='lat' dir='ltr'><strong>pro</strong></span> <span class='ocrx_word' id='word_1_162' title='bbox 2776 1117 3146 1187; x_wconf 78' lang='lat' dir='ltr'><strong>magnitudine</strong></span> <span class='ocrx_word' id='word_1_163' title='bbox 3192 1124 3572 1186; x_wconf 89' lang='lat' dir='ltr'><strong>peccatorum,</strong></span> <span class='ocrx_word' id='word_1_164' title='bbox 3606 1115 3731 1168; x_wconf 85' lang='lat' dir='ltr'><strong>alius</strong></span> 
     </span>
    </p>
   </div>
   <div class='ocr_carea' id='block_1_22' title="bbox 2160 1208 3729 1281">
    <p class='ocr_par' dir='ltr' id='par_1_22' title="bbox 2160 1208 3729 1281">
     <span class='ocr_line' id='line_1_23' title="bbox 2160 1208 3729 1281; baseline -0.005 -13"><span class='ocrx_word' id='word_1_165' title='bbox 2160 1222 2339 1269; x_wconf 91' lang='lat' dir='ltr'><strong>autem</strong></span> <span class='ocrx_word' id='word_1_166' title='bbox 2369 1212 2674 1277; x_wconf 89' lang='lat' dir='ltr'><strong>remissius,</strong></span> <span class='ocrx_word' id='word_1_167' title='bbox 2708 1211 2819 1281; x_wconf 88' lang='grc'><strong>(11)</strong></span> <span class='ocrx_word' id='word_1_168' title='bbox 2848 1211 3003 1281; x_wconf 88' lang='lat' dir='ltr'><strong>cujus</strong></span> <span class='ocrx_word' id='word_1_169' title='bbox 3044 1210 3243 1265; x_wconf 89' lang='lat' dir='ltr'><strong>leviora</strong></span> <span class='ocrx_word' id='word_1_170' title='bbox 3275 1217 3329 1263; x_wconf 90' lang='lat' dir='ltr'><strong>et</strong></span> <span class='ocrx_word' id='word_1_171' title='bbox 3358 1208 3602 1263; x_wconf 78' lang='lat' dir='ltr'><strong>faciliora</strong></span> <span class='ocrx_word' id='word_1_172' title='bbox 3624 1223 3729 1276; x_wconf 84' lang='lat' dir='ltr'><strong>pec-</strong></span> 
     </span>
    </p>
   </div>
   <div class='ocr_carea' id='block_1_23' title="bbox 2159 1314 2509 1362">
    <p class='ocr_par' dir='ltr' id='par_1_23' title="bbox 2159 1314 2509 1362">
     <span class='ocr_line' id='line_1_24' title="bbox 2159 1314 2509 1362; baseline -0.017 0"><span class='ocrx_word' id='word_1_173' title='bbox 2159 1316 2279 1362; x_wconf 86' lang='lat' dir='ltr'><strong>cata</strong></span> <span class='ocrx_word' id='word_1_174' title='bbox 2306 1314 2451 1361; x_wconf 88' lang='lat' dir='ltr'><strong>sunt.</strong></span> <span class='ocrx_word' id='word_1_175' title='bbox 2490 1324 2509 1356; x_wconf 71' lang='grc' dir='ltr'><strong>ι</strong></span> 
     </span>
    </p>
   </div>
   <div class='ocr_carea' id='block_1_24' title="bbox 480 1489 3713 1539">
    <p class='ocr_par' dir='ltr' id='par_1_24' title="bbox 480 1489 3713 1539">
     <span class='ocr_line' id='line_1_25' title="bbox 480 1489 3713 1539; baseline -0.003 -7"><span class='ocrx_word' id='word_1_176' title='bbox 480 1489 3713 1539; x_wconf 67' lang='lat' dir='ltr'><em>W</em></span> 
     </span>
    </p>
   </div>
   <div class='ocr_carea' id='block_1_25' title="bbox 1542 1664 2667 1763">
    <p class='ocr_par' dir='ltr' id='par_1_25' title="bbox 1542 1664 2667 1763">
     <span class='ocr_line' id='line_1_26' title="bbox 1542 1664 2667 1763; baseline -0.007 -2"><span class='ocrx_word' id='word_1_177' title='bbox 1542 1671 1977 1763; x_wconf 81' lang='lat' dir='ltr'><strong>RUFINI</strong></span> <span class='ocrx_word' id='word_1_178' title='bbox 2058 1664 2667 1757; x_wconf 84' lang='lat' dir='ltr'><strong>EPILOGUS</strong></span> 
     </span>
    </p>
   </div>
   <div class='ocr_carea' id='block_1_26' title="bbox 1080 1855 3145 1923">
    <p class='ocr_par' dir='ltr' id='par_1_26' title="bbox 1080 1855 3145 1923">
     <span class='ocr_line' id='line_1_27' title="bbox 1080 1855 3145 1923; baseline -0.005 -2"><span class='ocrx_word' id='word_1_179' title='bbox 1080 1867 1149 1921; x_wconf 84' lang='lat' dir='ltr'><strong>IN</strong></span> <span class='ocrx_word' id='word_1_180' title='bbox 1186 1863 1729 1923; x_wconf 73' lang='lat' dir='ltr'><strong>APOLOGETICUM</strong></span> <span class='ocrx_word' id='word_1_181' title='bbox 1767 1862 1824 1918; x_wconf 90' lang='lat' dir='ltr'><strong>S.</strong></span> <span class='ocrx_word' id='word_1_182' title='bbox 1863 1858 2190 1917; x_wconf 77' lang='lat' dir='ltr'><strong>PAMPHILI</strong></span> <span class='ocrx_word' id='word_1_183' title='bbox 2232 1857 2590 1914; x_wconf 72' lang='lat' dir='ltr'><strong>MARTYBIS</strong></span> <span class='ocrx_word' id='word_1_184' title='bbox 2628 1857 2719 1912; x_wconf 85' lang='lat' dir='ltr'><strong>AD</strong></span> <span class='ocrx_word' id='word_1_185' title='bbox 2757 1855 3145 1923; x_wconf 75' lang='lat' dir='ltr'><strong>MACARIUM,</strong></span> 
     </span>
    </p>
   </div>
   <div class='ocr_carea' id='block_1_27' title="bbox 1152 2169 3052 2237">
    <p class='ocr_par' dir='ltr' id='par_1_27' title="bbox 1152 2169 3052 2237">
     <span class='ocr_line' id='line_1_28' title="bbox 1152 2169 3052 2237; baseline -0.006 -1"><span class='ocrx_word' id='word_1_186' title='bbox 1152 2179 1375 2237; x_wconf 77' lang='lat' dir='ltr'><strong>LIBER</strong></span> <span class='ocrx_word' id='word_1_187' title='bbox 1421 2176 1515 2234; x_wconf 87' lang='lat' dir='ltr'><strong>DE</strong></span> <span class='ocrx_word' id='word_1_188' title='bbox 1552 2171 2184 2233; x_wconf 80' lang='lat' dir='ltr'><strong>ADULTERATIONE</strong></span> <span class='ocrx_word' id='word_1_189' title='bbox 2225 2169 2624 2227; x_wconf 82' lang='lat' dir='ltr'><strong>LIBRORUM</strong></span> <span class='ocrx_word' id='word_1_190' title='bbox 2666 2169 3052 2228; x_wconf 78' lang='lat' dir='ltr'><strong>ORICENIS.</strong></span> 
     </span>
    </p>
   </div>
   <div class='ocr_carea' id='block_1_28' title="bbox 2064 2034 2157 2073">
    <p class='ocr_par' dir='ltr' id='par_1_28' title="bbox 2064 2034 2157 2073">
     <span class='ocr_line' id='line_1_29' title="bbox 2064 2034 2157 2073; baseline -0.022 0"><span class='ocrx_word' id='word_1_191' title='bbox 2064 2034 2157 2073; x_wconf 84' lang='lat' dir='ltr'><strong>SEU</strong></span> 
     </span>
    </p>
   </div>
   <div class='ocr_carea' id='block_1_29' title="bbox 536 2470 3739 2544">
    <p class='ocr_par' dir='ltr' id='par_1_29' title="bbox 536 2470 3739 2544">
     <span class='ocr_line' id='line_1_30' title="bbox 536 2470 3739 2544; baseline -0.002 -10"><span class='ocrx_word' id='word_1_192' title='bbox 536 2475 593 2534; x_wconf 80' lang='lat' dir='ltr'><strong>in</strong></span> <span class='ocrx_word' id='word_1_193' title='bbox 622 2476 707 2531; x_wconf 90' lang='lat' dir='ltr'><strong>bis</strong></span> <span class='ocrx_word' id='word_1_194' title='bbox 730 2489 850 2544; x_wconf 85' lang='lat' dir='ltr'><strong>quae</strong></span> <span class='ocrx_word' id='word_1_195' title='bbox 881 2474 935 2527; x_wconf 94' lang='lat' dir='ltr'><strong>in</strong></span> <span class='ocrx_word' id='word_1_196' title='bbox 975 2472 1238 2540; x_wconf 86' lang='lat' dir='ltr'><strong>superiori</strong></span> <span class='ocrx_word' id='word_1_197' title='bbox 1264 2472 1403 2526; x_wconf 88' lang='lat' dir='ltr'><strong>libro</strong></span> <span class='ocrx_word' id='word_1_198' title='bbox 1451 2472 1747 2526; x_wconf 88' lang='lat' dir='ltr'><strong>secundum</strong></span> <span class='ocrx_word' id='word_1_199' title='bbox 1781 2471 2047 2542; x_wconf 83' lang='lat' dir='ltr'><strong>Apologe-</strong></span> <span class='ocrx_word' id='word_1_200' title='bbox 2080 2480 2123 2535; x_wconf 82' lang='grc' dir='ltr'><strong>Β</strong></span> <span class='ocrx_word' id='word_1_201' title='bbox 2153 2472 2436 2528; x_wconf 88' lang='lat' dir='ltr'><strong>audientes</strong></span> <span class='ocrx_word' id='word_1_202' title='bbox 2468 2472 2524 2527; x_wconf 91' lang='lat' dir='ltr'><strong>id</strong></span> <span class='ocrx_word' id='word_1_203' title='bbox 2579 2471 2722 2542; x_wconf 90' lang='lat' dir='ltr'><strong>quod</strong></span> <span class='ocrx_word' id='word_1_204' title='bbox 2757 2485 2949 2525; x_wconf 87' lang='lat' dir='ltr'><strong>verum</strong></span> <span class='ocrx_word' id='word_1_205' title='bbox 2991 2478 3117 2536; x_wconf 87' lang='lat' dir='ltr'><strong>est,</strong></span> <span class='ocrx_word' id='word_1_206' title='bbox 3150 2480 3207 2527; x_wconf 91' lang='lat' dir='ltr'><strong>et</strong></span> <span class='ocrx_word' id='word_1_207' title='bbox 3250 2470 3392 2541; x_wconf 84' lang='lat' dir='ltr'><strong>quod</strong></span> <span class='ocrx_word' id='word_1_208' title='bbox 3441 2471 3559 2540; x_wconf 88' lang='lat' dir='ltr'><strong>ipsa</strong></span> <span class='ocrx_word' id='word_1_209' title='bbox 3608 2472 3739 2527; x_wconf 82' lang='lat' dir='ltr'><strong>ratio</strong></span> 
     </span>
    </p>
   </div>
   <div class='ocr_carea' id='block_1_30' title="bbox 465 2565 2050 2637">
    <p class='ocr_par' dir='ltr' id='par_1_30' title="bbox 465 2565 2050 2637">
     <span class='ocr_line' id='line_1_31' title="bbox 465 2565 2050 2637; baseline -0.004 -12"><span class='ocrx_word' id='word_1_210' title='bbox 465 2570 632 2625; x_wconf 88' lang='lat' dir='ltr'><strong>ticum</strong></span> <span class='ocrx_word' id='word_1_211' title='bbox 661 2568 835 2623; x_wconf 87' lang='lat' dir='ltr'><strong>sancti</strong></span> <span class='ocrx_word' id='word_1_212' title='bbox 865 2568 1120 2637; x_wconf 85' lang='lat' dir='ltr'><strong>martyris</strong></span> <span class='ocrx_word' id='word_1_213' title='bbox 1151 2565 1447 2633; x_wconf 82' lang='lat' dir='ltr'><strong>Pamphili,</strong></span> <span class='ocrx_word' id='word_1_214' title='bbox 1480 2580 1637 2633; x_wconf 85' lang='lat' dir='ltr'><strong>quem</strong></span> <span class='ocrx_word' id='word_1_215' title='bbox 1688 2581 1785 2635; x_wconf 88' lang='lat' dir='ltr'><strong>pro</strong></span> <span class='ocrx_word' id='word_1_216' title='bbox 1819 2566 2050 2635; x_wconf 87' lang='lat' dir='ltr'><strong>Origene</strong></span> 
     </span>
    </p>
   </div>
   <div class='ocr_carea' id='block_1_31' title="bbox 467 2656 2051 2727">
    <p class='ocr_par' dir='ltr' id='par_1_31' title="bbox 467 2656 2051 2727">
     <span class='ocr_line' id='line_1_32' title="bbox 467 2656 2051 2727; baseline -0.004 -12"><span class='ocrx_word' id='word_1_217' title='bbox 467 2660 657 2715; x_wconf 64' lang='lat' dir='ltr'><strong>Graeco</strong></span> <span class='ocrx_word' id='word_1_218' title='bbox 691 2672 945 2713; x_wconf 87' lang='lat' dir='ltr'><strong>sermone</strong></span> <span class='ocrx_word' id='word_1_219' title='bbox 976 2656 1168 2719; x_wconf 87' lang='lat' dir='ltr'><strong>edidit,</strong></span> <span class='ocrx_word' id='word_1_220' title='bbox 1201 2665 1360 2725; x_wconf 88' lang='lat' dir='ltr'><strong>prout</strong></span> <span class='ocrx_word' id='word_1_221' title='bbox 1396 2656 1689 2725; x_wconf 88' lang='lat' dir='ltr'><strong>potuimus,</strong></span> <span class='ocrx_word' id='word_1_222' title='bbox 1712 2656 1793 2708; x_wconf 86' lang='lat' dir='ltr'><strong>vel</strong></span> <span class='ocrx_word' id='word_1_223' title='bbox 1844 2672 1929 2711; x_wconf 84' lang='lat' dir='ltr'><strong>res</strong></span> <span class='ocrx_word' id='word_1_224' title='bbox 1957 2672 2051 2727; x_wconf 83' lang='lat' dir='ltr'><strong>po-</strong></span> 
     </span>
    </p>
   </div>
   <div class='ocr_carea' id='block_1_32' title="bbox 465 2748 2052 2822">
    <p class='ocr_par' dir='ltr' id='par_1_32' title="bbox 465 2748 2052 2822">
     <span class='ocr_line' id='line_1_33' title="bbox 465 2748 2052 2822; baseline -0.002 -16"><span class='ocrx_word' id='word_1_225' title='bbox 465 2753 661 2822; x_wconf 82' lang='lat' dir='ltr'><strong>poscit,</strong></span> <span class='ocrx_word' id='word_1_226' title='bbox 719 2749 910 2803; x_wconf 88' lang='lat' dir='ltr'><strong>Latino</strong></span> <span class='ocrx_word' id='word_1_227' title='bbox 943 2762 1196 2802; x_wconf 89' lang='lat' dir='ltr'><strong>sermone</strong></span> <span class='ocrx_word' id='word_1_228' title='bbox 1251 2748 1589 2816; x_wconf 84' lang='lat' dir='ltr'><strong>digessimus,</strong></span> <span class='ocrx_word' id='word_1_229' title='bbox 1640 2748 1754 2818; x_wconf 76' lang='lat' dir='ltr'><strong>(l‘2)</strong></span> <span class='ocrx_word' id='word_1_230' title='bbox 1792 2748 1918 2803; x_wconf 88' lang='lat' dir='ltr'><strong>illud</strong></span> <span class='ocrx_word' id='word_1_231' title='bbox 1968 2759 2052 2803; x_wconf 88' lang='lat' dir='ltr'><strong>est</strong></span> 
     </span>
    </p>
   </div>
   <div class='ocr_carea' id='block_1_33' title="bbox 464 2838 2050 2911">
    <p class='ocr_par' dir='ltr' id='par_1_33' title="bbox 464 2838 2050 2911">
     <span class='ocr_line' id='line_1_34' title="bbox 464 2838 2050 2911; baseline -0.001 -15"><span class='ocrx_word' id='word_1_232' title='bbox 464 2841 609 2911; x_wconf 88' lang='lat' dir='ltr'><strong>quod</strong></span> <span class='ocrx_word' id='word_1_233' title='bbox 635 2850 703 2903; x_wconf 90' lang='lat' dir='ltr'><strong>te,</strong></span> <span class='ocrx_word' id='word_1_234' title='bbox 735 2840 1126 2895; x_wconf 84' lang='lat' dir='ltr'><strong>desideriorum</strong></span> <span class='ocrx_word' id='word_1_235' title='bbox 1158 2838 1264 2901; x_wconf 90' lang='lat' dir='ltr'><strong>vir,</strong></span> <span class='ocrx_word' id='word_1_236' title='bbox 1298 2838 1522 2905; x_wconf 84' lang='lat' dir='ltr'><strong>Macari,</strong></span> <span class='ocrx_word' id='word_1_237' title='bbox 1558 2840 1893 2893; x_wconf 88' lang='lat' dir='ltr'><strong>admonitum</strong></span> <span class='ocrx_word' id='word_1_238' title='bbox 1931 2854 2050 2894; x_wconf 81' lang='lat' dir='ltr'><strong>esse</strong></span> 
     </span>
    </p>
   </div>
   <div class='ocr_carea' id='block_1_34' title="bbox 465 2930 2048 2999">
    <p class='ocr_par' dir='ltr' id='par_1_34' title="bbox 465 2930 2048 2999">
     <span class='ocr_line' id='line_1_35' title="bbox 465 2930 2048 2999; baseline -0.005 -9"><span class='ocrx_word' id='word_1_239' title='bbox 465 2935 608 2998; x_wconf 89' lang='lat' dir='ltr'><strong>volo,</strong></span> <span class='ocrx_word' id='word_1_240' title='bbox 640 2942 701 2988; x_wconf 90' lang='lat' dir='ltr'><strong>ut</strong></span> <span class='ocrx_word' id='word_1_241' title='bbox 749 2932 893 2987; x_wconf 88' lang='lat' dir='ltr'><strong>scias</strong></span> <span class='ocrx_word' id='word_1_242' title='bbox 934 2932 1075 2985; x_wconf 90' lang='lat' dir='ltr'><strong>hanc</strong></span> <span class='ocrx_word' id='word_1_243' title='bbox 1127 2932 1343 2999; x_wconf 90' lang='lat' dir='ltr'><strong>quidem</strong></span> <span class='ocrx_word' id='word_1_244' title='bbox 1383 2930 1503 2984; x_wconf 83' lang='lat' dir='ltr'><strong>fidei</strong></span> <span class='ocrx_word' id='word_1_245' title='bbox 1567 2930 1844 2999; x_wconf 80' lang='lat' dir='ltr'><strong>regulam,</strong></span> <span class='ocrx_word' id='word_1_246' title='bbox 1887 2945 2048 2993; x_wconf 82' lang='lat' dir='ltr'><strong>quam</strong></span> 
     </span>
    </p>
   </div>
   <div class='ocr_carea' id='block_1_35' title="bbox 464 3021 2048 3091">
    <p class='ocr_par' dir='ltr' id='par_1_35' title="bbox 464 3021 2048 3091">
     <span class='ocr_line' id='line_1_36' title="bbox 464 3021 2048 3091; baseline -0.004 -10"><span class='ocrx_word' id='word_1_247' title='bbox 464 3028 531 3081; x_wconf 90' lang='lat' dir='ltr'><strong>de</strong></span> <span class='ocrx_word' id='word_1_248' title='bbox 556 3024 709 3080; x_wconf 87' lang='lat' dir='ltr'><strong>libris</strong></span> <span class='ocrx_word' id='word_1_249' title='bbox 742 3022 860 3090; x_wconf 85' lang='lat' dir='ltr'><strong>ejus</strong></span> <span class='ocrx_word' id='word_1_250' title='bbox 889 3036 1052 3089; x_wconf 88' lang='lat' dir='ltr'><strong>supra</strong></span> <span class='ocrx_word' id='word_1_251' title='bbox 1108 3021 1488 3091; x_wconf 69' lang='lat' dir='ltr'><strong>exposuimus,</strong></span> <span class='ocrx_word' id='word_1_252' title='bbox 1525 3036 1647 3075; x_wconf 90' lang='lat' dir='ltr'><strong>esse</strong></span> <span class='ocrx_word' id='word_1_253' title='bbox 1680 3036 1801 3089; x_wconf 65' lang='lat' dir='ltr'><strong>quae</strong></span> <span class='ocrx_word' id='word_1_254' title='bbox 1842 3030 1898 3074; x_wconf 90' lang='lat' dir='ltr'><strong>et</strong></span> <span class='ocrx_word' id='word_1_255' title='bbox 1932 3037 2048 3075; x_wconf 81' lang='lat' dir='ltr'><strong>am-</strong></span> 
     </span>
    </p>
   </div>
   <div class='ocr_carea' id='block_1_36' title="bbox 464 3113 2051 3187">
    <p class='ocr_par' dir='ltr' id='par_1_36' title="bbox 464 3113 2051 3187">
     <span class='ocr_line' id='line_1_37' title="bbox 464 3113 2051 3187; baseline -0.001 -18"><span class='ocrx_word' id='word_1_256' title='bbox 464 3117 752 3187; x_wconf 84' lang='lat' dir='ltr'><strong>plectenda</strong></span> <span class='ocrx_word' id='word_1_257' title='bbox 783 3116 859 3171; x_wconf 89' lang='lat' dir='ltr'><strong>sit</strong></span> <span class='ocrx_word' id='word_1_258' title='bbox 891 3124 946 3169; x_wconf 89' lang='lat' dir='ltr'><strong>et</strong></span> <span class='ocrx_word' id='word_1_259' title='bbox 971 3115 1223 3170; x_wconf 85' lang='lat' dir='ltr'><strong>tenenda.</strong></span> <span class='ocrx_word' id='word_1_260' title='bbox 1268 3113 1325 3166; x_wconf 93' lang='lat' dir='ltr'><strong>In</strong></span> <span class='ocrx_word' id='word_1_261' title='bbox 1357 3113 1611 3168; x_wconf 86' lang='lat' dir='ltr'><strong>omnibus</strong></span> <span class='ocrx_word' id='word_1_262' title='bbox 1654 3114 1798 3167; x_wconf 89' lang='lat' dir='ltr'><strong>enim</strong></span> <span class='ocrx_word' id='word_1_263' title='bbox 1835 3113 1920 3169; x_wconf 87' lang='lat' dir='ltr'><strong>his</strong></span> <span class='ocrx_word' id='word_1_264' title='bbox 1958 3129 2051 3168; x_wconf 83' lang='lat' dir='ltr'><strong>ca-</strong></span> 
     </span>
    </p>
   </div>
   <div class='ocr_carea' id='block_1_37' title="bbox 473 3202 2048 3271">
    <p class='ocr_par' dir='ltr' id='par_1_37' title="bbox 473 3202 2048 3271">
     <span class='ocr_line' id='line_1_38' title="bbox 473 3202 2048 3271; baseline -0.001 -12"><span class='ocrx_word' id='word_1_265' title='bbox 473 3206 725 3260; x_wconf 89' lang='lat' dir='ltr'><strong>tholicum</strong></span> <span class='ocrx_word' id='word_1_266' title='bbox 746 3207 925 3261; x_wconf 86' lang='lat' dir='ltr'><strong>inesse</strong></span> <span class='ocrx_word' id='word_1_267' title='bbox 956 3221 1170 3260; x_wconf 78' lang='lat' dir='ltr'><strong>sensum</strong></span> <span class='ocrx_word' id='word_1_268' title='bbox 1196 3204 1476 3259; x_wconf 85' lang='lat' dir='ltr'><strong>evidenter</strong></span> <span class='ocrx_word' id='word_1_269' title='bbox 1507 3205 1786 3271; x_wconf 89' lang='lat' dir='ltr'><strong>probatur.</strong></span> <span class='ocrx_word' id='word_1_270' title='bbox 1817 3202 2048 3258; x_wconf 85' lang='lat' dir='ltr'><strong>luveniri</strong></span> 
     </span>
    </p>
   </div>
   <div class='ocr_carea' id='block_1_38' title="bbox 461 3292 2051 3364">
    <p class='ocr_par' dir='ltr' id='par_1_38' title="bbox 461 3292 2051 3364">
     <span class='ocr_line' id='line_1_39' title="bbox 461 3292 2051 3364; baseline -0.004 -14"><span class='ocrx_word' id='word_1_271' title='bbox 461 3307 644 3352; x_wconf 82' lang='lat' dir='ltr'><strong>tamen</strong></span> <span class='ocrx_word' id='word_1_272' title='bbox 670 3297 721 3350; x_wconf 93' lang='lat' dir='ltr'><strong>in</strong></span> <span class='ocrx_word' id='word_1_273' title='bbox 762 3298 877 3364; x_wconf 85' lang='lat' dir='ltr'><strong>ejus</strong></span> <span class='ocrx_word' id='word_1_274' title='bbox 908 3296 1061 3349; x_wconf 87' lang='lat' dir='ltr'><strong>libris</strong></span> <span class='ocrx_word' id='word_1_275' title='bbox 1101 3294 1347 3364; x_wconf 67' lang='lat' dir='ltr'><strong>quaedam</strong></span> <span class='ocrx_word' id='word_1_276' title='bbox 1381 3294 1448 3347; x_wconf 88' lang='lat' dir='ltr'><strong>ab</strong></span> <span class='ocrx_word' id='word_1_277' title='bbox 1490 3293 1573 3347; x_wconf 86' lang='lat' dir='ltr'><strong>his</strong></span> <span class='ocrx_word' id='word_1_278' title='bbox 1606 3309 1711 3346; x_wconf 81' lang='lat' dir='ltr'><strong>non</strong></span> <span class='ocrx_word' id='word_1_279' title='bbox 1763 3292 1937 3347; x_wconf 90' lang='lat' dir='ltr'><strong>solum</strong></span> <span class='ocrx_word' id='word_1_280' title='bbox 1970 3293 2051 3345; x_wconf 84' lang='lat' dir='ltr'><strong>di-</strong></span> 
     </span>
    </p>
   </div>
   <div class='ocr_carea' id='block_1_39' title="bbox 462 3384 2049 3455">
    <p class='ocr_par' dir='ltr' id='par_1_39' title="bbox 462 3384 2049 3455">
     <span class='ocr_line' id='line_1_40' title="bbox 462 3384 2049 3455; baseline -0.003 -13"><span class='ocrx_word' id='word_1_281' title='bbox 462 3403 639 3451; x_wconf 85' lang='lat' dir='ltr'><strong>versa,</strong></span> <span class='ocrx_word' id='word_1_282' title='bbox 665 3389 757 3443; x_wconf 92' lang='lat' dir='ltr'><strong>sed</strong></span> <span class='ocrx_word' id='word_1_283' title='bbox 781 3401 1171 3455; x_wconf 89' lang='lat' dir='ltr'><strong>nonnunquam</strong></span> <span class='ocrx_word' id='word_1_284' title='bbox 1204 3385 1366 3439; x_wconf 87' lang='lat' dir='ltr'><strong>etiam</strong></span> <span class='ocrx_word' id='word_1_285' title='bbox 1417 3384 1716 3447; x_wconf 85' lang='lat' dir='ltr'><strong>contraria,</strong></span> <span class='ocrx_word' id='word_1_286' title='bbox 1742 3393 1797 3437; x_wconf 82' lang='lat' dir='ltr'><strong>et</strong></span> <span class='ocrx_word' id='word_1_287' title='bbox 1828 3400 1890 3437; x_wconf 91' lang='lat' dir='ltr'><strong>ea</strong></span> <span class='ocrx_word' id='word_1_288' title='bbox 1929 3398 2049 3453; x_wconf 65' lang='lat' dir='ltr'><strong>quin</strong></span> 
     </span>
    </p>
   </div>
   <div class='ocr_carea' id='block_1_40' title="bbox 460 3476 2048 3551">
    <p class='ocr_par' dir='ltr' id='par_1_40' title="bbox 460 3476 2048 3551">
     <span class='ocr_line' id='line_1_41' title="bbox 460 3476 2048 3551; baseline -0.002 -19"><span class='ocrx_word' id='word_1_289' title='bbox 460 3480 713 3537; x_wconf 83' lang='lat' dir='ltr'><strong>veritatis</strong></span> <span class='ocrx_word' id='word_1_290' title='bbox 760 3479 948 3551; x_wconf 87' lang='lat' dir='ltr'><strong>regula</strong></span> <span class='ocrx_word' id='word_1_291' title='bbox 1002 3494 1106 3532; x_wconf 91' lang='lat' dir='ltr'><strong>non</strong></span> <span class='ocrx_word' id='word_1_292' title='bbox 1163 3478 1399 3531; x_wconf 88' lang='lat' dir='ltr'><strong>admittit</strong></span> <span class='ocrx_word' id='word_1_293' title='bbox 1439 3476 1548 3547; x_wconf 82' lang='lat' dir='ltr'><strong>(l5)</strong></span> <span class='ocrx_word' id='word_1_294' title='bbox 1604 3490 1870 3546; x_wconf 85' lang='lat' dir='ltr'><strong>agnosce,</strong></span> <span class='ocrx_word' id='word_1_295' title='bbox 1929 3490 2048 3544; x_wconf 79' lang='lat' dir='ltr'><strong>quae</strong></span> 
     </span>
    </p>
   </div>
   <div class='ocr_carea' id='block_1_41' title="bbox 463 3565 2049 3642">
    <p class='ocr_par' dir='ltr' id='par_1_41' title="bbox 463 3565 2049 3642">
     <span class='ocr_line' id='line_1_42' title="bbox 463 3565 2049 3642; baseline -0.003 -16"><span class='ocrx_word' id='word_1_296' title='bbox 463 3587 565 3627; x_wconf 87' lang='lat' dir='ltr'><strong>nos</strong></span> <span class='ocrx_word' id='word_1_297' title='bbox 596 3586 809 3642; x_wconf 85' lang='lat' dir='ltr'><strong>quoque</strong></span> <span class='ocrx_word' id='word_1_298' title='bbox 841 3587 941 3626; x_wconf 88' lang='lat' dir='ltr'><strong>nec</strong></span> <span class='ocrx_word' id='word_1_299' title='bbox 970 3570 1282 3639; x_wconf 89' lang='lat' dir='ltr'><strong>recipimus,</strong></span> <span class='ocrx_word' id='word_1_300' title='bbox 1321 3583 1420 3623; x_wconf 90' lang='lat' dir='ltr'><strong>uec</strong></span> <span class='ocrx_word' id='word_1_301' title='bbox 1458 3568 1768 3638; x_wconf 84' lang='lat' dir='ltr'><strong>probamus.</strong></span> <span class='ocrx_word' id='word_1_302' title='bbox 1800 3565 1908 3621; x_wconf 90' lang='lat' dir='ltr'><strong>Sed</strong></span> <span class='ocrx_word' id='word_1_303' title='bbox 1948 3568 2049 3622; x_wconf 91' lang='lat' dir='ltr'><strong>hoc</strong></span> 
     </span>
    </p>
   </div>
   <div class='ocr_carea' id='block_1_42' title="bbox 462 3664 2045 3734">
    <p class='ocr_par' dir='ltr' id='par_1_42' title="bbox 462 3664 2045 3734">
     <span class='ocr_line' id='line_1_43' title="bbox 462 3664 2045 3734; baseline -0.003 -14"><span class='ocrx_word' id='word_1_304' title='bbox 462 3667 607 3722; x_wconf 90' lang='lat' dir='ltr'><strong>unde</strong></span> <span class='ocrx_word' id='word_1_305' title='bbox 653 3665 946 3729; x_wconf 79' lang='lat' dir='ltr'><strong>acciderit,</strong></span> <span class='ocrx_word' id='word_1_306' title='bbox 983 3664 1290 3734; x_wconf 87' lang='lat' dir='ltr'><strong>opinionem</strong></span> <span class='ocrx_word' id='word_1_307' title='bbox 1324 3676 1443 3731; x_wconf 67' lang='lat' dir='ltr'><strong>qua:</strong></span> <span class='ocrx_word' id='word_1_308' title='bbox 1481 3664 1547 3715; x_wconf 93' lang='lat' dir='ltr'><strong>ad</strong></span> <span class='ocrx_word' id='word_1_309' title='bbox 1581 3678 1679 3717; x_wconf 90' lang='lat' dir='ltr'><strong>nos</strong></span> <span class='ocrx_word' id='word_1_310' title='bbox 1722 3677 1893 3731; x_wconf 88' lang='lat' dir='ltr'><strong>usque</strong></span> <span class='ocrx_word' id='word_1_311' title='bbox 1921 3676 2045 3730; x_wconf 85' lang='lat' dir='ltr'><strong>per-</strong></span> 
     </span>
    </p>
   </div>
   <div class='ocr_carea' id='block_1_43' title="bbox 468 3756 2043 3827">
    <p class='ocr_par' dir='ltr' id='par_1_43' title="bbox 468 3756 2043 3827">
     <span class='ocr_line' id='line_1_44' title="bbox 468 3756 2043 3827; baseline -0.004 -14"><span class='ocrx_word' id='word_1_312' title='bbox 468 3760 635 3826; x_wconf 77' lang='lat' dir='ltr'><strong>venit,</strong></span> <span class='ocrx_word' id='word_1_313' title='bbox 669 3774 735 3813; x_wconf 91' lang='lat' dir='ltr'><strong>ne</strong></span> <span class='ocrx_word' id='word_1_314' title='bbox 758 3774 788 3812; x_wconf 91' lang='lat' dir='ltr'><strong>a</strong></span> <span class='ocrx_word' id='word_1_315' title='bbox 821 3768 870 3813; x_wconf 90' lang='lat' dir='ltr'><strong>te</strong></span> <span class='ocrx_word' id='word_1_316' title='bbox 898 3758 1137 3827; x_wconf 87' lang='lat' dir='ltr'><strong>quidem,</strong></span> <span class='ocrx_word' id='word_1_317' title='bbox 1174 3756 1259 3810; x_wconf 88' lang='lat' dir='ltr'><strong>vel</strong></span> <span class='ocrx_word' id='word_1_318' title='bbox 1305 3758 1372 3812; x_wconf 90' lang='lat' dir='ltr'><strong>ab</strong></span> <span class='ocrx_word' id='word_1_319' title='bbox 1421 3757 1506 3810; x_wconf 90' lang='lat' dir='ltr'><strong>his</strong></span> <span class='ocrx_word' id='word_1_320' title='bbox 1553 3757 1643 3824; x_wconf 91' lang='lat' dir='ltr'><strong>qui</strong></span> <span class='ocrx_word' id='word_1_321' title='bbox 1684 3757 1826 3823; x_wconf 90' lang='lat' dir='ltr'><strong>quod</strong></span> <span class='ocrx_word' id='word_1_322' title='bbox 1860 3770 2043 3808; x_wconf 88' lang='lat' dir='ltr'><strong>verum</strong></span> 
     </span>
    </p>
   </div>
   <div class='ocr_carea' id='block_1_44' title="bbox 2154 2540 3823 2635">
    <p class='ocr_par' dir='ltr' id='par_1_44' title="bbox 2154 2540 3823 2635">
     <span class='ocr_line' id='line_1_45' title="bbox 2154 2540 3823 2635; baseline -0.001 -18"><span class='ocrx_word' id='word_1_323' title='bbox 2154 2563 2381 2629; x_wconf 89' lang='lat' dir='ltr'><strong>indicat,</strong></span> <span class='ocrx_word' id='word_1_324' title='bbox 2414 2540 2789 2633; x_wconf 80' lang='lat' dir='ltr'><strong>acquiescant,</strong></span> <span class='ocrx_word' id='word_1_325' title='bbox 2827 2573 2885 2618; x_wconf 91' lang='lat' dir='ltr'><strong>et</strong></span> <span class='ocrx_word' id='word_1_326' title='bbox 2926 2540 3474 2618; x_wconf 86' lang='lat' dir='ltr'><strong>obtrectandistudio</strong></span> <span class='ocrx_word' id='word_1_327' title='bbox 3503 2564 3619 2635; x_wconf 68' lang='grc'>(14)</span> <span class='ocrx_word' id='word_1_328' title='bbox 3642 2581 3738 2619; x_wconf 92' lang='lat' dir='ltr'><strong>non</strong></span> <span class='ocrx_word' id='word_1_329' title='bbox 3822 2540 3823 2615; x_wconf 57' lang='lat' dir='ltr'><strong>i</strong></span> 
     </span>
    </p>
   </div>
   <div class='ocr_carea' id='block_1_45' title="bbox 2151 2656 3742 2726">
    <p class='ocr_par' dir='ltr' id='par_1_45' title="bbox 2151 2656 3742 2726">
     <span class='ocr_line' id='line_1_46' title="bbox 2151 2656 3742 2726; baseline 0 -17"><span class='ocrx_word' id='word_1_330' title='bbox 2151 2656 2382 2726; x_wconf 89' lang='lat' dir='ltr'><strong>quodvis</strong></span> <span class='ocrx_word' id='word_1_331' title='bbox 2432 2657 2623 2709; x_wconf 89' lang='lat' dir='ltr'><strong>malint</strong></span> <span class='ocrx_word' id='word_1_332' title='bbox 2669 2671 2856 2709; x_wconf 80' lang='lat' dir='ltr'><strong>verum</strong></span> <span class='ocrx_word' id='word_1_333' title='bbox 2900 2670 3021 2710; x_wconf 87' lang='lat' dir='ltr'><strong>esse</strong></span> <span class='ocrx_word' id='word_1_334' title='bbox 3055 2671 3217 2724; x_wconf 88' lang='lat' dir='ltr'><strong>quam</strong></span> <span class='ocrx_word' id='word_1_335' title='bbox 3266 2656 3317 2710; x_wconf 88' lang='lat' dir='ltr'><strong>id</strong></span> <span class='ocrx_word' id='word_1_336' title='bbox 3348 2657 3491 2724; x_wconf 91' lang='lat' dir='ltr'><strong>quod</strong></span> <span class='ocrx_word' id='word_1_337' title='bbox 3526 2658 3609 2710; x_wconf 88' lang='lat' dir='ltr'><strong>eis</strong></span> <span class='ocrx_word' id='word_1_338' title='bbox 3651 2658 3742 2709; x_wconf 86' lang='lat' dir='ltr'><strong>ob-</strong></span> 
     </span>
    </p>
   </div>
   <div class='ocr_carea' id='block_1_46' title="bbox 2151 2745 3743 2817">
    <p class='ocr_par' dir='ltr' id='par_1_46' title="bbox 2151 2745 3743 2817">
     <span class='ocr_line' id='line_1_47' title="bbox 2151 2745 3743 2817; baseline 0.001 -18"><span class='ocrx_word' id='word_1_339' title='bbox 2151 2745 2419 2799; x_wconf 86' lang='lat' dir='ltr'><strong>trectandi</strong></span> <span class='ocrx_word' id='word_1_340' title='bbox 2450 2746 2733 2802; x_wconf 83' lang='lat' dir='ltr'><strong>materiam</strong></span> <span class='ocrx_word' id='word_1_341' title='bbox 2760 2748 3008 2816; x_wconf 88' lang='lat' dir='ltr'><strong>perimat.</strong></span> <span class='ocrx_word' id='word_1_342' title='bbox 3035 2748 3275 2802; x_wconf 83' lang='lat' dir='ltr'><strong>Dubitari</strong></span> <span class='ocrx_word' id='word_1_343' title='bbox 3311 2762 3416 2801; x_wconf 89' lang='lat' dir='ltr'><strong>non</strong></span> <span class='ocrx_word' id='word_1_344' title='bbox 3442 2758 3575 2816; x_wconf 89' lang='lat' dir='ltr'><strong>puto</strong></span> <span class='ocrx_word' id='word_1_345' title='bbox 3600 2747 3743 2817; x_wconf 82' lang='lat' dir='ltr'><strong>quod</strong></span> 
     </span>
    </p>
   </div>
   <div class='ocr_carea' id='block_1_47' title="bbox 2153 2836 3743 2907">
    <p class='ocr_par' dir='ltr' id='par_1_47' title="bbox 2153 2836 3743 2907">
     <span class='ocr_line' id='line_1_48' title="bbox 2153 2836 3743 2907; baseline 0 -14"><span class='ocrx_word' id='word_1_346' title='bbox 2153 2837 2255 2893; x_wconf 91' lang='lat' dir='ltr'><strong>hoc</strong></span> <span class='ocrx_word' id='word_1_347' title='bbox 2296 2836 2441 2891; x_wconf 91' lang='lat' dir='ltr'><strong>nullo</strong></span> <span class='ocrx_word' id='word_1_348' title='bbox 2470 2850 2671 2905; x_wconf 86' lang='lat' dir='ltr'><strong>genere</strong></span> <span class='ocrx_word' id='word_1_349' title='bbox 2715 2838 2829 2891; x_wconf 87' lang='lat' dir='ltr'><strong>tieri</strong></span> <span class='ocrx_word' id='word_1_350' title='bbox 2863 2840 3054 2907; x_wconf 87' lang='lat' dir='ltr'><strong>potuit,</strong></span> <span class='ocrx_word' id='word_1_351' title='bbox 3103 2849 3161 2892; x_wconf 91' lang='lat' dir='ltr'><strong>ut</strong></span> <span class='ocrx_word' id='word_1_352' title='bbox 3209 2841 3291 2893; x_wconf 89' lang='lat' dir='ltr'><strong>vir</strong></span> <span class='ocrx_word' id='word_1_353' title='bbox 3324 2848 3432 2893; x_wconf 90' lang='lat' dir='ltr'><strong>tam</strong></span> <span class='ocrx_word' id='word_1_354' title='bbox 3475 2842 3743 2906; x_wconf 88' lang='lat' dir='ltr'><strong>eruditus,</strong></span> 
     </span>
    </p>
   </div>
   <div class='ocr_carea' id='block_1_48' title="bbox 2156 2930 3746 3001">
    <p class='ocr_par' dir='ltr' id='par_1_48' title="bbox 2156 2930 3746 3001">
     <span class='ocr_line' id='line_1_49' title="bbox 2156 2930 3746 3001; baseline 0.003 -20"><span class='ocrx_word' id='word_1_355' title='bbox 2156 2938 2261 2982; x_wconf 92' lang='lat' dir='ltr'><strong>tam</strong></span> <span class='ocrx_word' id='word_1_356' title='bbox 2300 2930 2559 2999; x_wconf 90' lang='lat' dir='ltr'><strong>prudens,</strong></span> <span class='ocrx_word' id='word_1_357' title='bbox 2588 2940 2645 2983; x_wconf 88' lang='lat' dir='ltr'><strong>et</strong></span> <span class='ocrx_word' id='word_1_358' title='bbox 2673 2938 2816 2984; x_wconf 84' lang='lat' dir='ltr'><strong>certe</strong></span> <span class='ocrx_word' id='word_1_359' title='bbox 2853 2930 3015 3001; x_wconf 91' lang='lat' dir='ltr'><strong>(quod</strong></span> <span class='ocrx_word' id='word_1_360' title='bbox 3070 2932 3351 3001; x_wconf 82' lang='lat' dir='ltr'><strong>indulgere</strong></span> <span class='ocrx_word' id='word_1_361' title='bbox 3373 2933 3539 2986; x_wconf 92' lang='lat' dir='ltr'><strong>etiam</strong></span> <span class='ocrx_word' id='word_1_362' title='bbox 3585 2948 3746 2987; x_wconf 80' lang='lat' dir='ltr'><strong>accu-</strong></span> 
     </span>
    </p>
   </div>
   <div class='ocr_carea' id='block_1_49' title="bbox 2153 3021 3746 3092">
    <p class='ocr_par' dir='ltr' id='par_1_49' title="bbox 2153 3021 3746 3092">
     <span class='ocr_line' id='line_1_50' title="bbox 2153 3021 3746 3092; baseline 0.001 -17"><span class='ocrx_word' id='word_1_363' title='bbox 2153 3031 2360 3076; x_wconf 85' lang='lat' dir='ltr'><strong>satores</strong></span> <span class='ocrx_word' id='word_1_364' title='bbox 2399 3025 2516 3090; x_wconf 78' lang='lat' dir='ltr'><strong>ejus</strong></span> <span class='ocrx_word' id='word_1_365' title='bbox 2561 3021 2805 3091; x_wconf 88' lang='lat' dir='ltr'><strong>possunt)</strong></span> <span class='ocrx_word' id='word_1_366' title='bbox 2841 3028 2923 3075; x_wconf 75' lang='lat' dir='ltr'><strong>vir</strong></span> <span class='ocrx_word' id='word_1_367' title='bbox 2970 3021 3061 3091; x_wconf 89' lang='lat' dir='ltr'><strong>qui</strong></span> <span class='ocrx_word' id='word_1_368' title='bbox 3094 3038 3267 3092; x_wconf 85' lang='lat' dir='ltr'><strong>neque</strong></span> <span class='ocrx_word' id='word_1_369' title='bbox 3298 3023 3530 3085; x_wconf 81' lang='lat' dir='ltr'><strong>stultus,</strong></span> <span class='ocrx_word' id='word_1_370' title='bbox 3572 3038 3746 3092; x_wconf 88' lang='lat' dir='ltr'><strong>neque</strong></span> 
     </span>
    </p>
   </div>
   <div class='ocr_carea' id='block_1_50' title="bbox 2152 3114 3745 3186">
    <p class='ocr_par' dir='ltr' id='par_1_50' title="bbox 2152 3114 3745 3186">
     <span class='ocr_line' id='line_1_51' title="bbox 2152 3114 3745 3186; baseline 0.001 -19"><span class='ocrx_word' id='word_1_371' title='bbox 2152 3114 2378 3168; x_wconf 90' lang='lat' dir='ltr'><strong>insanus</strong></span> <span class='ocrx_word' id='word_1_372' title='bbox 2438 3114 2619 3181; x_wconf 88' lang='lat' dir='ltr'><strong>fuerit,</strong></span> <span class='ocrx_word' id='word_1_373' title='bbox 2657 3115 2771 3183; x_wconf 90' lang='lat' dir='ltr'><strong>ipse</strong></span> <span class='ocrx_word' id='word_1_374' title='bbox 2819 3115 2923 3169; x_wconf 89' lang='lat' dir='ltr'><strong>sibi</strong></span> <span class='ocrx_word' id='word_1_375' title='bbox 2971 3117 3245 3170; x_wconf 88' lang='lat' dir='ltr'><strong>contraria</strong></span> <span class='ocrx_word' id='word_1_376' title='bbox 3276 3126 3329 3171; x_wconf 90' lang='lat' dir='ltr'><strong>et</strong></span> <span class='ocrx_word' id='word_1_377' title='bbox 3386 3118 3745 3186; x_wconf 81' lang='lat' dir='ltr'><strong>repugnantia</strong></span> 
     </span>
    </p>
   </div>
   <div class='ocr_carea' id='block_1_51' title="bbox 2152 3206 3747 3279">
    <p class='ocr_par' dir='ltr' id='par_1_51' title="bbox 2152 3206 3747 3279">
     <span class='ocr_line' id='line_1_52' title="bbox 2152 3206 3747 3279; baseline 0.002 -20"><span class='ocrx_word' id='word_1_378' title='bbox 2152 3206 2265 3259; x_wconf 86' lang='lat' dir='ltr'><strong>suis</strong></span> <span class='ocrx_word' id='word_1_379' title='bbox 2301 3206 2582 3261; x_wconf 85' lang='lat' dir='ltr'><strong>sententiis</strong></span> <span class='ocrx_word' id='word_1_380' title='bbox 2632 3208 2915 3265; x_wconf 87' lang='lat' dir='ltr'><strong>scriberet.</strong></span> <span class='ocrx_word' id='word_1_381' title='bbox 2954 3209 3062 3261; x_wconf 85' lang='lat' dir='ltr'><strong>Aut</strong></span> <span class='ocrx_word' id='word_1_382' title='bbox 3106 3210 3266 3263; x_wconf 87' lang='lat' dir='ltr'><strong>etiam</strong></span> <span class='ocrx_word' id='word_1_383' title='bbox 3315 3208 3359 3263; x_wconf 91' lang='lat' dir='ltr'><strong>si</strong></span> <span class='ocrx_word' id='word_1_384' title='bbox 3400 3207 3509 3263; x_wconf 91' lang='lat' dir='ltr'><strong>ullo</strong></span> <span class='ocrx_word' id='word_1_385' title='bbox 3544 3224 3747 3279; x_wconf 81' lang='lat' dir='ltr'><strong>genere</strong></span> 
     </span>
    </p>
   </div>
   <div class='ocr_carea' id='block_1_52' title="bbox 2152 3300 3747 3373">
    <p class='ocr_par' dir='ltr' id='par_1_52' title="bbox 2152 3300 3747 3373">
     <span class='ocr_line' id='line_1_53' title="bbox 2152 3300 3747 3373; baseline 0.002 -19"><span class='ocrx_word' id='word_1_386' title='bbox 2152 3300 2514 3355; x_wconf 90' lang='lat' dir='ltr'><strong>concedamus</strong></span> <span class='ocrx_word' id='word_1_387' title='bbox 2561 3301 2660 3356; x_wconf 92' lang='lat' dir='ltr'><strong>hoc</strong></span> <span class='ocrx_word' id='word_1_388' title='bbox 2730 3302 2978 3357; x_wconf 79' lang='lat' dir='ltr'><strong>accidere</strong></span> <span class='ocrx_word' id='word_1_389' title='bbox 3040 3303 3281 3370; x_wconf 88' lang='lat' dir='ltr'><strong>potuisse</strong></span> <span class='ocrx_word' id='word_1_390' title='bbox 3333 3300 3446 3373; x_wconf 81' lang='grc'>(15)</span> <span class='ocrx_word' id='word_1_391' title='bbox 3501 3303 3747 3357; x_wconf 82' lang='lat' dir='ltr'><strong>fortassis</strong></span> 
     </span>
    </p>
   </div>
   <div class='ocr_carea' id='block_1_53' title="bbox 2151 3391 3823 3495">
    <p class='ocr_par' dir='ltr' id='par_1_53' title="bbox 2151 3391 3823 3495">
     <span class='ocr_line' id='line_1_54' title="bbox 2151 3391 3823 3495; baseline 0.002 -53"><span class='ocrx_word' id='word_1_392' title='bbox 2151 3391 2294 3443; x_wconf 87' lang='lat' dir='ltr'><strong>enim</strong></span> <span class='ocrx_word' id='word_1_393' title='bbox 2323 3391 2453 3444; x_wconf 90' lang='lat' dir='ltr'><strong>dicit</strong></span> <span class='ocrx_word' id='word_1_394' title='bbox 2483 3391 2701 3459; x_wconf 87' lang='lat' dir='ltr'><strong>aliquis,</strong></span> <span class='ocrx_word' id='word_1_395' title='bbox 2731 3392 2856 3461; x_wconf 82' lang='lat' dir='ltr'><strong>quia</strong></span> <span class='ocrx_word' id='word_1_396' title='bbox 2890 3406 2954 3445; x_wconf 89' lang='lat' dir='ltr'><strong>ea</strong></span> <span class='ocrx_word' id='word_1_397' title='bbox 2983 3407 3103 3461; x_wconf 76' lang='lat' dir='ltr'><strong>quze</strong></span> <span class='ocrx_word' id='word_1_398' title='bbox 3130 3393 3181 3446; x_wconf 90' lang='lat' dir='ltr'><strong>iu</strong></span> <span class='ocrx_word' id='word_1_399' title='bbox 3212 3392 3383 3461; x_wconf 88' lang='lat' dir='ltr'><strong>prima</strong></span> <span class='ocrx_word' id='word_1_400' title='bbox 3412 3402 3578 3448; x_wconf 75' lang='lat' dir='ltr'><strong>aetate</strong></span> <span class='ocrx_word' id='word_1_401' title='bbox 3615 3408 3746 3448; x_wconf 86' lang='lat' dir='ltr'><strong>con-</strong></span> 
     </span>
    </p>
   </div>
   <div class='ocr_carea' id='block_1_54' title="bbox 2153 3481 3752 3551">
    <p class='ocr_par' dir='ltr' id='par_1_54' title="bbox 2153 3481 3752 3551">
     <span class='ocr_line' id='line_1_55' title="bbox 2153 3481 3752 3551; baseline 0.002 -15"><span class='ocrx_word' id='word_1_402' title='bbox 2153 3482 2393 3550; x_wconf 90' lang='lat' dir='ltr'><strong>scripsit,</strong></span> <span class='ocrx_word' id='word_1_403' title='bbox 2423 3492 2599 3551; x_wconf 89' lang='lat' dir='ltr'><strong>potest</strong></span> <span class='ocrx_word' id='word_1_404' title='bbox 2628 3481 2744 3537; x_wconf 84' lang='lat' dir='ltr'><strong>ﬁeri</strong></span> <span class='ocrx_word' id='word_1_405' title='bbox 2787 3492 2846 3537; x_wconf 95' lang='lat' dir='ltr'><strong>ut</strong></span> <span class='ocrx_word' id='word_1_406' title='bbox 2887 3482 3302 3538; x_wconf 88' lang='lat' dir='ltr'><strong>oblivisceretur</strong></span> <span class='ocrx_word' id='word_1_407' title='bbox 3335 3485 3387 3537; x_wconf 93' lang='lat' dir='ltr'><strong>in</strong></span> <span class='ocrx_word' id='word_1_408' title='bbox 3434 3493 3602 3539; x_wconf 64' lang='lat' dir='ltr'><strong>aetate</strong></span> <span class='ocrx_word' id='word_1_409' title='bbox 3637 3500 3752 3539; x_wconf 60' lang='lat' dir='ltr'><strong>vel»</strong></span> 
     </span>
    </p>
   </div>
   <div class='ocr_carea' id='block_1_55' title="bbox 2151 3574 3747 3644">
    <p class='ocr_par' dir='ltr' id='par_1_55' title="bbox 2151 3574 3747 3644">
     <span class='ocr_line' id='line_1_56' title="bbox 2151 3574 3747 3644; baseline 0.002 -18"><span class='ocrx_word' id='word_1_410' title='bbox 2151 3576 2321 3640; x_wconf 83' lang='lat' dir='ltr'><strong>genti,</strong></span> <span class='ocrx_word' id='word_1_411' title='bbox 2356 3582 2410 3628; x_wconf 90' lang='lat' dir='ltr'><strong>et</strong></span> <span class='ocrx_word' id='word_1_412' title='bbox 2436 3574 2595 3628; x_wconf 89' lang='lat' dir='ltr'><strong>aliter</strong></span> <span class='ocrx_word' id='word_1_413' title='bbox 2629 3589 2789 3643; x_wconf 87' lang='lat' dir='ltr'><strong>quam</strong></span> <span class='ocrx_word' id='word_1_414' title='bbox 2822 3574 3111 3644; x_wconf 89' lang='lat' dir='ltr'><strong>aliquando</strong></span> <span class='ocrx_word' id='word_1_415' title='bbox 3139 3585 3406 3639; x_wconf 90' lang='lat' dir='ltr'><strong>senserat,</strong></span> <span class='ocrx_word' id='word_1_416' title='bbox 3443 3585 3571 3644; x_wconf 88' lang='lat' dir='ltr'><strong>post.</strong></span> <span class='ocrx_word' id='word_1_417' title='bbox 3627 3592 3747 3643; x_wconf 80' lang='lat' dir='ltr'><strong>prc-</strong></span> 
     </span>
    </p>
   </div>
   <div class='ocr_carea' id='block_1_56' title="bbox 2152 3665 3747 3736">
    <p class='ocr_par' dir='ltr' id='par_1_56' title="bbox 2152 3665 3747 3736">
     <span class='ocr_line' id='line_1_57' title="bbox 2152 3665 3747 3736; baseline 0.003 -19"><span class='ocrx_word' id='word_1_418' title='bbox 2152 3665 2342 3733; x_wconf 85' lang='lat' dir='ltr'><strong>ferret)</strong></span> <span class='ocrx_word' id='word_1_419' title='bbox 2360 3666 2487 3733; x_wconf 88' lang='lat' dir='ltr'><strong>quid</strong></span> <span class='ocrx_word' id='word_1_420' title='bbox 2510 3665 2771 3723; x_wconf 81' lang='lat' dir='ltr'><strong>faciemus</strong></span> <span class='ocrx_word' id='word_1_421' title='bbox 2797 3667 2943 3736; x_wconf 91' lang='lat' dir='ltr'><strong>quod</strong></span> <span class='ocrx_word' id='word_1_422' title='bbox 2974 3667 3242 3721; x_wconf 90' lang='lat' dir='ltr'><strong>interdum</strong></span> <span class='ocrx_word' id='word_1_423' title='bbox 3268 3667 3322 3721; x_wconf 90' lang='lat' dir='ltr'><strong>in</strong></span> <span class='ocrx_word' id='word_1_424' title='bbox 3349 3667 3556 3722; x_wconf 88' lang='lat' dir='ltr'><strong>eisdem</strong></span> <span class='ocrx_word' id='word_1_425' title='bbox 3593 3667 3747 3732; x_wconf 75' lang='lat' dir='ltr'><strong>locis,</strong></span> 
     </span>
    </p>
   </div>
   <div class='ocr_carea' id='block_1_57' title="bbox 2151 3758 3745 3829">
    <p class='ocr_par' dir='ltr' id='par_1_57' title="bbox 2151 3758 3745 3829">
     <span class='ocr_line' id='line_1_58' title="bbox 2151 3758 3745 3829; baseline 0.003 -20"><span class='ocrx_word' id='word_1_426' title='bbox 2151 3767 2331 3826; x_wconf 86' lang='lat' dir='ltr'><strong>atque,</strong></span> <span class='ocrx_word' id='word_1_427' title='bbox 2350 3766 2409 3810; x_wconf 93' lang='lat' dir='ltr'><strong>ut</strong></span> <span class='ocrx_word' id='word_1_428' title='bbox 2431 3758 2503 3811; x_wconf 84' lang='lat' dir='ltr'><strong>ita</strong></span> <span class='ocrx_word' id='word_1_429' title='bbox 2524 3758 2775 3825; x_wconf 78' lang='lat' dir='ltr'><strong>dixerim,</strong></span> <span class='ocrx_word' id='word_1_430' title='bbox 2791 3761 2842 3813; x_wconf 90' lang='lat' dir='ltr'><strong>in</strong></span> <span class='ocrx_word' id='word_1_431' title='bbox 2872 3760 3222 3829; x_wconf 86' lang='lat' dir='ltr'><strong>consequenti</strong></span> <span class='ocrx_word' id='word_1_432' title='bbox 3243 3775 3380 3828; x_wconf 88' lang='lat' dir='ltr'><strong>pene</strong></span> <span class='ocrx_word' id='word_1_433' title='bbox 3396 3760 3608 3827; x_wconf 78' lang='lat' dir='ltr'><strong>capite,</strong></span> <span class='ocrx_word' id='word_1_434' title='bbox 3625 3777 3745 3814; x_wconf 77' lang='lat' dir='ltr'><strong>sen~</strong></span> 
     </span>
    </p>
   </div>
   <div class='ocr_carea' id='block_1_58' title="bbox 534 3987 3306 4062">
    <p class='ocr_par' dir='ltr' id='par_1_58' title="bbox 534 3987 3306 4062">
     <span class='ocr_line' id='line_1_59' title="bbox 534 3987 3306 4062; baseline -0.001 -14"><span class='ocrx_word' id='word_1_435' title='bbox 534 3993 582 4027; x_wconf 82' lang='grc'><strong>⁸³</strong></span> <span class='ocrx_word' id='word_1_436' title='bbox 614 3992 758 4048; x_wconf 90' lang='lat' dir='ltr'><strong>Psal.</strong></span> <span class='ocrx_word' id='word_1_437' title='bbox 792 4007 881 4056; x_wconf 90' lang='lat' dir='ltr'><strong>xc,</strong></span> <span class='ocrx_word' id='word_1_438' title='bbox 909 3992 1010 4058; x_wconf 73' lang='lat'><strong>15;</strong></span> <span class='ocrx_word' id='word_1_439' title='bbox 1042 3988 1233 4046; x_wconf 80' lang='lat' dir='ltr'><strong>lPetr.</strong></span> <span class='ocrx_word' id='word_1_440' title='bbox 1266 4006 1320 4059; x_wconf 91' lang='lat' dir='ltr'><strong>v,</strong></span> <span class='ocrx_word' id='word_1_441' title='bbox 1354 3990 1408 4047; x_wconf 91' lang='lat'><strong>8.</strong></span> <span class='ocrx_word' id='word_1_442' title='bbox 1482 3990 1529 4022; x_wconf 73' lang='lat'><strong>”</strong></span> <span class='ocrx_word' id='word_1_443' title='bbox 1552 3989 1692 4044; x_wconf 66' lang='lat' dir='ltr'><strong>Psal.</strong></span> <span class='ocrx_word' id='word_1_444' title='bbox 1725 4004 1843 4052; x_wconf 86' lang='lat' dir='ltr'><strong>cm,</strong></span> <span class='ocrx_word' id='word_1_445' title='bbox 1882 3987 1948 4042; x_wconf 90' lang='grc'><strong>16</strong></span> <span class='ocrx_word' id='word_1_446' title='bbox 1984 4005 1999 4054; x_wconf 89' lang='grc'>;</span> <span class='ocrx_word' id='word_1_447' title='bbox 2036 3988 2203 4058; x_wconf 79' lang='lat' dir='ltr'><strong>Apoc.</strong></span> <span class='ocrx_word' id='word_1_448' title='bbox 2249 3993 2392 4058; x_wconf 78' lang='lat' dir='ltr'><strong>xu,5</strong></span> <span class='ocrx_word' id='word_1_449' title='bbox 2420 4001 2472 4047; x_wconf 88' lang='lat' dir='ltr'><strong>et</strong></span> <span class='ocrx_word' id='word_1_450' title='bbox 2510 4006 2627 4062; x_wconf 86' lang='lat' dir='ltr'><strong>seq.</strong></span> <span class='ocrx_word' id='word_1_451' title='bbox 2686 3992 2808 4034; x_wconf 79' lang='grc'><strong>⁸⁸-⁸⁶</strong></span> <span class='ocrx_word' id='word_1_452' title='bbox 2848 3991 3036 4049; x_wconf 83' lang='lat' dir='ltr'><strong>Matth.</strong></span> <span class='ocrx_word' id='word_1_453' title='bbox 3064 4006 3191 4058; x_wconf 79' lang='lat' dir='ltr'><strong>xxv,</strong></span> <span class='ocrx_word' id='word_1_454' title='bbox 3217 3990 3306 4046; x_wconf 67' lang='grc'><strong>41.</strong></span> 
     </span>
    </p>
   </div>
   <div class='ocr_carea' id='block_1_59' title="bbox 462 3842 3824 4127">
    <p class='ocr_par' dir='ltr' id='par_1_59' title="bbox 462 3842 3824 4127">
     <span class='ocr_line' id='line_1_60' title="bbox 462 3842 3755 3923; baseline -0 -17"><span class='ocrx_word' id='word_1_455' title='bbox 462 3859 547 3907; x_wconf 84' lang='grc' dir='ltr'>εει</span> <span class='ocrx_word' id='word_1_456' title='bbox 573 3851 718 3906; x_wconf 88' lang='lat' dir='ltr'><strong>scire</strong></span> <span class='ocrx_word' id='word_1_457' title='bbox 747 3850 996 3920; x_wconf 90' lang='lat' dir='ltr'><strong>cupiunt,</strong></span> <span class='ocrx_word' id='word_1_458' title='bbox 1024 3849 1187 3903; x_wconf 86' lang='lat' dir='ltr'><strong>celari</strong></span> <span class='ocrx_word' id='word_1_459' title='bbox 1221 3847 1362 3915; x_wconf 83' lang='lat' dir='ltr'><strong>volo,</strong></span> <span class='ocrx_word' id='word_1_460' title='bbox 1396 3848 1439 3902; x_wconf 91' lang='lat' dir='ltr'><strong>si</strong></span> <span class='ocrx_word' id='word_1_461' title='bbox 1468 3847 1559 3917; x_wconf 86' lang='lat' dir='ltr'><strong>qui</strong></span> <span class='ocrx_word' id='word_1_462' title='bbox 1588 3856 1765 3901; x_wconf 84' lang='lat' dir='ltr'><strong>tamen</strong></span> <span class='ocrx_word' id='word_1_463' title='bbox 1792 3854 1922 3901; x_wconf 86' lang='lat' dir='ltr'><strong>sunt</strong></span> <span class='ocrx_word' id='word_1_464' title='bbox 1956 3847 2045 3915; x_wconf 92' lang='lat' dir='ltr'><strong>qui</strong></span> <span class='ocrx_word' id='word_1_465' title='bbox 2076 3842 2117 3897; x_wconf 90' lang='lat' dir='ltr'><strong>C</strong></span> <span class='ocrx_word' id='word_1_466' title='bbox 2156 3850 2321 3904; x_wconf 82' lang='lat' dir='ltr'><strong>tentia</strong></span> <span class='ocrx_word' id='word_1_467' title='bbox 2340 3849 3477 3921; x_wconf 75' lang='lat' dir='ltr'><strong>contrariisensusinveniturinserta?(16)</strong></span> <span class='ocrx_word' id='word_1_468' title='bbox 3497 3849 3755 3923; x_wconf 76' lang='lat' dir='ltr'><strong>Nunquid</strong></span> 
     </span>
     <span class='ocr_line' id='line_1_61' title="bbox 534 3868 3824 4127; baseline -0.001 -79"><span class='ocrx_word' id='word_1_469' title='bbox 534 3993 582 4027; x_wconf 82' lang='grc'><strong>⁸³</strong></span> <span class='ocrx_word' id='word_1_470' title='bbox 614 3992 758 4048; x_wconf 90' lang='lat' dir='ltr'><strong>Psal.</strong></span> <span class='ocrx_word' id='word_1_471' title='bbox 792 4007 881 4056; x_wconf 90' lang='lat' dir='ltr'><strong>xc,</strong></span> <span class='ocrx_word' id='word_1_472' title='bbox 909 3992 1010 4058; x_wconf 73' lang='lat'><strong>15;</strong></span> <span class='ocrx_word' id='word_1_473' title='bbox 1042 3988 1233 4046; x_wconf 80' lang='lat' dir='ltr'><strong>lPetr.</strong></span> <span class='ocrx_word' id='word_1_474' title='bbox 1266 4006 1320 4059; x_wconf 91' lang='lat' dir='ltr'><strong>v,</strong></span> <span class='ocrx_word' id='word_1_475' title='bbox 1354 3990 1408 4047; x_wconf 91' lang='lat'><strong>8.</strong></span> <span class='ocrx_word' id='word_1_476' title='bbox 1482 3990 1529 4022; x_wconf 73' lang='lat'><strong>”</strong></span> <span class='ocrx_word' id='word_1_477' title='bbox 1552 3989 1692 4044; x_wconf 66' lang='lat' dir='ltr'><strong>Psal.</strong></span> <span class='ocrx_word' id='word_1_478' title='bbox 1725 4004 1843 4052; x_wconf 86' lang='lat' dir='ltr'><strong>cm,</strong></span> <span class='ocrx_word' id='word_1_479' title='bbox 1882 3987 1948 4042; x_wconf 90' lang='grc'><strong>16</strong></span> <span class='ocrx_word' id='word_1_480' title='bbox 1984 4005 1999 4054; x_wconf 89' lang='grc'>;</span> <span class='ocrx_word' id='word_1_481' title='bbox 2036 3988 2203 4058; x_wconf 79' lang='lat' dir='ltr'><strong>Apoc.</strong></span> <span class='ocrx_word' id='word_1_482' title='bbox 2249 3993 2392 4058; x_wconf 78' lang='lat' dir='ltr'><strong>xu,5</strong></span> <span class='ocrx_word' id='word_1_483' title='bbox 2420 4001 2472 4047; x_wconf 88' lang='lat' dir='ltr'><strong>et</strong></span> <span class='ocrx_word' id='word_1_484' title='bbox 2510 4006 2627 4062; x_wconf 86' lang='lat' dir='ltr'><strong>seq.</strong></span> <span class='ocrx_word' id='word_1_485' title='bbox 2686 3992 2808 4034; x_wconf 79' lang='grc'><strong>⁸⁸-⁸⁶</strong></span> <span class='ocrx_word' id='word_1_486' title='bbox 2848 3991 3036 4049; x_wconf 84' lang='lat' dir='ltr'><strong>Matth.</strong></span> <span class='ocrx_word' id='word_1_487' title='bbox 3064 4006 3191 4058; x_wconf 79' lang='lat' dir='ltr'><strong>xxv,</strong></span> <span class='ocrx_word' id='word_1_488' title='bbox 3217 3990 3306 4046; x_wconf 67' lang='grc'><strong>41.</strong></span> <span class='ocrx_word' id='word_1_489' title='bbox 3816 3868 3824 4127; x_wconf 69' lang='lat' dir='ltr'>l</span> 
     </span>
    </p>
   </div>
   <div class='ocr_carea' id='block_1_60' title="bbox 537 4105 2049 4183">
    <p class='ocr_par' dir='ltr' id='par_1_60' title="bbox 537 4105 2049 4183">
     <span class='ocr_line' id='line_1_62' title="bbox 537 4105 2049 4183; baseline -0.004 -18"><span class='ocrx_word' id='word_1_490' title='bbox 537 4113 616 4183; x_wconf 88' lang='lat'><strong>(9)</strong></span> <span class='ocrx_word' id='word_1_491' title='bbox 650 4109 747 4164; x_wconf 83' lang='lat' dir='ltr'><strong>Ms.</strong></span> <span class='ocrx_word' id='word_1_492' title='bbox 802 4108 1145 4183; x_wconf 80' lang='lat' dir='ltr'><strong>Cerbeiensis</strong></span> <span class='ocrx_word' id='word_1_493' title='bbox 1177 4148 1192 4171; x_wconf 92' lang='lat'><strong>,</strong></span> <span class='ocrx_word' id='word_1_494' title='bbox 1224 4117 1277 4161; x_wconf 89' lang='lat' dir='ltr'><strong>ct</strong></span> <span class='ocrx_word' id='word_1_495' title='bbox 1337 4106 1495 4170; x_wconf 88' lang='lat' dir='ltr'><strong>editi,</strong></span> <span class='ocrx_word' id='word_1_496' title='bbox 1547 4105 1856 4183; x_wconf 73' lang='lat' dir='ltr'><strong>diabolum;</strong></span> <span class='ocrx_word' id='word_1_497' title='bbox 1880 4114 1943 4183; x_wconf 81' lang='lat' dir='ltr'><strong>et</strong></span> <span class='ocrx_word' id='word_1_498' title='bbox 1976 4107 2049 4159; x_wconf 88' lang='lat' dir='ltr'><strong>ita</strong></span> 
     </span>
    </p>
   </div>
   <div class='ocr_carea' id='block_1_61' title="bbox 465 4178 2049 4255">
    <p class='ocr_par' dir='ltr' id='par_1_61' title="bbox 465 4178 2049 4255">
     <span class='ocr_line' id='line_1_63' title="bbox 465 4178 2049 4255; baseline -0.004 -21"><span class='ocrx_word' id='word_1_499' title='bbox 465 4178 751 4255; x_wconf 77' lang='lat' dir='ltr'><strong>legendum</strong></span> <span class='ocrx_word' id='word_1_500' title='bbox 808 4180 1019 4234; x_wconf 89' lang='lat' dir='ltr'><strong>videtur</strong></span> <span class='ocrx_word' id='word_1_501' title='bbox 1058 4194 1073 4243; x_wconf 90' lang='lat'><strong>;</strong></span> <span class='ocrx_word' id='word_1_502' title='bbox 1113 4189 1353 4233; x_wconf 86' lang='lat' dir='ltr'><strong>attamen</strong></span> <span class='ocrx_word' id='word_1_503' title='bbox 1401 4178 1581 4231; x_wconf 70' lang='lat' dir='ltr'><strong>cit-teri</strong></span> <span class='ocrx_word' id='word_1_504' title='bbox 1628 4190 1757 4230; x_wconf 89' lang='lat' dir='ltr'><strong>mss.</strong></span> <span class='ocrx_word' id='word_1_505' title='bbox 1804 4179 2049 4241; x_wconf 87' lang='lat' dir='ltr'><strong>habent,</strong></span> 
     </span>
    </p>
   </div>
   <div class='ocr_carea' id='block_1_62' title="bbox 465 4254 730 4307">
    <p class='ocr_par' dir='ltr' id='par_1_62' title="bbox 465 4254 730 4307">
     <span class='ocr_line' id='line_1_64' title="bbox 465 4254 730 4307; baseline -0.011 -2"><span class='ocrx_word' id='word_1_506' title='bbox 465 4254 730 4307; x_wconf 78' lang='lat' dir='ltr'><strong>diabolus.</strong></span> 
     </span>
    </p>
   </div>
   <div class='ocr_carea' id='block_1_63' title="bbox 538 4314 2053 4394">
    <p class='ocr_par' dir='ltr' id='par_1_63' title="bbox 538 4314 2053 4394">
     <span class='ocr_line' id='line_1_65' title="bbox 538 4314 2053 4394; baseline -0.005 -18"><span class='ocrx_word' id='word_1_507' title='bbox 538 4323 649 4394; x_wconf 91' lang='lat' dir='ltr'><strong>(l0)</strong></span> <span class='ocrx_word' id='word_1_508' title='bbox 694 4319 971 4391; x_wconf 86' lang='lat' dir='ltr'><strong>Editi,qui</strong></span> <span class='ocrx_word' id='word_1_509' title='bbox 1016 4329 1236 4389; x_wconf 81' lang='lat' dir='ltr'><strong>paratus</strong></span> <span class='ocrx_word' id='word_1_510' title='bbox 1281 4327 1356 4371; x_wconf 85' lang='lat' dir='ltr'><strong>est</strong></span> <span class='ocrx_word' id='word_1_511' title='bbox 1402 4315 1637 4370; x_wconf 83' lang='lat' dir='ltr'><strong>diabolo.</strong></span> <span class='ocrx_word' id='word_1_512' title='bbox 1670 4314 1802 4371; x_wconf 90' lang='lat' dir='ltr'><strong>Mss.</strong></span> <span class='ocrx_word' id='word_1_513' title='bbox 1837 4331 1967 4371; x_wconf 89' lang='lat' dir='ltr'><strong>vero</strong></span> <span class='ocrx_word' id='word_1_514' title='bbox 1994 4325 2053 4370; x_wconf 85' lang='lat' dir='ltr'><strong>ut</strong></span> 
     </span>
    </p>
   </div>
   <div class='ocr_carea' id='block_1_64' title="bbox 466 4393 729 4449">
    <p class='ocr_par' dir='ltr' id='par_1_64' title="bbox 466 4393 729 4449">
     <span class='ocr_line' id='line_1_66' title="bbox 466 4393 729 4449; baseline -0.019 0"><span class='ocrx_word' id='word_1_515' title='bbox 466 4393 521 4449; x_wconf 86' lang='lat' dir='ltr'><strong>in</strong></span> <span class='ocrx_word' id='word_1_516' title='bbox 550 4393 729 4447; x_wconf 80' lang='lat' dir='ltr'><strong>textu.</strong></span> 
     </span>
    </p>
   </div>
   <div class='ocr_carea' id='block_1_65' title="bbox 539 4458 1304 4535">
    <p class='ocr_par' dir='ltr' id='par_1_65' title="bbox 539 4458 1304 4535">
     <span class='ocr_line' id='line_1_67' title="bbox 539 4458 1304 4535; baseline -0.008 -18"><span class='ocrx_word' id='word_1_517' title='bbox 539 4464 651 4535; x_wconf 82' lang='lat' dir='ltr'><strong>(ll)</strong></span> <span class='ocrx_word' id='word_1_518' title='bbox 693 4461 834 4535; x_wconf 49' lang='lat' dir='ltr'><strong>Mss.</strong></span> <span class='ocrx_word' id='word_1_519' title='bbox 861 4476 1103 4532; x_wconf 87' lang='lat' dir='ltr'><strong>quorum,</strong></span> <span class='ocrx_word' id='word_1_520' title='bbox 1143 4458 1304 4535; x_wconf 84' lang='lat' dir='ltr'><strong>male.</strong></span> 
     </span>
    </p>
   </div>
   <div class='ocr_carea' id='block_1_66' title="bbox 539 4526 2049 4604">
    <p class='ocr_par' dir='ltr' id='par_1_66' title="bbox 539 4526 2049 4604">
     <span class='ocr_line' id='line_1_68' title="bbox 539 4526 2049 4604; baseline -0.004 -17"><span class='ocrx_word' id='word_1_521' title='bbox 539 4526 651 4604; x_wconf 71' lang='lat'><strong>(1‘2)</strong></span> <span class='ocrx_word' id='word_1_522' title='bbox 691 4532 835 4585; x_wconf 81' lang='lat' dir='ltr'><strong>Illud</strong></span> <span class='ocrx_word' id='word_1_523' title='bbox 872 4526 955 4585; x_wconf 71' lang='grc' dir='ltr'>ἐει</span> <span class='ocrx_word' id='word_1_524' title='bbox 1018 4532 1152 4604; x_wconf 76' lang='lat' dir='ltr'><strong>quod</strong></span> <span class='ocrx_word' id='word_1_525' title='bbox 1193 4543 1275 4595; x_wconf 83' lang='lat' dir='ltr'><strong>te,</strong></span> <span class='ocrx_word' id='word_1_526' title='bbox 1316 4529 1697 4604; x_wconf 67' lang='lat' dir='ltr'><strong>desideriorum</strong></span> <span class='ocrx_word' id='word_1_527' title='bbox 1719 4528 1817 4593; x_wconf 81' lang='lat' dir='ltr'><strong>vir,</strong></span> <span class='ocrx_word' id='word_1_528' title='bbox 1855 4526 2049 4604; x_wconf 64' lang='lat' dir='ltr'><strong>Maca-</strong></span> 
     </span>
    </p>
   </div>
   <div class='ocr_carea' id='block_1_67' title="bbox 466 4598 2052 4673">
    <p class='ocr_par' dir='ltr' id='par_1_67' title="bbox 466 4598 2052 4673">
     <span class='ocr_line' id='line_1_69' title="bbox 466 4598 2052 4673; baseline -0.004 -14"><span class='ocrx_word' id='word_1_529' title='bbox 466 4598 665 4670; x_wconf 24' lang='lat' dir='ltr'><strong>rigate.</strong></span> <span class='ocrx_word' id='word_1_530' title='bbox 706 4598 1062 4673; x_wconf 83' lang='lat' dir='ltr'><strong>Hieronymus</strong></span> <span class='ocrx_word' id='word_1_531' title='bbox 1096 4602 1166 4653; x_wconf 86' lang='lat' dir='ltr'><strong>lib</strong></span> <span class='ocrx_word' id='word_1_532' title='bbox 1215 4602 1527 4673; x_wconf 74' lang='lat' dir='ltr'><strong>Itadrersus</strong></span> <span class='ocrx_word' id='word_1_533' title='bbox 1558 4598 1809 4673; x_wconf 53' lang='lat' dir='ltr'><strong>[iu/inani</strong></span> <span class='ocrx_word' id='word_1_534' title='bbox 1853 4601 2052 4673; x_wconf 67' lang='lat' dir='ltr'><strong>iubare</strong></span> 
     </span>
    </p>
   </div>
   <div class='ocr_carea' id='block_1_68' title="bbox 468 4670 2051 4737">
    <p class='ocr_par' dir='ltr' id='par_1_68' title="bbox 468 4670 2051 4737">
     <span class='ocr_line' id='line_1_70' title="bbox 468 4670 2051 4737; baseline -0.003 -8"><span class='ocrx_word' id='word_1_535' title='bbox 468 4676 633 4731; x_wconf 73' lang='lat' dir='ltr'><strong>verba</strong></span> <span class='ocrx_word' id='word_1_536' title='bbox 684 4676 766 4727; x_wconf 84' lang='lat' dir='ltr'><strong>sic</strong></span> <span class='ocrx_word' id='word_1_537' title='bbox 823 4670 1131 4725; x_wconf 66' lang='lat' dir='ltr'><strong>invehitur:</strong></span> <span class='ocrx_word' id='word_1_538' title='bbox 1182 4690 1199 4721; x_wconf 75' lang='grc' dir='ltr'><strong>ι</strong></span> <span class='ocrx_word' id='word_1_539' title='bbox 1239 4671 1496 4737; x_wconf 85' lang='lat' dir='ltr'><strong>Quamvis</strong></span> <span class='ocrx_word' id='word_1_540' title='bbox 1540 4673 1604 4724; x_wconf 85' lang='lat' dir='ltr'><strong>de</strong></span> <span class='ocrx_word' id='word_1_541' title='bbox 1653 4670 1870 4724; x_wconf 83' lang='lat' dir='ltr'><strong>Eusebii</strong></span> <span class='ocrx_word' id='word_1_542' title='bbox 1914 4671 2051 4724; x_wconf 91' lang='lat' dir='ltr'><strong>libro</strong></span> 
     </span>
    </p>
   </div>
   <div class='ocr_carea' id='block_1_69' title="bbox 472 4740 2053 4808">
    <p class='ocr_par' dir='ltr' id='par_1_69' title="bbox 472 4740 2053 4808">
     <span class='ocr_line' id='line_1_71' title="bbox 472 4740 2053 4808; baseline -0.005 -8"><span class='ocrx_word' id='word_1_543' title='bbox 472 4746 638 4800; x_wconf 87' lang='lat' dir='ltr'><strong>multa</strong></span> <span class='ocrx_word' id='word_1_544' title='bbox 692 4743 1047 4803; x_wconf 80' lang='lat' dir='ltr'><strong>subtraxerit,</strong></span> <span class='ocrx_word' id='word_1_545' title='bbox 1075 4754 1128 4795; x_wconf 87' lang='lat' dir='ltr'><strong>et</strong></span> <span class='ocrx_word' id='word_1_546' title='bbox 1162 4743 1212 4795; x_wconf 90' lang='lat' dir='ltr'><strong>in</strong></span> <span class='ocrx_word' id='word_1_547' title='bbox 1248 4744 1439 4795; x_wconf 86' lang='lat' dir='ltr'><strong>bonam</strong></span> <span class='ocrx_word' id='word_1_548' title='bbox 1472 4754 1676 4808; x_wconf 85' lang='lat' dir='ltr'><strong>partem</strong></span> <span class='ocrx_word' id='word_1_549' title='bbox 1719 4743 1785 4795; x_wconf 89' lang='lat' dir='ltr'><strong>de</strong></span> <span class='ocrx_word' id='word_1_550' title='bbox 1827 4740 1963 4793; x_wconf 86' lang='lat' dir='ltr'><strong>Filio</strong></span> <span class='ocrx_word' id='word_1_551' title='bbox 1997 4750 2053 4794; x_wconf 87' lang='lat' dir='ltr'><strong>et</strong></span> 
     </span>
    </p>
   </div>
   <div class='ocr_carea' id='block_1_70' title="bbox 471 4813 2052 4885">
    <p class='ocr_par' dir='ltr' id='par_1_70' title="bbox 471 4813 2052 4885">
     <span class='ocr_line' id='line_1_72' title="bbox 471 4813 2052 4885; baseline -0.004 -14"><span class='ocrx_word' id='word_1_552' title='bbox 471 4816 672 4885; x_wconf 86' lang='lat' dir='ltr'><strong>Spiritu</strong></span> <span class='ocrx_word' id='word_1_553' title='bbox 705 4825 891 4867; x_wconf 82' lang='lat' dir='ltr'><strong>Sancto</strong></span> <span class='ocrx_word' id='word_1_554' title='bbox 918 4815 1068 4866; x_wconf 84' lang='lat' dir='ltr'><strong>nisus</strong></span> <span class='ocrx_word' id='word_1_555' title='bbox 1102 4813 1169 4866; x_wconf 89' lang='lat' dir='ltr'><strong>sit</strong></span> <span class='ocrx_word' id='word_1_556' title='bbox 1199 4822 1553 4885; x_wconf 68' lang='lat' dir='ltr'><strong>coummtare,</strong></span> <span class='ocrx_word' id='word_1_557' title='bbox 1585 4822 1762 4885; x_wconf 78' lang='lat' dir='ltr'><strong>tamen</strong></span> <span class='ocrx_word' id='word_1_558' title='bbox 1796 4813 1976 4885; x_wconf 79' lang='lat' dir='ltr'><strong>multa</strong></span> <span class='ocrx_word' id='word_1_559' title='bbox 1998 4813 2052 4865; x_wconf 91' lang='lat' dir='ltr'><strong>in</strong></span> 
     </span>
    </p>
   </div>
   <div class='ocr_carea' id='block_1_71' title="bbox 468 4880 2050 4951">
    <p class='ocr_par' dir='ltr' id='par_1_71' title="bbox 468 4880 2050 4951">
     <span class='ocr_line' id='line_1_73' title="bbox 468 4880 2050 4951; baseline -0.006 -9"><span class='ocrx_word' id='word_1_560' title='bbox 468 4880 559 4942; x_wconf 77' lang='lat' dir='ltr'><strong>illo</strong></span> <span class='ocrx_word' id='word_1_561' title='bbox 576 4885 828 4939; x_wconf 88' lang='lat' dir='ltr'><strong>scandala</strong></span> <span class='ocrx_word' id='word_1_562' title='bbox 851 4886 1207 4951; x_wconf 85' lang='lat' dir='ltr'><strong>reperiuntur,</strong></span> <span class='ocrx_word' id='word_1_563' title='bbox 1226 4891 1278 4935; x_wconf 89' lang='lat' dir='ltr'><strong>et</strong></span> <span class='ocrx_word' id='word_1_564' title='bbox 1297 4883 1652 4948; x_wconf 70' lang='lat' dir='ltr'><strong>apertissime</strong></span> <span class='ocrx_word' id='word_1_565' title='bbox 1680 4880 2050 4949; x_wconf 67' lang='lat' dir='ltr'><strong>blasphemiae,</strong></span> 
     </span>
    </p>
   </div>
   <div class='ocr_carea' id='block_1_72' title="bbox 469 4952 2049 5026">
    <p class='ocr_par' dir='ltr' id='par_1_72' title="bbox 469 4952 2049 5026">
     <span class='ocr_line' id='line_1_74' title="bbox 469 4952 2049 5026; baseline -0.003 -15"><span class='ocrx_word' id='word_1_566' title='bbox 469 4973 590 5026; x_wconf 66' lang='lat' dir='ltr'><strong>quae</strong></span> <span class='ocrx_word' id='word_1_567' title='bbox 617 4960 716 5009; x_wconf 86' lang='lat' dir='ltr'><strong>iste</strong></span> <span class='ocrx_word' id='word_1_568' title='bbox 739 4972 832 5008; x_wconf 80' lang='lat' dir='ltr'><strong>sua</strong></span> <span class='ocrx_word' id='word_1_569' title='bbox 865 4969 1059 5026; x_wconf 76' lang='lat' dir='ltr'><strong>negare</strong></span> <span class='ocrx_word' id='word_1_570' title='bbox 1087 4968 1190 5026; x_wconf 85' lang='lat' dir='ltr'><strong>non</strong></span> <span class='ocrx_word' id='word_1_571' title='bbox 1218 4961 1437 5026; x_wconf 75' lang='lat' dir='ltr'><strong>poterit,</strong></span> <span class='ocrx_word' id='word_1_572' title='bbox 1475 4952 1892 5026; x_wconf 37' lang='lat' dir='ltr'><strong>catholicanesse</strong></span> <span class='ocrx_word' id='word_1_573' title='bbox 1918 4968 2049 5026; x_wconf 67' lang='lat' dir='ltr'><strong>pro-</strong></span> 
     </span>
    </p>
   </div>
   <div class='ocr_carea' id='block_1_73' title="bbox 469 5020 2054 5090">
    <p class='ocr_par' dir='ltr' id='par_1_73' title="bbox 469 5020 2054 5090">
     <span class='ocr_line' id='line_1_75' title="bbox 469 5020 2054 5090; baseline -0.005 -8"><span class='ocrx_word' id='word_1_574' title='bbox 469 5020 744 5082; x_wconf 72' lang='lat' dir='ltr'><strong>nuntians.</strong></span> <span class='ocrx_word' id='word_1_575' title='bbox 779 5026 915 5078; x_wconf 83' lang='lat' dir='ltr'><strong>Dicit</strong></span> <span class='ocrx_word' id='word_1_576' title='bbox 938 5020 1245 5085; x_wconf 50' lang='lat' dir='ltr'><strong>&#39;littsebius,</strong></span> <span class='ocrx_word' id='word_1_577' title='bbox 1270 5024 1398 5085; x_wconf 89' lang='lat' dir='ltr'><strong>imo,</strong></span> <span class='ocrx_word' id='word_1_578' title='bbox 1432 5032 1486 5075; x_wconf 89' lang='lat' dir='ltr'><strong>ut</strong></span> <span class='ocrx_word' id='word_1_579' title='bbox 1513 5034 1565 5075; x_wconf 92' lang='lat' dir='ltr'><strong>tu</strong></span> <span class='ocrx_word' id='word_1_580' title='bbox 1598 5023 1698 5084; x_wconf 84' lang='lat' dir='ltr'><strong>vis,</strong></span> <span class='ocrx_word' id='word_1_581' title='bbox 1746 5020 2054 5090; x_wconf 83' lang='lat' dir='ltr'><strong>Pamphilus</strong></span> 
     </span>
    </p>
   </div>
   <div class='ocr_carea' id='block_1_74' title="bbox 475 5079 2132 5159">
    <p class='ocr_par' dir='ltr' id='par_1_74' title="bbox 475 5079 2132 5159">
     <span class='ocr_line' id='line_1_76' title="bbox 475 5079 2132 5159; baseline -0.004 -9"><span class='ocrx_word' id='word_1_582' title='bbox 475 5079 527 5151; x_wconf 76' lang='lat' dir='ltr'><strong>in</strong></span> <span class='ocrx_word' id='word_1_583' title='bbox 551 5079 663 5151; x_wconf 84' lang='lat' dir='ltr'><strong>isto</strong></span> <span class='ocrx_word' id='word_1_584' title='bbox 685 5096 971 5154; x_wconf 88' lang='lat' dir='ltr'><strong>volumine,</strong></span> <span class='ocrx_word' id='word_1_585' title='bbox 995 5094 1184 5147; x_wconf 77' lang='lat' dir='ltr'><strong>Filium</strong></span> <span class='ocrx_word' id='word_1_586' title='bbox 1211 5079 1717 5146; x_wconf 42' lang='lat' dir='ltr'><strong>Patris&#39;ministrmit</strong></span> <span class='ocrx_word' id='word_1_587' title='bbox 1740 5109 1754 5157; x_wconf 89' lang='lat'><strong>;</strong></span> <span class='ocrx_word' id='word_1_588' title='bbox 1789 5079 2052 5159; x_wconf 68' lang='lat' dir='ltr'><strong>Spiritum</strong></span> <span class='ocrx_word' id='word_1_589' title='bbox 2086 5079 2132 5138; x_wconf 86' lang='grc'><strong>1)</strong></span> 
     </span>
    </p>
   </div>
   <div class='ocr_carea' id='block_1_75' title="bbox 469 5163 2048 5231">
    <p class='ocr_par' dir='ltr' id='par_1_75' title="bbox 469 5163 2048 5231">
     <span class='ocr_line' id='line_1_77' title="bbox 469 5163 2048 5231; baseline -0.006 -8"><span class='ocrx_word' id='word_1_590' title='bbox 469 5178 716 5223; x_wconf 83' lang='lat' dir='ltr'><strong>sanctum</strong></span> <span class='ocrx_word' id='word_1_591' title='bbox 760 5182 862 5218; x_wconf 89' lang='lat' dir='ltr'><strong>non</strong></span> <span class='ocrx_word' id='word_1_592' title='bbox 898 5166 964 5217; x_wconf 85' lang='lat' dir='ltr'><strong>de</strong></span> <span class='ocrx_word' id='word_1_593' title='bbox 1002 5166 1189 5217; x_wconf 86' lang='lat' dir='ltr'><strong>eadem</strong></span> <span class='ocrx_word' id='word_1_594' title='bbox 1225 5164 1401 5216; x_wconf 79' lang='lat' dir='ltr'><strong>Patris</strong></span> <span class='ocrx_word' id='word_1_595' title='bbox 1435 5164 1662 5231; x_wconf 83' lang='lat' dir='ltr'><strong>Filiique</strong></span> <span class='ocrx_word' id='word_1_596' title='bbox 1703 5163 2001 5215; x_wconf 84' lang='lat' dir='ltr'><strong>substantia</strong></span> <span class='ocrx_word' id='word_1_597' title='bbox 2034 5179 2048 5226; x_wconf 90' lang='lat'><strong>;</strong></span> 
     </span>
    </p>
   </div>
   <div class='ocr_carea' id='block_1_76' title="bbox 473 5234 2052 5302">
    <p class='ocr_par' dir='ltr' id='par_1_76' title="bbox 473 5234 2052 5302">
     <span class='ocr_line' id='line_1_78' title="bbox 473 5234 2052 5302; baseline -0.003 -11"><span class='ocrx_word' id='word_1_598' title='bbox 473 5240 679 5291; x_wconf 88' lang='lat' dir='ltr'><strong>animas</strong></span> <span class='ocrx_word' id='word_1_599' title='bbox 711 5240 983 5290; x_wconf 88' lang='lat' dir='ltr'><strong>hominum</strong></span> <span class='ocrx_word' id='word_1_600' title='bbox 1015 5235 1193 5302; x_wconf 85' lang='lat' dir='ltr'><strong>lapsas</strong></span> <span class='ocrx_word' id='word_1_601' title='bbox 1219 5250 1340 5287; x_wconf 81' lang='lat' dir='ltr'><strong>esse</strong></span> <span class='ocrx_word' id='word_1_602' title='bbox 1361 5236 1424 5287; x_wconf 87' lang='lat' dir='ltr'><strong>de</strong></span> <span class='ocrx_word' id='word_1_603' title='bbox 1454 5235 1613 5298; x_wconf 79' lang='lat' dir='ltr'><strong>coelo,</strong></span> <span class='ocrx_word' id='word_1_604' title='bbox 1640 5242 1693 5287; x_wconf 88' lang='lat' dir='ltr'><strong>et</strong></span> <span class='ocrx_word' id='word_1_605' title='bbox 1722 5235 1773 5287; x_wconf 91' lang='lat' dir='ltr'><strong>in</strong></span> <span class='ocrx_word' id='word_1_606' title='bbox 1794 5234 1894 5286; x_wconf 85' lang='lat' dir='ltr'><strong>hoc</strong></span> <span class='ocrx_word' id='word_1_607' title='bbox 1911 5236 2052 5300; x_wconf 88' lang='lat' dir='ltr'><strong>quod</strong></span> 
     </span>
    </p>
   </div>
   <div class='ocr_carea' id='block_1_77' title="bbox 469 5305 2050 5371">
    <p class='ocr_par' dir='ltr' id='par_1_77' title="bbox 469 5305 2050 5371">
     <span class='ocr_line' id='line_1_79' title="bbox 469 5305 2050 5371; baseline -0.003 -10"><span class='ocrx_word' id='word_1_608' title='bbox 469 5325 654 5362; x_wconf 81' lang='lat' dir='ltr'><strong>smnus</strong></span> <span class='ocrx_word' id='word_1_609' title='bbox 678 5309 743 5360; x_wconf 87' lang='lat' dir='ltr'><strong>de</strong></span> <span class='ocrx_word' id='word_1_610' title='bbox 762 5308 962 5371; x_wconf 68' lang='lat' dir='ltr'><strong>angelis</strong></span> <span class='ocrx_word' id='word_1_611' title='bbox 993 5307 1304 5358; x_wconf 85' lang='lat' dir='ltr'><strong>commutati</strong></span> <span class='ocrx_word' id='word_1_612' title='bbox 1327 5344 1340 5367; x_wconf 93' lang='lat'><strong>,</strong></span> <span class='ocrx_word' id='word_1_613' title='bbox 1372 5305 1422 5357; x_wconf 87' lang='lat' dir='ltr'><strong>in</strong></span> <span class='ocrx_word' id='word_1_614' title='bbox 1450 5305 1792 5358; x_wconf 81' lang='lat' dir='ltr'><strong>restitutione</strong></span> <span class='ocrx_word' id='word_1_615' title='bbox 1812 5306 2050 5357; x_wconf 87' lang='lat' dir='ltr'><strong>omnium</strong></span> 
     </span>
    </p>
   </div>
   <div class='ocr_carea' id='block_1_78' title="bbox 470 5376 2049 5447">
    <p class='ocr_par' dir='ltr' id='par_1_78' title="bbox 470 5376 2049 5447">
     <span class='ocr_line' id='line_1_80' title="bbox 470 5376 2049 5447; baseline -0.002 -15"><span class='ocrx_word' id='word_1_616' title='bbox 470 5383 701 5447; x_wconf 73' lang='lat' dir='ltr'><strong>tuquales</strong></span> <span class='ocrx_word' id='word_1_617' title='bbox 734 5389 785 5431; x_wconf 89' lang='lat' dir='ltr'><strong>et</strong></span> <span class='ocrx_word' id='word_1_618' title='bbox 820 5376 1071 5445; x_wconf 86' lang='lat' dir='ltr'><strong>angelus,</strong></span> <span class='ocrx_word' id='word_1_619' title='bbox 1107 5386 1160 5447; x_wconf 90' lang='lat' dir='ltr'><strong>et</strong></span> <span class='ocrx_word' id='word_1_620' title='bbox 1200 5376 1492 5447; x_wconf 59' lang='lat' dir='ltr'><strong>dit-moues,</strong></span> <span class='ocrx_word' id='word_1_621' title='bbox 1526 5384 1579 5427; x_wconf 89' lang='lat' dir='ltr'><strong>et</strong></span> <span class='ocrx_word' id='word_1_622' title='bbox 1619 5376 1861 5427; x_wconf 88' lang='lat' dir='ltr'><strong>homines</strong></span> <span class='ocrx_word' id='word_1_623' title='bbox 1898 5376 2049 5441; x_wconf 82' lang='lat' dir='ltr'><strong>fore;</strong></span> 
     </span>
    </p>
   </div>
   <div class='ocr_carea' id='block_1_79' title="bbox 468 5444 2048 5512">
    <p class='ocr_par' dir='ltr' id='par_1_79' title="bbox 468 5444 2048 5512">
     <span class='ocr_line' id='line_1_81' title="bbox 468 5444 2048 5512; baseline -0.003 -10"><span class='ocrx_word' id='word_1_624' title='bbox 468 5462 521 5504; x_wconf 90' lang='lat' dir='ltr'><strong>et</strong></span> <span class='ocrx_word' id='word_1_625' title='bbox 540 5444 705 5501; x_wconf 83' lang='lat' dir='ltr'><strong>multa</strong></span> <span class='ocrx_word' id='word_1_626' title='bbox 743 5448 846 5500; x_wconf 88' lang='lat' dir='ltr'><strong>alia</strong></span> <span class='ocrx_word' id='word_1_627' title='bbox 890 5444 993 5498; x_wconf 86' lang='lat' dir='ltr'><strong>tam</strong></span> <span class='ocrx_word' id='word_1_628' title='bbox 1034 5446 1193 5512; x_wconf 87' lang='lat' dir='ltr'><strong>impia</strong></span> <span class='ocrx_word' id='word_1_629' title='bbox 1242 5455 1296 5498; x_wconf 89' lang='lat' dir='ltr'><strong>et</strong></span> <span class='ocrx_word' id='word_1_630' title='bbox 1332 5444 1570 5510; x_wconf 85' lang='lat' dir='ltr'><strong>nefaria,</strong></span> <span class='ocrx_word' id='word_1_631' title='bbox 1601 5460 1719 5511; x_wconf 64' lang='lat' dir='ltr'><strong>qua:</strong></span> <span class='ocrx_word' id='word_1_632' title='bbox 1762 5448 1923 5497; x_wconf 87' lang='lat' dir='ltr'><strong>etiam</strong></span> <span class='ocrx_word' id='word_1_633' title='bbox 1961 5462 2048 5499; x_wconf 89' lang='lat' dir='ltr'><strong>re-</strong></span> 
     </span>
    </p>
   </div>
   <div class='ocr_carea' id='block_1_80' title="bbox 472 5515 2047 5589">
    <p class='ocr_par' dir='ltr' id='par_1_80' title="bbox 472 5515 2047 5589">
     <span class='ocr_line' id='line_1_82' title="bbox 472 5515 2047 5589; baseline -0.002 -17"><span class='ocrx_word' id='word_1_634' title='bbox 472 5520 671 5589; x_wconf 85' lang='lat' dir='ltr'><strong>plicare</strong></span> <span class='ocrx_word' id='word_1_635' title='bbox 704 5521 774 5571; x_wconf 86' lang='lat' dir='ltr'><strong>sit</strong></span> <span class='ocrx_word' id='word_1_636' title='bbox 818 5516 1256 5589; x_wconf 78' lang='lat' dir='ltr'><strong>criiuinis._Quid</strong></span> <span class='ocrx_word' id='word_1_637' title='bbox 1286 5516 1495 5589; x_wconf 64' lang='lat' dir='ltr'><strong>lat-iet</strong></span> <span class='ocrx_word' id='word_1_638' title='bbox 1520 5528 1759 5568; x_wconf 82' lang='lat' dir='ltr'><strong>assertor</strong></span> <span class='ocrx_word' id='word_1_639' title='bbox 1798 5515 2047 5584; x_wconf 81' lang='lat' dir='ltr'><strong>Origenis</strong></span> 
     </span>
    </p>
   </div>
   <div class='ocr_carea' id='block_1_81' title="bbox 469 5586 2048 5656">
    <p class='ocr_par' dir='ltr' id='par_1_81' title="bbox 469 5586 2048 5656">
     <span class='ocr_line' id='line_1_83' title="bbox 469 5586 2048 5656; baseline -0.003 -13"><span class='ocrx_word' id='word_1_640' title='bbox 469 5586 524 5643; x_wconf 74' lang='lat' dir='ltr'><strong>et</strong></span> <span class='ocrx_word' id='word_1_641' title='bbox 559 5592 823 5656; x_wconf 77' lang='lat' dir='ltr'><strong>interpres</strong></span> <span class='ocrx_word' id='word_1_642' title='bbox 871 5586 1185 5655; x_wconf 78' lang='lat' dir='ltr'><strong>Pamphili?</strong></span> <span class='ocrx_word' id='word_1_643' title='bbox 1243 5586 1301 5639; x_wconf 71' lang='lat' dir='ltr'><strong>Si</strong></span> <span class='ocrx_word' id='word_1_644' title='bbox 1345 5586 1396 5638; x_wconf 89' lang='lat' dir='ltr'><strong>in</strong></span> <span class='ocrx_word' id='word_1_645' title='bbox 1448 5587 1530 5639; x_wconf 87' lang='lat' dir='ltr'><strong>Itis</strong></span> <span class='ocrx_word' id='word_1_646' title='bbox 1575 5600 1693 5653; x_wconf 76' lang='lat' dir='ltr'><strong>quae</strong></span> <span class='ocrx_word' id='word_1_647' title='bbox 1736 5594 2048 5639; x_wconf 84' lang='lat' dir='ltr'><strong>emendavit</strong></span> 
     </span>
    </p>
   </div>
   <div class='ocr_carea' id='block_1_82' title="bbox 472 5656 2053 5726">
    <p class='ocr_par' dir='ltr' id='par_1_82' title="bbox 472 5656 2053 5726">
     <span class='ocr_line' id='line_1_84' title="bbox 472 5656 2053 5726; baseline -0.002 -15"><span class='ocrx_word' id='word_1_648' title='bbox 472 5670 619 5712; x_wconf 84' lang='lat' dir='ltr'><strong>tanta</strong></span> <span class='ocrx_word' id='word_1_649' title='bbox 662 5658 990 5726; x_wconf 88' lang='lat' dir='ltr'><strong>blasphemia</strong></span> <span class='ocrx_word' id='word_1_650' title='bbox 1023 5668 1126 5719; x_wconf 86' lang='lat' dir='ltr'><strong>est,</strong></span> <span class='ocrx_word' id='word_1_651' title='bbox 1162 5660 1213 5710; x_wconf 88' lang='lat' dir='ltr'><strong>in</strong></span> <span class='ocrx_word' id='word_1_652' title='bbox 1250 5658 1353 5710; x_wconf 87' lang='lat' dir='ltr'><strong>illis</strong></span> <span class='ocrx_word' id='word_1_653' title='bbox 1385 5671 1504 5725; x_wconf 77' lang='lat' dir='ltr'><strong>qua:</strong></span> <span class='ocrx_word' id='word_1_654' title='bbox 1536 5657 1604 5709; x_wconf 92' lang='lat' dir='ltr'><strong>ab</strong></span> <span class='ocrx_word' id='word_1_655' title='bbox 1643 5657 1921 5726; x_wconf 72' lang='lat' dir='ltr'><strong>haereticis</strong></span> <span class='ocrx_word' id='word_1_656' title='bbox 1947 5656 2053 5708; x_wconf 85' lang='lat' dir='ltr'><strong>fal-</strong></span> 
     </span>
    </p>
   </div>
   <div class='ocr_carea' id='block_1_83' title="bbox 472 5725 2053 5797">
    <p class='ocr_par' dir='ltr' id='par_1_83' title="bbox 472 5725 2053 5797">
     <span class='ocr_line' id='line_1_85' title="bbox 472 5725 2053 5797; baseline -0.001 -14"><span class='ocrx_word' id='word_1_657' title='bbox 472 5738 587 5783; x_wconf 81' lang='lat' dir='ltr'><strong>sata</strong></span> <span class='ocrx_word' id='word_1_658' title='bbox 622 5725 900 5797; x_wconf 70' lang='lat' dir='ltr'><strong>contingit,</strong></span> <span class='ocrx_word' id='word_1_659' title='bbox 924 5740 1126 5796; x_wconf 81' lang='lat' dir='ltr'><strong>quanta</strong></span> <span class='ocrx_word' id='word_1_660' title='bbox 1157 5728 1441 5797; x_wconf 77' lang='lat' dir='ltr'><strong>Sacrilegia</strong></span> <span class='ocrx_word' id='word_1_661' title='bbox 1473 5726 1817 5781; x_wconf 84' lang='lat' dir='ltr'><strong>continentur</strong></span> <span class='ocrx_word' id='word_1_662' title='bbox 1846 5726 1858 5778; x_wconf 77' lang='grc' dir='ltr'>ε</span> <span class='ocrx_word' id='word_1_663' title='bbox 1889 5725 2053 5795; x_wconf 78' lang='lat' dir='ltr'><strong>Cujus</strong></span> 
     </span>
    </p>
   </div>
   <div class='ocr_carea' id='block_1_84' title="bbox 2160 4106 3759 4178">
    <p class='ocr_par' dir='ltr' id='par_1_84' title="bbox 2160 4106 3759 4178">
     <span class='ocr_line' id='line_1_86' title="bbox 2160 4106 3759 4178; baseline 0.002 -19"><span class='ocrx_word' id='word_1_664' title='bbox 2160 4106 2429 4175; x_wconf 81' lang='lat' dir='ltr'><strong>Opinionis</strong></span> <span class='ocrx_word' id='word_1_665' title='bbox 2462 4121 2684 4161; x_wconf 87' lang='lat' dir='ltr'><strong>causam</strong></span> <span class='ocrx_word' id='word_1_666' title='bbox 2714 4109 2853 4162; x_wconf 89' lang='lat' dir='ltr'><strong>hanc</strong></span> <span class='ocrx_word' id='word_1_667' title='bbox 2894 4109 3202 4177; x_wconf 84' lang='lat' dir='ltr'><strong>suspicatur</strong></span> <span class='ocrx_word' id='word_1_668' title='bbox 3223 4147 3240 4173; x_wconf 93' lang='lat'><strong>,</strong></span> <span class='ocrx_word' id='word_1_669' title='bbox 3276 4107 3420 4177; x_wconf 84' lang='lat' dir='ltr'><strong>quod</strong></span> <span class='ocrx_word' id='word_1_670' title='bbox 3450 4106 3540 4161; x_wconf 87' lang='lat' dir='ltr'><strong>vir</strong></span> <span class='ocrx_word' id='word_1_671' title='bbox 3574 4122 3759 4178; x_wconf 82' lang='lat' dir='ltr'><strong>neque</strong></span> 
     </span>
    </p>
   </div>
   <div class='ocr_carea' id='block_1_85' title="bbox 2158 4179 3758 4248">
    <p class='ocr_par' dir='ltr' id='par_1_85' title="bbox 2158 4179 3758 4248">
     <span class='ocr_line' id='line_1_87' title="bbox 2158 4179 3758 4248; baseline 0.002 -19"><span class='ocrx_word' id='word_1_672' title='bbox 2158 4180 2378 4241; x_wconf 81' lang='lat' dir='ltr'><strong>stultus,</strong></span> <span class='ocrx_word' id='word_1_673' title='bbox 2416 4194 2590 4245; x_wconf 84' lang='lat' dir='ltr'><strong>neque</strong></span> <span class='ocrx_word' id='word_1_674' title='bbox 2632 4180 2856 4232; x_wconf 87' lang='lat' dir='ltr'><strong>insanus</strong></span> <span class='ocrx_word' id='word_1_675' title='bbox 2886 4181 3067 4234; x_wconf 89' lang='lat' dir='ltr'><strong>dicere</strong></span> <span class='ocrx_word' id='word_1_676' title='bbox 3101 4179 3204 4233; x_wconf 90' lang='lat' dir='ltr'><strong>sibi</strong></span> <span class='ocrx_word' id='word_1_677' title='bbox 3238 4179 3610 4248; x_wconf 81' lang='lat' dir='ltr'><strong>repugnantia</strong></span> <span class='ocrx_word' id='word_1_678' title='bbox 3654 4194 3758 4232; x_wconf 88' lang='lat' dir='ltr'><strong>non</strong></span> 
     </span>
    </p>
   </div>
   <div class='ocr_carea' id='block_1_86' title="bbox 2159 4248 3758 4319">
    <p class='ocr_par' dir='ltr' id='par_1_86' title="bbox 2159 4248 3758 4319">
     <span class='ocr_line' id='line_1_88' title="bbox 2159 4248 3758 4319; baseline 0.001 -20"><span class='ocrx_word' id='word_1_679' title='bbox 2159 4248 2412 4314; x_wconf 84' lang='lat' dir='ltr'><strong>potuerit.</strong></span> <span class='ocrx_word' id='word_1_680' title='bbox 2464 4249 2529 4301; x_wconf 75' lang='lat' dir='ltr'><strong>Et</strong></span> <span class='ocrx_word' id='word_1_681' title='bbox 2569 4265 2635 4302; x_wconf 90' lang='lat' dir='ltr'><strong>ne</strong></span> <span class='ocrx_word' id='word_1_682' title='bbox 2689 4250 2916 4303; x_wconf 82' lang='lat' dir='ltr'><strong>forsitan</strong></span> <span class='ocrx_word' id='word_1_683' title='bbox 2976 4260 3290 4319; x_wconf 85' lang='lat' dir='ltr'><strong>putaremus</strong></span> <span class='ocrx_word' id='word_1_684' title='bbox 3340 4250 3581 4305; x_wconf 87' lang='lat' dir='ltr'><strong>diversis</strong></span> <span class='ocrx_word' id='word_1_685' title='bbox 3635 4266 3758 4302; x_wconf 76' lang='lat' dir='ltr'><strong>eum</strong></span> 
     </span>
    </p>
   </div>
   <div class='ocr_carea' id='block_1_87' title="bbox 2159 4319 3758 4389">
    <p class='ocr_par' dir='ltr' id='par_1_87' title="bbox 2159 4319 3758 4389">
     <span class='ocr_line' id='line_1_89' title="bbox 2159 4319 3758 4389; baseline 0.003 -21"><span class='ocrx_word' id='word_1_686' title='bbox 2159 4321 2313 4370; x_wconf 86' lang='lat' dir='ltr'><strong>varia</strong></span> <span class='ocrx_word' id='word_1_687' title='bbox 2342 4319 2630 4388; x_wconf 81' lang='lat' dir='ltr'><strong>scripsisse</strong></span> <span class='ocrx_word' id='word_1_688' title='bbox 2653 4320 3008 4387; x_wconf 89' lang='lat' dir='ltr'><strong>temporibus,</strong></span> <span class='ocrx_word' id='word_1_689' title='bbox 3032 4332 3087 4373; x_wconf 91' lang='lat' dir='ltr'><strong>et</strong></span> <span class='ocrx_word' id='word_1_690' title='bbox 3110 4335 3207 4389; x_wconf 92' lang='lat' dir='ltr'><strong>pro</strong></span> <span class='ocrx_word' id='word_1_691' title='bbox 3226 4320 3477 4373; x_wconf 69' lang='lat' dir='ltr'><strong>anatibus</strong></span> <span class='ocrx_word' id='word_1_692' title='bbox 3512 4321 3758 4374; x_wconf 80' lang='lat' dir='ltr'><strong>edidisse</strong></span> 
     </span>
    </p>
   </div>
   <div class='ocr_carea' id='block_1_88' title="bbox 2159 4390 3757 4459">
    <p class='ocr_par' dir='ltr' id='par_1_88' title="bbox 2159 4390 3757 4459">
     <span class='ocr_line' id='line_1_90' title="bbox 2159 4390 3757 4459; baseline -0.001 -18"><span class='ocrx_word' id='word_1_693' title='bbox 2159 4394 2453 4451; x_wconf 81' lang='lat' dir='ltr'><strong>contraria,</strong></span> <span class='ocrx_word' id='word_1_694' title='bbox 2500 4390 2705 4442; x_wconf 86' lang='lat' dir='ltr'><strong>addidit</strong></span> <span class='ocrx_word' id='word_1_695' title='bbox 2736 4408 2748 4442; x_wconf 91' lang='lat'>:</span> <span class='ocrx_word' id='word_1_696' title='bbox 2780 4390 2919 4454; x_wconf 81' lang='lat' dir='ltr'><strong>Quid</strong></span> <span class='ocrx_word' id='word_1_697' title='bbox 2955 4391 3183 4459; x_wconf 76' lang='lat' dir='ltr'><strong>facimus</strong></span> <span class='ocrx_word' id='word_1_698' title='bbox 3220 4392 3358 4457; x_wconf 84' lang='lat' dir='ltr'><strong>quod</strong></span> <span class='ocrx_word' id='word_1_699' title='bbox 3399 4392 3683 4442; x_wconf 76' lang='lat' dir='ltr'><strong>interdum</strong></span> <span class='ocrx_word' id='word_1_700' title='bbox 3709 4392 3757 4440; x_wconf 78' lang='lat' dir='ltr'><strong>in</strong></span> 
     </span>
    </p>
   </div>
   <div class='ocr_carea' id='block_1_89' title="bbox 2156 4459 3758 4529">
    <p class='ocr_par' dir='ltr' id='par_1_89' title="bbox 2156 4459 3758 4529">
     <span class='ocr_line' id='line_1_91' title="bbox 2156 4459 3758 4529; baseline 0 -20"><span class='ocrx_word' id='word_1_701' title='bbox 2156 4460 2347 4511; x_wconf 79' lang='lat' dir='ltr'><strong>eisdem</strong></span> <span class='ocrx_word' id='word_1_702' title='bbox 2396 4459 2547 4523; x_wconf 80' lang='lat' dir='ltr'><strong>locis,</strong></span> <span class='ocrx_word' id='word_1_703' title='bbox 2576 4469 2751 4525; x_wconf 80' lang='lat' dir='ltr'><strong>atque,</strong></span> <span class='ocrx_word' id='word_1_704' title='bbox 2784 4472 2838 4512; x_wconf 87' lang='lat' dir='ltr'><strong>ut</strong></span> <span class='ocrx_word' id='word_1_705' title='bbox 2883 4463 2958 4511; x_wconf 85' lang='lat' dir='ltr'><strong>ita</strong></span> <span class='ocrx_word' id='word_1_706' title='bbox 3010 4462 3232 4515; x_wconf 69' lang='lat' dir='ltr'><strong>dixerim</strong></span> <span class='ocrx_word' id='word_1_707' title='bbox 3258 4499 3273 4520; x_wconf 92' lang='lat'><strong>,</strong></span> <span class='ocrx_word' id='word_1_708' title='bbox 3312 4462 3367 4511; x_wconf 86' lang='lat' dir='ltr'><strong>in</strong></span> <span class='ocrx_word' id='word_1_709' title='bbox 3410 4460 3758 4529; x_wconf 71' lang='lat' dir='ltr'><strong>consequenti</strong></span> 
     </span>
    </p>
   </div>
   <div class='ocr_carea' id='block_1_90' title="bbox 2156 4530 3760 4597">
    <p class='ocr_par' dir='ltr' id='par_1_90' title="bbox 2156 4530 3760 4597">
     <span class='ocr_line' id='line_1_92' title="bbox 2156 4530 3760 4597; baseline 0.002 -17"><span class='ocrx_word' id='word_1_710' title='bbox 2156 4544 2284 4596; x_wconf 74' lang='lat' dir='ltr'><strong>pene</strong></span> <span class='ocrx_word' id='word_1_711' title='bbox 2332 4533 2524 4597; x_wconf 77' lang='lat' dir='ltr'><strong>rapite,</strong></span> <span class='ocrx_word' id='word_1_712' title='bbox 2559 4531 2822 4583; x_wconf 81' lang='lat' dir='ltr'><strong>sententia</strong></span> <span class='ocrx_word' id='word_1_713' title='bbox 2871 4533 3126 4585; x_wconf 83' lang='lat' dir='ltr'><strong>contrarii</strong></span> <span class='ocrx_word' id='word_1_714' title='bbox 3172 4546 3327 4584; x_wconf 82' lang='lat' dir='ltr'><strong>sensu</strong></span> <span class='ocrx_word' id='word_1_715' title='bbox 3367 4530 3651 4583; x_wconf 76' lang='lat' dir='ltr'><strong>invenitur</strong></span> <span class='ocrx_word' id='word_1_716' title='bbox 3681 4536 3760 4584; x_wconf 80' lang='lat' dir='ltr'><strong>iu-</strong></span> 
     </span>
    </p>
   </div>
   <div class='ocr_carea' id='block_1_91' title="bbox 2155 4602 2410 4653">
    <p class='ocr_par' dir='ltr' id='par_1_91' title="bbox 2155 4602 2410 4653">
     <span class='ocr_line' id='line_1_93' title="bbox 2155 4602 2410 4653; baseline 0 -1"><span class='ocrx_word' id='word_1_717' title='bbox 2155 4610 2293 4652; x_wconf 76' lang='lat' dir='ltr'><strong>serta</strong></span> <span class='ocrx_word' id='word_1_718' title='bbox 2323 4602 2347 4653; x_wconf 87' lang='lat'><strong><em>?</em></strong></span> <span class='ocrx_word' id='word_1_719' title='bbox 2391 4619 2410 4652; x_wconf 85' lang='grc'><strong>›</strong></span> 
     </span>
    </p>
   </div>
   <div class='ocr_carea' id='block_1_92' title="bbox 2231 4670 3761 4742">
    <p class='ocr_par' dir='ltr' id='par_1_92' title="bbox 2231 4670 3761 4742">
     <span class='ocr_line' id='line_1_94' title="bbox 2231 4670 3761 4742; baseline 0.003 -19"><span class='ocrx_word' id='word_1_720' title='bbox 2231 4671 2343 4742; x_wconf 81' lang='grc'>(15)</span> <span class='ocrx_word' id='word_1_721' title='bbox 2383 4671 2638 4740; x_wconf 83' lang='lat' dir='ltr'><strong>Agnosce.</strong></span> <span class='ocrx_word' id='word_1_722' title='bbox 2687 4672 2845 4727; x_wconf 88' lang='lat' dir='ltr'><strong>Deest</strong></span> <span class='ocrx_word' id='word_1_723' title='bbox 2900 4673 2952 4727; x_wconf 90' lang='lat' dir='ltr'><strong>in</strong></span> <span class='ocrx_word' id='word_1_724' title='bbox 3002 4671 3186 4737; x_wconf 85' lang='lat' dir='ltr'><strong>editis,</strong></span> <span class='ocrx_word' id='word_1_725' title='bbox 3225 4680 3280 4727; x_wconf 88' lang='lat' dir='ltr'><strong>et</strong></span> <span class='ocrx_word' id='word_1_726' title='bbox 3333 4670 3658 4726; x_wconf 83' lang='lat' dir='ltr'><strong>restituitur</strong></span> <span class='ocrx_word' id='word_1_727' title='bbox 3698 4686 3761 4727; x_wconf 75' lang='lat' dir='ltr'><strong>ex</strong></span> 
     </span>
    </p>
   </div>
   <div class='ocr_carea' id='block_1_93' title="bbox 2157 4759 2289 4799">
    <p class='ocr_par' dir='ltr' id='par_1_93' title="bbox 2157 4759 2289 4799">
     <span class='ocr_line' id='line_1_95' title="bbox 2157 4759 2289 4799; baseline -0.03 0"><span class='ocrx_word' id='word_1_728' title='bbox 2157 4759 2289 4799; x_wconf 77' lang='grc'><strong>11188.</strong></span> 
     </span>
    </p>
   </div>
   <div class='ocr_carea' id='block_1_94' title="bbox 2232 4811 3759 4883">
    <p class='ocr_par' dir='ltr' id='par_1_94' title="bbox 2232 4811 3759 4883">
     <span class='ocr_line' id='line_1_96' title="bbox 2232 4811 3759 4883; baseline 0.001 -18"><span class='ocrx_word' id='word_1_729' title='bbox 2232 4813 2343 4883; x_wconf 74' lang='grc'>(14)</span> <span class='ocrx_word' id='word_1_730' title='bbox 2373 4812 2447 4866; x_wconf 88' lang='lat' dir='ltr'><strong>ita</strong></span> <span class='ocrx_word' id='word_1_731' title='bbox 2473 4814 2623 4880; x_wconf 91' lang='lat' dir='ltr'><strong>editi,</strong></span> <span class='ocrx_word' id='word_1_732' title='bbox 2644 4823 2697 4865; x_wconf 92' lang='lat' dir='ltr'><strong>et</strong></span> <span class='ocrx_word' id='word_1_733' title='bbox 2721 4814 2799 4867; x_wconf 84' lang='lat' dir='ltr'><strong>sic</strong></span> <span class='ocrx_word' id='word_1_734' title='bbox 2823 4813 3099 4880; x_wconf 77' lang='lat' dir='ltr'><strong>legendum</strong></span> <span class='ocrx_word' id='word_1_735' title='bbox 3119 4812 3351 4867; x_wconf 86' lang='lat' dir='ltr'><strong>videtur.</strong></span> <span class='ocrx_word' id='word_1_736' title='bbox 3377 4811 3511 4866; x_wconf 80' lang='lat' dir='ltr'><strong>Mss.</strong></span> <span class='ocrx_word' id='word_1_737' title='bbox 3560 4822 3759 4866; x_wconf 83' lang='lat' dir='ltr'><strong>tamen</strong></span> 
     </span>
    </p>
   </div>
   <div class='ocr_carea' id='block_1_95' title="bbox 2157 4884 3765 4953">
    <p class='ocr_par' dir='ltr' id='par_1_95' title="bbox 2157 4884 3765 4953">
     <span class='ocr_line' id='line_1_97' title="bbox 2157 4884 3765 4953; baseline -0.003 -13"><span class='ocrx_word' id='word_1_738' title='bbox 2157 4887 2331 4940; x_wconf 88' lang='lat' dir='ltr'><strong>nostri</strong></span> <span class='ocrx_word' id='word_1_739' title='bbox 2357 4886 2616 4938; x_wconf 85' lang='lat' dir='ltr'><strong>omittunt</strong></span> <span class='ocrx_word' id='word_1_740' title='bbox 2645 4901 2770 4947; x_wconf 83' lang='lat' dir='ltr'><strong>non,</strong></span> <span class='ocrx_word' id='word_1_741' title='bbox 2798 4896 2853 4937; x_wconf 79' lang='lat' dir='ltr'><strong>et</strong></span> <span class='ocrx_word' id='word_1_742' title='bbox 2878 4886 2964 4937; x_wconf 83' lang='lat' dir='ltr'><strong>alii</strong></span> <span class='ocrx_word' id='word_1_743' title='bbox 2991 4887 3191 4938; x_wconf 82' lang='lat' dir='ltr'><strong>habent</strong></span> <span class='ocrx_word' id='word_1_744' title='bbox 3212 4886 3453 4952; x_wconf 83' lang='lat' dir='ltr'><strong>quodvis,</strong></span> <span class='ocrx_word' id='word_1_745' title='bbox 3478 4884 3575 4935; x_wconf 85' lang='lat' dir='ltr'><strong>alii</strong></span> <span class='ocrx_word' id='word_1_746' title='bbox 3608 4887 3765 4953; x_wconf 68' lang='lat' dir='ltr'><strong>quido</strong></span> 
     </span>
    </p>
   </div>
   <div class='ocr_carea' id='block_1_96' title="bbox 2158 4953 3763 5024">
    <p class='ocr_par' dir='ltr' id='par_1_96' title="bbox 2158 4953 3763 5024">
     <span class='ocr_line' id='line_1_98' title="bbox 2158 4953 3763 5024; baseline -0.004 -15"><span class='ocrx_word' id='word_1_747' title='bbox 2158 4958 2255 5009; x_wconf 81' lang='lat' dir='ltr'><strong>vis.</strong></span> <span class='ocrx_word' id='word_1_748' title='bbox 2296 4953 2460 5008; x_wconf 86' lang='lat' dir='ltr'><strong>Paulo</strong></span> <span class='ocrx_word' id='word_1_749' title='bbox 2480 4965 2603 5024; x_wconf 90' lang='lat' dir='ltr'><strong>post</strong></span> <span class='ocrx_word' id='word_1_750' title='bbox 2636 4970 2763 5008; x_wconf 87' lang='lat' dir='ltr'><strong>mss.</strong></span> <span class='ocrx_word' id='word_1_751' title='bbox 2794 4956 3055 5023; x_wconf 85' lang='lat' dir='ltr'><strong>plerique,</strong></span> <span class='ocrx_word' id='word_1_752' title='bbox 3087 4964 3143 5008; x_wconf 85' lang='lat' dir='ltr'><strong>et</strong></span> <span class='ocrx_word' id='word_1_753' title='bbox 3189 4955 3315 5007; x_wconf 85' lang='lat' dir='ltr'><strong>editi</strong></span> <span class='ocrx_word' id='word_1_754' title='bbox 3348 4968 3543 5007; x_wconf 86' lang='lat' dir='ltr'><strong>omnes</strong></span> <span class='ocrx_word' id='word_1_755' title='bbox 3590 4958 3763 5007; x_wconf 68' lang='lat' dir='ltr'><strong>omit-</strong></span> 
     </span>
    </p>
   </div>
   <div class='ocr_carea' id='block_1_97' title="bbox 2162 5024 3757 5086">
    <p class='ocr_par' dir='ltr' id='par_1_97' title="bbox 2162 5024 3757 5086">
     <span class='ocr_line' id='line_1_99' title="bbox 2162 5024 3757 5086; baseline -0.003 -7"><span class='ocrx_word' id='word_1_756' title='bbox 2162 5035 2279 5079; x_wconf 91' lang='lat' dir='ltr'><strong>tunt</strong></span> <span class='ocrx_word' id='word_1_757' title='bbox 2303 5033 2351 5076; x_wconf 88' lang='lat' dir='ltr'><strong>et</strong></span> <span class='ocrx_word' id='word_1_758' title='bbox 2379 5034 2504 5077; x_wconf 88' lang='lat' dir='ltr'><strong>ante</strong></span> <span class='ocrx_word' id='word_1_759' title='bbox 2540 5037 2698 5086; x_wconf 79' lang='lat' dir='ltr'><strong>certe,</strong></span> <span class='ocrx_word' id='word_1_760' title='bbox 2737 5028 2828 5078; x_wconf 89' lang='lat' dir='ltr'><strong>sed</strong></span> <span class='ocrx_word' id='word_1_761' title='bbox 2864 5038 3011 5078; x_wconf 86' lang='lat' dir='ltr'><strong>recte</strong></span> <span class='ocrx_word' id='word_1_762' title='bbox 3057 5024 3360 5078; x_wconf 88' lang='lat' dir='ltr'><strong>restituitur</strong></span> <span class='ocrx_word' id='word_1_763' title='bbox 3388 5039 3454 5077; x_wconf 76' lang='lat' dir='ltr'><strong>ex</strong></span> <span class='ocrx_word' id='word_1_764' title='bbox 3494 5040 3613 5079; x_wconf 86' lang='lat' dir='ltr'><strong>uno</strong></span> <span class='ocrx_word' id='word_1_765' title='bbox 3655 5040 3757 5078; x_wconf 64' lang='lat' dir='ltr'><strong>nis.</strong></span> 
     </span>
    </p>
   </div>
   <div class='ocr_carea' id='block_1_98' title="bbox 2231 5093 3758 5166">
    <p class='ocr_par' dir='ltr' id='par_1_98' title="bbox 2231 5093 3758 5166">
     <span class='ocr_line' id='line_1_100' title="bbox 2231 5093 3758 5166; baseline -0.001 -19"><span class='ocrx_word' id='word_1_766' title='bbox 2231 5093 2343 5166; x_wconf 83' lang='grc'>(15)</span> <span class='ocrx_word' id='word_1_767' title='bbox 2384 5094 2513 5151; x_wconf 83' lang='grc' dir='ltr'>Μεε.</span> <span class='ocrx_word' id='word_1_768' title='bbox 2551 5097 2757 5159; x_wconf 85' lang='lat' dir='ltr'><strong>nostri,</strong></span> <span class='ocrx_word' id='word_1_769' title='bbox 2791 5094 3035 5163; x_wconf 76' lang='lat' dir='ltr'><strong>fortassis</strong></span> <span class='ocrx_word' id='word_1_770' title='bbox 3076 5098 3235 5148; x_wconf 83' lang='lat' dir='ltr'><strong>etiam</strong></span> <span class='ocrx_word' id='word_1_771' title='bbox 3269 5111 3286 5149; x_wconf 92' lang='lat'><strong><em>:</em></strong></span> <span class='ocrx_word' id='word_1_772' title='bbox 3322 5095 3419 5166; x_wconf 82' lang='lat' dir='ltr'><strong>sed</strong></span> <span class='ocrx_word' id='word_1_773' title='bbox 3455 5094 3758 5163; x_wconf 84' lang='lat' dir='ltr'><strong>legendum</strong></span> 
     </span>
    </p>
   </div>
   <div class='ocr_carea' id='block_1_99' title="bbox 2157 5165 3764 5233">
    <p class='ocr_par' dir='ltr' id='par_1_99' title="bbox 2157 5165 3764 5233">
     <span class='ocr_line' id='line_1_101' title="bbox 2157 5165 3764 5233; baseline 0 -16"><span class='ocrx_word' id='word_1_774' title='bbox 2157 5165 2370 5219; x_wconf 81' lang='lat' dir='ltr'><strong>videtur</strong></span> <span class='ocrx_word' id='word_1_775' title='bbox 2401 5180 2520 5218; x_wconf 86' lang='lat' dir='ltr'><strong>cum</strong></span> <span class='ocrx_word' id='word_1_776' title='bbox 2548 5167 2727 5227; x_wconf 86' lang='lat' dir='ltr'><strong>editis,</strong></span> <span class='ocrx_word' id='word_1_777' title='bbox 2747 5166 2987 5233; x_wconf 76' lang='lat' dir='ltr'><strong>fortassis</strong></span> <span class='ocrx_word' id='word_1_778' title='bbox 3017 5169 3177 5220; x_wconf 86' lang='lat' dir='ltr'><strong>enim.</strong></span> <span class='ocrx_word' id='word_1_779' title='bbox 3204 5165 3372 5218; x_wconf 84' lang='lat' dir='ltr'><strong>Paulo</strong></span> <span class='ocrx_word' id='word_1_780' title='bbox 3400 5176 3520 5229; x_wconf 86' lang='lat' dir='ltr'><strong>post</strong></span> <span class='ocrx_word' id='word_1_781' title='bbox 3568 5166 3764 5219; x_wconf 66' lang='lat' dir='ltr'><strong>Hiero-</strong></span> 
     </span>
    </p>
   </div>
   <div class='ocr_carea' id='block_1_100' title="bbox 2161 5236 3764 5308">
    <p class='ocr_par' dir='ltr' id='par_1_100' title="bbox 2161 5236 3764 5308">
     <span class='ocr_line' id='line_1_102' title="bbox 2161 5236 3764 5308; baseline -0.004 -17"><span class='ocrx_word' id='word_1_782' title='bbox 2161 5252 2357 5308; x_wconf 83' lang='lat' dir='ltr'><strong>nytnus</strong></span> <span class='ocrx_word' id='word_1_783' title='bbox 2380 5236 2503 5308; x_wconf 19' lang='lat' dir='ltr'><strong>“lib.</strong></span> <span class='ocrx_word' id='word_1_784' title='bbox 2543 5251 2581 5290; x_wconf 71' lang='grc' dir='ltr'><strong>ιι</strong></span> <span class='ocrx_word' id='word_1_785' title='bbox 2623 5240 2870 5289; x_wconf 73' lang='lat' dir='ltr'><strong>adversus</strong></span> <span class='ocrx_word' id='word_1_786' title='bbox 2908 5236 3206 5305; x_wconf 75' lang='lat' dir='ltr'><strong>Ruﬁnum;</strong></span> <span class='ocrx_word' id='word_1_787' title='bbox 3240 5236 3365 5308; x_wconf 78' lang='lat' dir='ltr'><strong>quid</strong></span> <span class='ocrx_word' id='word_1_788' title='bbox 3392 5236 3683 5308; x_wconf 70' lang='lat' dir='ltr'><strong>facimus;</strong></span> <span class='ocrx_word' id='word_1_789' title='bbox 3716 5246 3764 5286; x_wconf 68' lang='lat' dir='ltr'><strong>et</strong></span> 
     </span>
    </p>
   </div>
   <div class='ocr_carea' id='block_1_101' title="bbox 2162 5306 3760 5369">
    <p class='ocr_par' dir='ltr' id='par_1_101' title="bbox 2162 5306 3760 5369">
     <span class='ocr_line' id='line_1_103' title="bbox 2162 5306 3760 5369; baseline -0.001 -9"><span class='ocrx_word' id='word_1_790' title='bbox 2162 5306 2300 5360; x_wconf 85' lang='lat' dir='ltr'><strong>iul&#39;ra</strong></span> <span class='ocrx_word' id='word_1_791' title='bbox 2328 5306 2476 5369; x_wconf 89' lang='lat' dir='ltr'><strong>editi,</strong></span> <span class='ocrx_word' id='word_1_792' title='bbox 2504 5310 2771 5359; x_wconf 72' lang='lat' dir='ltr'><strong>sententia:</strong></span> <span class='ocrx_word' id='word_1_793' title='bbox 2798 5309 3049 5360; x_wconf 56' lang='lat' dir='ltr'><strong>contrarii</strong></span> <span class='ocrx_word' id='word_1_794' title='bbox 3072 5322 3253 5359; x_wconf 81' lang='lat' dir='ltr'><strong>sensus</strong></span> <span class='ocrx_word' id='word_1_795' title='bbox 3288 5306 3650 5359; x_wconf 72' lang='lat' dir='ltr'><strong>inveniuntur</strong></span> <span class='ocrx_word' id='word_1_796' title='bbox 3678 5309 3760 5360; x_wconf 75' lang='lat' dir='ltr'><strong>ir;-</strong></span> 
     </span>
    </p>
   </div>
   <div class='ocr_carea' id='block_1_102' title="bbox 2160 5378 3217 5431">
    <p class='ocr_par' dir='ltr' id='par_1_102' title="bbox 2160 5378 3217 5431">
     <span class='ocr_line' id='line_1_104' title="bbox 2160 5378 3217 5431; baseline -0.002 0"><span class='ocrx_word' id='word_1_797' title='bbox 2160 5379 2285 5431; x_wconf 81' lang='lat' dir='ltr'><strong>serti</strong></span> <span class='ocrx_word' id='word_1_798' title='bbox 2319 5392 2339 5429; x_wconf 89' lang='lat'><strong><em>:</em></strong></span> <span class='ocrx_word' id='word_1_799' title='bbox 2370 5381 2461 5429; x_wconf 77' lang='lat' dir='ltr'><strong>sed</strong></span> <span class='ocrx_word' id='word_1_800' title='bbox 2491 5391 2677 5429; x_wconf 87' lang='lat' dir='ltr'><strong>omnes</strong></span> <span class='ocrx_word' id='word_1_801' title='bbox 2709 5394 2834 5431; x_wconf 88' lang='lat' dir='ltr'><strong>mss.</strong></span> <span class='ocrx_word' id='word_1_802' title='bbox 2879 5388 2935 5429; x_wconf 90' lang='lat' dir='ltr'><strong>ut</strong></span> <span class='ocrx_word' id='word_1_803' title='bbox 2963 5378 3013 5431; x_wconf 92' lang='lat' dir='ltr'><strong>in</strong></span> <span class='ocrx_word' id='word_1_804' title='bbox 3052 5387 3217 5430; x_wconf 79' lang='lat' dir='ltr'><strong>textu.</strong></span> 
     </span>
    </p>
   </div>
   <div class='ocr_carea' id='block_1_103' title="bbox 2232 5445 3759 5516">
    <p class='ocr_par' dir='ltr' id='par_1_103' title="bbox 2232 5445 3759 5516">
     <span class='ocr_line' id='line_1_105' title="bbox 2232 5445 3759 5516; baseline -0.001 -17"><span class='ocrx_word' id='word_1_805' title='bbox 2232 5447 2341 5513; x_wconf 82' lang='grc'>(16)</span> <span class='ocrx_word' id='word_1_806' title='bbox 2384 5445 2640 5516; x_wconf 82' lang='lat' dir='ltr'><strong>Nunquid</strong></span> <span class='ocrx_word' id='word_1_807' title='bbox 2672 5448 2726 5499; x_wconf 84' lang='lat' dir='ltr'><strong>in</strong></span> <span class='ocrx_word' id='word_1_808' title='bbox 2753 5450 2930 5500; x_wconf 73' lang='lat' dir='ltr'><strong>eodem</strong></span> <span class='ocrx_word' id='word_1_809' title='bbox 2975 5464 3149 5516; x_wconf 82' lang='lat' dir='ltr'><strong>opere,</strong></span> <span class='ocrx_word' id='word_1_810' title='bbox 3174 5459 3305 5511; x_wconf 81' lang='lat' dir='ltr'><strong>etc.,</strong></span> <span class='ocrx_word' id='word_1_811' title='bbox 3334 5462 3509 5515; x_wconf 85' lang='lat' dir='ltr'><strong>usque</strong></span> <span class='ocrx_word' id='word_1_812' title='bbox 3541 5447 3619 5499; x_wconf 81' lang='lat' dir='ltr'><strong>ad</strong></span> <span class='ocrx_word' id='word_1_813' title='bbox 3657 5450 3759 5501; x_wconf 77' lang='lat' dir='ltr'><strong>ist:</strong></span> 
     </span>
    </p>
   </div>
   <div class='ocr_carea' id='block_1_104' title="bbox 2156 5517 3759 5586">
    <p class='ocr_par' dir='ltr' id='par_1_104' title="bbox 2156 5517 3759 5586">
     <span class='ocr_line' id='line_1_106' title="bbox 2156 5517 3759 5586; baseline -0.002 -15"><span class='ocrx_word' id='word_1_814' title='bbox 2156 5520 2343 5582; x_wconf 80' lang='lat' dir='ltr'><strong>verba,</strong></span> <span class='ocrx_word' id='word_1_815' title='bbox 2374 5534 2523 5586; x_wconf 81' lang='lat' dir='ltr'><strong>quem</strong></span> <span class='ocrx_word' id='word_1_816' title='bbox 2572 5520 2730 5585; x_wconf 80' lang='lat' dir='ltr'><strong>paulo</strong></span> <span class='ocrx_word' id='word_1_817' title='bbox 2786 5530 2904 5570; x_wconf 83' lang='lat' dir='ltr'><strong>ante</strong></span> <span class='ocrx_word' id='word_1_818' title='bbox 2950 5524 3013 5569; x_wconf 84' lang='lat' dir='ltr'><strong>de</strong></span> <span class='ocrx_word' id='word_1_819' title='bbox 3056 5520 3169 5581; x_wconf 84' lang='lat' dir='ltr'><strong>ipsa</strong></span> <span class='ocrx_word' id='word_1_820' title='bbox 3205 5530 3398 5572; x_wconf 81' lang='lat' dir='ltr'><strong>natura</strong></span> <span class='ocrx_word' id='word_1_821' title='bbox 3427 5518 3526 5569; x_wconf 80' lang='lat' dir='ltr'><strong>Dei</strong></span> <span class='ocrx_word' id='word_1_822' title='bbox 3566 5517 3759 5569; x_wconf 68' lang='lat' dir='ltr'><strong>Pam;</strong></span> 
     </span>
    </p>
   </div>
   <div class='ocr_carea' id='block_1_105' title="bbox 2153 5589 3755 5659">
    <p class='ocr_par' dir='ltr' id='par_1_105' title="bbox 2153 5589 3755 5659">
     <span class='ocr_line' id='line_1_107' title="bbox 2153 5589 3755 5659; baseline 0.001 -21"><span class='ocrx_word' id='word_1_823' title='bbox 2153 5592 2804 5659; x_wconf 56' lang='lat' dir='ltr'><strong>pronuntiaveratuatum</strong></span> <span class='ocrx_word' id='word_1_824' title='bbox 2842 5592 2864 5639; x_wconf 74' lang='grc' dir='ltr'><strong>ε’</strong></span> <span class='ocrx_word' id='word_1_825' title='bbox 2900 5591 3253 5659; x_wconf 79' lang='lat' dir='ltr'><strong>Hieronymus</strong></span> <span class='ocrx_word' id='word_1_826' title='bbox 3288 5590 3383 5641; x_wconf 80' lang='lat' dir='ltr'><strong>lib.</strong></span> <span class='ocrx_word' id='word_1_827' title='bbox 3415 5604 3456 5642; x_wconf 88' lang='grc' dir='ltr'><strong>ιι</strong></span> <span class='ocrx_word' id='word_1_828' title='bbox 3490 5589 3755 5640; x_wconf 58' lang='lat' dir='ltr'><strong>adversus</strong></span> 
     </span>
    </p>
   </div>
   <div class='ocr_carea' id='block_1_106' title="bbox 2153 5656 3823 5759">
    <p class='ocr_par' dir='ltr' id='par_1_106' title="bbox 2153 5656 3823 5759">
     <span class='ocr_line' id='line_1_108' title="bbox 2153 5656 3823 5759; baseline 0 -50"><span class='ocrx_word' id='word_1_829' title='bbox 2153 5660 2402 5725; x_wconf 78' lang='lat' dir='ltr'><strong>[iu/mum</strong></span> <span class='ocrx_word' id='word_1_830' title='bbox 2437 5673 2453 5709; x_wconf 90' lang='lat'><em>:</em></span> <span class='ocrx_word' id='word_1_831' title='bbox 2490 5675 2508 5706; x_wconf 84' lang='grc' dir='ltr'><strong>ι</strong></span> <span class='ocrx_word' id='word_1_832' title='bbox 2562 5656 2899 5759; x_wconf 51' lang='grc' dir='ltr'><strong>ΙΙιιξθΝἱιῖδὶυιε</strong></span> <span class='ocrx_word' id='word_1_833' title='bbox 2943 5656 3169 5759; x_wconf 62' lang='lat' dir='ltr'><strong>(Ruﬁni)</strong></span> <span class='ocrx_word' id='word_1_834' title='bbox 3214 5664 3377 5713; x_wconf 86' lang='lat' dir='ltr'><strong>verba</strong></span> <span class='ocrx_word' id='word_1_835' title='bbox 3418 5674 3563 5725; x_wconf 50' lang='lat' dir='ltr'><strong>sunt,</strong></span> <span class='ocrx_word' id='word_1_836' title='bbox 3598 5675 3619 5719; x_wconf 82' lang='lat'><strong>;</strong></span> <span class='ocrx_word' id='word_1_837' title='bbox 3657 5674 3753 5711; x_wconf 76' lang='lat' dir='ltr'><strong>uc-</strong></span> <span class='ocrx_word' id='word_1_838' title='bbox 3822 5670 3823 5759; x_wconf 35' lang='grc' dir='ltr'>ι</span> 
     </span>
     <span class='ocr_line' id='line_1_109' title="bbox 2154 5730 3748 5759; baseline 0 0"><span class='ocrx_word' id='word_1_839' title='bbox 2154 5744 2280 5759; x_wconf 71' lang='grc' dir='ltr'><strong>πει-ὀ</strong></span> <span class='ocrx_word' id='word_1_840' title='bbox 2315 5745 2420 5759; x_wconf 84' lang='lat' dir='ltr'><strong>nnn</strong></span> <span class='ocrx_word' id='word_1_841' title='bbox 2467 5737 2637 5759; x_wconf 63' lang='lat' dir='ltr'><strong>unum:</strong></span> <span class='ocrx_word' id='word_1_842' title='bbox 2738 5748 2765 5759; x_wconf 84' lang='lat'><strong>..</strong></span> <span class='ocrx_word' id='word_1_843' title='bbox 2792 5746 2821 5759; x_wconf 71' lang='grc' dir='ltr'><strong>,ι</strong></span> <span class='ocrx_word' id='word_1_844' title='bbox 2845 5750 2853 5759; x_wconf 68' lang='grc' dir='ltr'><strong><em>ι</em></strong></span> <span class='ocrx_word' id='word_1_845' title='bbox 2881 5731 2989 5759; x_wconf 59' lang='lat' dir='ltr'><strong>hmo</strong></span> <span class='ocrx_word' id='word_1_846' title='bbox 3036 5744 3129 5759; x_wconf 64' lang='lat' dir='ltr'><strong>un.»</strong></span> <span class='ocrx_word' id='word_1_847' title='bbox 3155 5730 3185 5759; x_wconf 73' lang='grc' dir='ltr'><strong>,ἶ</strong></span> <span class='ocrx_word' id='word_1_848' title='bbox 3210 5744 3367 5759; x_wconf 67' lang='grc' dir='ltr'><strong>,ιι-...οη</strong></span> <span class='ocrx_word' id='word_1_849' title='bbox 3444 5739 3503 5759; x_wconf 76' lang='grc' dir='ltr'><strong>..ο</strong></span> <span class='ocrx_word' id='word_1_850' title='bbox 3535 5732 3634 5759; x_wconf 57' lang='grc' dir='ltr'><strong>...Α</strong></span> <span class='ocrx_word' id='word_1_851' title='bbox 3663 5746 3748 5759; x_wconf 70' lang='grc' dir='ltr'><strong>ρ--</strong></span> 
     </span>
    </p>
   </div>
   <div class='ocr_carea' id='block_1_107' title="bbox 2153 5727 3823 5893">
    <p class='ocr_par' dir='ltr' id='par_1_107' title="bbox 2153 5727 3823 5893">
     <span class='ocr_line' id='line_1_110' title="bbox 2153 5727 3823 5893; baseline -0.001 -111"><span class='ocrx_word' id='word_1_852' title='bbox 2153 5744 2280 5797; x_wconf 85' lang='lat' dir='ltr'><strong>gare</strong></span> <span class='ocrx_word' id='word_1_853' title='bbox 2313 5745 2420 5784; x_wconf 89' lang='lat' dir='ltr'><strong>non</strong></span> <span class='ocrx_word' id='word_1_854' title='bbox 2467 5737 2664 5798; x_wconf 81' lang='lat' dir='ltr'><strong>potest.</strong></span> <span class='ocrx_word' id='word_1_855' title='bbox 2690 5727 2824 5786; x_wconf 79' lang='lat' dir='ltr'><strong>Nolo</strong></span> <span class='ocrx_word' id='word_1_856' title='bbox 2844 5727 3013 5795; x_wconf 83' lang='lat' dir='ltr'><strong>dicas,</strong></span> <span class='ocrx_word' id='word_1_857' title='bbox 3036 5730 3188 5786; x_wconf 85' lang='lat' dir='ltr'><strong>verbi</strong></span> <span class='ocrx_word' id='word_1_858' title='bbox 3209 5744 3369 5787; x_wconf 79' lang='lat' dir='ltr'><strong>causa</strong></span> <span class='ocrx_word' id='word_1_859' title='bbox 3390 5768 3407 5798; x_wconf 85' lang='lat'><strong>,</strong></span> <span class='ocrx_word' id='word_1_860' title='bbox 3444 5739 3503 5782; x_wconf 85' lang='lat' dir='ltr'><strong>ut</strong></span> <span class='ocrx_word' id='word_1_861' title='bbox 3531 5732 3634 5800; x_wconf 75' lang='lat' dir='ltr'><strong>qui</strong></span> <span class='ocrx_word' id='word_1_862' title='bbox 3658 5746 3748 5782; x_wconf 69' lang='grc' dir='ltr'><strong>ει·</strong></span> 
     </span>
    </p>
   </div>
  </div>
