  <div class='ocr_page' id='page_1' title='image "/cluster/home/n/w/nwhite01/storage/ocr_20150623/17/nnc1.0046978615/319.png"; bbox 0 0 3870 6220; ppageno 0'>
   <div class='ocr_carea' id='block_1_1' title="bbox 378 325 525 403">
    <p class='ocr_par' dir='ltr' id='par_1_1' title="bbox 378 325 525 403">
     <span class='ocr_line' id='line_1_1' title="bbox 378 325 525 403; baseline 0 -18"><span class='ocrx_word' id='word_1_1' title='bbox 378 325 482 385; x_wconf 76' lang='grc' dir='ltr'>θιθ</span> <span class='ocrx_word' id='word_1_2' title='bbox 520 398 525 403; x_wconf 94' lang='grc' dir='ltr'><strong> </strong></span> 
     </span>
    </p>
   </div>
   <div class='ocr_carea' id='block_1_2' title="bbox 372 546 1959 623">
    <p class='ocr_par' dir='ltr' id='par_1_2' title="bbox 372 546 1959 623">
     <span class='ocr_line' id='line_1_2' title="bbox 372 546 1959 623; baseline 0.006 -24"><span class='ocrx_word' id='word_1_3' title='bbox 372 555 525 599; x_wconf 87' lang='lat' dir='ltr'><strong>ceret</strong></span> <span class='ocrx_word' id='word_1_4' title='bbox 563 546 704 601; x_wconf 91' lang='lat' dir='ltr'><strong>inter</strong></span> <span class='ocrx_word' id='word_1_5' title='bbox 726 556 952 601; x_wconf 69' lang='lat' dir='ltr'><strong>caeteras</strong></span> <span class='ocrx_word' id='word_1_6' title='bbox 988 558 1275 603; x_wconf 87' lang='lat' dir='ltr'><strong>creaturas</strong></span> <span class='ocrx_word' id='word_1_7' title='bbox 1306 550 1512 605; x_wconf 90' lang='lat' dir='ltr'><strong>factum</strong></span> <span class='ocrx_word' id='word_1_8' title='bbox 1543 566 1665 607; x_wconf 90' lang='lat' dir='ltr'><strong>esse</strong></span> <span class='ocrx_word' id='word_1_9' title='bbox 1694 552 1959 623; x_wconf 90' lang='lat' dir='ltr'><strong>Spiritum</strong></span> 
     </span>
    </p>
   </div>
   <div class='ocr_carea' id='block_1_3' title="bbox 370 636 1957 708">
    <p class='ocr_par' dir='ltr' id='par_1_3' title="bbox 370 636 1957 708">
     <span class='ocr_line' id='line_1_3' title="bbox 370 636 1957 708; baseline 0.008 -19"><span class='ocrx_word' id='word_1_10' title='bbox 370 647 620 691; x_wconf 80' lang='lat' dir='ltr'><strong>sanctum</strong></span> <span class='ocrx_word' id='word_1_11' title='bbox 644 636 667 690; x_wconf 90' lang='lat'><strong>?</strong></span> <span class='ocrx_word' id='word_1_12' title='bbox 692 647 784 691; x_wconf 90' lang='lat' dir='ltr'><strong>aut</strong></span> <span class='ocrx_word' id='word_1_13' title='bbox 815 638 1011 693; x_wconf 88' lang='lat' dir='ltr'><strong>itermn</strong></span> <span class='ocrx_word' id='word_1_14' title='bbox 1053 640 1145 708; x_wconf 86' lang='lat' dir='ltr'><strong>qui</strong></span> <span class='ocrx_word' id='word_1_15' title='bbox 1185 640 1404 695; x_wconf 84' lang='lat' dir='ltr'><strong>Patrem</strong></span> <span class='ocrx_word' id='word_1_16' title='bbox 1452 652 1512 697; x_wconf 89' lang='lat' dir='ltr'><strong>et</strong></span> <span class='ocrx_word' id='word_1_17' title='bbox 1565 644 1763 698; x_wconf 87' lang='lat' dir='ltr'><strong>Filium</strong></span> <span class='ocrx_word' id='word_1_18' title='bbox 1796 649 1957 702; x_wconf 90' lang='lat' dir='ltr'><strong>unius</strong></span> 
     </span>
    </p>
   </div>
   <div class='ocr_carea' id='block_1_4' title="bbox 371 728 1958 806">
    <p class='ocr_par' dir='ltr' id='par_1_4' title="bbox 371 728 1958 806">
     <span class='ocr_line' id='line_1_4' title="bbox 371 728 1958 806; baseline 0.006 -24"><span class='ocrx_word' id='word_1_19' title='bbox 371 728 706 793; x_wconf 68' lang='lat' dir='ltr'><strong>substantias,</strong></span> <span class='ocrx_word' id='word_1_20' title='bbox 735 730 878 797; x_wconf 86' lang='lat' dir='ltr'><strong>quod</strong></span> <span class='ocrx_word' id='word_1_21' title='bbox 903 728 1093 785; x_wconf 76' lang='lat' dir='ltr'><strong>Greece</strong></span> <span class='ocrx_word' id='word_1_22' title='bbox 1124 731 1409 803; x_wconf 79' lang='grc' dir='ltr'><strong>ὁμοούσιον</strong></span> <span class='ocrx_word' id='word_1_23' title='bbox 1430 733 1649 801; x_wconf 91' lang='lat' dir='ltr'><strong>dicitur,</strong></span> <span class='ocrx_word' id='word_1_24' title='bbox 1701 737 1958 806; x_wconf 86' lang='lat' dir='ltr'><strong>designa-</strong></span> 
     </span>
    </p>
   </div>
   <div class='ocr_carea' id='block_1_5' title="bbox 368 819 1959 895">
    <p class='ocr_par' dir='ltr' id='par_1_5' title="bbox 368 819 1959 895">
     <span class='ocr_line' id='line_1_5' title="bbox 368 819 1959 895; baseline 0.006 -22"><span class='ocrx_word' id='word_1_25' title='bbox 368 820 470 886; x_wconf 88' lang='lat' dir='ltr'><strong>vit,</strong></span> <span class='ocrx_word' id='word_1_26' title='bbox 501 819 553 873; x_wconf 93' lang='lat' dir='ltr'><strong>in</strong></span> <span class='ocrx_word' id='word_1_27' title='bbox 579 825 1040 891; x_wconf 79' lang='lat' dir='ltr'><strong>consequentibus</strong></span> <span class='ocrx_word' id='word_1_28' title='bbox 1072 826 1257 878; x_wconf 83' lang='lat' dir='ltr'><strong>statim</strong></span> <span class='ocrx_word' id='word_1_29' title='bbox 1293 825 1554 895; x_wconf 90' lang='lat' dir='ltr'><strong>capitulis</strong></span> <span class='ocrx_word' id='word_1_30' title='bbox 1589 827 1815 883; x_wconf 82' lang='lat' dir='ltr'><strong>alterius</strong></span> <span class='ocrx_word' id='word_1_31' title='bbox 1838 844 1959 884; x_wconf 90' lang='lat' dir='ltr'><strong>esse</strong></span> 
     </span>
    </p>
   </div>
   <div class='ocr_carea' id='block_1_6' title="bbox 366 912 1955 990">
    <p class='ocr_par' dir='ltr' id='par_1_6' title="bbox 366 912 1955 990">
     <span class='ocr_line' id='line_1_6' title="bbox 366 912 1955 990; baseline 0.004 -22"><span class='ocrx_word' id='word_1_32' title='bbox 366 912 710 979; x_wconf 66' lang='lat' dir='ltr'><strong>substantiae,</strong></span> <span class='ocrx_word' id='word_1_33' title='bbox 755 924 810 968; x_wconf 92' lang='lat' dir='ltr'><strong>et</strong></span> <span class='ocrx_word' id='word_1_34' title='bbox 861 926 1103 970; x_wconf 83' lang='lat' dir='ltr'><strong>creatum</strong></span> <span class='ocrx_word' id='word_1_35' title='bbox 1140 926 1353 986; x_wconf 78' lang='lat' dir='ltr'><strong>poterat</strong></span> <span class='ocrx_word' id='word_1_36' title='bbox 1401 918 1587 974; x_wconf 88' lang='lat' dir='ltr'><strong>dicere</strong></span> <span class='ocrx_word' id='word_1_37' title='bbox 1634 934 1759 973; x_wconf 94' lang='lat' dir='ltr'><strong>eum</strong></span> <span class='ocrx_word' id='word_1_38' title='bbox 1792 935 1955 990; x_wconf 89' lang='lat' dir='ltr'><strong>quem</strong></span> 
     </span>
    </p>
   </div>
   <div class='ocr_carea' id='block_1_7' title="bbox 364 1009 1957 1082">
    <p class='ocr_par' dir='ltr' id='par_1_7' title="bbox 364 1009 1957 1082">
     <span class='ocr_line' id='line_1_7' title="bbox 364 1009 1957 1082; baseline 0.004 -19"><span class='ocrx_word' id='word_1_39' title='bbox 364 1010 529 1079; x_wconf 86' lang='lat' dir='ltr'><strong>paulo</strong></span> <span class='ocrx_word' id='word_1_40' title='bbox 557 1018 685 1064; x_wconf 91' lang='lat' dir='ltr'><strong>ante</strong></span> <span class='ocrx_word' id='word_1_41' title='bbox 709 1010 775 1065; x_wconf 92' lang='lat' dir='ltr'><strong>de</strong></span> <span class='ocrx_word' id='word_1_42' title='bbox 805 1009 920 1077; x_wconf 90' lang='lat' dir='ltr'><strong>ipsa</strong></span> <span class='ocrx_word' id='word_1_43' title='bbox 953 1021 1145 1063; x_wconf 89' lang='lat' dir='ltr'><strong>natura</strong></span> <span class='ocrx_word' id='word_1_44' title='bbox 1173 1011 1261 1066; x_wconf 87' lang='lat' dir='ltr'><strong>Dei</strong></span> <span class='ocrx_word' id='word_1_45' title='bbox 1288 1010 1466 1067; x_wconf 83' lang='lat' dir='ltr'><strong>Patris</strong></span> <span class='ocrx_word' id='word_1_46' title='bbox 1506 1014 1957 1082; x_wconf 84' lang='lat' dir='ltr'><strong>pronuntiaverat</strong></span> 
     </span>
    </p>
   </div>
   <div class='ocr_carea' id='block_1_8' title="bbox 364 1101 1953 1175">
    <p class='ocr_par' dir='ltr' id='par_1_8' title="bbox 364 1101 1953 1175">
     <span class='ocr_line' id='line_1_8' title="bbox 364 1101 1953 1175; baseline 0.002 -18"><span class='ocrx_word' id='word_1_47' title='bbox 364 1103 604 1157; x_wconf 84' lang='lat' dir='ltr'><strong>natum?</strong></span> <span class='ocrx_word' id='word_1_48' title='bbox 657 1102 754 1158; x_wconf 84' lang='lat' dir='ltr'><strong>Vel</strong></span> <span class='ocrx_word' id='word_1_49' title='bbox 788 1101 983 1157; x_wconf 88' lang='lat' dir='ltr'><strong>iterum</strong></span> <span class='ocrx_word' id='word_1_50' title='bbox 1029 1102 1098 1157; x_wconf 91' lang='lat' dir='ltr'><strong>de</strong></span> <span class='ocrx_word' id='word_1_51' title='bbox 1164 1105 1574 1160; x_wconf 88' lang='lat' dir='ltr'><strong>resurrectione</strong></span> <span class='ocrx_word' id='word_1_52' title='bbox 1614 1106 1819 1173; x_wconf 90' lang='lat' dir='ltr'><strong>carnis,</strong></span> <span class='ocrx_word' id='word_1_53' title='bbox 1861 1106 1953 1175; x_wconf 92' lang='lat' dir='ltr'><strong>qui</strong></span> 
     </span>
    </p>
   </div>
   <div class='ocr_carea' id='block_1_9' title="bbox 362 1196 1952 1265">
    <p class='ocr_par' dir='ltr' id='par_1_9' title="bbox 362 1196 1952 1265">
     <span class='ocr_line' id='line_1_9' title="bbox 362 1196 1952 1265; baseline 0.001 -14"><span class='ocrx_word' id='word_1_54' title='bbox 362 1213 476 1251; x_wconf 78' lang='lat' dir='ltr'><strong>tam</strong></span> <span class='ocrx_word' id='word_1_55' title='bbox 518 1197 800 1252; x_wconf 85' lang='lat' dir='ltr'><strong>evidenter</strong></span> <span class='ocrx_word' id='word_1_56' title='bbox 824 1196 1197 1265; x_wconf 84' lang='lat' dir='ltr'><strong>pronuntiavit</strong></span> <span class='ocrx_word' id='word_1_57' title='bbox 1239 1206 1488 1251; x_wconf 88' lang='lat' dir='ltr'><strong>naturam</strong></span> <span class='ocrx_word' id='word_1_58' title='bbox 1532 1198 1717 1253; x_wconf 86' lang='lat' dir='ltr'><strong>carnis</strong></span> <span class='ocrx_word' id='word_1_59' title='bbox 1752 1198 1805 1253; x_wconf 90' lang='lat' dir='ltr'><strong>in</strong></span> <span class='ocrx_word' id='word_1_60' title='bbox 1835 1213 1952 1253; x_wconf 66' lang='lat' dir='ltr'><strong>caa-</strong></span> 
     </span>
    </p>
   </div>
   <div class='ocr_carea' id='block_1_10' title="bbox 362 1287 1953 1359">
    <p class='ocr_par' dir='ltr' id='par_1_10' title="bbox 362 1287 1953 1359">
     <span class='ocr_line' id='line_1_10' title="bbox 362 1287 1953 1359; baseline 0.003 -17"><span class='ocrx_word' id='word_1_61' title='bbox 362 1289 474 1342; x_wconf 82' lang='lat' dir='ltr'><strong>lum</strong></span> <span class='ocrx_word' id='word_1_62' title='bbox 506 1288 821 1343; x_wconf 84' lang='lat' dir='ltr'><strong>ascendisse</strong></span> <span class='ocrx_word' id='word_1_63' title='bbox 871 1304 992 1342; x_wconf 93' lang='lat' dir='ltr'><strong>cum</strong></span> <span class='ocrx_word' id='word_1_64' title='bbox 1032 1287 1207 1343; x_wconf 83' lang='lat' dir='ltr'><strong>Verbo</strong></span> <span class='ocrx_word' id='word_1_65' title='bbox 1240 1288 1355 1353; x_wconf 87' lang='lat' dir='ltr'><strong>Dei,</strong></span> <span class='ocrx_word' id='word_1_66' title='bbox 1414 1298 1575 1359; x_wconf 89' lang='lat' dir='ltr'><strong>atque</strong></span> <span class='ocrx_word' id='word_1_67' title='bbox 1612 1290 1744 1345; x_wconf 88' lang='lat' dir='ltr'><strong>inibi</strong></span> <span class='ocrx_word' id='word_1_68' title='bbox 1781 1290 1953 1346; x_wconf 56' lang='lat' dir='ltr'><strong>caele-</strong></span> 
     </span>
    </p>
   </div>
   <div class='ocr_carea' id='block_1_11' title="bbox 362 1381 1948 1452">
    <p class='ocr_par' dir='ltr' id='par_1_11' title="bbox 362 1381 1948 1452">
     <span class='ocr_line' id='line_1_11' title="bbox 362 1381 1948 1452; baseline 0 -15"><span class='ocrx_word' id='word_1_69' title='bbox 362 1383 540 1438; x_wconf 77' lang='lat' dir='ltr'><strong>stibus</strong></span> <span class='ocrx_word' id='word_1_70' title='bbox 569 1382 891 1452; x_wconf 87' lang='lat' dir='ltr'><strong>apparuisse</strong></span> <span class='ocrx_word' id='word_1_71' title='bbox 924 1381 1225 1437; x_wconf 74' lang='lat' dir='ltr'><strong>virtutibus</strong></span> <span class='ocrx_word' id='word_1_72' title='bbox 1258 1397 1454 1436; x_wconf 90' lang='lat' dir='ltr'><strong>novum</strong></span> <span class='ocrx_word' id='word_1_73' title='bbox 1478 1392 1533 1437; x_wconf 92' lang='lat' dir='ltr'><strong>et</strong></span> <span class='ocrx_word' id='word_1_74' title='bbox 1571 1383 1948 1437; x_wconf 89' lang='lat' dir='ltr'><strong>admirandum</strong></span> 
     </span>
    </p>
   </div>
   <div class='ocr_carea' id='block_1_12' title="bbox 362 1470 1951 1546">
    <p class='ocr_par' dir='ltr' id='par_1_12' title="bbox 362 1470 1951 1546">
     <span class='ocr_line' id='line_1_12' title="bbox 362 1470 1951 1546; baseline 0.001 -16"><span class='ocrx_word' id='word_1_75' title='bbox 362 1475 446 1530; x_wconf 82' lang='lat' dir='ltr'><strong>eis</strong></span> <span class='ocrx_word' id='word_1_76' title='bbox 496 1475 579 1530; x_wconf 89' lang='lat' dir='ltr'><strong>sui</strong></span> <span class='ocrx_word' id='word_1_77' title='bbox 628 1475 801 1529; x_wconf 91' lang='lat' dir='ltr'><strong>visum</strong></span> <span class='ocrx_word' id='word_1_78' title='bbox 842 1474 1199 1543; x_wconf 77' lang='lat' dir='ltr'><strong>przebe&#39;ntcm,</strong></span> <span class='ocrx_word' id='word_1_79' title='bbox 1246 1470 1358 1546; x_wconf 79' lang='grc'><strong>(18)</strong></span> <span class='ocrx_word' id='word_1_80' title='bbox 1406 1475 1664 1545; x_wconf 90' lang='lat' dir='ltr'><strong>possibile</strong></span> <span class='ocrx_word' id='word_1_81' title='bbox 1718 1485 1837 1531; x_wconf 90' lang='lat' dir='ltr'><strong>erat</strong></span> <span class='ocrx_word' id='word_1_82' title='bbox 1892 1483 1951 1531; x_wconf 90' lang='lat' dir='ltr'><strong>ut</strong></span> 
     </span>
    </p>
   </div>
   <div class='ocr_carea' id='block_1_13' title="bbox 357 1569 1944 1640">
    <p class='ocr_par' dir='ltr' id='par_1_13' title="bbox 357 1569 1944 1640">
     <span class='ocr_line' id='line_1_13' title="bbox 357 1569 1944 1640; baseline 0.001 -15"><span class='ocrx_word' id='word_1_83' title='bbox 357 1570 509 1625; x_wconf 76' lang='lat' dir='ltr'><strong>hanc</strong></span> <span class='ocrx_word' id='word_1_84' title='bbox 554 1569 750 1624; x_wconf 81' lang='lat' dir='ltr'><strong>iterum</strong></span> <span class='ocrx_word' id='word_1_85' title='bbox 799 1569 1011 1624; x_wconf 87' lang='lat' dir='ltr'><strong>diceret</strong></span> <span class='ocrx_word' id='word_1_86' title='bbox 1056 1585 1161 1624; x_wconf 92' lang='lat' dir='ltr'><strong>non</strong></span> <span class='ocrx_word' id='word_1_87' title='bbox 1222 1586 1346 1626; x_wconf 89' lang='lat' dir='ltr'><strong>esse</strong></span> <span class='ocrx_word' id='word_1_88' title='bbox 1410 1571 1765 1627; x_wconf 83' lang='lat' dir='ltr'><strong>salvandam?</strong></span> <span class='ocrx_word' id='word_1_89' title='bbox 1810 1572 1944 1640; x_wconf 84' lang='lat' dir='ltr'><strong>Quia</strong></span> 
     </span>
    </p>
   </div>
   <div class='ocr_carea' id='block_1_14' title="bbox 360 1656 1945 1732">
    <p class='ocr_par' dir='ltr' id='par_1_14' title="bbox 360 1656 1945 1732">
     <span class='ocr_line' id='line_1_14' title="bbox 360 1656 1945 1732; baseline 0.003 -22"><span class='ocrx_word' id='word_1_90' title='bbox 360 1671 493 1724; x_wconf 82' lang='lat' dir='ltr'><strong>ergo</strong></span> <span class='ocrx_word' id='word_1_91' title='bbox 520 1656 635 1711; x_wconf 64' lang='lat' dir='ltr'><strong>haec</strong></span> <span class='ocrx_word' id='word_1_92' title='bbox 662 1656 909 1711; x_wconf 83' lang='lat' dir='ltr'><strong>incidere</strong></span> <span class='ocrx_word' id='word_1_93' title='bbox 939 1671 1009 1712; x_wconf 91' lang='lat' dir='ltr'><strong>ne</strong></span> <span class='ocrx_word' id='word_1_94' title='bbox 1056 1658 1113 1711; x_wconf 89' lang='lat' dir='ltr'><strong>&#39;m</strong></span> <span class='ocrx_word' id='word_1_95' title='bbox 1155 1673 1279 1713; x_wconf 91' lang='lat' dir='ltr'><strong>eum</strong></span> <span class='ocrx_word' id='word_1_96' title='bbox 1305 1660 1529 1730; x_wconf 85' lang='lat' dir='ltr'><strong>quidem</strong></span> <span class='ocrx_word' id='word_1_97' title='bbox 1570 1670 1825 1730; x_wconf 88' lang='lat' dir='ltr'><strong>poterant</strong></span> <span class='ocrx_word' id='word_1_98' title='bbox 1854 1663 1945 1732; x_wconf 91' lang='lat' dir='ltr'><strong>qui</strong></span> 
     </span>
    </p>
   </div>
   <div class='ocr_carea' id='block_1_15' title="bbox 358 1738 1943 1822">
    <p class='ocr_par' dir='ltr' id='par_1_15' title="bbox 358 1738 1943 1822">
     <span class='ocr_line' id='line_1_15' title="bbox 358 1738 1943 1822; baseline 0.004 -23"><span class='ocrx_word' id='word_1_99' title='bbox 358 1738 447 1801; x_wconf 85' lang='lat' dir='ltr'><strong>vel</strong></span> <span class='ocrx_word' id='word_1_100' title='bbox 499 1754 693 1801; x_wconf 89' lang='lat' dir='ltr'><strong>mente</strong></span> <span class='ocrx_word' id='word_1_101' title='bbox 732 1756 933 1814; x_wconf 87' lang='lat' dir='ltr'><strong>motus,</strong></span> <span class='ocrx_word' id='word_1_102' title='bbox 971 1747 1053 1801; x_wconf 88' lang='lat' dir='ltr'><strong>vel</strong></span> <span class='ocrx_word' id='word_1_103' title='bbox 1086 1750 1319 1804; x_wconf 83' lang='lat' dir='ltr'><strong>cerebro</strong></span> <span class='ocrx_word' id='word_1_104' title='bbox 1354 1759 1501 1805; x_wconf 82' lang='lat' dir='ltr'><strong>esset</strong></span> <span class='ocrx_word' id='word_1_105' title='bbox 1542 1751 1785 1816; x_wconf 85' lang='lat' dir='ltr'><strong>insanus,</strong></span> <span class='ocrx_word' id='word_1_106' title='bbox 1816 1754 1943 1822; x_wconf 91' lang='lat' dir='ltr'><strong>quid</strong></span> 
     </span>
    </p>
   </div>
   <div class='ocr_carea' id='block_1_16' title="bbox 1758 333 2231 391">
    <p class='ocr_par' dir='ltr' id='par_1_16' title="bbox 1758 333 2231 391">
     <span class='ocr_line' id='line_1_16' title="bbox 1758 333 2231 391; baseline 0.004 -3"><span class='ocrx_word' id='word_1_107' title='bbox 1758 333 1991 391; x_wconf 80' lang='lat' dir='ltr'><strong>RUFINI</strong></span> <span class='ocrx_word' id='word_1_108' title='bbox 2032 336 2231 391; x_wconf 75' lang='lat' dir='ltr'>LIBER</span> 
     </span>
    </p>
   </div>
   <div class='ocr_carea' id='block_1_17' title="bbox 374 452 2802 534">
    <p class='ocr_par' dir='ltr' id='par_1_17' title="bbox 374 452 2802 534">
     <span class='ocr_line' id='line_1_17' title="bbox 374 452 2802 534; baseline 0.006 -27"><span class='ocrx_word' id='word_1_109' title='bbox 374 461 500 507; x_wconf 86' lang='lat' dir='ltr'><strong>ctus</strong></span> <span class='ocrx_word' id='word_1_110' title='bbox 532 452 615 507; x_wconf 89' lang='lat' dir='ltr'><strong>vel</strong></span> <span class='ocrx_word' id='word_1_111' title='bbox 648 462 870 508; x_wconf 84' lang='lat' dir='ltr'><strong>creatus</strong></span> <span class='ocrx_word' id='word_1_112' title='bbox 905 470 1025 509; x_wconf 87' lang='lat' dir='ltr'><strong>esse</strong></span> <span class='ocrx_word' id='word_1_113' title='bbox 1051 455 1348 523; x_wconf 80' lang='lat' dir='ltr'><strong>diceretur,</strong></span> <span class='ocrx_word' id='word_1_114' title='bbox 1371 458 1484 528; x_wconf 72' lang='grc' dir='ltr'><strong>(Π)</strong></span> <span class='ocrx_word' id='word_1_115' title='bbox 1512 459 1769 515; x_wconf 88' lang='lat' dir='ltr'><strong>continuo</strong></span> <span class='ocrx_word' id='word_1_116' title='bbox 1798 461 1969 529; x_wconf 78' lang='lat' dir='ltr'><strong>suliji-</strong></span> <span class='ocrx_word' id='word_1_117' title='bbox 2000 470 2045 524; x_wconf 84' lang='grc' dir='ltr'><strong>Α</strong></span> <span class='ocrx_word' id='word_1_118' title='bbox 2075 466 2153 518; x_wconf 86' lang='lat' dir='ltr'><strong>vit</strong></span> <span class='ocrx_word' id='word_1_119' title='bbox 2182 464 2460 534; x_wconf 77' lang='lat' dir='ltr'><strong>angustias</strong></span> <span class='ocrx_word' id='word_1_120' title='bbox 2492 468 2504 520; x_wconf 66' lang='grc' dir='ltr'><strong>ἱ</strong></span> <span class='ocrx_word' id='word_1_121' title='bbox 2546 469 2633 522; x_wconf 82' lang='lat' dir='ltr'><strong>Ait</strong></span> <span class='ocrx_word' id='word_1_122' title='bbox 2661 469 2802 522; x_wconf 91' lang='lat' dir='ltr'><strong>enim</strong></span> 
     </span>
    </p>
   </div>
   <div class='ocr_carea' id='block_1_18' title="bbox 3545 349 3664 405">
    <p class='ocr_par' dir='ltr' id='par_1_18' title="bbox 3545 349 3664 405">
     <span class='ocr_line' id='line_1_18' title="bbox 3545 349 3664 405; baseline 0 -2"><span class='ocrx_word' id='word_1_123' title='bbox 3545 349 3664 405; x_wconf 62' lang='lat'><strong>620</strong></span> 
     </span>
    </p>
   </div>
   <div class='ocr_carea' id='block_1_19' title="bbox 2838 470 3658 545">
    <p class='ocr_par' dir='ltr' id='par_1_19' title="bbox 2838 470 3658 545">
     <span class='ocr_line' id='line_1_19' title="bbox 2838 470 3658 545; baseline 0.012 -21"><span class='ocrx_word' id='word_1_124' title='bbox 2838 489 2849 524; x_wconf 92' lang='lat'>:</span> <span class='ocrx_word' id='word_1_125' title='bbox 2886 470 3022 537; x_wconf 86' lang='lat' dir='ltr'><strong>Quid</strong></span> <span class='ocrx_word' id='word_1_126' title='bbox 3048 485 3123 528; x_wconf 80' lang='lat' dir='ltr'><strong>est</strong></span> <span class='ocrx_word' id='word_1_127' title='bbox 3158 476 3299 545; x_wconf 88' lang='lat' dir='ltr'><strong>quod</strong></span> <span class='ocrx_word' id='word_1_128' title='bbox 3322 476 3453 529; x_wconf 78' lang='lat' dir='ltr'><strong>dixit</strong></span> <span class='ocrx_word' id='word_1_129' title='bbox 3482 475 3658 544; x_wconf 71' lang='lat' dir='ltr'><strong>Deus,</strong></span> 
     </span>
    </p>
   </div>
   <div class='ocr_carea' id='block_1_20' title="bbox 2064 560 3663 639">
    <p class='ocr_par' dir='ltr' id='par_1_20' title="bbox 2064 560 3663 639">
     <span class='ocr_line' id='line_1_20' title="bbox 2064 560 3663 639; baseline 0.011 -30"><span class='ocrx_word' id='word_1_130' title='bbox 2064 567 2120 610; x_wconf 90' lang='lat' dir='ltr'><strong>ut</strong></span> <span class='ocrx_word' id='word_1_131' title='bbox 2157 574 2222 610; x_wconf 74' lang='lat' dir='ltr'><strong>ex</strong></span> <span class='ocrx_word' id='word_1_132' title='bbox 2250 560 2393 611; x_wconf 89' lang='lat' dir='ltr'><strong>omni</strong></span> <span class='ocrx_word' id='word_1_133' title='bbox 2423 561 2567 627; x_wconf 86' lang='lat' dir='ltr'><strong>ligno</strong></span> <span class='ocrx_word' id='word_1_134' title='bbox 2615 564 2853 631; x_wconf 76' lang='lat' dir='ltr'><strong>paradisi</strong></span> <span class='ocrx_word' id='word_1_135' title='bbox 2906 583 3009 619; x_wconf 90' lang='lat' dir='ltr'><strong>non</strong></span> <span class='ocrx_word' id='word_1_136' title='bbox 3060 570 3496 624; x_wconf 69' lang='lat' dir='ltr'><strong>manducetis”?</strong></span> <span class='ocrx_word' id='word_1_137' title='bbox 3530 570 3663 639; x_wconf 86' lang='lat' dir='ltr'><strong>Quo</strong></span> 
     </span>
    </p>
   </div>
   <div class='ocr_carea' id='block_1_21' title="bbox 2062 651 3653 733">
    <p class='ocr_par' dir='ltr' id='par_1_21' title="bbox 2062 651 3653 733">
     <span class='ocr_line' id='line_1_21' title="bbox 2062 651 3653 733; baseline 0.009 -29"><span class='ocrx_word' id='word_1_138' title='bbox 2062 651 2271 704; x_wconf 77' lang='lat' dir='ltr'><strong>scilicet</strong></span> <span class='ocrx_word' id='word_1_139' title='bbox 2309 667 2405 719; x_wconf 90' lang='lat' dir='ltr'><strong>per</strong></span> <span class='ocrx_word' id='word_1_140' title='bbox 2448 653 2552 708; x_wconf 89' lang='lat' dir='ltr'><strong>hoc</strong></span> <span class='ocrx_word' id='word_1_141' title='bbox 2587 671 2751 724; x_wconf 86' lang='lat' dir='ltr'><strong>grave</strong></span> <span class='ocrx_word' id='word_1_142' title='bbox 2800 672 2923 711; x_wconf 87' lang='lat' dir='ltr'><strong>esse</strong></span> <span class='ocrx_word' id='word_1_143' title='bbox 2975 675 3301 730; x_wconf 74' lang='lat' dir='ltr'><strong>praeceptum</strong></span> <span class='ocrx_word' id='word_1_144' title='bbox 3354 661 3448 717; x_wconf 86' lang='lat' dir='ltr'><strong>Dei</strong></span> <span class='ocrx_word' id='word_1_145' title='bbox 3502 666 3653 733; x_wconf 87' lang='lat' dir='ltr'><strong>apud</strong></span> 
     </span>
    </p>
   </div>
   <div class='ocr_carea' id='block_1_22' title="bbox 2063 742 3657 827">
    <p class='ocr_par' dir='ltr' id='par_1_22' title="bbox 2063 742 3657 827">
     <span class='ocr_line' id='line_1_22' title="bbox 2063 742 3657 827; baseline 0.01 -31"><span class='ocrx_word' id='word_1_146' title='bbox 2063 742 2337 799; x_wconf 83' lang='lat' dir='ltr'><strong>hominem</strong></span> <span class='ocrx_word' id='word_1_147' title='bbox 2399 761 2765 817; x_wconf 88' lang='lat' dir='ltr'><strong>conquerens,</strong></span> <span class='ocrx_word' id='word_1_148' title='bbox 2837 752 3340 819; x_wconf 66' lang='lat' dir='ltr'><strong>praevaricationem</strong></span> <span class='ocrx_word' id='word_1_149' title='bbox 3394 759 3657 827; x_wconf 66' lang='lat' dir='ltr'><strong>praecepti</strong></span> 
     </span>
    </p>
   </div>
   <div class='ocr_carea' id='block_1_23' title="bbox 2061 832 3696 913">
    <p class='ocr_par' dir='ltr' id='par_1_23' title="bbox 2061 832 3696 913">
     <span class='ocr_line' id='line_1_23' title="bbox 2061 832 3696 913; baseline 0.011 -28"><span class='ocrx_word' id='word_1_150' title='bbox 2061 832 2278 889; x_wconf 81' lang='lat' dir='ltr'><strong>facilius</strong></span> <span class='ocrx_word' id='word_1_151' title='bbox 2321 838 2701 901; x_wconf 88' lang='lat' dir='ltr'><strong>persuaderet.</strong></span> <span class='ocrx_word' id='word_1_152' title='bbox 2751 838 2879 894; x_wconf 79' lang='lat' dir='ltr'><strong>Hzec</strong></span> <span class='ocrx_word' id='word_1_153' title='bbox 2914 842 3160 911; x_wconf 82' lang='lat' dir='ltr'><strong>exempla</strong></span> <span class='ocrx_word' id='word_1_154' title='bbox 3213 845 3382 913; x_wconf 81' lang='lat' dir='ltr'><strong>patris</strong></span> <span class='ocrx_word' id='word_1_155' title='bbox 3410 846 3518 912; x_wconf 89' lang='lat' dir='ltr'><strong>sui,</strong></span> <span class='ocrx_word' id='word_1_156' title='bbox 3562 857 3653 902; x_wconf 85' lang='lat' dir='ltr'><strong>at-</strong></span> <span class='ocrx_word' id='word_1_157' title='bbox 3682 842 3696 863; x_wconf 69' lang='grc'>⁸</span> 
     </span>
    </p>
   </div>
   <div class='ocr_carea' id='block_1_24' title="bbox 2058 925 3649 1004">
    <p class='ocr_par' dir='ltr' id='par_1_24' title="bbox 2058 925 3649 1004">
     <span class='ocr_line' id='line_1_24' title="bbox 2058 925 3649 1004; baseline 0.008 -27"><span class='ocrx_word' id='word_1_158' title='bbox 2058 939 2164 993; x_wconf 92' lang='lat' dir='ltr'><strong>que</strong></span> <span class='ocrx_word' id='word_1_159' title='bbox 2196 925 2338 981; x_wconf 89' lang='lat' dir='ltr'><strong>hanc</strong></span> <span class='ocrx_word' id='word_1_160' title='bbox 2362 935 2536 980; x_wconf 84' lang='lat' dir='ltr'><strong>artem</strong></span> <span class='ocrx_word' id='word_1_161' title='bbox 2574 929 2815 999; x_wconf 82' lang='lat' dir='ltr'><strong>magistri</strong></span> <span class='ocrx_word' id='word_1_162' title='bbox 2859 931 2943 985; x_wconf 92' lang='lat' dir='ltr'><strong>sui</strong></span> <span class='ocrx_word' id='word_1_163' title='bbox 2975 932 3148 985; x_wconf 87' lang='lat' dir='ltr'><strong>secuti</strong></span> <span class='ocrx_word' id='word_1_164' title='bbox 3180 932 3444 998; x_wconf 71' lang='lat' dir='ltr'><strong>haeretici,</strong></span> <span class='ocrx_word' id='word_1_165' title='bbox 3476 949 3649 1004; x_wconf 85' lang='lat' dir='ltr'><strong>quos-</strong></span> 
     </span>
    </p>
   </div>
   <div class='ocr_carea' id='block_1_25' title="bbox 2058 1021 3651 1086">
    <p class='ocr_par' dir='ltr' id='par_1_25' title="bbox 2058 1021 3651 1086">
     <span class='ocr_line' id='line_1_25' title="bbox 2058 1021 3651 1086; baseline 0.009 -18"><span class='ocrx_word' id='word_1_166' title='bbox 2058 1030 2272 1086; x_wconf 83' lang='lat' dir='ltr'><strong>cunque</strong></span> <span class='ocrx_word' id='word_1_167' title='bbox 2302 1027 2547 1074; x_wconf 84' lang='lat' dir='ltr'><strong>veterum</strong></span> <span class='ocrx_word' id='word_1_168' title='bbox 2588 1021 2849 1075; x_wconf 93' lang='lat' dir='ltr'><strong>nobilium</strong></span> <span class='ocrx_word' id='word_1_169' title='bbox 2905 1032 3262 1078; x_wconf 86' lang='lat' dir='ltr'><strong>tractatorum</strong></span> <span class='ocrx_word' id='word_1_170' title='bbox 3318 1026 3651 1084; x_wconf 80' lang='lat' dir='ltr'><strong>invenerunt</strong></span> 
     </span>
    </p>
   </div>
   <div class='ocr_carea' id='block_1_26' title="bbox 2053 1107 3649 1187">
    <p class='ocr_par' dir='ltr' id='par_1_26' title="bbox 2053 1107 3649 1187">
     <span class='ocr_line' id='line_1_26' title="bbox 2053 1107 3649 1187; baseline 0.008 -26"><span class='ocrx_word' id='word_1_171' title='bbox 2053 1107 2124 1162; x_wconf 87' lang='lat' dir='ltr'><strong>de</strong></span> <span class='ocrx_word' id='word_1_172' title='bbox 2159 1108 2263 1175; x_wconf 90' lang='lat' dir='ltr'><strong>his,</strong></span> <span class='ocrx_word' id='word_1_173' title='bbox 2293 1125 2414 1179; x_wconf 83' lang='lat' dir='ltr'><strong>quae</strong></span> <span class='ocrx_word' id='word_1_174' title='bbox 2445 1112 2512 1165; x_wconf 89' lang='lat' dir='ltr'><strong>ad</strong></span> <span class='ocrx_word' id='word_1_175' title='bbox 2545 1111 2772 1182; x_wconf 83' lang='lat' dir='ltr'><strong>gloriam</strong></span> <span class='ocrx_word' id='word_1_176' title='bbox 2821 1113 2914 1168; x_wconf 91' lang='lat' dir='ltr'><strong>Dei</strong></span> <span class='ocrx_word' id='word_1_177' title='bbox 2965 1116 3265 1184; x_wconf 88' lang='lat' dir='ltr'><strong>pertinent,</strong></span> <span class='ocrx_word' id='word_1_178' title='bbox 3309 1117 3467 1187; x_wconf 86' lang='lat' dir='ltr'><strong>plene</strong></span> <span class='ocrx_word' id='word_1_179' title='bbox 3494 1129 3547 1174; x_wconf 92' lang='lat' dir='ltr'><strong>et</strong></span> <span class='ocrx_word' id='word_1_180' title='bbox 3587 1120 3649 1173; x_wconf 80' lang='lat' dir='ltr'><strong>fi-</strong></span> 
     </span>
    </p>
   </div>
   <div class='ocr_carea' id='block_1_27' title="bbox 2056 1198 3640 1277">
    <p class='ocr_par' dir='ltr' id='par_1_27' title="bbox 2056 1198 3640 1277">
     <span class='ocr_line' id='line_1_27' title="bbox 2056 1198 3640 1277; baseline 0.009 -26"><span class='ocrx_word' id='word_1_181' title='bbox 2056 1198 2248 1254; x_wconf 91' lang='lat' dir='ltr'><strong>deliter</strong></span> <span class='ocrx_word' id='word_1_182' title='bbox 2277 1201 2603 1270; x_wconf 88' lang='lat' dir='ltr'><strong>disputasse,</strong></span> <span class='ocrx_word' id='word_1_183' title='bbox 2634 1203 2706 1258; x_wconf 91' lang='lat' dir='ltr'><strong>ita</strong></span> <span class='ocrx_word' id='word_1_184' title='bbox 2731 1212 2789 1257; x_wconf 92' lang='lat' dir='ltr'><strong>ut</strong></span> <span class='ocrx_word' id='word_1_185' title='bbox 2816 1217 2880 1257; x_wconf 78' lang='lat' dir='ltr'><strong>ex</strong></span> <span class='ocrx_word' id='word_1_186' title='bbox 2917 1202 3151 1261; x_wconf 87' lang='lat' dir='ltr'><strong>lectione</strong></span> <span class='ocrx_word' id='word_1_187' title='bbox 3190 1206 3431 1277; x_wconf 90' lang='lat' dir='ltr'><strong>ipsorum</strong></span> <span class='ocrx_word' id='word_1_188' title='bbox 3467 1225 3640 1266; x_wconf 84' lang='lat' dir='ltr'><strong>unus-</strong></span> 
     </span>
    </p>
   </div>
   <div class='ocr_carea' id='block_1_28' title="bbox 2054 1291 3643 1371">
    <p class='ocr_par' dir='ltr' id='par_1_28' title="bbox 2054 1291 3643 1371">
     <span class='ocr_line' id='line_1_28' title="bbox 2054 1291 3643 1371; baseline 0.009 -28"><span class='ocrx_word' id='word_1_189' title='bbox 2054 1291 2283 1360; x_wconf 91' lang='lat' dir='ltr'><strong>quisque</strong></span> <span class='ocrx_word' id='word_1_190' title='bbox 2315 1292 2550 1349; x_wconf 81' lang='lat' dir='ltr'><strong>fidelium</strong></span> <span class='ocrx_word' id='word_1_191' title='bbox 2578 1295 2843 1364; x_wconf 82' lang='lat' dir='ltr'><strong>proficere</strong></span> <span class='ocrx_word' id='word_1_192' title='bbox 2876 1298 3051 1365; x_wconf 90' lang='lat' dir='ltr'><strong>possit</strong></span> <span class='ocrx_word' id='word_1_193' title='bbox 3076 1308 3131 1352; x_wconf 89' lang='lat' dir='ltr'><strong>et</strong></span> <span class='ocrx_word' id='word_1_194' title='bbox 3155 1299 3372 1368; x_wconf 89' lang='lat' dir='ltr'><strong>instrui,</strong></span> <span class='ocrx_word' id='word_1_195' title='bbox 3404 1317 3509 1355; x_wconf 91' lang='lat' dir='ltr'><strong>non</strong></span> <span class='ocrx_word' id='word_1_196' title='bbox 3540 1317 3643 1371; x_wconf 88' lang='lat' dir='ltr'><strong>pe-</strong></span> 
     </span>
    </p>
   </div>
   <div class='ocr_carea' id='block_1_29' title="bbox 2052 1386 3638 1461">
    <p class='ocr_par' dir='ltr' id='par_1_29' title="bbox 2052 1386 3638 1461">
     <span class='ocr_line' id='line_1_29' title="bbox 2052 1386 3638 1461; baseline 0.009 -24"><span class='ocrx_word' id='word_1_197' title='bbox 2052 1394 2349 1452; x_wconf 89' lang='lat' dir='ltr'><strong>percerunt</strong></span> <span class='ocrx_word' id='word_1_198' title='bbox 2396 1386 2621 1452; x_wconf 89' lang='lat' dir='ltr'><strong>scriptis</strong></span> <span class='ocrx_word' id='word_1_199' title='bbox 2666 1402 2855 1442; x_wconf 92' lang='lat' dir='ltr'><strong>eorum</strong></span> <span class='ocrx_word' id='word_1_200' title='bbox 2902 1389 3014 1461; x_wconf 84' lang='lat' dir='ltr'><strong>(l9)</strong></span> <span class='ocrx_word' id='word_1_201' title='bbox 3069 1392 3378 1457; x_wconf 76' lang='lat' dir='ltr'><strong>dogmatum</strong></span> <span class='ocrx_word' id='word_1_202' title='bbox 3413 1410 3638 1451; x_wconf 88' lang='lat' dir='ltr'><strong>suorum</strong></span> 
     </span>
    </p>
   </div>
   <div class='ocr_carea' id='block_1_30' title="bbox 2053 1479 3639 1559">
    <p class='ocr_par' dir='ltr' id='par_1_30' title="bbox 2053 1479 3639 1559">
     <span class='ocr_line' id='line_1_30' title="bbox 2053 1479 3639 1559; baseline 0.008 -28"><span class='ocrx_word' id='word_1_203' title='bbox 2053 1490 2379 1533; x_wconf 83' lang='lat' dir='ltr'><strong>venenatum</strong></span> <span class='ocrx_word' id='word_1_204' title='bbox 2412 1479 2562 1535; x_wconf 88' lang='lat' dir='ltr'><strong>virus</strong></span> <span class='ocrx_word' id='word_1_205' title='bbox 2596 1480 2902 1547; x_wconf 87' lang='lat' dir='ltr'><strong>infundere,</strong></span> <span class='ocrx_word' id='word_1_206' title='bbox 2948 1484 3073 1555; x_wconf 25' lang='lat' dir='ltr'><strong>sive,</strong></span> <span class='ocrx_word' id='word_1_207' title='bbox 3105 1486 3481 1556; x_wconf 89' lang='lat' dir='ltr'><strong>interpolando</strong></span> <span class='ocrx_word' id='word_1_208' title='bbox 3515 1504 3639 1559; x_wconf 70' lang='lat' dir='ltr'><strong>quas</strong></span> 
     </span>
    </p>
   </div>
   <div class='ocr_carea' id='block_1_31' title="bbox 2050 1572 3636 1651">
    <p class='ocr_par' dir='ltr' id='par_1_31' title="bbox 2050 1572 3636 1651">
     <span class='ocr_line' id='line_1_31' title="bbox 2050 1572 3636 1651; baseline 0.008 -25"><span class='ocrx_word' id='word_1_209' title='bbox 2050 1572 2320 1638; x_wconf 78' lang='lat' dir='ltr'><strong>dixerant,</strong></span> <span class='ocrx_word' id='word_1_210' title='bbox 2351 1573 2465 1629; x_wconf 84' lang='lat' dir='ltr'><strong>sive</strong></span> <span class='ocrx_word' id='word_1_211' title='bbox 2491 1588 2613 1644; x_wconf 71' lang='lat' dir='ltr'><strong>quae</strong></span> <span class='ocrx_word' id='word_1_212' title='bbox 2643 1590 2747 1629; x_wconf 91' lang='lat' dir='ltr'><strong>non</strong></span> <span class='ocrx_word' id='word_1_213' title='bbox 2781 1577 3031 1633; x_wconf 81' lang='lat' dir='ltr'><strong>dixerant</strong></span> <span class='ocrx_word' id='word_1_214' title='bbox 3059 1579 3365 1641; x_wconf 86' lang='lat' dir='ltr'><strong>inserendo.</strong></span> <span class='ocrx_word' id='word_1_215' title='bbox 3410 1598 3520 1651; x_wconf 90' lang='lat' dir='ltr'><strong>quo</strong></span> <span class='ocrx_word' id='word_1_216' title='bbox 3550 1582 3636 1637; x_wconf 76' lang='lat' dir='ltr'><strong>.‘a-</strong></span> 
     </span>
    </p>
   </div>
   <div class='ocr_carea' id='block_1_32' title="bbox 2048 1662 3636 1743">
    <p class='ocr_par' dir='ltr' id='par_1_32' title="bbox 2048 1662 3636 1743">
     <span class='ocr_line' id='line_1_32' title="bbox 2048 1662 3636 1743; baseline 0.009 -28"><span class='ocrx_word' id='word_1_217' title='bbox 2048 1662 2209 1717; x_wconf 90' lang='lat' dir='ltr'><strong>cilius</strong></span> <span class='ocrx_word' id='word_1_218' title='bbox 2243 1663 2496 1719; x_wconf 89' lang='lat' dir='ltr'><strong>videlicet</strong></span> <span class='ocrx_word' id='word_1_219' title='bbox 2538 1665 2641 1719; x_wconf 88' lang='lat' dir='ltr'><strong>sub</strong></span> <span class='ocrx_word' id='word_1_220' title='bbox 2696 1668 2915 1721; x_wconf 91' lang='lat' dir='ltr'><strong>nomine</strong></span> <span class='ocrx_word' id='word_1_221' title='bbox 2963 1668 3263 1724; x_wconf 88' lang='lat' dir='ltr'><strong>doctissimi</strong></span> <span class='ocrx_word' id='word_1_222' title='bbox 3296 1670 3553 1743; x_wconf 87' lang='lat' dir='ltr'><strong>cujusque</strong></span> <span class='ocrx_word' id='word_1_223' title='bbox 3577 1685 3636 1729; x_wconf 89' lang='lat' dir='ltr'><strong>et</strong></span> 
     </span>
    </p>
   </div>
   <div class='ocr_carea' id='block_1_33' title="bbox 2050 1752 3635 1825">
    <p class='ocr_par' dir='ltr' id='par_1_33' title="bbox 2050 1752 3635 1825">
     <span class='ocr_line' id='line_1_33' title="bbox 2050 1752 3635 1825; baseline 0.01 -20"><span class='ocrx_word' id='word_1_224' title='bbox 2050 1752 2246 1808; x_wconf 89' lang='lat' dir='ltr'><strong>nobilis</strong></span> <span class='ocrx_word' id='word_1_225' title='bbox 2285 1753 2428 1808; x_wconf 91' lang='lat' dir='ltr'><strong>inter</strong></span> <span class='ocrx_word' id='word_1_226' title='bbox 2460 1756 2754 1825; x_wconf 88' lang='lat' dir='ltr'><strong>scriptores</strong></span> <span class='ocrx_word' id='word_1_227' title='bbox 2801 1759 3206 1815; x_wconf 89' lang='lat' dir='ltr'><strong>ecclesiasticos</strong></span> <span class='ocrx_word' id='word_1_228' title='bbox 3256 1765 3358 1817; x_wconf 91' lang='lat' dir='ltr'><strong>viri</strong></span> <span class='ocrx_word' id='word_1_229' title='bbox 3408 1766 3635 1821; x_wconf 61' lang='lat' dir='ltr'><strong>haeresis</strong></span> 
     </span>
    </p>
   </div>
   <div class='ocr_carea' id='block_1_34' title="bbox 359 1818 3635 1922">
    <p class='ocr_par' dir='ltr' id='par_1_34' title="bbox 359 1818 3635 1922">
     <span class='ocr_line' id='line_1_34' title="bbox 359 1818 3635 1922; baseline 0.007 -31"><span class='ocrx_word' id='word_1_230' title='bbox 359 1838 433 1892; x_wconf 82' lang='lat' dir='ltr'><strong>sit</strong></span> <span class='ocrx_word' id='word_1_231' title='bbox 460 1838 512 1892; x_wconf 96' lang='lat' dir='ltr'><strong>in</strong></span> <span class='ocrx_word' id='word_1_232' title='bbox 532 1853 719 1904; x_wconf 86' lang='lat' dir='ltr'><strong>causa,</strong></span> <span class='ocrx_word' id='word_1_233' title='bbox 746 1854 907 1909; x_wconf 87' lang='lat' dir='ltr'><strong>quam</strong></span> <span class='ocrx_word' id='word_1_234' title='bbox 929 1853 1151 1908; x_wconf 90' lang='lat' dir='ltr'><strong>possum</strong></span> <span class='ocrx_word' id='word_1_235' title='bbox 1180 1840 1421 1897; x_wconf 84' lang='lat' dir='ltr'><strong>breviter</strong></span> <span class='ocrx_word' id='word_1_236' title='bbox 1438 1842 1700 1898; x_wconf 91' lang='lat' dir='ltr'><strong>edocebo.</strong></span> <span class='ocrx_word' id='word_1_237' title='bbox 1728 1844 1938 1911; x_wconf 87' lang='lat' dir='ltr'><strong>Quanta</strong></span> <span class='ocrx_word' id='word_1_238' title='bbox 1977 1818 2020 1872; x_wconf 78' lang='grc' dir='ltr'>Β</span> <span class='ocrx_word' id='word_1_239' title='bbox 2054 1860 2165 1899; x_wconf 73' lang='lat' dir='ltr'><strong>suae</strong></span> <span class='ocrx_word' id='word_1_240' title='bbox 2208 1852 2547 1900; x_wconf 89' lang='lat' dir='ltr'><strong>astrueretur</strong></span> <span class='ocrx_word' id='word_1_241' title='bbox 2587 1851 2838 1916; x_wconf 86' lang='lat' dir='ltr'><strong>assertio,</strong></span> <span class='ocrx_word' id='word_1_242' title='bbox 2879 1866 2944 1905; x_wconf 80' lang='lat' dir='ltr'><strong>ex</strong></span> <span class='ocrx_word' id='word_1_243' title='bbox 2977 1866 3044 1906; x_wconf 91' lang='lat' dir='ltr'><strong>eo</strong></span> <span class='ocrx_word' id='word_1_244' title='bbox 3087 1854 3229 1922; x_wconf 90' lang='lat' dir='ltr'><strong>quod</strong></span> <span class='ocrx_word' id='word_1_245' title='bbox 3271 1855 3343 1909; x_wconf 92' lang='lat' dir='ltr'><strong>ita</strong></span> <span class='ocrx_word' id='word_1_246' title='bbox 3395 1858 3635 1914; x_wconf 87' lang='lat' dir='ltr'><strong>sensisse</strong></span> 
     </span>
    </p>
   </div>
   <div class='ocr_carea' id='block_1_35' title="bbox 359 1928 1939 2001">
    <p class='ocr_par' dir='ltr' id='par_1_35' title="bbox 359 1928 1939 2001">
     <span class='ocr_line' id='line_1_35' title="bbox 359 1928 1939 2001; baseline 0.005 -20"><span class='ocrx_word' id='word_1_247' title='bbox 359 1928 431 1982; x_wconf 87' lang='lat' dir='ltr'><strong>sit</strong></span> <span class='ocrx_word' id='word_1_248' title='bbox 464 1928 848 1984; x_wconf 72' lang='lat' dir='ltr'><strong>haereticorum</strong></span> <span class='ocrx_word' id='word_1_249' title='bbox 898 1931 1203 1998; x_wconf 87' lang='lat' dir='ltr'><strong>temeritas,</strong></span> <span class='ocrx_word' id='word_1_250' title='bbox 1248 1946 1410 2001; x_wconf 91' lang='lat' dir='ltr'><strong>quam</strong></span> <span class='ocrx_word' id='word_1_251' title='bbox 1462 1933 1599 1988; x_wconf 86' lang='lat' dir='ltr'><strong>nihil</strong></span> <span class='ocrx_word' id='word_1_252' title='bbox 1627 1934 1713 1989; x_wconf 90' lang='lat' dir='ltr'><strong>bis</strong></span> <span class='ocrx_word' id='word_1_253' title='bbox 1740 1936 1939 2001; x_wconf 87' lang='lat' dir='ltr'><strong>sancti,</strong></span> 
     </span>
    </p>
   </div>
   <div class='ocr_carea' id='block_1_36' title="bbox 350 2020 1936 2095">
    <p class='ocr_par' dir='ltr' id='par_1_36' title="bbox 350 2020 1936 2095">
     <span class='ocr_line' id='line_1_36' title="bbox 350 2020 1936 2095; baseline 0.004 -20"><span class='ocrx_word' id='word_1_254' title='bbox 350 2020 497 2075; x_wconf 71' lang='lat' dir='ltr'><strong>nihil</strong></span> <span class='ocrx_word' id='word_1_255' title='bbox 519 2023 673 2091; x_wconf 90' lang='lat' dir='ltr'><strong>pensi</strong></span> <span class='ocrx_word' id='word_1_256' title='bbox 703 2023 795 2089; x_wconf 89' lang='lat' dir='ltr'><strong>sit,</strong></span> <span class='ocrx_word' id='word_1_257' title='bbox 832 2021 993 2078; x_wconf 79' lang='lat' dir='ltr'><strong>facile</strong></span> <span class='ocrx_word' id='word_1_258' title='bbox 1033 2023 1257 2095; x_wconf 78' lang='lat' dir='ltr'><strong>intelligi</strong></span> <span class='ocrx_word' id='word_1_259' title='bbox 1285 2023 1447 2080; x_wconf 88' lang='lat' dir='ltr'><strong>datur</strong></span> <span class='ocrx_word' id='word_1_260' title='bbox 1476 2040 1544 2079; x_wconf 76' lang='lat' dir='ltr'><strong>ex</strong></span> <span class='ocrx_word' id='word_1_261' title='bbox 1582 2026 1664 2080; x_wconf 91' lang='lat' dir='ltr'><strong>his</strong></span> <span class='ocrx_word' id='word_1_262' title='bbox 1684 2040 1805 2095; x_wconf 69' lang='lat' dir='ltr'><strong>qua:</strong></span> <span class='ocrx_word' id='word_1_263' title='bbox 1827 2025 1936 2082; x_wconf 85' lang='lat' dir='ltr'><strong>fre-</strong></span> 
     </span>
    </p>
   </div>
   <div class='ocr_carea' id='block_1_37' title="bbox 356 2113 1939 2187">
    <p class='ocr_par' dir='ltr' id='par_1_37' title="bbox 356 2113 1939 2187">
     <span class='ocr_line' id='line_1_37' title="bbox 356 2113 1939 2187; baseline 0.004 -22"><span class='ocrx_word' id='word_1_264' title='bbox 356 2124 592 2181; x_wconf 88' lang='lat' dir='ltr'><strong>quenter</strong></span> <span class='ocrx_word' id='word_1_265' title='bbox 621 2121 676 2168; x_wconf 90' lang='lat' dir='ltr'><strong>et</strong></span> <span class='ocrx_word' id='word_1_266' title='bbox 716 2113 836 2167; x_wconf 88' lang='lat' dir='ltr'><strong>ausi</strong></span> <span class='ocrx_word' id='word_1_267' title='bbox 868 2123 997 2168; x_wconf 91' lang='lat' dir='ltr'><strong>sunt</strong></span> <span class='ocrx_word' id='word_1_268' title='bbox 1035 2124 1089 2169; x_wconf 91' lang='lat' dir='ltr'><strong>et</strong></span> <span class='ocrx_word' id='word_1_269' title='bbox 1124 2115 1380 2169; x_wconf 84' lang='lat' dir='ltr'><strong>convicti.</strong></span> <span class='ocrx_word' id='word_1_270' title='bbox 1430 2114 1563 2169; x_wconf 88' lang='lat' dir='ltr'><strong>Nam</strong></span> <span class='ocrx_word' id='word_1_271' title='bbox 1623 2115 1764 2171; x_wconf 88' lang='lat' dir='ltr'><strong>sicut</strong></span> <span class='ocrx_word' id='word_1_272' title='bbox 1802 2117 1939 2187; x_wconf 88' lang='lat' dir='ltr'><strong>patri</strong></span> 
     </span>
    </p>
   </div>
   <div class='ocr_carea' id='block_1_38' title="bbox 350 2205 1935 2274">
    <p class='ocr_par' dir='ltr' id='par_1_38' title="bbox 350 2205 1935 2274">
     <span class='ocr_line' id='line_1_38' title="bbox 350 2205 1935 2274; baseline 0 -13"><span class='ocrx_word' id='word_1_273' title='bbox 350 2206 599 2274; x_wconf 85' lang='lat' dir='ltr'><strong>ipsorum</strong></span> <span class='ocrx_word' id='word_1_274' title='bbox 653 2205 863 2260; x_wconf 90' lang='lat' dir='ltr'><strong>diabolo</strong></span> <span class='ocrx_word' id='word_1_275' title='bbox 913 2207 981 2261; x_wconf 86' lang='lat' dir='ltr'><strong>ab</strong></span> <span class='ocrx_word' id='word_1_276' title='bbox 1011 2205 1167 2261; x_wconf 91' lang='lat' dir='ltr'><strong>initio</strong></span> <span class='ocrx_word' id='word_1_277' title='bbox 1209 2206 1405 2263; x_wconf 88' lang='lat' dir='ltr'><strong>falsare</strong></span> <span class='ocrx_word' id='word_1_278' title='bbox 1454 2207 1617 2262; x_wconf 88' lang='lat' dir='ltr'><strong>verba</strong></span> <span class='ocrx_word' id='word_1_279' title='bbox 1664 2208 1795 2273; x_wconf 88' lang='lat' dir='ltr'><strong>Dei,</strong></span> <span class='ocrx_word' id='word_1_280' title='bbox 1848 2218 1935 2261; x_wconf 89' lang='lat' dir='ltr'><strong>at-</strong></span> 
     </span>
    </p>
   </div>
   <div class='ocr_carea' id='block_1_39' title="bbox 348 2295 1926 2365">
    <p class='ocr_par' dir='ltr' id='par_1_39' title="bbox 348 2295 1926 2365">
     <span class='ocr_line' id='line_1_39' title="bbox 348 2295 1926 2365; baseline 0.001 -16"><span class='ocrx_word' id='word_1_281' title='bbox 348 2310 461 2365; x_wconf 89' lang='lat' dir='ltr'><strong>que</strong></span> <span class='ocrx_word' id='word_1_282' title='bbox 489 2295 761 2352; x_wconf 86' lang='lat' dir='ltr'><strong>inflectere</strong></span> <span class='ocrx_word' id='word_1_283' title='bbox 790 2313 821 2351; x_wconf 85' lang='lat' dir='ltr'><strong>a</strong></span> <span class='ocrx_word' id='word_1_284' title='bbox 852 2313 951 2353; x_wconf 89' lang='lat' dir='ltr'><strong>suo</strong></span> <span class='ocrx_word' id='word_1_285' title='bbox 977 2299 1187 2363; x_wconf 88' lang='lat' dir='ltr'><strong>ordine,</strong></span> <span class='ocrx_word' id='word_1_286' title='bbox 1233 2309 1289 2353; x_wconf 91' lang='lat' dir='ltr'><strong>et</strong></span> <span class='ocrx_word' id='word_1_287' title='bbox 1329 2298 1414 2354; x_wconf 87' lang='lat' dir='ltr'><strong>sui</strong></span> <span class='ocrx_word' id='word_1_288' title='bbox 1461 2297 1660 2354; x_wconf 86' lang='lat' dir='ltr'><strong>veneni</strong></span> <span class='ocrx_word' id='word_1_289' title='bbox 1694 2297 1926 2351; x_wconf 80' lang='lat' dir='ltr'><strong>interse-</strong></span> 
     </span>
    </p>
   </div>
   <div class='ocr_carea' id='block_1_40' title="bbox 348 2389 1937 2459">
    <p class='ocr_par' dir='ltr' id='par_1_40' title="bbox 348 2389 1937 2459">
     <span class='ocr_line' id='line_1_40' title="bbox 348 2389 1937 2459; baseline 0.002 -15"><span class='ocrx_word' id='word_1_290' title='bbox 348 2400 478 2444; x_wconf 82' lang='lat' dir='ltr'><strong>rere</strong></span> <span class='ocrx_word' id='word_1_291' title='bbox 505 2389 656 2443; x_wconf 87' lang='lat' dir='ltr'><strong>virus</strong></span> <span class='ocrx_word' id='word_1_292' title='bbox 682 2390 921 2444; x_wconf 90' lang='lat' dir='ltr'><strong>studium</strong></span> <span class='ocrx_word' id='word_1_293' title='bbox 978 2391 1124 2459; x_wconf 87' lang='lat' dir='ltr'><strong>fuit;</strong></span> <span class='ocrx_word' id='word_1_294' title='bbox 1183 2393 1253 2445; x_wconf 90' lang='lat' dir='ltr'><strong>ita</strong></span> <span class='ocrx_word' id='word_1_295' title='bbox 1297 2402 1354 2447; x_wconf 91' lang='lat' dir='ltr'><strong>et</strong></span> <span class='ocrx_word' id='word_1_296' title='bbox 1387 2392 1505 2447; x_wconf 90' lang='lat' dir='ltr'><strong>istis</strong></span> <span class='ocrx_word' id='word_1_297' title='bbox 1527 2390 1937 2447; x_wconf 89' lang='lat' dir='ltr'><strong>successoribus</strong></span> 
     </span>
    </p>
   </div>
   <div class='ocr_carea' id='block_1_41' title="bbox 349 2480 1937 2552">
    <p class='ocr_par' dir='ltr' id='par_1_41' title="bbox 349 2480 1937 2552">
     <span class='ocr_line' id='line_1_41' title="bbox 349 2480 1937 2552; baseline 0.002 -17"><span class='ocrx_word' id='word_1_298' title='bbox 349 2480 467 2535; x_wconf 82' lang='lat' dir='ltr'><strong>suis</strong></span> <span class='ocrx_word' id='word_1_299' title='bbox 498 2480 639 2534; x_wconf 90' lang='lat' dir='ltr'><strong>hanc</strong></span> <span class='ocrx_word' id='word_1_300' title='bbox 674 2494 785 2535; x_wconf 65' lang='lat' dir='ltr'><strong>suae</strong></span> <span class='ocrx_word' id='word_1_301' title='bbox 820 2482 955 2536; x_wconf 89' lang='lat' dir='ltr'><strong>artis</strong></span> <span class='ocrx_word' id='word_1_302' title='bbox 981 2483 1350 2539; x_wconf 68' lang='lat' dir='ltr'><strong>bmreditatem</strong></span> <span class='ocrx_word' id='word_1_303' title='bbox 1408 2482 1648 2552; x_wconf 80' lang='lat' dir='ltr'><strong>reliquit.</strong></span> <span class='ocrx_word' id='word_1_304' title='bbox 1695 2483 1937 2551; x_wconf 91' lang='lat' dir='ltr'><strong>Denique</strong></span> 
     </span>
    </p>
   </div>
   <div class='ocr_carea' id='block_1_42' title="bbox 349 2572 1933 2645">
    <p class='ocr_par' dir='ltr' id='par_1_42' title="bbox 349 2572 1933 2645">
     <span class='ocr_line' id='line_1_42' title="bbox 349 2572 1933 2645; baseline 0.002 -19"><span class='ocrx_word' id='word_1_305' title='bbox 349 2586 473 2626; x_wconf 87' lang='lat' dir='ltr'><strong>eum</strong></span> <span class='ocrx_word' id='word_1_306' title='bbox 503 2572 726 2627; x_wconf 78' lang='lat' dir='ltr'><strong>dixisset</strong></span> <span class='ocrx_word' id='word_1_307' title='bbox 759 2572 900 2628; x_wconf 88' lang='lat' dir='ltr'><strong>Deus</strong></span> <span class='ocrx_word' id='word_1_308' title='bbox 926 2575 991 2629; x_wconf 86' lang='lat' dir='ltr'><strong>ad</strong></span> <span class='ocrx_word' id='word_1_309' title='bbox 1028 2575 1243 2630; x_wconf 87' lang='lat' dir='ltr'><strong>Adam:</strong></span> <span class='ocrx_word' id='word_1_310' title='bbox 1280 2575 1366 2630; x_wconf 79' lang='lat' dir='ltr'><strong>Ea:</strong></span> <span class='ocrx_word' id='word_1_311' title='bbox 1408 2579 1549 2629; x_wconf 88' lang='lat' dir='ltr'><strong>omni</strong></span> <span class='ocrx_word' id='word_1_312' title='bbox 1586 2575 1733 2645; x_wconf 81' lang='lat' dir='ltr'><strong>tigno</strong></span> <span class='ocrx_word' id='word_1_313' title='bbox 1768 2592 1933 2643; x_wconf 88' lang='lat' dir='ltr'><strong>para-</strong></span> 
     </span>
    </p>
   </div>
   <div class='ocr_carea' id='block_1_43' title="bbox 348 2658 1926 2731">
    <p class='ocr_par' dir='ltr' id='par_1_43' title="bbox 348 2658 1926 2731">
     <span class='ocr_line' id='line_1_43' title="bbox 348 2658 1926 2731; baseline 0.003 -15"><span class='ocrx_word' id='word_1_314' title='bbox 348 2658 455 2717; x_wconf 89' lang='lat' dir='ltr'><strong>disi</strong></span> <span class='ocrx_word' id='word_1_315' title='bbox 481 2666 868 2719; x_wconf 85' lang='lat' dir='ltr'><strong>manducabitis</strong></span> <span class='ocrx_word' id='word_1_316' title='bbox 891 2666 935 2698; x_wconf 83' lang='grc'><strong>⁸⁷</strong></span> <span class='ocrx_word' id='word_1_317' title='bbox 964 2685 976 2719; x_wconf 90' lang='lat'><strong>:</strong></span> <span class='ocrx_word' id='word_1_318' title='bbox 1008 2665 1098 2720; x_wconf 89' lang='lat' dir='ltr'><strong>ille</strong></span> <span class='ocrx_word' id='word_1_319' title='bbox 1121 2682 1246 2721; x_wconf 92' lang='lat' dir='ltr'><strong>cum</strong></span> <span class='ocrx_word' id='word_1_320' title='bbox 1276 2666 1440 2721; x_wconf 91' lang='lat' dir='ltr'><strong>vellet</strong></span> <span class='ocrx_word' id='word_1_321' title='bbox 1461 2667 1628 2720; x_wconf 88' lang='lat' dir='ltr'><strong>Evam</strong></span> <span class='ocrx_word' id='word_1_322' title='bbox 1658 2665 1926 2731; x_wconf 88' lang='lat' dir='ltr'><strong>decipere,</strong></span> 
     </span>
    </p>
   </div>
   <div class='ocr_carea' id='block_1_44' title="bbox 348 2751 1930 2829">
    <p class='ocr_par' dir='ltr' id='par_1_44' title="bbox 348 2751 1930 2829">
     <span class='ocr_line' id='line_1_44' title="bbox 348 2751 1930 2829; baseline 0.002 -18"><span class='ocrx_word' id='word_1_323' title='bbox 348 2751 731 2813; x_wconf 86' lang='lat' dir='ltr'><strong>liberalitatem</strong></span> <span class='ocrx_word' id='word_1_324' title='bbox 782 2758 871 2813; x_wconf 87' lang='lat' dir='ltr'><strong>Dei</strong></span> <span class='ocrx_word' id='word_1_325' title='bbox 920 2759 1101 2813; x_wconf 89' lang='lat' dir='ltr'><strong>omnia</strong></span> <span class='ocrx_word' id='word_1_326' title='bbox 1140 2758 1300 2813; x_wconf 90' lang='lat' dir='ltr'><strong>edere</strong></span> <span class='ocrx_word' id='word_1_327' title='bbox 1349 2760 1776 2829; x_wconf 86' lang='lat' dir='ltr'><strong>permittentem,</strong></span> <span class='ocrx_word' id='word_1_328' title='bbox 1826 2776 1930 2814; x_wconf 87' lang='lat' dir='ltr'><strong>una</strong></span> 
     </span>
    </p>
   </div>
   <div class='ocr_carea' id='block_1_45' title="bbox 347 2852 1934 2923">
    <p class='ocr_par' dir='ltr' id='par_1_45' title="bbox 347 2852 1934 2923">
     <span class='ocr_line' id='line_1_45' title="bbox 347 2852 1934 2923; baseline 0.001 -16"><span class='ocrx_word' id='word_1_329' title='bbox 347 2852 727 2908; x_wconf 87' lang='lat' dir='ltr'><strong>tantummodo</strong></span> <span class='ocrx_word' id='word_1_330' title='bbox 764 2852 1051 2923; x_wconf 87' lang='lat' dir='ltr'><strong>interjceta</strong></span> <span class='ocrx_word' id='word_1_331' title='bbox 1080 2852 1308 2923; x_wconf 78' lang='lat' dir='ltr'><strong>syllaba,</strong></span> <span class='ocrx_word' id='word_1_332' title='bbox 1337 2853 1389 2907; x_wconf 93' lang='lat' dir='ltr'><strong>in</strong></span> <span class='ocrx_word' id='word_1_333' title='bbox 1426 2865 1657 2922; x_wconf 86' lang='lat' dir='ltr'><strong>quantas</strong></span> <span class='ocrx_word' id='word_1_334' title='bbox 1685 2861 1934 2908; x_wconf 86' lang='lat' dir='ltr'><strong>coarcta-</strong></span> 
     </span>
    </p>
   </div>
   <div class='ocr_carea' id='block_1_46' title="bbox 421 2973 1453 3039">
    <p class='ocr_par' dir='ltr' id='par_1_46' title="bbox 421 2973 1453 3039">
     <span class='ocr_line' id='line_1_46' title="bbox 421 2973 1453 3039; baseline 0 -10"><span class='ocrx_word' id='word_1_335' title='bbox 421 2974 466 3005; x_wconf 80' lang='grc'><strong>⁸⁷</strong></span> <span class='ocrx_word' id='word_1_336' title='bbox 492 2974 690 3030; x_wconf 89' lang='lat' dir='ltr'><strong>Genes.</strong></span> <span class='ocrx_word' id='word_1_337' title='bbox 724 2973 903 3037; x_wconf 53' lang='grc' dir='ltr'><strong>μήθ.</strong></span> <span class='ocrx_word' id='word_1_338' title='bbox 979 2974 1024 3005; x_wconf 82' lang='grc'>⁸⁸</span> <span class='ocrx_word' id='word_1_339' title='bbox 1050 2974 1252 3030; x_wconf 82' lang='lat' dir='ltr'><strong>Cenes.</strong></span> <span class='ocrx_word' id='word_1_340' title='bbox 1283 2989 1371 3039; x_wconf 89' lang='grc' dir='ltr'>ιιι,</span> <span class='ocrx_word' id='word_1_341' title='bbox 1400 2975 1453 3029; x_wconf 77' lang='grc'><strong>1.</strong></span> 
     </span>
    </p>
   </div>
   <div class='ocr_carea' id='block_1_47' title="bbox 347 3089 2671 3159">
    <p class='ocr_par' dir='ltr' id='par_1_47' title="bbox 347 3089 2671 3159">
     <span class='ocr_line' id='line_1_47' title="bbox 347 3089 2671 3159; baseline -0.004 -12"><span class='ocrx_word' id='word_1_342' title='bbox 347 3094 411 3147; x_wconf 86' lang='lat' dir='ltr'><strong>de</strong></span> <span class='ocrx_word' id='word_1_343' title='bbox 438 3089 744 3159; x_wconf 58' lang='lat' dir='ltr'><strong>angelorum</strong></span> <span class='ocrx_word' id='word_1_344' title='bbox 789 3090 969 3155; x_wconf 87' lang='lat' dir='ltr'><strong>ruina,</strong></span> <span class='ocrx_word' id='word_1_345' title='bbox 998 3090 1063 3142; x_wconf 87' lang='lat' dir='ltr'><strong>de</strong></span> <span class='ocrx_word' id='word_1_346' title='bbox 1089 3092 1388 3143; x_wconf 84' lang='lat' dir='ltr'><strong>animarum</strong></span> <span class='ocrx_word' id='word_1_347' title='bbox 1424 3090 1600 3156; x_wconf 80' lang='lat' dir='ltr'><strong>lapsu,</strong></span> <span class='ocrx_word' id='word_1_348' title='bbox 1648 3093 1712 3146; x_wconf 90' lang='lat' dir='ltr'><strong>de</strong></span> <span class='ocrx_word' id='word_1_349' title='bbox 1748 3108 1920 3145; x_wconf 86' lang='lat' dir='ltr'><strong>resur-</strong></span> <span class='ocrx_word' id='word_1_350' title='bbox 1948 3099 1991 3157; x_wconf 74' lang='grc' dir='ltr'><strong>ς,</strong></span> <span class='ocrx_word' id='word_1_351' title='bbox 2026 3091 2271 3155; x_wconf 78' lang='lat' dir='ltr'><strong>plurimis</strong></span> <span class='ocrx_word' id='word_1_352' title='bbox 2320 3097 2618 3154; x_wconf 67' lang='lat' dir='ltr'><strong>exponatur</strong></span> <span class='ocrx_word' id='word_1_353' title='bbox 2655 3102 2671 3138; x_wconf 93' lang='lat'><em>:</em></span> 
     </span>
    </p>
   </div>
   <div class='ocr_carea' id='block_1_48' title="bbox 344 3160 1921 3232">
    <p class='ocr_par' dir='ltr' id='par_1_48' title="bbox 344 3160 1921 3232">
     <span class='ocr_line' id='line_1_48' title="bbox 344 3160 1921 3232; baseline -0.001 -15"><span class='ocrx_word' id='word_1_354' title='bbox 344 3163 594 3217; x_wconf 69' lang='lat' dir='ltr'><strong>rectienis</strong></span> <span class='ocrx_word' id='word_1_355' title='bbox 618 3160 925 3232; x_wconf 66' lang='lat' dir='ltr'><strong>prtifstigiis,</strong></span> <span class='ocrx_word' id='word_1_356' title='bbox 955 3160 1021 3213; x_wconf 89' lang='lat' dir='ltr'><strong>de</strong></span> <span class='ocrx_word' id='word_1_357' title='bbox 1050 3163 1270 3232; x_wconf 88' lang='lat' dir='ltr'><strong>mundo,</strong></span> <span class='ocrx_word' id='word_1_358' title='bbox 1297 3160 1373 3214; x_wconf 88' lang='lat' dir='ltr'><strong>vel</strong></span> <span class='ocrx_word' id='word_1_359' title='bbox 1400 3162 1757 3216; x_wconf 71' lang='lat' dir='ltr'><strong>intermundia</strong></span> <span class='ocrx_word' id='word_1_360' title='bbox 1788 3161 1921 3232; x_wconf 85' lang='lat' dir='ltr'><strong>Epi-</strong></span> 
     </span>
    </p>
   </div>
   <div class='ocr_carea' id='block_1_49' title="bbox 345 3230 1923 3299">
    <p class='ocr_par' dir='ltr' id='par_1_49' title="bbox 345 3230 1923 3299">
     <span class='ocr_line' id='line_1_49' title="bbox 345 3230 1923 3299; baseline -0.001 -12"><span class='ocrx_word' id='word_1_361' title='bbox 345 3250 484 3293; x_wconf 79' lang='lat' dir='ltr'><strong>cun,</strong></span> <span class='ocrx_word' id='word_1_362' title='bbox 510 3232 573 3284; x_wconf 86' lang='lat' dir='ltr'><strong>de</strong></span> <span class='ocrx_word' id='word_1_363' title='bbox 596 3230 926 3283; x_wconf 73' lang='lat' dir='ltr'><strong>restitutione</strong></span> <span class='ocrx_word' id='word_1_364' title='bbox 960 3232 1189 3282; x_wconf 83' lang='lat' dir='ltr'><strong>omnium</strong></span> <span class='ocrx_word' id='word_1_365' title='bbox 1224 3231 1280 3283; x_wconf 89' lang='lat' dir='ltr'><strong>in</strong></span> <span class='ocrx_word' id='word_1_366' title='bbox 1321 3232 1575 3299; x_wconf 65' lang='lat' dir='ltr'><strong>aequalem</strong></span> <span class='ocrx_word' id='word_1_367' title='bbox 1615 3230 1843 3297; x_wconf 78' lang='lat' dir='ltr'><strong>statum,</strong></span> <span class='ocrx_word' id='word_1_368' title='bbox 1874 3243 1923 3286; x_wconf 91' lang='lat' dir='ltr'><strong>et</strong></span> 
     </span>
    </p>
   </div>
   <div class='ocr_carea' id='block_1_50' title="bbox 346 3300 1925 3370">
    <p class='ocr_par' dir='ltr' id='par_1_50' title="bbox 346 3300 1925 3370">
     <span class='ocr_line' id='line_1_50' title="bbox 346 3300 1925 3370; baseline -0.001 -13"><span class='ocrx_word' id='word_1_369' title='bbox 346 3303 514 3357; x_wconf 80' lang='lat' dir='ltr'><strong>multo</strong></span> <span class='ocrx_word' id='word_1_370' title='bbox 545 3302 627 3354; x_wconf 83' lang='lat' dir='ltr'><strong>his</strong></span> <span class='ocrx_word' id='word_1_371' title='bbox 662 3302 946 3370; x_wconf 77' lang='lat' dir='ltr'><strong>deteriora,</strong></span> <span class='ocrx_word' id='word_1_372' title='bbox 972 3317 1088 3370; x_wconf 70' lang='lat' dir='ltr'><strong>qua:</strong></span> <span class='ocrx_word' id='word_1_373' title='bbox 1115 3300 1330 3368; x_wconf 88' lang='lat' dir='ltr'><strong>longum</strong></span> <span class='ocrx_word' id='word_1_374' title='bbox 1373 3314 1505 3354; x_wconf 82' lang='lat' dir='ltr'><strong>esset</strong></span> <span class='ocrx_word' id='word_1_375' title='bbox 1548 3314 1801 3368; x_wconf 66' lang='lat' dir='ltr'><strong>retexere,</strong></span> <span class='ocrx_word' id='word_1_376' title='bbox 1844 3302 1925 3357; x_wconf 87' lang='lat' dir='ltr'><strong>vel</strong></span> 
     </span>
    </p>
   </div>
   <div class='ocr_carea' id='block_1_51' title="bbox 342 3368 1925 3434">
    <p class='ocr_par' dir='ltr' id='par_1_51' title="bbox 342 3368 1925 3434">
     <span class='ocr_line' id='line_1_51' title="bbox 342 3368 1925 3434; baseline -0.001 -8"><span class='ocrx_word' id='word_1_377' title='bbox 342 3374 421 3426; x_wconf 79' lang='lat' dir='ltr'><strong>ita</strong></span> <span class='ocrx_word' id='word_1_378' title='bbox 454 3374 603 3426; x_wconf 85' lang='lat' dir='ltr'><strong>vertit</strong></span> <span class='ocrx_word' id='word_1_379' title='bbox 640 3382 693 3423; x_wconf 92' lang='lat' dir='ltr'><strong>ut</strong></span> <span class='ocrx_word' id='word_1_380' title='bbox 728 3372 782 3423; x_wconf 90' lang='lat' dir='ltr'><strong>in</strong></span> <span class='ocrx_word' id='word_1_381' title='bbox 813 3368 997 3423; x_wconf 75' lang='lat' dir='ltr'><strong>Crtcco</strong></span> <span class='ocrx_word' id='word_1_382' title='bbox 1029 3372 1319 3434; x_wconf 89' lang='lat' dir='ltr'><strong>invenerat,</strong></span> <span class='ocrx_word' id='word_1_383' title='bbox 1359 3373 1435 3423; x_wconf 86' lang='lat' dir='ltr'><strong>vel</strong></span> <span class='ocrx_word' id='word_1_384' title='bbox 1476 3372 1540 3424; x_wconf 80' lang='lat' dir='ltr'><strong>de</strong></span> <span class='ocrx_word' id='word_1_385' title='bbox 1582 3372 1925 3425; x_wconf 88' lang='lat' dir='ltr'><strong>Commenta-</strong></span> 
     </span>
    </p>
   </div>
   <div class='ocr_carea' id='block_1_52' title="bbox 344 3439 1921 3511">
    <p class='ocr_par' dir='ltr' id='par_1_52' title="bbox 344 3439 1921 3511">
     <span class='ocr_line' id='line_1_52' title="bbox 344 3439 1921 3511; baseline 0 -16"><span class='ocrx_word' id='word_1_386' title='bbox 344 3443 503 3497; x_wconf 82' lang='lat' dir='ltr'><strong>riolis</strong></span> <span class='ocrx_word' id='word_1_387' title='bbox 538 3440 772 3509; x_wconf 79' lang='lat' dir='ltr'><strong>Didymi,</strong></span> <span class='ocrx_word' id='word_1_388' title='bbox 798 3442 887 3505; x_wconf 88' lang='lat' dir='ltr'><strong>qui</strong></span> <span class='ocrx_word' id='word_1_389' title='bbox 920 3439 1165 3511; x_wconf 82' lang='lat' dir='ltr'><strong>Origenis</strong></span> <span class='ocrx_word' id='word_1_390' title='bbox 1208 3441 1574 3507; x_wconf 84' lang='lat' dir='ltr'><strong>apertissimus</strong></span> <span class='ocrx_word' id='word_1_391' title='bbox 1612 3459 1921 3511; x_wconf 84' lang='lat' dir='ltr'><strong>propugna-</strong></span> 
     </span>
    </p>
   </div>
   <div class='ocr_carea' id='block_1_53' title="bbox 346 3510 1923 3580">
    <p class='ocr_par' dir='ltr' id='par_1_53' title="bbox 346 3510 1923 3580">
     <span class='ocr_line' id='line_1_53' title="bbox 346 3510 1923 3580; baseline 0.001 -14"><span class='ocrx_word' id='word_1_392' title='bbox 346 3524 434 3567; x_wconf 82' lang='lat' dir='ltr'><strong>tor</strong></span> <span class='ocrx_word' id='word_1_393' title='bbox 468 3521 572 3575; x_wconf 86' lang='lat' dir='ltr'><strong>est,</strong></span> <span class='ocrx_word' id='word_1_394' title='bbox 615 3521 932 3580; x_wconf 74' lang='lat' dir='ltr'><strong>exaggerata</strong></span> <span class='ocrx_word' id='word_1_395' title='bbox 978 3522 1025 3564; x_wconf 89' lang='lat' dir='ltr'><strong>et</strong></span> <span class='ocrx_word' id='word_1_396' title='bbox 1060 3510 1301 3577; x_wconf 80' lang='lat' dir='ltr'><strong>ﬁrmiora</strong></span> <span class='ocrx_word' id='word_1_397' title='bbox 1340 3514 1538 3579; x_wconf 90' lang='lat' dir='ltr'><strong>posuit.</strong></span> <span class='ocrx_word' id='word_1_398' title='bbox 1577 3512 1617 3565; x_wconf 85' lang='grc' dir='ltr'>Ε</span> <span class='ocrx_word' id='word_1_399' title='bbox 1648 3510 1923 3568; x_wconf 82' lang='lat' dir='ltr'><strong>contrario</strong></span> 
     </span>
    </p>
   </div>
   <div class='ocr_carea' id='block_1_54' title="bbox 345 3581 1924 3654">
    <p class='ocr_par' dir='ltr' id='par_1_54' title="bbox 345 3581 1924 3654">
     <span class='ocr_line' id='line_1_54' title="bbox 345 3581 1924 3654; baseline 0.001 -18"><span class='ocrx_word' id='word_1_400' title='bbox 345 3590 883 3654; x_wconf 12' lang='lat' dir='ltr'><strong>anonymusiauctor</strong></span> <span class='ocrx_word' id='word_1_401' title='bbox 938 3581 1210 3654; x_wconf 75' lang='lat' dir='ltr'><strong>Apologia:</strong></span> <span class='ocrx_word' id='word_1_402' title='bbox 1247 3596 1359 3654; x_wconf 77' lang='lat' dir='ltr'><strong>pro</strong></span> <span class='ocrx_word' id='word_1_403' title='bbox 1403 3581 1631 3651; x_wconf 89' lang='lat' dir='ltr'><strong>Origene</strong></span> <span class='ocrx_word' id='word_1_404' title='bbox 1688 3598 1809 3652; x_wconf 68' lang='lat' dir='ltr'><strong>qua:</strong></span> <span class='ocrx_word' id='word_1_405' title='bbox 1856 3584 1924 3639; x_wconf 89' lang='lat' dir='ltr'><strong>de</strong></span> 
     </span>
    </p>
   </div>
   <div class='ocr_carea' id='block_1_55' title="bbox 342 3650 1923 3721">
    <p class='ocr_par' dir='ltr' id='par_1_55' title="bbox 342 3650 1923 3721">
     <span class='ocr_line' id='line_1_55' title="bbox 342 3650 1923 3721; baseline 0.001 -14"><span class='ocrx_word' id='word_1_406' title='bbox 342 3650 616 3707; x_wconf 62' lang='lat' dir='ltr'><strong>T‘rini&#39;tate</strong></span> <span class='ocrx_word' id='word_1_407' title='bbox 669 3653 724 3705; x_wconf 93' lang='lat' dir='ltr'><strong>in</strong></span> <span class='ocrx_word' id='word_1_408' title='bbox 776 3650 1027 3721; x_wconf 79' lang='lat' dir='ltr'><strong>Origenis</strong></span> <span class='ocrx_word' id='word_1_409' title='bbox 1072 3651 1291 3719; x_wconf 88' lang='lat' dir='ltr'><strong>scriptis</strong></span> <span class='ocrx_word' id='word_1_410' title='bbox 1322 3650 1554 3721; x_wconf 78' lang='lat' dir='ltr'><strong>legebat,</strong></span> <span class='ocrx_word' id='word_1_411' title='bbox 1604 3667 1666 3707; x_wconf 91' lang='lat' dir='ltr'><strong>ea</strong></span> <span class='ocrx_word' id='word_1_412' title='bbox 1706 3650 1823 3707; x_wconf 75' lang='lat' dir='ltr'><strong>non</strong></span> <span class='ocrx_word' id='word_1_413' title='bbox 1854 3654 1923 3709; x_wconf 85' lang='lat' dir='ltr'><strong>ab</strong></span> 
     </span>
    </p>
   </div>
   <div class='ocr_carea' id='block_1_56' title="bbox 342 3722 1923 3793">
    <p class='ocr_par' dir='ltr' id='par_1_56' title="bbox 342 3722 1923 3793">
     <span class='ocr_line' id='line_1_56' title="bbox 342 3722 1923 3793; baseline 0 -14"><span class='ocrx_word' id='word_1_414' title='bbox 342 3724 621 3780; x_wconf 65' lang='lat' dir='ltr'><strong>haereticis</strong></span> <span class='ocrx_word' id='word_1_415' title='bbox 676 3723 879 3776; x_wconf 85' lang='lat' dir='ltr'><strong>inserta</strong></span> <span class='ocrx_word' id='word_1_416' title='bbox 939 3737 1083 3786; x_wconf 90' lang='lat' dir='ltr'><strong>esse,</strong></span> <span class='ocrx_word' id='word_1_417' title='bbox 1132 3722 1224 3775; x_wconf 88' lang='lat' dir='ltr'><strong>sed</strong></span> <span class='ocrx_word' id='word_1_418' title='bbox 1287 3722 1615 3777; x_wconf 88' lang='lat' dir='ltr'><strong>catholicum</strong></span> <span class='ocrx_word' id='word_1_419' title='bbox 1679 3724 1923 3793; x_wconf 86' lang='lat' dir='ltr'><strong>recipere</strong></span> 
     </span>
    </p>
   </div>
   <div class='ocr_carea' id='block_1_57' title="bbox 341 3793 1925 3865">
    <p class='ocr_par' dir='ltr' id='par_1_57' title="bbox 341 3793 1925 3865">
     <span class='ocr_line' id='line_1_57' title="bbox 341 3793 1925 3865; baseline -0.001 -17"><span class='ocrx_word' id='word_1_420' title='bbox 341 3810 505 3865; x_wconf 88' lang='lat' dir='ltr'><strong>posse</strong></span> <span class='ocrx_word' id='word_1_421' title='bbox 536 3808 753 3848; x_wconf 85' lang='lat' dir='ltr'><strong>sensum</strong></span> <span class='ocrx_word' id='word_1_422' title='bbox 780 3793 1176 3865; x_wconf 87' lang='lat' dir='ltr'><strong>contendebat;</strong></span> <span class='ocrx_word' id='word_1_423' title='bbox 1212 3803 1405 3847; x_wconf 63' lang='lat' dir='ltr'><strong>cratera</strong></span> <span class='ocrx_word' id='word_1_424' title='bbox 1432 3804 1611 3847; x_wconf 87' lang='lat' dir='ltr'><strong>autem</strong></span> <span class='ocrx_word' id='word_1_425' title='bbox 1656 3793 1791 3865; x_wconf 82' lang='lat' dir='ltr'><strong>ejus</strong></span> <span class='ocrx_word' id='word_1_426' title='bbox 1828 3796 1925 3847; x_wconf 58' lang='lat' dir='ltr'><strong>do-</strong></span> 
     </span>
    </p>
   </div>
   <div class='ocr_carea' id='block_1_58' title="bbox 346 3864 1924 3935">
    <p class='ocr_par' dir='ltr' id='par_1_58' title="bbox 346 3864 1924 3935">
     <span class='ocr_line' id='line_1_58' title="bbox 346 3864 1924 3935; baseline 0.001 -17"><span class='ocrx_word' id='word_1_427' title='bbox 346 3864 531 3935; x_wconf 62' lang='lat' dir='ltr'><strong>gittata</strong></span> <span class='ocrx_word' id='word_1_428' title='bbox 563 3866 650 3918; x_wconf 83' lang='lat' dir='ltr'><strong>tibi</strong></span> <span class='ocrx_word' id='word_1_429' title='bbox 687 3864 938 3935; x_wconf 78' lang='lat' dir='ltr'><strong>excusari</strong></span> <span class='ocrx_word' id='word_1_430' title='bbox 969 3879 1073 3917; x_wconf 92' lang='lat' dir='ltr'><strong>non</strong></span> <span class='ocrx_word' id='word_1_431' title='bbox 1110 3872 1379 3935; x_wconf 86' lang='lat' dir='ltr'><strong>poterant,</strong></span> <span class='ocrx_word' id='word_1_432' title='bbox 1402 3864 1924 3935; x_wconf 83' lang='lat' dir='ltr'><strong>autexercitatiouis</strong></span> 
     </span>
    </p>
   </div>
   <div class='ocr_carea' id='block_1_59' title="bbox 343 3934 1921 4004">
    <p class='ocr_par' dir='ltr' id='par_1_59' title="bbox 343 3934 1921 4004">
     <span class='ocr_line' id='line_1_59' title="bbox 343 3934 1921 4004; baseline -0.001 -15"><span class='ocrx_word' id='word_1_433' title='bbox 343 3934 509 3989; x_wconf 69' lang='lat' dir='ltr'><strong>eausa</strong></span> <span class='ocrx_word' id='word_1_434' title='bbox 559 3935 627 3988; x_wconf 89' lang='lat' dir='ltr'><strong>ab</strong></span> <span class='ocrx_word' id='word_1_435' title='bbox 672 3949 737 3988; x_wconf 90' lang='lat' dir='ltr'><strong>eo</strong></span> <span class='ocrx_word' id='word_1_436' title='bbox 784 3934 995 4004; x_wconf 86' lang='lat' dir='ltr'><strong>prolata</strong></span> <span class='ocrx_word' id='word_1_437' title='bbox 1050 3949 1191 4000; x_wconf 88' lang='lat' dir='ltr'><strong>esse,</strong></span> <span class='ocrx_word' id='word_1_438' title='bbox 1233 3934 1316 4004; x_wconf 91' lang='lat' dir='ltr'><strong>v_e|</strong></span> <span class='ocrx_word' id='word_1_439' title='bbox 1366 3946 1517 3987; x_wconf 90' lang='lat' dir='ltr'><strong>certe</strong></span> <span class='ocrx_word' id='word_1_440' title='bbox 1553 3934 1619 3988; x_wconf 92' lang='lat' dir='ltr'><strong>ab</strong></span> <span class='ocrx_word' id='word_1_441' title='bbox 1652 3934 1921 3989; x_wconf 69' lang='lat' dir='ltr'><strong>litereticis</strong></span> 
     </span>
    </p>
   </div>
   <div class='ocr_carea' id='block_1_60' title="bbox 344 4002 1923 4074">
    <p class='ocr_par' dir='ltr' id='par_1_60' title="bbox 344 4002 1923 4074">
     <span class='ocr_line' id='line_1_60' title="bbox 344 4002 1923 4074; baseline 0 -15"><span class='ocrx_word' id='word_1_442' title='bbox 344 4005 519 4060; x_wconf 81' lang='lat' dir='ltr'><strong>fuisse</strong></span> <span class='ocrx_word' id='word_1_443' title='bbox 551 4007 751 4058; x_wconf 85' lang='lat' dir='ltr'><strong>inserta</strong></span> <span class='ocrx_word' id='word_1_444' title='bbox 786 4002 1197 4074; x_wconf 54' lang='lat' dir='ltr'><strong>&#39;prOpuguabat.</strong></span> <span class='ocrx_word' id='word_1_445' title='bbox 1255 4002 1486 4074; x_wconf 74' lang='lat' dir='ltr'><strong>Rufinus</strong></span> <span class='ocrx_word' id='word_1_446' title='bbox 1533 4020 1663 4072; x_wconf 82' lang='lat' dir='ltr'><strong>ergo</strong></span> <span class='ocrx_word' id='word_1_447' title='bbox 1701 4006 1769 4059; x_wconf 88' lang='lat' dir='ltr'><strong>ab</strong></span> <span class='ocrx_word' id='word_1_448' title='bbox 1819 4007 1923 4059; x_wconf 89' lang='lat' dir='ltr'><strong>isto</strong></span> 
     </span>
    </p>
   </div>
   <div class='ocr_carea' id='block_1_61' title="bbox 347 4073 1924 4147">
    <p class='ocr_par' dir='ltr' id='par_1_61' title="bbox 347 4073 1924 4147">
     <span class='ocr_line' id='line_1_61' title="bbox 347 4073 1924 4147; baseline -0.001 -17"><span class='ocrx_word' id='word_1_449' title='bbox 347 4092 623 4147; x_wconf 84' lang='lat' dir='ltr'><strong>anonymo</strong></span> <span class='ocrx_word' id='word_1_450' title='bbox 657 4073 917 4147; x_wconf 61' lang='lat' dir='ltr'><strong>auctore,</strong></span> <span class='ocrx_word' id='word_1_451' title='bbox 944 4086 1171 4142; x_wconf 88' lang='lat' dir='ltr'><strong>uterque</strong></span> <span class='ocrx_word' id='word_1_452' title='bbox 1206 4088 1390 4147; x_wconf 78' lang='lat' dir='ltr'><strong>veroa</strong></span> <span class='ocrx_word' id='word_1_453' title='bbox 1427 4073 1729 4143; x_wconf 82' lang='lat' dir='ltr'><strong>Pamphilo,</strong></span> <span class='ocrx_word' id='word_1_454' title='bbox 1756 4075 1924 4129; x_wconf 88' lang='lat' dir='ltr'><strong>Euse-</strong></span> 
     </span>
    </p>
   </div>
   <div class='ocr_carea' id='block_1_62' title="bbox 344 4143 1925 4215">
    <p class='ocr_par' dir='ltr' id='par_1_62' title="bbox 344 4143 1925 4215">
     <span class='ocr_line' id='line_1_62' title="bbox 344 4143 1925 4215; baseline 0.001 -15"><span class='ocrx_word' id='word_1_455' title='bbox 344 4148 458 4213; x_wconf 80' lang='lat' dir='ltr'><strong>bio,</strong></span> <span class='ocrx_word' id='word_1_456' title='bbox 486 4143 717 4215; x_wconf 83' lang='lat' dir='ltr'><strong>Didyme</strong></span> <span class='ocrx_word' id='word_1_457' title='bbox 740 4155 793 4199; x_wconf 90' lang='lat' dir='ltr'><strong>et</strong></span> <span class='ocrx_word' id='word_1_458' title='bbox 818 4144 1152 4215; x_wconf 83' lang='lat' dir='ltr'><strong>Hieronymo</strong></span> <span class='ocrx_word' id='word_1_459' title='bbox 1186 4143 1471 4215; x_wconf 88' lang='lat' dir='ltr'><strong>refellitur,</strong></span> <span class='ocrx_word' id='word_1_460' title='bbox 1506 4146 1704 4213; x_wconf 90' lang='lat' dir='ltr'><strong>quibus</strong></span> <span class='ocrx_word' id='word_1_461' title='bbox 1743 4148 1925 4201; x_wconf 68' lang='lat' dir='ltr'><strong>limcce</strong></span> 
     </span>
    </p>
   </div>
   <div class='ocr_carea' id='block_1_63' title="bbox 340 4214 1921 4285">
    <p class='ocr_par' dir='ltr' id='par_1_63' title="bbox 340 4214 1921 4285">
     <span class='ocr_line' id='line_1_63' title="bbox 340 4214 1921 4285; baseline -0.001 -15"><span class='ocrx_word' id='word_1_462' title='bbox 340 4214 604 4274; x_wconf 83' lang='lat' dir='ltr'><strong>librorum</strong></span> <span class='ocrx_word' id='word_1_463' title='bbox 631 4216 882 4285; x_wconf 83' lang='lat' dir='ltr'><strong>Origenis</strong></span> <span class='ocrx_word' id='word_1_464' title='bbox 911 4214 1240 4269; x_wconf 86' lang='lat' dir='ltr'><strong>adulteratio</strong></span> <span class='ocrx_word' id='word_1_465' title='bbox 1260 4232 1326 4267; x_wconf 90' lang='lat' dir='ltr'><strong>ne</strong></span> <span class='ocrx_word' id='word_1_466' title='bbox 1356 4214 1406 4268; x_wconf 92' lang='lat' dir='ltr'><strong>in</strong></span> <span class='ocrx_word' id='word_1_467' title='bbox 1434 4224 1667 4285; x_wconf 89' lang='lat' dir='ltr'><strong>mentem</strong></span> <span class='ocrx_word' id='word_1_468' title='bbox 1703 4217 1921 4283; x_wconf 89' lang='lat' dir='ltr'><strong>quidem</strong></span> 
     </span>
    </p>
   </div>
   <div class='ocr_carea' id='block_1_64' title="bbox 336 4284 1921 4355">
    <p class='ocr_par' dir='ltr' id='par_1_64' title="bbox 336 4284 1921 4355">
     <span class='ocr_line' id='line_1_64' title="bbox 336 4284 1921 4355; baseline 0.001 -16"><span class='ocrx_word' id='word_1_469' title='bbox 336 4289 515 4342; x_wconf 83' lang='lat' dir='ltr'><strong>venit.</strong></span> <span class='ocrx_word' id='word_1_470' title='bbox 552 4288 707 4355; x_wconf 89' lang='lat' dir='ltr'><strong>Quod</strong></span> <span class='ocrx_word' id='word_1_471' title='bbox 738 4284 841 4338; x_wconf 16' lang='lat' dir='ltr'><strong>fait</strong></span> <span class='ocrx_word' id='word_1_472' title='bbox 893 4300 1217 4355; x_wconf 83' lang='lat' dir='ltr'><strong>anonymus</strong></span> <span class='ocrx_word' id='word_1_473' title='bbox 1250 4294 1443 4339; x_wconf 86' lang='lat' dir='ltr'><strong>auctor</strong></span> <span class='ocrx_word' id='word_1_474' title='bbox 1497 4284 1770 4355; x_wconf 77' lang='lat' dir='ltr'><strong>Apologia:</strong></span> <span class='ocrx_word' id='word_1_475' title='bbox 1824 4303 1921 4354; x_wconf 89' lang='lat' dir='ltr'><strong>pro</strong></span> 
     </span>
    </p>
   </div>
   <div class='ocr_carea' id='block_1_65' title="bbox 336 4354 1920 4427">
    <p class='ocr_par' dir='ltr' id='par_1_65' title="bbox 336 4354 1920 4427">
     <span class='ocr_line' id='line_1_65' title="bbox 336 4354 1920 4427; baseline 0 -17"><span class='ocrx_word' id='word_1_476' title='bbox 336 4354 589 4427; x_wconf 81' lang='lat' dir='ltr'><strong>Origene,</strong></span> <span class='ocrx_word' id='word_1_477' title='bbox 613 4374 759 4423; x_wconf 88' lang='lat' dir='ltr'><strong>eum,</strong></span> <span class='ocrx_word' id='word_1_478' title='bbox 780 4356 904 4409; x_wconf 90' lang='lat' dir='ltr'><strong>dum</strong></span> <span class='ocrx_word' id='word_1_479' title='bbox 923 4354 1152 4419; x_wconf 80' lang='lat' dir='ltr'><strong>viveret,</strong></span> <span class='ocrx_word' id='word_1_480' title='bbox 1173 4354 1435 4427; x_wconf 81' lang='lat' dir='ltr'><strong>ejusmodi</strong></span> <span class='ocrx_word' id='word_1_481' title='bbox 1469 4354 1920 4427; x_wconf 82' lang='lat' dir='ltr'><strong>adulterationem</strong></span> 
     </span>
    </p>
   </div>
   <div class='ocr_carea' id='block_1_66' title="bbox 329 4426 1914 4494">
    <p class='ocr_par' dir='ltr' id='par_1_66' title="bbox 329 4426 1914 4494">
     <span class='ocr_line' id='line_1_66' title="bbox 329 4426 1914 4494; baseline -0.001 -13"><span class='ocrx_word' id='word_1_482' title='bbox 329 4426 601 4483; x_wconf 69' lang='lat' dir='ltr'><strong>librorum</strong></span> <span class='ocrx_word' id='word_1_483' title='bbox 647 4442 870 4482; x_wconf 89' lang='lat' dir='ltr'><strong>suorum</strong></span> <span class='ocrx_word' id='word_1_484' title='bbox 910 4426 1350 4494; x_wconf 86' lang='lat' dir='ltr'><strong>deprehendisse,</strong></span> <span class='ocrx_word' id='word_1_485' title='bbox 1385 4426 1436 4478; x_wconf 91' lang='lat' dir='ltr'><strong>id</strong></span> <span class='ocrx_word' id='word_1_486' title='bbox 1463 4426 1735 4493; x_wconf 86' lang='lat' dir='ltr'><strong>respicere</strong></span> <span class='ocrx_word' id='word_1_487' title='bbox 1766 4428 1914 4479; x_wconf 90' lang='lat' dir='ltr'><strong>vide-</strong></span> 
     </span>
    </p>
   </div>
   <div class='ocr_carea' id='block_1_67' title="bbox 334 4494 1995 4579">
    <p class='ocr_par' dir='ltr' id='par_1_67' title="bbox 334 4494 1995 4579">
     <span class='ocr_line' id='line_1_67' title="bbox 334 4494 1995 4579; baseline -0.003 -27"><span class='ocrx_word' id='word_1_488' title='bbox 334 4508 426 4553; x_wconf 87' lang='lat' dir='ltr'><strong>tur</strong></span> <span class='ocrx_word' id='word_1_489' title='bbox 484 4499 736 4579; x_wconf 83' lang='lat' dir='ltr'><strong>Origenis</strong></span> <span class='ocrx_word' id='word_1_490' title='bbox 764 4496 848 4579; x_wconf 46' lang='grc' dir='ltr'><strong>εει]</strong></span> <span class='ocrx_word' id='word_1_491' title='bbox 900 4498 1105 4579; x_wconf 77' lang='lat' dir='ltr'><strong>amicos</strong></span> <span class='ocrx_word' id='word_1_492' title='bbox 1144 4494 1571 4579; x_wconf 37' lang='lat' dir='ltr'><strong>_Al&#39;ex:‘rndrinqs</strong></span> <span class='ocrx_word' id='word_1_493' title='bbox 1600 4496 1916 4579; x_wconf 46' lang='lat' dir='ltr'><strong>.epistolam</strong></span> <span class='ocrx_word' id='word_1_494' title='bbox 1952 4524 1995 4579; x_wconf 67' lang='grc' dir='ltr'><strong>Β</strong></span> 
     </span>
    </p>
   </div>
   <div class='ocr_carea' id='block_1_68' title="bbox 332 4564 1915 4637">
    <p class='ocr_par' dir='ltr' id='par_1_68' title="bbox 332 4564 1915 4637">
     <span class='ocr_line' id='line_1_68' title="bbox 332 4564 1915 4637; baseline -0.002 -15"><span class='ocrx_word' id='word_1_495' title='bbox 332 4584 497 4637; x_wconf 87' lang='lat' dir='ltr'><strong>quam</strong></span> <span class='ocrx_word' id='word_1_496' title='bbox 550 4564 707 4637; x_wconf 73' lang='lat' dir='ltr'><strong>paulo</strong></span> <span class='ocrx_word' id='word_1_497' title='bbox 764 4567 903 4621; x_wconf 85' lang='lat' dir='ltr'><strong>iul&#39;ra</strong></span> <span class='ocrx_word' id='word_1_498' title='bbox 956 4566 1161 4635; x_wconf 83' lang='lat' dir='ltr'><strong>profert</strong></span> <span class='ocrx_word' id='word_1_499' title='bbox 1221 4564 1647 4637; x_wconf 10' lang='lat' dir='ltr'><strong>Rufinus.7Vide</strong></span> <span class='ocrx_word' id='word_1_500' title='bbox 1691 4567 1821 4635; x_wconf 88' lang='lat' dir='ltr'><strong>quid</strong></span> <span class='ocrx_word' id='word_1_501' title='bbox 1865 4568 1915 4620; x_wconf 86' lang='lat' dir='ltr'><strong>ei</strong></span> 
     </span>
    </p>
   </div>
   <div class='ocr_carea' id='block_1_69' title="bbox 330 4636 1682 4707">
    <p class='ocr_par' dir='ltr' id='par_1_69' title="bbox 330 4636 1682 4707">
     <span class='ocr_line' id='line_1_69' title="bbox 330 4636 1682 4707; baseline -0.003 -14"><span class='ocrx_word' id='word_1_502' title='bbox 330 4643 661 4707; x_wconf 78' lang='lat' dir='ltr'><strong>respondeat</strong></span> <span class='ocrx_word' id='word_1_503' title='bbox 689 4639 1052 4705; x_wconf 75' lang='lat' dir='ltr'><strong>Hieronymus</strong></span> <span class='ocrx_word' id='word_1_504' title='bbox 1082 4647 1195 4689; x_wconf 86' lang='lat' dir='ltr'><strong>not.</strong></span> <span class='ocrx_word' id='word_1_505' title='bbox 1226 4636 1278 4689; x_wconf 91' lang='lat' dir='ltr'><strong>itt</strong></span> <span class='ocrx_word' id='word_1_506' title='bbox 1312 4639 1457 4707; x_wconf 86' lang='lat' dir='ltr'><strong>hunc</strong></span> <span class='ocrx_word' id='word_1_507' title='bbox 1488 4636 1682 4689; x_wconf 87' lang='lat' dir='ltr'><strong>locum.</strong></span> 
     </span>
    </p>
   </div>
   <div class='ocr_carea' id='block_1_70' title="bbox 405 4705 1914 4778">
    <p class='ocr_par' dir='ltr' id='par_1_70' title="bbox 405 4705 1914 4778">
     <span class='ocr_line' id='line_1_70' title="bbox 405 4705 1914 4778; baseline -0.002 -16"><span class='ocrx_word' id='word_1_508' title='bbox 405 4705 519 4778; x_wconf 80' lang='grc' dir='ltr'><strong>(Π)</strong></span> <span class='ocrx_word' id='word_1_509' title='bbox 563 4711 635 4763; x_wconf 88' lang='lat' dir='ltr'><strong>lla</strong></span> <span class='ocrx_word' id='word_1_510' title='bbox 684 4709 835 4771; x_wconf 83' lang='lat' dir='ltr'><strong>editi,</strong></span> <span class='ocrx_word' id='word_1_511' title='bbox 877 4718 932 4760; x_wconf 91' lang='lat' dir='ltr'><strong>et</strong></span> <span class='ocrx_word' id='word_1_512' title='bbox 983 4707 1346 4775; x_wconf 83' lang='lat' dir='ltr'><strong>Hieronymus</strong></span> <span class='ocrx_word' id='word_1_513' title='bbox 1403 4705 1498 4759; x_wconf 91' lang='lat' dir='ltr'><strong>lib.</strong></span> <span class='ocrx_word' id='word_1_514' title='bbox 1531 4722 1590 4778; x_wconf 89' lang='lat' dir='ltr'><strong>_tt</strong></span> <span class='ocrx_word' id='word_1_515' title='bbox 1663 4706 1914 4778; x_wconf 76' lang='lat' dir='ltr'><strong>adversus</strong></span> 
     </span>
    </p>
   </div>
   <div class='ocr_carea' id='block_1_71' title="bbox 325 4776 1914 4848">
    <p class='ocr_par' dir='ltr' id='par_1_71' title="bbox 325 4776 1914 4848">
     <span class='ocr_line' id='line_1_71' title="bbox 325 4776 1914 4848; baseline -0.001 -13"><span class='ocrx_word' id='word_1_516' title='bbox 325 4776 608 4848; x_wconf 81' lang='lat' dir='ltr'><strong>Ruﬁnum.</strong></span> <span class='ocrx_word' id='word_1_517' title='bbox 664 4781 799 4834; x_wconf 81' lang='lat' dir='ltr'><strong>Mss.</strong></span> <span class='ocrx_word' id='word_1_518' title='bbox 844 4791 976 4832; x_wconf 88' lang='lat' dir='ltr'><strong>vero</strong></span> <span class='ocrx_word' id='word_1_519' title='bbox 1023 4778 1220 4842; x_wconf 85' lang='lat' dir='ltr'><strong>nostri,</strong></span> <span class='ocrx_word' id='word_1_520' title='bbox 1271 4793 1457 4830; x_wconf 82' lang='lat' dir='ltr'><strong>rursus</strong></span> <span class='ocrx_word' id='word_1_521' title='bbox 1505 4776 1724 4841; x_wconf 73' lang='lat' dir='ltr'><strong>diceret,</strong></span> <span class='ocrx_word' id='word_1_522' title='bbox 1776 4776 1914 4833; x_wconf 82' lang='lat' dir='ltr'><strong>alias</strong></span> 
     </span>
    </p>
   </div>
   <div class='ocr_carea' id='block_1_72' title="bbox 314 4850 801 4920">
    <p class='ocr_par' dir='ltr' id='par_1_72' title="bbox 314 4850 801 4920">
     <span class='ocr_line' id='line_1_72' title="bbox 314 4850 801 4920; baseline -0.002 -16"><span class='ocrx_word' id='word_1_523' title='bbox 314 4853 563 4920; x_wconf 65' lang='grc' dir='ltr'>ιργοίιῑιιιιρ</span> <span class='ocrx_word' id='word_1_524' title='bbox 589 4850 801 4903; x_wconf 87' lang='lat' dir='ltr'><strong>diceret.</strong></span> 
     </span>
    </p>
   </div>
   <div class='ocr_carea' id='block_1_73' title="bbox 406 4916 1910 4989">
    <p class='ocr_par' dir='ltr' id='par_1_73' title="bbox 406 4916 1910 4989">
     <span class='ocr_line' id='line_1_73' title="bbox 406 4916 1910 4989; baseline -0.001 -16"><span class='ocrx_word' id='word_1_525' title='bbox 406 4920 519 4989; x_wconf 73' lang='lat' dir='ltr'><strong>(l8)</strong></span> <span class='ocrx_word' id='word_1_526' title='bbox 579 4920 705 4974; x_wconf 85' lang='lat' dir='ltr'><strong>Mss.</strong></span> <span class='ocrx_word' id='word_1_527' title='bbox 755 4919 1041 4988; x_wconf 85' lang='lat' dir='ltr'><strong>plerique,</strong></span> <span class='ocrx_word' id='word_1_528' title='bbox 1094 4918 1418 4982; x_wconf 82' lang='lat' dir='ltr'><strong>impossibile</strong></span> <span class='ocrx_word' id='word_1_529' title='bbox 1466 4928 1600 4982; x_wconf 87' lang='lat' dir='ltr'><strong>erat,</strong></span> <span class='ocrx_word' id='word_1_530' title='bbox 1651 4925 1756 4972; x_wconf 91' lang='lat' dir='ltr'><strong>etc.</strong></span> <span class='ocrx_word' id='word_1_531' title='bbox 1804 4916 1910 4972; x_wconf 88' lang='lat' dir='ltr'><strong>Sed</strong></span> 
     </span>
    </p>
   </div>
   <div class='ocr_carea' id='block_1_74' title="bbox 314 4990 1592 5056">
    <p class='ocr_par' dir='ltr' id='par_1_74' title="bbox 314 4990 1592 5056">
     <span class='ocr_line' id='line_1_74' title="bbox 314 4990 1592 5056; baseline -0.005 -11"><span class='ocrx_word' id='word_1_532' title='bbox 314 4991 488 5053; x_wconf 55' lang='lat' dir='ltr'><strong>editi,</strong></span> <span class='ocrx_word' id='word_1_533' title='bbox 524 5000 577 5045; x_wconf 86' lang='lat' dir='ltr'><strong>et</strong></span> <span class='ocrx_word' id='word_1_534' title='bbox 607 5006 739 5044; x_wconf 86' lang='lat' dir='ltr'><strong>mss.</strong></span> <span class='ocrx_word' id='word_1_535' title='bbox 766 4992 983 5056; x_wconf 85' lang='lat' dir='ltr'><strong>quidam</strong></span> <span class='ocrx_word' id='word_1_536' title='bbox 1021 4990 1217 5043; x_wconf 85' lang='lat' dir='ltr'><strong>rectius</strong></span> <span class='ocrx_word' id='word_1_537' title='bbox 1249 5000 1305 5041; x_wconf 92' lang='lat' dir='ltr'><strong>ut</strong></span> <span class='ocrx_word' id='word_1_538' title='bbox 1334 4990 1383 5041; x_wconf 92' lang='lat' dir='ltr'><strong>in</strong></span> <span class='ocrx_word' id='word_1_539' title='bbox 1425 4996 1592 5041; x_wconf 76' lang='lat' dir='ltr'><strong>textu.</strong></span> 
     </span>
    </p>
   </div>
   <div class='ocr_carea' id='block_1_75' title="bbox 399 5058 1906 5133">
    <p class='ocr_par' dir='ltr' id='par_1_75' title="bbox 399 5058 1906 5133">
     <span class='ocr_line' id='line_1_75' title="bbox 399 5058 1906 5133; baseline -0.001 -18"><span class='ocrx_word' id='word_1_540' title='bbox 399 5060 514 5133; x_wconf 90' lang='lat' dir='ltr'><strong>(l9)</strong></span> <span class='ocrx_word' id='word_1_541' title='bbox 559 5062 871 5133; x_wconf 67' lang='lat' dir='ltr'><strong>Dogmatum</strong></span> <span class='ocrx_word' id='word_1_542' title='bbox 922 5076 1163 5111; x_wconf 87' lang='lat' dir='ltr'><strong>suorum.</strong></span> <span class='ocrx_word' id='word_1_543' title='bbox 1216 5058 1343 5113; x_wconf 63' lang='lat' dir='ltr'><strong>Haec</strong></span> <span class='ocrx_word' id='word_1_544' title='bbox 1400 5062 1564 5112; x_wconf 87' lang='lat' dir='ltr'><strong>verba</strong></span> <span class='ocrx_word' id='word_1_545' title='bbox 1614 5058 1810 5113; x_wconf 90' lang='lat' dir='ltr'><strong>desunt</strong></span> <span class='ocrx_word' id='word_1_546' title='bbox 1853 5059 1906 5115; x_wconf 93' lang='lat' dir='ltr'><strong>in</strong></span> 
     </span>
    </p>
   </div>
   <div class='ocr_carea' id='block_1_76' title="bbox 318 5131 1259 5195">
    <p class='ocr_par' dir='ltr' id='par_1_76' title="bbox 318 5131 1259 5195">
     <span class='ocr_line' id='line_1_76' title="bbox 318 5131 1259 5195; baseline -0.005 -8"><span class='ocrx_word' id='word_1_547' title='bbox 318 5131 510 5195; x_wconf 82' lang='lat' dir='ltr'><strong>editis,</strong></span> <span class='ocrx_word' id='word_1_548' title='bbox 541 5140 594 5184; x_wconf 91' lang='lat' dir='ltr'><strong>et</strong></span> <span class='ocrx_word' id='word_1_549' title='bbox 628 5131 988 5185; x_wconf 84' lang='lat' dir='ltr'><strong>restituuntur</strong></span> <span class='ocrx_word' id='word_1_550' title='bbox 1020 5144 1089 5183; x_wconf 82' lang='lat' dir='ltr'><strong>ex</strong></span> <span class='ocrx_word' id='word_1_551' title='bbox 1123 5145 1259 5183; x_wconf 84' lang='lat' dir='ltr'><strong>mss.</strong></span> 
     </span>
    </p>
   </div>
   <div class='ocr_carea' id='block_1_77' title="bbox 380 5198 1906 5273">
    <p class='ocr_par' dir='ltr' id='par_1_77' title="bbox 380 5198 1906 5273">
     <span class='ocr_line' id='line_1_77' title="bbox 380 5198 1906 5273; baseline -0.001 -18"><span class='ocrx_word' id='word_1_552' title='bbox 380 5202 509 5273; x_wconf 54' lang='lat'><strong>«(20)</strong></span> <span class='ocrx_word' id='word_1_553' title='bbox 551 5200 1183 5273; x_wconf 71' lang='lat' dir='ltr'><strong>Clemensapostolorum</strong></span> <span class='ocrx_word' id='word_1_554' title='bbox 1217 5198 1535 5273; x_wconf 75' lang='lat' dir='ltr'><strong>discipulus,</strong></span> <span class='ocrx_word' id='word_1_555' title='bbox 1562 5208 1695 5265; x_wconf 91' lang='lat' dir='ltr'><strong>etc.,</strong></span> <span class='ocrx_word' id='word_1_556' title='bbox 1730 5214 1906 5268; x_wconf 80' lang='lat' dir='ltr'><strong>usque</strong></span> 
     </span>
    </p>
   </div>
   <div class='ocr_carea' id='block_1_78' title="bbox 319 5271 1901 5338">
    <p class='ocr_par' dir='ltr' id='par_1_78' title="bbox 319 5271 1901 5338">
     <span class='ocr_line' id='line_1_78' title="bbox 319 5271 1901 5338; baseline -0.001 -11"><span class='ocrx_word' id='word_1_557' title='bbox 319 5271 525 5326; x_wconf 81' lang='lat' dir='ltr'><strong>adista</strong></span> <span class='ocrx_word' id='word_1_558' title='bbox 558 5291 572 5326; x_wconf 88' lang='lat'><strong>:</strong></span> <span class='ocrx_word' id='word_1_559' title='bbox 611 5288 674 5324; x_wconf 90' lang='lat' dir='ltr'><strong>ne</strong></span> <span class='ocrx_word' id='word_1_560' title='bbox 694 5271 856 5325; x_wconf 87' lang='lat' dir='ltr'><strong>simili</strong></span> <span class='ocrx_word' id='word_1_561' title='bbox 892 5286 1068 5323; x_wconf 81' lang='lat' dir='ltr'><strong>causa:</strong></span> <span class='ocrx_word' id='word_1_562' title='bbox 1105 5271 1315 5338; x_wconf 71' lang='lat' dir='ltr'><strong>similis</strong></span> <span class='ocrx_word' id='word_1_563' title='bbox 1338 5271 1567 5338; x_wconf 75' lang='lat' dir='ltr'><strong>suﬁ‘iciat</strong></span> <span class='ocrx_word' id='word_1_564' title='bbox 1608 5273 1901 5325; x_wconf 74' lang='lat' dir='ltr'><strong>excusatio.</strong></span> 
     </span>
    </p>
   </div>
   <div class='ocr_carea' id='block_1_79' title="bbox 317 5337 1902 5415">
    <p class='ocr_par' dir='ltr' id='par_1_79' title="bbox 317 5337 1902 5415">
     <span class='ocr_line' id='line_1_79' title="bbox 317 5337 1902 5415; baseline -0.003 -18"><span class='ocrx_word' id='word_1_565' title='bbox 317 5343 685 5415; x_wconf 79' lang='lat' dir='ltr'><strong>Hieronymus</strong></span> <span class='ocrx_word' id='word_1_566' title='bbox 745 5342 843 5415; x_wconf 66' lang='lat' dir='ltr'><strong>lib.</strong></span> <span class='ocrx_word' id='word_1_567' title='bbox 878 5358 917 5395; x_wconf 83' lang='lat' dir='ltr'><strong>tt</strong></span> <span class='ocrx_word' id='word_1_568' title='bbox 980 5341 1229 5394; x_wconf 81' lang='lat' dir='ltr'><strong>adversus</strong></span> <span class='ocrx_word' id='word_1_569' title='bbox 1277 5337 1538 5415; x_wconf 54' lang='lat' dir='ltr'><strong>diutinum</strong></span> <span class='ocrx_word' id='word_1_570' title='bbox 1573 5353 1592 5392; x_wconf 89' lang='lat'><strong><em>:</em></strong></span> <span class='ocrx_word' id='word_1_571' title='bbox 1640 5360 1656 5391; x_wconf 80' lang='grc' dir='ltr'><strong>ι</strong></span> <span class='ocrx_word' id='word_1_572' title='bbox 1710 5340 1902 5415; x_wconf 62' lang='lat' dir='ltr'><strong>Videa-</strong></span> 
     </span>
    </p>
   </div>
   <div class='ocr_carea' id='block_1_80' title="bbox 316 5411 1899 5481">
    <p class='ocr_par' dir='ltr' id='par_1_80' title="bbox 316 5411 1899 5481">
     <span class='ocr_line' id='line_1_80' title="bbox 316 5411 1899 5481; baseline -0.002 -13"><span class='ocrx_word' id='word_1_573' title='bbox 316 5431 442 5468; x_wconf 85' lang='lat' dir='ltr'><strong>mus</strong></span> <span class='ocrx_word' id='word_1_574' title='bbox 496 5411 677 5467; x_wconf 77' lang='lat' dir='ltr'><strong>tamen</strong></span> <span class='ocrx_word' id='word_1_575' title='bbox 735 5413 933 5481; x_wconf 84' lang='lat' dir='ltr'><strong>quibus</strong></span> <span class='ocrx_word' id='word_1_576' title='bbox 989 5411 1319 5479; x_wconf 74' lang='lat' dir='ltr'><strong>argumentis</strong></span> <span class='ocrx_word' id='word_1_577' title='bbox 1405 5411 1638 5478; x_wconf 88' lang='lat' dir='ltr'><strong>probare</strong></span> <span class='ocrx_word' id='word_1_578' title='bbox 1697 5412 1899 5464; x_wconf 84' lang='lat' dir='ltr'><strong>nitatur</strong></span> 
     </span>
    </p>
   </div>
   <div class='ocr_carea' id='block_1_81' title="bbox 314 5478 1896 5554">
    <p class='ocr_par' dir='ltr' id='par_1_81' title="bbox 314 5478 1896 5554">
     <span class='ocr_line' id='line_1_81' title="bbox 314 5478 1896 5554; baseline -0.003 -15"><span class='ocrx_word' id='word_1_579' title='bbox 314 5485 597 5554; x_wconf 81' lang='lat' dir='ltr'><strong>(Rufinus)</strong></span> <span class='ocrx_word' id='word_1_580' title='bbox 644 5478 897 5550; x_wconf 68' lang='lat' dir='ltr'><strong>Origenis</strong></span> <span class='ocrx_word' id='word_1_581' title='bbox 940 5481 1009 5537; x_wconf 89' lang='lat' dir='ltr'><strong>ab</strong></span> <span class='ocrx_word' id='word_1_582' title='bbox 1058 5478 1337 5554; x_wconf 60' lang='lat' dir='ltr'><strong>haereticis</strong></span> <span class='ocrx_word' id='word_1_583' title='bbox 1385 5482 1591 5554; x_wconf 79' lang='lat' dir='ltr'><strong>scripta</strong></span> <span class='ocrx_word' id='word_1_584' title='bbox 1643 5481 1829 5554; x_wconf 71' lang='lat' dir='ltr'><strong>vitiata</strong></span> <span class='ocrx_word' id='word_1_585' title='bbox 1882 5499 1896 5535; x_wconf 89' lang='lat'>:</span> 
     </span>
    </p>
   </div>
   <div class='ocr_carea' id='block_1_82' title="bbox 314 5552 1899 5623">
    <p class='ocr_par' dir='ltr' id='par_1_82' title="bbox 314 5552 1899 5623">
     <span class='ocr_line' id='line_1_82' title="bbox 314 5552 1899 5623; baseline -0.003 -14"><span class='ocrx_word' id='word_1_586' title='bbox 314 5552 587 5620; x_wconf 76' lang='lat' dir='ltr'><strong>Clemens,</strong></span> <span class='ocrx_word' id='word_1_587' title='bbox 635 5556 831 5623; x_wconf 82' lang='lat' dir='ltr'><strong>inquit,</strong></span> <span class='ocrx_word' id='word_1_588' title='bbox 880 5552 1238 5621; x_wconf 80' lang='lat' dir='ltr'><strong>apostolorum</strong></span> <span class='ocrx_word' id='word_1_589' title='bbox 1282 5552 1599 5617; x_wconf 81' lang='lat' dir='ltr'><strong>discipulus,</strong></span> <span class='ocrx_word' id='word_1_590' title='bbox 1643 5554 1733 5619; x_wconf 87' lang='lat' dir='ltr'><strong>qui</strong></span> <span class='ocrx_word' id='word_1_591' title='bbox 1791 5552 1899 5605; x_wconf 82' lang='lat' dir='ltr'><strong>Ro-</strong></span> 
     </span>
    </p>
   </div>
   <div class='ocr_carea' id='block_1_83' title="bbox 314 5624 1899 5693">
    <p class='ocr_par' dir='ltr' id='par_1_83' title="bbox 314 5624 1899 5693">
     <span class='ocr_line' id='line_1_83' title="bbox 314 5624 1899 5693; baseline -0.004 -14"><span class='ocrx_word' id='word_1_592' title='bbox 314 5645 489 5680; x_wconf 74' lang='lat' dir='ltr'><strong>mana:</strong></span> <span class='ocrx_word' id='word_1_593' title='bbox 529 5628 781 5680; x_wconf 67' lang='lat' dir='ltr'><strong>Ecclesia:</strong></span> <span class='ocrx_word' id='word_1_594' title='bbox 830 5636 941 5691; x_wconf 86' lang='lat' dir='ltr'><strong>post</strong></span> <span class='ocrx_word' id='word_1_595' title='bbox 981 5624 1247 5693; x_wconf 84' lang='lat' dir='ltr'><strong>apostolos</strong></span> <span class='ocrx_word' id='word_1_596' title='bbox 1281 5624 1550 5693; x_wconf 86' lang='lat' dir='ltr'><strong>episcopus</strong></span> <span class='ocrx_word' id='word_1_597' title='bbox 1600 5631 1646 5673; x_wconf 89' lang='lat' dir='ltr'><strong>et</strong></span> <span class='ocrx_word' id='word_1_598' title='bbox 1692 5634 1899 5691; x_wconf 83' lang='lat' dir='ltr'><strong>martyr</strong></span> 
     </span>
    </p>
   </div>
   <div class='ocr_carea' id='block_1_84' title="bbox 315 5692 1895 5765">
    <p class='ocr_par' dir='ltr' id='par_1_84' title="bbox 315 5692 1895 5765">
     <span class='ocr_line' id='line_1_84' title="bbox 315 5692 1895 5765; baseline -0.003 -16"><span class='ocrx_word' id='word_1_599' title='bbox 315 5698 443 5765; x_wconf 73' lang='lat' dir='ltr'><strong>fuit,</strong></span> <span class='ocrx_word' id='word_1_600' title='bbox 510 5701 669 5751; x_wconf 88' lang='lat' dir='ltr'><strong>libros</strong></span> <span class='ocrx_word' id='word_1_601' title='bbox 715 5699 904 5759; x_wconf 80' lang='lat' dir='ltr'><strong>edidit,</strong></span> <span class='ocrx_word' id='word_1_602' title='bbox 967 5692 1057 5764; x_wconf 83' lang='lat' dir='ltr'><strong>qui</strong></span> <span class='ocrx_word' id='word_1_603' title='bbox 1128 5692 1466 5762; x_wconf 70' lang='lat' dir='ltr'><strong>appellantur</strong></span> <span class='ocrx_word' id='word_1_604' title='bbox 1537 5692 1895 5761; x_wconf 64' lang='lat' dir='ltr'><strong>’At‘aqnuopt-</strong></span> 
     </span>
    </p>
   </div>
   <div class='ocr_carea' id='block_1_85' title="bbox 302 5765 1895 5891">
    <p class='ocr_par' dir='ltr' id='par_1_85' title="bbox 302 5765 1895 5891">
     <span class='ocr_line' id='line_1_85' title="bbox 302 5765 1895 5837; baseline -0.001 -18"><span class='ocrx_word' id='word_1_605' title='bbox 302 5782 359 5819; x_wconf 79' lang='grc' dir='ltr'><em>σ</em></span> <span class='ocrx_word' id='word_1_606' title='bbox 407 5770 491 5833; x_wconf 67' lang='grc' dir='ltr'><strong>ὥς,</strong></span> <span class='ocrx_word' id='word_1_607' title='bbox 519 5770 570 5819; x_wconf 79' lang='lat' dir='ltr'><strong>id</strong></span> <span class='ocrx_word' id='word_1_608' title='bbox 606 5779 702 5827; x_wconf 86' lang='lat' dir='ltr'><strong>est,</strong></span> <span class='ocrx_word' id='word_1_609' title='bbox 738 5767 1057 5837; x_wconf 77' lang='lat' dir='ltr'><strong>llecognitio</strong></span> <span class='ocrx_word' id='word_1_610' title='bbox 1086 5784 1097 5818; x_wconf 93' lang='lat'>:</span> <span class='ocrx_word' id='word_1_611' title='bbox 1136 5767 1192 5817; x_wconf 87' lang='lat' dir='ltr'><strong>in</strong></span> <span class='ocrx_word' id='word_1_612' title='bbox 1214 5765 1402 5831; x_wconf 87' lang='lat' dir='ltr'><strong>quibus</strong></span> <span class='ocrx_word' id='word_1_613' title='bbox 1429 5778 1547 5815; x_wconf 90' lang='lat' dir='ltr'><strong>cum</strong></span> <span class='ocrx_word' id='word_1_614' title='bbox 1562 5779 1639 5817; x_wconf 69' lang='lat' dir='ltr'><strong>«ea:</strong></span> <span class='ocrx_word' id='word_1_615' title='bbox 1669 5779 1895 5831; x_wconf 83' lang='lat' dir='ltr'><strong>persona</strong></span> 
     </span>
     <span class='ocr_line' id='line_1_86' title="bbox 304 5787 1889 5891; baseline -0.001 0"><span class='ocrx_word' id='word_1_616' title='bbox 304 5787 465 5891; x_wconf 61' lang='grc' dir='ltr'><strong>Ρςιτὶ</strong></span> <span class='ocrx_word' id='word_1_617' title='bbox 491 5834 713 5891; x_wconf 75' lang='lat' dir='ltr'><strong>apostoli</strong></span> <span class='ocrx_word' id='word_1_618' title='bbox 736 5839 981 5891; x_wconf 81' lang='lat' dir='ltr'><strong>doctrina</strong></span> <span class='ocrx_word' id='word_1_619' title='bbox 1005 5838 1156 5891; x_wconf 82' lang='lat' dir='ltr'><strong>auasi</strong></span> <span class='ocrx_word' id='word_1_620' title='bbox 1182 5851 1295 5891; x_wconf 81' lang='lat' dir='ltr'><strong>vere</strong></span> <span class='ocrx_word' id='word_1_621' title='bbox 1313 5835 1603 5891; x_wconf 77' lang='lat' dir='ltr'><strong>apostolica</strong></span> <span class='ocrx_word' id='word_1_622' title='bbox 1628 5834 1889 5891; x_wconf 67' lang='lat' dir='ltr'><strong>ittfauam-</strong></span> 
     </span>
    </p>
   </div>
   <div class='ocr_carea' id='block_1_86' title="bbox 363 5858 392 5892">
    <p class='ocr_par' dir='ltr' id='par_1_86' title="bbox 363 5858 392 5892">
     <span class='ocr_line' id='line_1_87' title="bbox 363 5858 392 5892; baseline 0 0"><span class='ocrx_word' id='word_1_623' title='bbox 363 5858 392 5892; x_wconf 72' lang='grc' dir='ltr'><em>ε</em></span> 
     </span>
    </p>
   </div>
   <div class='ocr_carea' id='block_1_87' title="bbox 396 5834 1949 5915">
    <p class='ocr_par' dir='ltr' id='par_1_87' title="bbox 396 5834 1949 5915">
     <span class='ocr_line' id='line_1_88' title="bbox 396 5834 1949 5915; baseline -0.003 -22"><span class='ocrx_word' id='word_1_624' title='bbox 396 5839 465 5893; x_wconf 87' lang='lat' dir='ltr'><strong>tri</strong></span> <span class='ocrx_word' id='word_1_625' title='bbox 491 5834 713 5909; x_wconf 75' lang='lat' dir='ltr'><strong>apostoli</strong></span> <span class='ocrx_word' id='word_1_626' title='bbox 736 5834 981 5897; x_wconf 70' lang='lat' dir='ltr'><strong>doctrina</strong></span> <span class='ocrx_word' id='word_1_627' title='bbox 1005 5838 1156 5913; x_wconf 84' lang='lat' dir='ltr'><strong>quasi</strong></span> <span class='ocrx_word' id='word_1_628' title='bbox 1182 5851 1295 5915; x_wconf 82' lang='lat' dir='ltr'><strong>vere</strong></span> <span class='ocrx_word' id='word_1_629' title='bbox 1313 5834 1889 5911; x_wconf 13' lang='lat' dir='ltr'><strong>apostolicaginyuant-</strong></span> <span class='ocrx_word' id='word_1_630' title='bbox 1908 5906 1913 5907; x_wconf 14' lang='grc' dir='ltr'><em>γ</em></span> <span class='ocrx_word' id='word_1_631' title='bbox 1930 5902 1949 5911; x_wconf 26' lang='grc' dir='ltr'>ἡ</span> 
     </span>
    </p>
   </div>
   <div class='ocr_carea' id='block_1_88' title="bbox 2046 1936 3629 2007">
    <p class='ocr_par' dir='ltr' id='par_1_88' title="bbox 2046 1936 3629 2007">
     <span class='ocr_line' id='line_1_89' title="bbox 2046 1936 3629 2007; baseline 0.01 -17"><span class='ocrx_word' id='word_1_632' title='bbox 2046 1936 2212 1992; x_wconf 89' lang='lat' dir='ltr'><strong>etiam</strong></span> <span class='ocrx_word' id='word_1_633' title='bbox 2245 1937 2410 2007; x_wconf 88' lang='lat' dir='ltr'><strong>aliqui</strong></span> <span class='ocrx_word' id='word_1_634' title='bbox 2444 1939 2510 1994; x_wconf 91' lang='lat' dir='ltr'><strong>de</strong></span> <span class='ocrx_word' id='word_1_635' title='bbox 2544 1940 2708 1995; x_wconf 90' lang='lat' dir='ltr'><strong>claris</strong></span> <span class='ocrx_word' id='word_1_636' title='bbox 2741 1941 2874 1997; x_wconf 91' lang='lat' dir='ltr'><strong>viris</strong></span> <span class='ocrx_word' id='word_1_637' title='bbox 2901 1956 2957 1999; x_wconf 85' lang='lat' dir='ltr'><strong>et</strong></span> <span class='ocrx_word' id='word_1_638' title='bbox 2979 1947 3264 2003; x_wconf 89' lang='lat' dir='ltr'><strong>catholicis</strong></span> <span class='ocrx_word' id='word_1_639' title='bbox 3288 1949 3629 2006; x_wconf 88' lang='lat' dir='ltr'><strong>viderentur.</strong></span> 
     </span>
    </p>
   </div>
   <div class='ocr_carea' id='block_1_89' title="bbox 2046 2028 3632 2109">
    <p class='ocr_par' dir='ltr' id='par_1_89' title="bbox 2046 2028 3632 2109">
     <span class='ocr_line' id='line_1_90' title="bbox 2046 2028 3632 2109; baseline 0.009 -26"><span class='ocrx_word' id='word_1_640' title='bbox 2046 2028 2113 2083; x_wconf 85' lang='lat' dir='ltr'><strong>Et</strong></span> <span class='ocrx_word' id='word_1_641' title='bbox 2141 2030 2337 2084; x_wconf 87' lang='lat' dir='ltr'><strong>horum</strong></span> <span class='ocrx_word' id='word_1_642' title='bbox 2369 2030 2845 2089; x_wconf 88' lang='lat' dir='ltr'><strong>manifestissimas</strong></span> <span class='ocrx_word' id='word_1_643' title='bbox 2894 2034 3040 2090; x_wconf 91' lang='lat' dir='ltr'><strong>inter</strong></span> <span class='ocrx_word' id='word_1_644' title='bbox 3087 2036 3306 2094; x_wconf 59' lang='lat' dir='ltr'><strong>Graecos</strong></span> <span class='ocrx_word' id='word_1_645' title='bbox 3336 2040 3632 2109; x_wconf 78' lang='lat' dir='ltr'><strong>Scriptores</strong></span> 
     </span>
    </p>
   </div>
   <div class='ocr_carea' id='block_1_90' title="bbox 2043 2120 3631 2200">
    <p class='ocr_par' dir='ltr' id='par_1_90' title="bbox 2043 2120 3631 2200">
     <span class='ocr_line' id='line_1_91' title="bbox 2043 2120 3631 2200; baseline 0.009 -27"><span class='ocrx_word' id='word_1_646' title='bbox 2043 2120 2443 2177; x_wconf 88' lang='lat' dir='ltr'><strong>ecclesiasticos</strong></span> <span class='ocrx_word' id='word_1_647' title='bbox 2495 2124 2853 2192; x_wconf 88' lang='lat' dir='ltr'><strong>probationes</strong></span> <span class='ocrx_word' id='word_1_648' title='bbox 2916 2133 3183 2185; x_wconf 86' lang='lat' dir='ltr'><strong>tenemus.</strong></span> <span class='ocrx_word' id='word_1_649' title='bbox 3252 2129 3319 2184; x_wconf 84' lang='lat' dir='ltr'><strong>Et</strong></span> <span class='ocrx_word' id='word_1_650' title='bbox 3378 2133 3631 2200; x_wconf 82' lang='lat' dir='ltr'><strong>quamvis</strong></span> 
     </span>
    </p>
   </div>
   <div class='ocr_carea' id='block_1_91' title="bbox 2043 2212 3630 2291">
    <p class='ocr_par' dir='ltr' id='par_1_91' title="bbox 2043 2212 3630 2291">
     <span class='ocr_line' id='line_1_92' title="bbox 2043 2212 3630 2291; baseline 0.009 -27"><span class='ocrx_word' id='word_1_651' title='bbox 2043 2212 2430 2281; x_wconf 87' lang='lat' dir='ltr'><strong>quamplurimi</strong></span> <span class='ocrx_word' id='word_1_652' title='bbox 2480 2214 2592 2268; x_wconf 89' lang='lat' dir='ltr'><strong>sint</strong></span> <span class='ocrx_word' id='word_1_653' title='bbox 2639 2231 2705 2269; x_wconf 81' lang='lat' dir='ltr'><strong>ex</strong></span> <span class='ocrx_word' id='word_1_654' title='bbox 2758 2219 3037 2274; x_wconf 83' lang='lat' dir='ltr'><strong>veteribus</strong></span> <span class='ocrx_word' id='word_1_655' title='bbox 3088 2220 3143 2273; x_wconf 92' lang='lat' dir='ltr'><strong>in</strong></span> <span class='ocrx_word' id='word_1_656' title='bbox 3202 2235 3434 2291; x_wconf 86' lang='lat' dir='ltr'><strong>quorum</strong></span> <span class='ocrx_word' id='word_1_657' title='bbox 3471 2222 3630 2279; x_wconf 85' lang='lat' dir='ltr'><strong>libris</strong></span> 
     </span>
    </p>
   </div>
   <div class='ocr_carea' id='block_1_92' title="bbox 2039 2302 3626 2381">
    <p class='ocr_par' dir='ltr' id='par_1_92' title="bbox 2039 2302 3626 2381">
     <span class='ocr_line' id='line_1_93' title="bbox 2039 2302 3626 2381; baseline 0.007 -23"><span class='ocrx_word' id='word_1_658' title='bbox 2039 2302 2415 2371; x_wconf 88' lang='lat' dir='ltr'><strong>hujuscemodi</strong></span> <span class='ocrx_word' id='word_1_659' title='bbox 2462 2305 2889 2376; x_wconf 89' lang='lat' dir='ltr'><strong>deprehenditur</strong></span> <span class='ocrx_word' id='word_1_660' title='bbox 2941 2309 3291 2377; x_wconf 84' lang='lat' dir='ltr'><strong>adulterium,</strong></span> <span class='ocrx_word' id='word_1_661' title='bbox 3327 2327 3626 2381; x_wconf 75' lang='lat' dir='ltr'><strong>paucorum</strong></span> 
     </span>
    </p>
   </div>
   <div class='ocr_carea' id='block_1_93' title="bbox 2041 2394 3626 2473">
    <p class='ocr_par' dir='ltr' id='par_1_93' title="bbox 2041 2394 3626 2473">
     <span class='ocr_line' id='line_1_94' title="bbox 2041 2394 3626 2473; baseline 0.007 -25"><span class='ocrx_word' id='word_1_662' title='bbox 2041 2406 2222 2451; x_wconf 91' lang='lat' dir='ltr'><strong>tamen</strong></span> <span class='ocrx_word' id='word_1_663' title='bbox 2268 2394 2468 2452; x_wconf 74' lang='lat' dir='ltr'><strong>sufﬁcit</strong></span> <span class='ocrx_word' id='word_1_664' title='bbox 2502 2397 2763 2455; x_wconf 89' lang='lat' dir='ltr'><strong>adbibere</strong></span> <span class='ocrx_word' id='word_1_665' title='bbox 2796 2400 3134 2467; x_wconf 87' lang='lat' dir='ltr'><strong>testimonia,</strong></span> <span class='ocrx_word' id='word_1_666' title='bbox 3165 2417 3231 2457; x_wconf 82' lang='lat' dir='ltr'><strong>ex</strong></span> <span class='ocrx_word' id='word_1_667' title='bbox 3261 2405 3457 2473; x_wconf 91' lang='lat' dir='ltr'><strong>quibus</strong></span> <span class='ocrx_word' id='word_1_668' title='bbox 3492 2404 3626 2461; x_wconf 85' lang='lat' dir='ltr'><strong>faci-</strong></span> 
     </span>
    </p>
   </div>
   <div class='ocr_carea' id='block_1_94' title="bbox 2036 2486 3626 2568">
    <p class='ocr_par' dir='ltr' id='par_1_94' title="bbox 2036 2486 3626 2568">
     <span class='ocr_line' id='line_1_95' title="bbox 2036 2486 3626 2568; baseline 0.009 -27"><span class='ocrx_word' id='word_1_669' title='bbox 2036 2486 2142 2543; x_wconf 91' lang='lat' dir='ltr'><strong>lius</strong></span> <span class='ocrx_word' id='word_1_670' title='bbox 2175 2489 2306 2559; x_wconf 86' lang='lat' dir='ltr'><strong>quid</strong></span> <span class='ocrx_word' id='word_1_671' title='bbox 2332 2490 2495 2545; x_wconf 88' lang='lat' dir='ltr'><strong>etiam</strong></span> <span class='ocrx_word' id='word_1_672' title='bbox 2527 2489 2777 2563; x_wconf 84' lang='lat' dir='ltr'><strong>Origenis</strong></span> <span class='ocrx_word' id='word_1_673' title='bbox 2818 2492 2975 2551; x_wconf 86' lang='lat' dir='ltr'><strong>libris</strong></span> <span class='ocrx_word' id='word_1_674' title='bbox 3029 2496 3312 2559; x_wconf 89' lang='lat' dir='ltr'><strong>acciderit.</strong></span> <span class='ocrx_word' id='word_1_675' title='bbox 3352 2511 3626 2568; x_wconf 82' lang='lat' dir='ltr'><strong>agnosca-</strong></span> 
     </span>
    </p>
   </div>
   <div class='ocr_carea' id='block_1_95' title="bbox 2036 2586 2140 2633">
    <p class='ocr_par' dir='ltr' id='par_1_95' title="bbox 2036 2586 2140 2633">
     <span class='ocr_line' id='line_1_96' title="bbox 2036 2586 2140 2633; baseline -0.019 0"><span class='ocrx_word' id='word_1_676' title='bbox 2036 2586 2088 2633; x_wconf 81' lang='grc' dir='ltr'><strong>ιιι</strong></span> <span class='ocrx_word' id='word_1_677' title='bbox 2096 2594 2140 2633; x_wconf 73' lang='grc' dir='ltr'><strong>ι’.</strong></span> 
     </span>
    </p>
   </div>
   <div class='ocr_carea' id='block_1_96' title="bbox 2112 2670 3623 2751">
    <p class='ocr_par' dir='ltr' id='par_1_96' title="bbox 2112 2670 3623 2751">
     <span class='ocr_line' id='line_1_97' title="bbox 2112 2670 3623 2751; baseline 0.009 -27"><span class='ocrx_word' id='word_1_678' title='bbox 2112 2670 2228 2743; x_wconf 72' lang='lat'><strong>(20)</strong></span> <span class='ocrx_word' id='word_1_679' title='bbox 2276 2672 2532 2730; x_wconf 85' lang='lat' dir='ltr'><strong>Clemens</strong></span> <span class='ocrx_word' id='word_1_680' title='bbox 2575 2674 2944 2746; x_wconf 89' lang='lat' dir='ltr'><strong>apostolorum</strong></span> <span class='ocrx_word' id='word_1_681' title='bbox 2997 2679 3318 2749; x_wconf 84' lang='lat' dir='ltr'><strong>discipulus,</strong></span> <span class='ocrx_word' id='word_1_682' title='bbox 3362 2682 3453 2751; x_wconf 91' lang='lat' dir='ltr'><strong>qui</strong></span> <span class='ocrx_word' id='word_1_683' title='bbox 3510 2683 3623 2737; x_wconf 79' lang='lat' dir='ltr'><strong>Ro-</strong></span> 
     </span>
    </p>
   </div>
   <div class='ocr_carea' id='block_1_97' title="bbox 2042 2764 3624 2844">
    <p class='ocr_par' dir='ltr' id='par_1_97' title="bbox 2042 2764 3624 2844">
     <span class='ocr_line' id='line_1_98' title="bbox 2042 2764 3624 2844; baseline 0.009 -29"><span class='ocrx_word' id='word_1_684' title='bbox 2042 2778 2217 2819; x_wconf 74' lang='lat' dir='ltr'><strong>manae</strong></span> <span class='ocrx_word' id='word_1_685' title='bbox 2243 2764 2502 2821; x_wconf 75' lang='lat' dir='ltr'><strong>Ecclesia:</strong></span> <span class='ocrx_word' id='word_1_686' title='bbox 2536 2779 2659 2836; x_wconf 91' lang='lat' dir='ltr'><strong>post</strong></span> <span class='ocrx_word' id='word_1_687' title='bbox 2694 2770 2969 2840; x_wconf 86' lang='lat' dir='ltr'><strong>apostolos</strong></span> <span class='ocrx_word' id='word_1_688' title='bbox 2995 2781 3051 2827; x_wconf 90' lang='lat' dir='ltr'><strong>et</strong></span> <span class='ocrx_word' id='word_1_689' title='bbox 3079 2773 3365 2844; x_wconf 85' lang='lat' dir='ltr'><strong>episcopus</strong></span> <span class='ocrx_word' id='word_1_690' title='bbox 3395 2784 3451 2829; x_wconf 90' lang='lat' dir='ltr'><strong>et</strong></span> <span class='ocrx_word' id='word_1_691' title='bbox 3475 2792 3624 2830; x_wconf 85' lang='lat' dir='ltr'><strong>mar-</strong></span> 
     </span>
    </p>
   </div>
   <div class='ocr_carea' id='block_1_98' title="bbox 2044 2854 3620 2935">
    <p class='ocr_par' dir='ltr' id='par_1_98' title="bbox 2044 2854 3620 2935">
     <span class='ocr_line' id='line_1_99' title="bbox 2044 2854 3620 2935; baseline 0.01 -28"><span class='ocrx_word' id='word_1_692' title='bbox 2044 2864 2131 2926; x_wconf 90' lang='lat' dir='ltr'><strong>tyr</strong></span> <span class='ocrx_word' id='word_1_693' title='bbox 2163 2854 2286 2925; x_wconf 88' lang='lat' dir='ltr'><strong>fuit,</strong></span> <span class='ocrx_word' id='word_1_694' title='bbox 2316 2856 2690 2928; x_wconf 84' lang='lat' dir='ltr'><strong>librosedidit,</strong></span> <span class='ocrx_word' id='word_1_695' title='bbox 2716 2862 2843 2933; x_wconf 91' lang='lat' dir='ltr'><strong>quia</strong></span> <span class='ocrx_word' id='word_1_696' title='bbox 2864 2862 3052 2918; x_wconf 69' lang='lat' dir='ltr'><strong>Graece</strong></span> <span class='ocrx_word' id='word_1_697' title='bbox 3075 2864 3422 2935; x_wconf 89' lang='lat' dir='ltr'><strong>appellantur</strong></span> <span class='ocrx_word' id='word_1_698' title='bbox 3456 2868 3620 2925; x_wconf 76' lang='grc' dir='ltr'><strong>Ἀνω-</strong></span> 
     </span>
    </p>
   </div>
   <div class='ocr_carea' id='block_1_99' title="bbox 2722 3090 3619 3160">
    <p class='ocr_par' dir='ltr' id='par_1_99' title="bbox 2722 3090 3619 3160">
     <span class='ocr_line' id='line_1_100' title="bbox 2722 3090 3619 3160; baseline 0.007 -19"><span class='ocrx_word' id='word_1_699' title='bbox 2722 3091 2773 3143; x_wconf 88' lang='lat' dir='ltr'><strong>in</strong></span> <span class='ocrx_word' id='word_1_700' title='bbox 2807 3090 3072 3160; x_wconf 77' lang='lat' dir='ltr'><strong>aliquibus</strong></span> <span class='ocrx_word' id='word_1_701' title='bbox 3111 3092 3187 3143; x_wconf 88' lang='lat' dir='ltr'><strong>ita</strong></span> <span class='ocrx_word' id='word_1_702' title='bbox 3237 3090 3487 3145; x_wconf 79' lang='lat' dir='ltr'><strong>Eunomii</strong></span> <span class='ocrx_word' id='word_1_703' title='bbox 3520 3097 3619 3147; x_wconf 85' lang='lat' dir='ltr'><strong>do-</strong></span> 
     </span>
    </p>
   </div>
   <div class='ocr_carea' id='block_1_100' title="bbox 2030 3159 3617 3231">
    <p class='ocr_par' dir='ltr' id='par_1_100' title="bbox 2030 3159 3617 3231">
     <span class='ocr_line' id='line_1_101' title="bbox 2030 3159 3617 3231; baseline 0.002 -17"><span class='ocrx_word' id='word_1_704' title='bbox 2030 3179 2151 3231; x_wconf 88' lang='lat' dir='ltr'><strong>gma</strong></span> <span class='ocrx_word' id='word_1_705' title='bbox 2179 3161 2451 3222; x_wconf 87' lang='lat' dir='ltr'><strong>inseritur,</strong></span> <span class='ocrx_word' id='word_1_706' title='bbox 2494 3167 2550 3211; x_wconf 86' lang='lat' dir='ltr'><strong>ut</strong></span> <span class='ocrx_word' id='word_1_707' title='bbox 2596 3159 2727 3231; x_wconf 84' lang='lat' dir='ltr'><strong>ni_hi_l</strong></span> <span class='ocrx_word' id='word_1_708' title='bbox 2768 3159 2919 3213; x_wconf 81' lang='lat' dir='ltr'><strong>aliud</strong></span> <span class='ocrx_word' id='word_1_709' title='bbox 2958 3178 3116 3230; x_wconf 85' lang='lat' dir='ltr'><strong>quant</strong></span> <span class='ocrx_word' id='word_1_710' title='bbox 3160 3163 3270 3227; x_wconf 85' lang='lat' dir='ltr'><strong>ipse</strong></span> <span class='ocrx_word' id='word_1_711' title='bbox 3317 3162 3617 3219; x_wconf 80' lang='lat' dir='ltr'><strong>Eunomins</strong></span> 
     </span>
    </p>
   </div>
   <div class='ocr_carea' id='block_1_101' title="bbox 2028 3227 3619 3297">
    <p class='ocr_par' dir='ltr' id='par_1_101' title="bbox 2028 3227 3619 3297">
     <span class='ocr_line' id='line_1_102' title="bbox 2028 3227 3619 3297; baseline 0.003 -13"><span class='ocrx_word' id='word_1_712' title='bbox 2028 3227 2299 3297; x_wconf 80' lang='lat' dir='ltr'><strong>disputare</strong></span> <span class='ocrx_word' id='word_1_713' title='bbox 2327 3232 2596 3291; x_wconf 86' lang='lat' dir='ltr'><strong>credatur,</strong></span> <span class='ocrx_word' id='word_1_714' title='bbox 2624 3227 2829 3283; x_wconf 79' lang='lat' dir='ltr'><strong>Filium</strong></span> <span class='ocrx_word' id='word_1_715' title='bbox 2857 3231 2950 3285; x_wconf 89' lang='lat' dir='ltr'><strong>Dei</strong></span> <span class='ocrx_word' id='word_1_716' title='bbox 2970 3227 3219 3284; x_wconf 46' lang='lat' dir='ltr'><strong>&#39;rreatum</strong></span> <span class='ocrx_word' id='word_1_717' title='bbox 3248 3234 3313 3286; x_wconf 83' lang='lat' dir='ltr'><strong>de</strong></span> <span class='ocrx_word' id='word_1_718' title='bbox 3337 3234 3496 3287; x_wconf 86' lang='lat' dir='ltr'><strong>nullis</strong></span> <span class='ocrx_word' id='word_1_719' title='bbox 3522 3253 3619 3288; x_wconf 66' lang='lat' dir='ltr'><strong>e1—</strong></span> 
     </span>
    </p>
   </div>
   <div class='ocr_carea' id='block_1_102' title="bbox 2028 3301 3615 3371">
    <p class='ocr_par' dir='ltr' id='par_1_102' title="bbox 2028 3301 3615 3371">
     <span class='ocr_line' id='line_1_103' title="bbox 2028 3301 3615 3371; baseline 0.003 -17"><span class='ocrx_word' id='word_1_720' title='bbox 2028 3301 2291 3355; x_wconf 90' lang='lat' dir='ltr'><strong>stantibus</strong></span> <span class='ocrx_word' id='word_1_721' title='bbox 2350 3314 2677 3371; x_wconf 74' lang='lat' dir='ltr'><strong>asseverans.</strong></span> <span class='ocrx_word' id='word_1_722' title='bbox 2720 3301 2787 3353; x_wconf 90' lang='lat' dir='ltr'><strong>Et</strong></span> <span class='ocrx_word' id='word_1_723' title='bbox 2842 3310 2963 3368; x_wconf 85' lang='lat' dir='ltr'><strong>post</strong></span> <span class='ocrx_word' id='word_1_724' title='bbox 3021 3301 3147 3368; x_wconf 86' lang='lat' dir='ltr'><strong>alia,</strong></span> <span class='ocrx_word' id='word_1_725' title='bbox 3190 3317 3311 3369; x_wconf 74' lang='lat' dir='ltr'><strong>qum</strong></span> <span class='ocrx_word' id='word_1_726' title='bbox 3338 3305 3615 3371; x_wconf 76' lang='lat' dir='ltr'><strong>prolixum</strong></span> 
     </span>
    </p>
   </div>
   <div class='ocr_carea' id='block_1_103' title="bbox 2027 3368 3617 3439">
    <p class='ocr_par' dir='ltr' id='par_1_103' title="bbox 2027 3368 3617 3439">
     <span class='ocr_line' id='line_1_104' title="bbox 2027 3368 3617 3439; baseline 0.002 -13"><span class='ocrx_word' id='word_1_727' title='bbox 2027 3381 2112 3426; x_wconf 86' lang='lat' dir='ltr'><strong>est</strong></span> <span class='ocrx_word' id='word_1_728' title='bbox 2140 3371 2382 3423; x_wconf 85' lang='lat' dir='ltr'><strong>scribere</strong></span> <span class='ocrx_word' id='word_1_729' title='bbox 2418 3389 2431 3424; x_wconf 88' lang='lat'>:</span> <span class='ocrx_word' id='word_1_730' title='bbox 2480 3368 2643 3434; x_wconf 80' lang='lat' dir='ltr'><strong>Quid,</strong></span> <span class='ocrx_word' id='word_1_731' title='bbox 2679 3387 2876 3439; x_wconf 77' lang='lat' dir='ltr'><strong>quwso,</strong></span> <span class='ocrx_word' id='word_1_732' title='bbox 2921 3371 3021 3435; x_wconf 91' lang='lat' dir='ltr'><strong>ait,</strong></span> <span class='ocrx_word' id='word_1_733' title='bbox 3074 3374 3137 3425; x_wconf 89' lang='lat' dir='ltr'><strong>de</strong></span> <span class='ocrx_word' id='word_1_734' title='bbox 3168 3368 3251 3427; x_wconf 82' lang='lat' dir='ltr'><strong>liis</strong></span> <span class='ocrx_word' id='word_1_735' title='bbox 3283 3368 3617 3429; x_wconf 74' lang='lat' dir='ltr'><strong>sentiendum</strong></span> 
     </span>
    </p>
   </div>
   <div class='ocr_carea' id='block_1_104' title="bbox 2027 3439 3616 3509">
    <p class='ocr_par' dir='ltr' id='par_1_104' title="bbox 2027 3439 3616 3509">
     <span class='ocr_line' id='line_1_105' title="bbox 2027 3439 3616 3509; baseline 0.002 -13"><span class='ocrx_word' id='word_1_736' title='bbox 2027 3442 2145 3496; x_wconf 77' lang='lat' dir='ltr'><strong>est?</strong></span> <span class='ocrx_word' id='word_1_737' title='bbox 2175 3439 2329 3505; x_wconf 83' lang='lat' dir='ltr'><strong>Quod</strong></span> <span class='ocrx_word' id='word_1_738' title='bbox 2358 3440 2681 3506; x_wconf 84' lang='lat' dir='ltr'><strong>apostolicus</strong></span> <span class='ocrx_word' id='word_1_739' title='bbox 2710 3442 2791 3494; x_wconf 90' lang='lat' dir='ltr'><strong>vir</strong></span> <span class='ocrx_word' id='word_1_740' title='bbox 2824 3443 3071 3495; x_wconf 64' lang='lat' dir='ltr'><strong>haeretica</strong></span> <span class='ocrx_word' id='word_1_741' title='bbox 3099 3444 3366 3509; x_wconf 86' lang='lat' dir='ltr'><strong>scripserit</strong></span> <span class='ocrx_word' id='word_1_742' title='bbox 3390 3445 3415 3496; x_wconf 73' lang='lat'><strong>.9</strong></span> <span class='ocrx_word' id='word_1_743' title='bbox 3444 3447 3530 3499; x_wconf 81' lang='lat' dir='ltr'><strong>An</strong></span> <span class='ocrx_word' id='word_1_744' title='bbox 3555 3447 3616 3499; x_wconf 82' lang='lat' dir='ltr'><strong>id</strong></span> 
     </span>
    </p>
   </div>
   <div class='ocr_carea' id='block_1_105' title="bbox 2026 3512 3612 3581">
    <p class='ocr_par' dir='ltr' id='par_1_105' title="bbox 2026 3512 3612 3581">
     <span class='ocr_line' id='line_1_106' title="bbox 2026 3512 3612 3581; baseline 0.001 -16"><span class='ocrx_word' id='word_1_745' title='bbox 2026 3513 2203 3581; x_wconf 89' lang='lat' dir='ltr'><strong>potius</strong></span> <span class='ocrx_word' id='word_1_746' title='bbox 2232 3512 2570 3571; x_wconf 88' lang='lat' dir='ltr'><strong>credendum,</strong></span> <span class='ocrx_word' id='word_1_747' title='bbox 2599 3512 2740 3580; x_wconf 89' lang='lat' dir='ltr'><strong>quod</strong></span> <span class='ocrx_word' id='word_1_748' title='bbox 2780 3514 3009 3580; x_wconf 86' lang='lat' dir='ltr'><strong>perversi</strong></span> <span class='ocrx_word' id='word_1_749' title='bbox 3052 3513 3294 3567; x_wconf 79' lang='lat' dir='ltr'><strong>homines</strong></span> <span class='ocrx_word' id='word_1_750' title='bbox 3328 3515 3400 3566; x_wconf 89' lang='lat' dir='ltr'><strong>ad</strong></span> <span class='ocrx_word' id='word_1_751' title='bbox 3430 3532 3612 3569; x_wconf 85' lang='lat' dir='ltr'><strong>asser-</strong></span> 
     </span>
    </p>
   </div>
   <div class='ocr_carea' id='block_1_106' title="bbox 2028 3581 3614 3650">
    <p class='ocr_par' dir='ltr' id='par_1_106' title="bbox 2028 3581 3614 3650">
     <span class='ocr_line' id='line_1_107' title="bbox 2028 3581 3614 3650; baseline 0.003 -16"><span class='ocrx_word' id='word_1_752' title='bbox 2028 3583 2221 3635; x_wconf 86' lang='lat' dir='ltr'><strong>tionem</strong></span> <span class='ocrx_word' id='word_1_753' title='bbox 2260 3581 2570 3650; x_wconf 88' lang='lat' dir='ltr'><strong>dogmatum</strong></span> <span class='ocrx_word' id='word_1_754' title='bbox 2614 3597 2834 3633; x_wconf 87' lang='lat' dir='ltr'><strong>suorum</strong></span> <span class='ocrx_word' id='word_1_755' title='bbox 2873 3583 2968 3635; x_wconf 90' lang='lat' dir='ltr'><strong>sub</strong></span> <span class='ocrx_word' id='word_1_756' title='bbox 3027 3583 3261 3635; x_wconf 77' lang='lat' dir='ltr'><strong>virorum</strong></span> <span class='ocrx_word' id='word_1_757' title='bbox 3301 3595 3614 3639; x_wconf 83' lang='lat' dir='ltr'><strong>sanctorum</strong></span> 
     </span>
    </p>
   </div>
   <div class='ocr_carea' id='block_1_107' title="bbox 2028 3650 3610 3720">
    <p class='ocr_par' dir='ltr' id='par_1_107' title="bbox 2028 3650 3610 3720">
     <span class='ocr_line' id='line_1_108' title="bbox 2028 3650 3610 3720; baseline 0.003 -15"><span class='ocrx_word' id='word_1_758' title='bbox 2028 3652 2255 3712; x_wconf 85' lang='lat' dir='ltr'><strong>nomine,</strong></span> <span class='ocrx_word' id='word_1_759' title='bbox 2284 3659 2535 3720; x_wconf 82' lang='lat' dir='ltr'><strong>tanquam</strong></span> <span class='ocrx_word' id='word_1_760' title='bbox 2560 3650 2767 3718; x_wconf 82' lang='lat' dir='ltr'><strong>[acilius</strong></span> <span class='ocrx_word' id='word_1_761' title='bbox 2800 3653 3081 3715; x_wconf 79' lang='lat' dir='ltr'><strong>credenda,</strong></span> <span class='ocrx_word' id='word_1_762' title='bbox 3112 3652 3513 3710; x_wconf 76' lang='lat' dir='ltr'><strong>interseruerint</strong></span> <span class='ocrx_word' id='word_1_763' title='bbox 3545 3674 3610 3709; x_wconf 87' lang='lat' dir='ltr'><strong>ea</strong></span> 
     </span>
    </p>
   </div>
   <div class='ocr_carea' id='block_1_108' title="bbox 2026 3721 3615 3791">
    <p class='ocr_par' dir='ltr' id='par_1_108' title="bbox 2026 3721 3615 3791">
     <span class='ocr_line' id='line_1_109' title="bbox 2026 3721 3615 3791; baseline 0.004 -17"><span class='ocrx_word' id='word_1_764' title='bbox 2026 3738 2144 3791; x_wconf 70' lang='lat' dir='ltr'><strong>qua:</strong></span> <span class='ocrx_word' id='word_1_765' title='bbox 2169 3722 2248 3773; x_wconf 89' lang='lat' dir='ltr'><strong>illi</strong></span> <span class='ocrx_word' id='word_1_766' title='bbox 2277 3738 2368 3774; x_wconf 90' lang='lat' dir='ltr'><strong>nec</strong></span> <span class='ocrx_word' id='word_1_767' title='bbox 2401 3721 2626 3773; x_wconf 87' lang='lat' dir='ltr'><strong>sensisse</strong></span> <span class='ocrx_word' id='word_1_768' title='bbox 2677 3738 2770 3791; x_wconf 81' lang='lat' dir='ltr'><strong>nec</strong></span> <span class='ocrx_word' id='word_1_769' title='bbox 2816 3724 3091 3790; x_wconf 84' lang='lat' dir='ltr'><strong>scripsisse</strong></span> <span class='ocrx_word' id='word_1_770' title='bbox 3143 3726 3391 3777; x_wconf 87' lang='lat' dir='ltr'><strong>credendi</strong></span> <span class='ocrx_word' id='word_1_771' title='bbox 3433 3730 3615 3781; x_wconf 70' lang='lat' dir='ltr'><strong>sunt?</strong></span> 
     </span>
    </p>
   </div>
   <div class='ocr_carea' id='block_1_109' title="bbox 2027 3790 3606 3867">
    <p class='ocr_par' dir='ltr' id='par_1_109' title="bbox 2027 3790 3606 3867">
     <span class='ocr_line' id='line_1_110' title="bbox 2027 3790 3606 3867; baseline -0.005 -21"><span class='ocrx_word' id='word_1_772' title='bbox 2027 3790 2358 3867; x_wconf 77' lang='lat' dir='ltr'><strong>Clementem</strong></span> <span class='ocrx_word' id='word_1_773' title='bbox 2396 3790 3043 3867; x_wconf 78' lang='lat' dir='ltr'><strong>quoque_Alexandriu:e_</strong></span> <span class='ocrx_word' id='word_1_774' title='bbox 3076 3792 3330 3867; x_wconf 69' lang='lat' dir='ltr'><strong>Ecclesiae</strong></span> <span class='ocrx_word' id='word_1_775' title='bbox 3358 3799 3606 3867; x_wconf 81' lang='lat' dir='ltr'><strong>presby-</strong></span> 
     </span>
    </p>
   </div>
   <div class='ocr_carea' id='block_1_110' title="bbox 2031 3861 3611 3921">
    <p class='ocr_par' dir='ltr' id='par_1_110' title="bbox 2031 3861 3611 3921">
     <span class='ocr_line' id='line_1_111' title="bbox 2031 3861 3611 3921; baseline 0.004 -6"><span class='ocrx_word' id='word_1_776' title='bbox 2031 3872 2203 3915; x_wconf 91' lang='lat' dir='ltr'><strong>terum</strong></span> <span class='ocrx_word' id='word_1_777' title='bbox 2232 3863 2403 3915; x_wconf 89' lang='lat' dir='ltr'><strong>virum</strong></span> <span class='ocrx_word' id='word_1_778' title='bbox 2438 3862 2765 3916; x_wconf 88' lang='lat' dir='ltr'><strong>catholicum</strong></span> <span class='ocrx_word' id='word_1_779' title='bbox 2806 3861 3000 3916; x_wconf 86' lang='lat' dir='ltr'><strong>scribit</strong></span> <span class='ocrx_word' id='word_1_780' title='bbox 3034 3863 3084 3916; x_wconf 93' lang='lat' dir='ltr'><strong>in</strong></span> <span class='ocrx_word' id='word_1_781' title='bbox 3111 3863 3262 3919; x_wconf 88' lang='lat' dir='ltr'><strong>libris</strong></span> <span class='ocrx_word' id='word_1_782' title='bbox 3286 3861 3400 3919; x_wconf 83' lang='lat' dir='ltr'><strong>suis</strong></span> <span class='ocrx_word' id='word_1_783' title='bbox 3433 3861 3611 3921; x_wconf 70' lang='lat' dir='ltr'><strong>inter-</strong></span> 
     </span>
    </p>
   </div>
   <div class='ocr_carea' id='block_1_111' title="bbox 2031 3931 3605 4007">
    <p class='ocr_par' dir='ltr' id='par_1_111' title="bbox 2031 3931 3605 4007">
     <span class='ocr_line' id='line_1_112' title="bbox 2031 3931 3605 4007; baseline 0.006 -24"><span class='ocrx_word' id='word_1_784' title='bbox 2031 3934 2155 4007; x_wconf 80' lang='lat' dir='ltr'><strong>dum</strong></span> <span class='ocrx_word' id='word_1_785' title='bbox 2210 3933 2318 4007; x_wconf 82' lang='lat' dir='ltr'><strong>Dei</strong></span> <span class='ocrx_word' id='word_1_786' title='bbox 2360 3931 2585 4007; x_wconf 69' lang='lat' dir='ltr'><strong>Filium</strong></span> <span class='ocrx_word' id='word_1_787' title='bbox 2614 3932 2794 4007; x_wconf 80' lang='lat' dir='ltr'><strong>dicere</strong></span> <span class='ocrx_word' id='word_1_788' title='bbox 2847 3944 3147 4007; x_wconf 86' lang='lat' dir='ltr'><strong>creatum:</strong></span> <span class='ocrx_word' id='word_1_789' title='bbox 3193 3946 3247 3989; x_wconf 89' lang='lat' dir='ltr'><strong>et</strong></span> <span class='ocrx_word' id='word_1_790' title='bbox 3282 3938 3605 4007; x_wconf 85' lang='lat' dir='ltr'><strong>Dionysium</strong></span> 
     </span>
    </p>
   </div>
   <div class='ocr_carea' id='block_1_112' title="bbox 2026 4002 3605 4071">
    <p class='ocr_par' dir='ltr' id='par_1_112' title="bbox 2026 4002 3605 4071">
     <span class='ocr_line' id='line_1_113' title="bbox 2026 4002 3605 4071; baseline 0.004 -16"><span class='ocrx_word' id='word_1_791' title='bbox 2026 4003 2410 4056; x_wconf 69' lang='lat' dir='ltr'><strong>Alexandrina:</strong></span> <span class='ocrx_word' id='word_1_792' title='bbox 2469 4002 2619 4057; x_wconf 88' lang='lat' dir='ltr'><strong>urbis</strong></span> <span class='ocrx_word' id='word_1_793' title='bbox 2667 4004 3002 4071; x_wconf 90' lang='lat' dir='ltr'><strong>episcopum,</strong></span> <span class='ocrx_word' id='word_1_794' title='bbox 3057 4004 3229 4057; x_wconf 85' lang='lat' dir='ltr'><strong>virum</strong></span> <span class='ocrx_word' id='word_1_795' title='bbox 3290 4002 3605 4062; x_wconf 76' lang='lat' dir='ltr'><strong>eruditissi-</strong></span> 
     </span>
    </p>
   </div>
   <div class='ocr_carea' id='block_1_113' title="bbox 2028 4071 3604 4141">
    <p class='ocr_par' dir='ltr' id='par_1_113' title="bbox 2028 4071 3604 4141">
     <span class='ocr_line' id='line_1_114' title="bbox 2028 4071 3604 4141; baseline 0.004 -14"><span class='ocrx_word' id='word_1_796' title='bbox 2028 4088 2197 4140; x_wconf 91' lang='lat' dir='ltr'><strong>mum,</strong></span> <span class='ocrx_word' id='word_1_797' title='bbox 2253 4083 2440 4127; x_wconf 88' lang='lat' dir='ltr'><strong>contra</strong></span> <span class='ocrx_word' id='word_1_798' title='bbox 2496 4071 2790 4127; x_wconf 87' lang='lat' dir='ltr'><strong>Sabelliqu</strong></span> <span class='ocrx_word' id='word_1_799' title='bbox 2823 4082 3065 4141; x_wconf 81' lang='lat' dir='ltr'><strong>quatuor</strong></span> <span class='ocrx_word' id='word_1_800' title='bbox 3092 4074 3458 4130; x_wconf 91' lang='lat' dir='ltr'><strong>voluminibus</strong></span> <span class='ocrx_word' id='word_1_801' title='bbox 3484 4079 3604 4133; x_wconf 80' lang='lat' dir='ltr'><strong>dis—</strong></span> 
     </span>
    </p>
   </div>
   <div class='ocr_carea' id='block_1_114' title="bbox 2028 4142 3603 4212">
    <p class='ocr_par' dir='ltr' id='par_1_114' title="bbox 2028 4142 3603 4212">
     <span class='ocr_line' id='line_1_115' title="bbox 2028 4142 3603 4212; baseline 0.004 -15"><span class='ocrx_word' id='word_1_802' title='bbox 2028 4154 2329 4212; x_wconf 88' lang='lat' dir='ltr'><strong>putantem,</strong></span> <span class='ocrx_word' id='word_1_803' title='bbox 2378 4143 2433 4196; x_wconf 93' lang='lat' dir='ltr'><strong>in</strong></span> <span class='ocrx_word' id='word_1_804' title='bbox 2470 4142 2729 4195; x_wconf 84' lang='lat' dir='ltr'><strong>Arianum</strong></span> <span class='ocrx_word' id='word_1_805' title='bbox 2775 4143 2966 4211; x_wconf 84' lang='lat' dir='ltr'><strong>dogma</strong></span> <span class='ocrx_word' id='word_1_806' title='bbox 3019 4144 3219 4199; x_wconf 83' lang='lat' dir='ltr'><strong>delabi.</strong></span> <span class='ocrx_word' id='word_1_807' title='bbox 3266 4146 3333 4199; x_wconf 86' lang='lat' dir='ltr'><strong>Et</strong></span> <span class='ocrx_word' id='word_1_808' title='bbox 3378 4149 3480 4201; x_wconf 90' lang='lat' dir='ltr'><strong>sub</strong></span> <span class='ocrx_word' id='word_1_809' title='bbox 3511 4149 3603 4204; x_wconf 86' lang='lat' dir='ltr'><strong>his</strong></span> 
     </span>
    </p>
   </div>
   <div class='ocr_carea' id='block_1_115' title="bbox 2027 4213 3601 4283">
    <p class='ocr_par' dir='ltr' id='par_1_115' title="bbox 2027 4213 3601 4283">
     <span class='ocr_line' id='line_1_116' title="bbox 2027 4213 3601 4283; baseline 0.003 -15"><span class='ocrx_word' id='word_1_810' title='bbox 2027 4214 2288 4283; x_wconf 74' lang='lat' dir='ltr'><strong>exemplis</strong></span> <span class='ocrx_word' id='word_1_811' title='bbox 2314 4213 2442 4266; x_wconf 80' lang='lat' dir='ltr'><strong>illud</strong></span> <span class='ocrx_word' id='word_1_812' title='bbox 2472 4213 2600 4281; x_wconf 83' lang='lat' dir='ltr'><strong>agit,</strong></span> <span class='ocrx_word' id='word_1_813' title='bbox 2636 4223 2691 4266; x_wconf 84' lang='lat' dir='ltr'><strong>tit</strong></span> <span class='ocrx_word' id='word_1_814' title='bbox 2734 4227 2840 4265; x_wconf 89' lang='lat' dir='ltr'><strong>non</strong></span> <span class='ocrx_word' id='word_1_815' title='bbox 2881 4213 3284 4270; x_wconf 42' lang='lat' dir='ltr'><strong>ecclesiasticos</strong></span> <span class='ocrx_word' id='word_1_816' title='bbox 3316 4227 3370 4269; x_wconf 92' lang='lat' dir='ltr'><strong>et</strong></span> <span class='ocrx_word' id='word_1_817' title='bbox 3399 4219 3601 4273; x_wconf 85' lang='lat' dir='ltr'><strong>catho-</strong></span> 
     </span>
    </p>
   </div>
   <div class='ocr_carea' id='block_1_116' title="bbox 2030 4283 3599 4344">
    <p class='ocr_par' dir='ltr' id='par_1_116' title="bbox 2030 4283 3599 4344">
     <span class='ocr_line' id='line_1_117' title="bbox 2030 4283 3599 4344; baseline 0.004 -8"><span class='ocrx_word' id='word_1_818' title='bbox 2030 4284 2161 4338; x_wconf 91' lang='lat' dir='ltr'><strong>licos</strong></span> <span class='ocrx_word' id='word_1_819' title='bbox 2208 4285 2353 4337; x_wconf 81' lang='lat' dir='ltr'><strong>viros</strong></span> <span class='ocrx_word' id='word_1_820' title='bbox 2397 4284 2535 4337; x_wconf 88' lang='lat' dir='ltr'><strong>male</strong></span> <span class='ocrx_word' id='word_1_821' title='bbox 2570 4283 2831 4344; x_wconf 82' lang='lat' dir='ltr'><strong>sensisse,</strong></span> <span class='ocrx_word' id='word_1_822' title='bbox 2882 4285 2977 4337; x_wconf 88' lang='lat' dir='ltr'><strong>sed</strong></span> <span class='ocrx_word' id='word_1_823' title='bbox 3007 4290 3074 4338; x_wconf 89' lang='lat' dir='ltr'><strong>ab</strong></span> <span class='ocrx_word' id='word_1_824' title='bbox 3102 4286 3371 4339; x_wconf 67' lang='lat' dir='ltr'><strong>haereticis</strong></span> <span class='ocrx_word' id='word_1_825' title='bbox 3404 4303 3599 4343; x_wconf 88' lang='lat' dir='ltr'><strong>eorum</strong></span> 
     </span>
    </p>
   </div>
   <div class='ocr_carea' id='block_1_117' title="bbox 2027 4356 3600 4421">
    <p class='ocr_par' dir='ltr' id='par_1_117' title="bbox 2027 4356 3600 4421">
     <span class='ocr_line' id='line_1_118' title="bbox 2027 4356 3600 4421; baseline 0.002 -12"><span class='ocrx_word' id='word_1_826' title='bbox 2027 4356 2227 4421; x_wconf 87' lang='lat' dir='ltr'><strong>scripta</strong></span> <span class='ocrx_word' id='word_1_827' title='bbox 2256 4362 2514 4421; x_wconf 88' lang='lat' dir='ltr'><strong>corrupta</strong></span> <span class='ocrx_word' id='word_1_828' title='bbox 2548 4367 2667 4406; x_wconf 87' lang='lat' dir='ltr'><strong>esse</strong></span> <span class='ocrx_word' id='word_1_829' title='bbox 2702 4364 2971 4420; x_wconf 89' lang='lat' dir='ltr'><strong>testelur;</strong></span> <span class='ocrx_word' id='word_1_830' title='bbox 3003 4363 3057 4407; x_wconf 84' lang='lat' dir='ltr'><strong>et</strong></span> <span class='ocrx_word' id='word_1_831' title='bbox 3090 4358 3377 4409; x_wconf 83' lang='lat' dir='ltr'><strong>concludat</strong></span> <span class='ocrx_word' id='word_1_832' title='bbox 3401 4359 3467 4410; x_wconf 91' lang='lat' dir='ltr'><strong>ad</strong></span> <span class='ocrx_word' id='word_1_833' title='bbox 3496 4375 3600 4412; x_wconf 76' lang='lat' dir='ltr'><strong>ex-</strong></span> 
     </span>
    </p>
   </div>
   <div class='ocr_carea' id='block_1_118' title="bbox 2030 4422 3600 4493">
    <p class='ocr_par' dir='ltr' id='par_1_118' title="bbox 2030 4422 3600 4493">
     <span class='ocr_line' id='line_1_119' title="bbox 2030 4422 3600 4493; baseline 0.002 -15"><span class='ocrx_word' id='word_1_834' title='bbox 2030 4434 2259 4478; x_wconf 79' lang='lat' dir='ltr'><strong>tremum</strong></span> <span class='ocrx_word' id='word_1_835' title='bbox 2292 4425 2516 4477; x_wconf 88' lang='lat' dir='ltr'><strong>dicens:</strong></span> <span class='ocrx_word' id='word_1_836' title='bbox 2553 4422 2629 4476; x_wconf 86' lang='lat' dir='ltr'><strong>De</strong></span> <span class='ocrx_word' id='word_1_837' title='bbox 2662 4422 2886 4492; x_wconf 82' lang='lat' dir='ltr'><strong>Origene</strong></span> <span class='ocrx_word' id='word_1_838' title='bbox 2916 4440 3140 4493; x_wconf 86' lang='lat' dir='ltr'><strong>quoque,</strong></span> <span class='ocrx_word' id='word_1_839' title='bbox 3180 4428 3232 4478; x_wconf 90' lang='lat' dir='ltr'><strong>in</strong></span> <span class='ocrx_word' id='word_1_840' title='bbox 3268 4442 3369 4490; x_wconf 86' lang='lat' dir='ltr'><strong>quo</strong></span> <span class='ocrx_word' id='word_1_841' title='bbox 3403 4430 3600 4481; x_wconf 81' lang='lat' dir='ltr'><strong>simili-</strong></span> 
     </span>
    </p>
   </div>
   <div class='ocr_carea' id='block_1_119' title="bbox 2026 4494 3594 4562">
    <p class='ocr_par' dir='ltr' id='par_1_119' title="bbox 2026 4494 3594 4562">
     <span class='ocr_line' id='line_1_120' title="bbox 2026 4494 3594 4562; baseline 0.002 -15"><span class='ocrx_word' id='word_1_842' title='bbox 2026 4506 2123 4559; x_wconf 90' lang='lat' dir='ltr'><strong>ter,</strong></span> <span class='ocrx_word' id='word_1_843' title='bbox 2154 4496 2287 4547; x_wconf 89' lang='lat' dir='ltr'><strong>utin</strong></span> <span class='ocrx_word' id='word_1_844' title='bbox 2329 4494 2410 4546; x_wconf 81' lang='lat' dir='ltr'><strong>Itis</strong></span> <span class='ocrx_word' id='word_1_845' title='bbox 2440 4509 2569 4562; x_wconf 88' lang='lat' dir='ltr'><strong>quos</strong></span> <span class='ocrx_word' id='word_1_846' title='bbox 2608 4510 2771 4561; x_wconf 82' lang='lat' dir='ltr'><strong>supra</strong></span> <span class='ocrx_word' id='word_1_847' title='bbox 2806 4495 3063 4560; x_wconf 70' lang='lat' dir='ltr'><strong>diximus,</strong></span> <span class='ocrx_word' id='word_1_848' title='bbox 3091 4498 3334 4562; x_wconf 80' lang='lat' dir='ltr'><strong>qua-dam</strong></span> <span class='ocrx_word' id='word_1_849' title='bbox 3366 4500 3594 4552; x_wconf 83' lang='lat' dir='ltr'><strong>diversi-</strong></span> 
     </span>
    </p>
   </div>
   <div class='ocr_carea' id='block_1_120' title="bbox 2025 4565 3598 4636">
    <p class='ocr_par' dir='ltr' id='par_1_120' title="bbox 2025 4565 3598 4636">
     <span class='ocr_line' id='line_1_121' title="bbox 2025 4565 3598 4636; baseline 0.004 -19"><span class='ocrx_word' id='word_1_850' title='bbox 2025 4576 2105 4617; x_wconf 84' lang='lat' dir='ltr'><strong>tas</strong></span> <span class='ocrx_word' id='word_1_851' title='bbox 2148 4565 2447 4636; x_wconf 70' lang='lat' dir='ltr'><strong>invenitur,</strong></span> <span class='ocrx_word' id='word_1_852' title='bbox 2492 4566 2627 4617; x_wconf 84' lang='lat' dir='ltr'><strong>istud</strong></span> <span class='ocrx_word' id='word_1_853' title='bbox 2675 4582 2779 4636; x_wconf 82' lang='lat' dir='ltr'><strong>non</strong></span> <span class='ocrx_word' id='word_1_854' title='bbox 2835 4567 3058 4633; x_wconf 78' lang='lat' dir='ltr'><strong>su/ﬁciat</strong></span> <span class='ocrx_word' id='word_1_855' title='bbox 3101 4570 3313 4631; x_wconf 87' lang='lat' dir='ltr'><strong>sentire,</strong></span> <span class='ocrx_word' id='word_1_856' title='bbox 3355 4572 3496 4636; x_wconf 85' lang='lat' dir='ltr'><strong>quod</strong></span> <span class='ocrx_word' id='word_1_857' title='bbox 3528 4573 3598 4623; x_wconf 78' lang='lat' dir='ltr'><strong>de</strong></span> 
     </span>
    </p>
   </div>
   <div class='ocr_carea' id='block_1_121' title="bbox 2022 4634 3601 4707">
    <p class='ocr_par' dir='ltr' id='par_1_121' title="bbox 2022 4634 3601 4707">
     <span class='ocr_line' id='line_1_122' title="bbox 2022 4634 3601 4707; baseline 0.004 -22"><span class='ocrx_word' id='word_1_858' title='bbox 2022 4634 2386 4707; x_wconf 74' lang='lat' dir='ltr'><strong>prmjudicat-is</strong></span> <span class='ocrx_word' id='word_1_859' title='bbox 2420 4634 2537 4707; x_wconf 83' lang='lat' dir='ltr'><strong>jam</strong></span> <span class='ocrx_word' id='word_1_860' title='bbox 2578 4634 2849 4707; x_wconf 78' lang='lat' dir='ltr'><strong>catholicis</strong></span> <span class='ocrx_word' id='word_1_861' title='bbox 2894 4637 3235 4707; x_wconf 16' lang='lat' dir='ltr'><strong>sentiturﬁvel</strong></span> <span class='ocrx_word' id='word_1_862' title='bbox 3272 4634 3601 4707; x_wconf 71' lang='lat' dir='ltr'><strong>intelligitur</strong></span> 
     </span>
    </p>
   </div>
   <div class='ocr_carea' id='block_1_122' title="bbox 2021 4704 3591 4775">
    <p class='ocr_par' dir='ltr' id='par_1_122' title="bbox 2021 4704 3591 4775">
     <span class='ocr_line' id='line_1_123' title="bbox 2021 4704 3591 4775; baseline 0.003 -17"><span class='ocrx_word' id='word_1_863' title='bbox 2021 4708 2167 4769; x_wconf 87' lang='lat' dir='ltr'><strong>viris,</strong></span> <span class='ocrx_word' id='word_1_864' title='bbox 2210 4721 2301 4758; x_wconf 89' lang='lat' dir='ltr'><strong>nec</strong></span> <span class='ocrx_word' id='word_1_865' title='bbox 2340 4704 2528 4757; x_wconf 86' lang='lat' dir='ltr'><strong>similis</strong></span> <span class='ocrx_word' id='word_1_866' title='bbox 2566 4720 2740 4758; x_wconf 77' lang='lat' dir='ltr'><strong>causa:</strong></span> <span class='ocrx_word' id='word_1_867' title='bbox 2791 4706 2982 4759; x_wconf 82' lang='lat' dir='ltr'><strong>similis</strong></span> <span class='ocrx_word' id='word_1_868' title='bbox 3044 4706 3266 4775; x_wconf 68' lang='lat' dir='ltr'><strong>suﬁiciat</strong></span> <span class='ocrx_word' id='word_1_869' title='bbox 3294 4704 3591 4763; x_wconf 73' lang='lat' dir='ltr'><strong>excusatio.</strong></span> 
     </span>
    </p>
   </div>
   <div class='ocr_carea' id='block_1_123' title="bbox 2022 4776 3595 4846">
    <p class='ocr_par' dir='ltr' id='par_1_123' title="bbox 2022 4776 3595 4846">
     <span class='ocr_line' id='line_1_124' title="bbox 2022 4776 3595 4846; baseline 0.001 -16"><span class='ocrx_word' id='word_1_870' title='bbox 2022 4776 2078 4830; x_wconf 83' lang='lat' dir='ltr'><strong>Si</strong></span> <span class='ocrx_word' id='word_1_871' title='bbox 2110 4776 2447 4846; x_wconf 72' lang='lat' dir='ltr'><strong>conceditur,</strong></span> <span class='ocrx_word' id='word_1_872' title='bbox 2489 4786 2545 4827; x_wconf 92' lang='lat' dir='ltr'><strong>ut</strong></span> <span class='ocrx_word' id='word_1_873' title='bbox 2581 4776 2840 4843; x_wconf 89' lang='lat' dir='ltr'><strong>quidquid</strong></span> <span class='ocrx_word' id='word_1_874' title='bbox 2865 4776 2920 4846; x_wconf 90' lang='lat' dir='ltr'><strong>in</strong></span> <span class='ocrx_word' id='word_1_875' title='bbox 2956 4776 3108 4831; x_wconf 88' lang='lat' dir='ltr'><strong>libris</strong></span> <span class='ocrx_word' id='word_1_876' title='bbox 3156 4778 3397 4832; x_wconf 89' lang='lat' dir='ltr'><strong>omnium</strong></span> <span class='ocrx_word' id='word_1_877' title='bbox 3435 4794 3595 4846; x_wconf 85' lang='lat' dir='ltr'><strong>repe-</strong></span> 
     </span>
    </p>
   </div>
   <div class='ocr_carea' id='block_1_124' title="bbox 2020 4845 3590 4917">
    <p class='ocr_par' dir='ltr' id='par_1_124' title="bbox 2020 4845 3590 4917">
     <span class='ocr_line' id='line_1_125' title="bbox 2020 4845 3590 4917; baseline 0.003 -18"><span class='ocrx_word' id='word_1_878' title='bbox 2020 4846 2187 4917; x_wconf 66' lang='lat' dir='ltr'><strong>ritur,</strong></span> <span class='ocrx_word' id='word_1_879' title='bbox 2233 4846 2301 4899; x_wconf 89' lang='lat' dir='ltr'><strong>ab</strong></span> <span class='ocrx_word' id='word_1_880' title='bbox 2342 4845 2463 4917; x_wconf 87' lang='lat' dir='ltr'><strong>aliis</strong></span> <span class='ocrx_word' id='word_1_881' title='bbox 2490 4854 2801 4914; x_wconf 86' lang='lat' dir='ltr'><strong>corruptum</strong></span> <span class='ocrx_word' id='word_1_882' title='bbox 2828 4845 2917 4917; x_wconf 82' lang='lat' dir='ltr'><strong>sit,</strong></span> <span class='ocrx_word' id='word_1_883' title='bbox 2943 4846 3077 4900; x_wconf 91' lang='lat' dir='ltr'><strong>nihil</strong></span> <span class='ocrx_word' id='word_1_884' title='bbox 3098 4861 3283 4901; x_wconf 90' lang='lat' dir='ltr'><strong>eorum</strong></span> <span class='ocrx_word' id='word_1_885' title='bbox 3310 4850 3416 4901; x_wconf 89' lang='lat' dir='ltr'><strong>erit</strong></span> <span class='ocrx_word' id='word_1_886' title='bbox 3445 4845 3590 4917; x_wconf 83' lang='lat' dir='ltr'><strong>quo-</strong></span> 
     </span>
    </p>
   </div>
   <div class='ocr_carea' id='block_1_125' title="bbox 2020 4915 3588 4988">
    <p class='ocr_par' dir='ltr' id='par_1_125' title="bbox 2020 4915 3588 4988">
     <span class='ocr_line' id='line_1_126' title="bbox 2020 4915 3588 4988; baseline 0.004 -20"><span class='ocrx_word' id='word_1_887' title='bbox 2020 4926 2138 4988; x_wconf 82' lang='lat' dir='ltr'><strong>rum</strong></span> <span class='ocrx_word' id='word_1_888' title='bbox 2165 4916 2339 4988; x_wconf 78' lang='lat' dir='ltr'><strong>fertur</strong></span> <span class='ocrx_word' id='word_1_889' title='bbox 2370 4915 2678 4988; x_wconf 89' lang='lat' dir='ltr'><strong>hominibus</strong></span> <span class='ocrx_word' id='word_1_890' title='bbox 2705 4930 2720 4979; x_wconf 90' lang='lat'><strong>;</strong></span> <span class='ocrx_word' id='word_1_891' title='bbox 2754 4916 2851 4970; x_wconf 89' lang='lat' dir='ltr'><strong>sed</strong></span> <span class='ocrx_word' id='word_1_892' title='bbox 2881 4917 2969 4971; x_wconf 83' lang='lat' dir='ltr'><strong>his</strong></span> <span class='ocrx_word' id='word_1_893' title='bbox 2995 4918 3364 4985; x_wconf 88' lang='lat' dir='ltr'><strong>deputabitur,</strong></span> <span class='ocrx_word' id='word_1_894' title='bbox 3396 4934 3425 4972; x_wconf 83' lang='lat' dir='ltr'><strong>a</strong></span> <span class='ocrx_word' id='word_1_895' title='bbox 3458 4915 3588 4988; x_wconf 81' lang='lat' dir='ltr'><strong>qui-</strong></span> 
     </span>
    </p>
   </div>
   <div class='ocr_carea' id='block_1_126' title="bbox 2017 4985 3587 5056">
    <p class='ocr_par' dir='ltr' id='par_1_126' title="bbox 2017 4985 3587 5056">
     <span class='ocr_line' id='line_1_127' title="bbox 2017 4985 3587 5056; baseline 0.004 -18"><span class='ocrx_word' id='word_1_896' title='bbox 2017 4985 2120 5041; x_wconf 91' lang='lat' dir='ltr'><strong>bus</strong></span> <span class='ocrx_word' id='word_1_897' title='bbox 2164 4986 2366 5039; x_wconf 89' lang='lat' dir='ltr'><strong>dicitur</strong></span> <span class='ocrx_word' id='word_1_898' title='bbox 2406 5000 2526 5040; x_wconf 90' lang='lat' dir='ltr'><strong>esse</strong></span> <span class='ocrx_word' id='word_1_899' title='bbox 2568 4987 2836 5041; x_wconf 90' lang='lat' dir='ltr'><strong>vitiatum.</strong></span> <span class='ocrx_word' id='word_1_900' title='bbox 2888 4988 3210 5056; x_wconf 79' lang='lat' dir='ltr'><strong>Quanquam</strong></span> <span class='ocrx_word' id='word_1_901' title='bbox 3259 4999 3316 5042; x_wconf 92' lang='lat' dir='ltr'><strong>et</strong></span> <span class='ocrx_word' id='word_1_902' title='bbox 3370 4985 3587 5045; x_wconf 71' lang='lat' dir='ltr'><strong>illorum</strong></span> 
     </span>
    </p>
   </div>
   <div class='ocr_carea' id='block_1_127' title="bbox 2016 5056 3587 5128">
    <p class='ocr_par' dir='ltr' id='par_1_127' title="bbox 2016 5056 3587 5128">
     <span class='ocr_line' id='line_1_128' title="bbox 2016 5056 3587 5128; baseline 0.003 -18"><span class='ocrx_word' id='word_1_903' title='bbox 2016 5071 2125 5128; x_wconf 76' lang='lat' dir='ltr'><strong>non</strong></span> <span class='ocrx_word' id='word_1_904' title='bbox 2161 5057 2553 5128; x_wconf 10' lang='lat' dir='ltr'><strong>erit,gquorum</strong></span> <span class='ocrx_word' id='word_1_905' title='bbox 2591 5056 2795 5110; x_wconf 85' lang='lat' dir='ltr'><strong>incerta</strong></span> <span class='ocrx_word' id='word_1_906' title='bbox 2833 5067 2961 5111; x_wconf 91' lang='lat' dir='ltr'><strong>sunt</strong></span> <span class='ocrx_word' id='word_1_907' title='bbox 3015 5058 3273 5112; x_wconf 88' lang='lat' dir='ltr'><strong>nomina:</strong></span> <span class='ocrx_word' id='word_1_908' title='bbox 3312 5071 3478 5128; x_wconf 89' lang='lat' dir='ltr'><strong>atque</strong></span> <span class='ocrx_word' id='word_1_909' title='bbox 3512 5062 3587 5115; x_wconf 71' lang='lat' dir='ltr'><strong>ita</strong></span> 
     </span>
    </p>
   </div>
   <div class='ocr_carea' id='block_1_128' title="bbox 2015 5126 3587 5199">
    <p class='ocr_par' dir='ltr' id='par_1_128' title="bbox 2015 5126 3587 5199">
     <span class='ocr_line' id='line_1_129' title="bbox 2015 5126 3587 5199; baseline 0.005 -20"><span class='ocrx_word' id='word_1_910' title='bbox 2015 5126 2129 5199; x_wconf 88' lang='lat' dir='ltr'><strong>ﬁet,</strong></span> <span class='ocrx_word' id='word_1_911' title='bbox 2158 5138 2243 5199; x_wconf 88' lang='lat' dir='ltr'><strong>_ul,</strong></span> <span class='ocrx_word' id='word_1_912' title='bbox 2284 5126 2416 5199; x_wconf 82' lang='lat' dir='ltr'><strong>dum</strong></span> <span class='ocrx_word' id='word_1_913' title='bbox 2460 5128 2699 5199; x_wconf 82' lang='lat' dir='ltr'><strong>omnium</strong></span> <span class='ocrx_word' id='word_1_914' title='bbox 2732 5128 2915 5199; x_wconf 76' lang='lat' dir='ltr'><strong>omnia</strong></span> <span class='ocrx_word' id='word_1_915' title='bbox 2955 5138 3105 5199; x_wconf 89' lang='lat' dir='ltr'><strong>sunt,</strong></span> <span class='ocrx_word' id='word_1_916' title='bbox 3159 5128 3293 5183; x_wconf 87' lang='lat' dir='ltr'><strong>nihil</strong></span> <span class='ocrx_word' id='word_1_917' title='bbox 3354 5126 3587 5199; x_wconf 84' lang='lat' dir='ltr'><strong>alicujus</strong></span> 
     </span>
    </p>
   </div>
   <div class='ocr_carea' id='block_1_129' title="bbox 2014 5195 3583 5266">
    <p class='ocr_par' dir='ltr' id='par_1_129' title="bbox 2014 5195 3583 5266">
     <span class='ocr_line' id='line_1_130' title="bbox 2014 5195 3583 5266; baseline 0.003 -16"><span class='ocrx_word' id='word_1_918' title='bbox 2014 5198 2105 5250; x_wconf 84' lang='lat' dir='ltr'><strong>sit.</strong></span> <span class='ocrx_word' id='word_1_919' title='bbox 2156 5197 2270 5251; x_wconf 88' lang='lat' dir='ltr'><strong>Hac</strong></span> <span class='ocrx_word' id='word_1_920' title='bbox 2321 5195 2653 5251; x_wconf 87' lang='lat' dir='ltr'><strong>defensionis</strong></span> <span class='ocrx_word' id='word_1_921' title='bbox 2712 5198 3124 5266; x_wconf 82' lang='lat' dir='ltr'><strong>perturbatione</strong></span> <span class='ocrx_word' id='word_1_922' title='bbox 3166 5212 3265 5253; x_wconf 89' lang='lat' dir='ltr'><strong>nec</strong></span> <span class='ocrx_word' id='word_1_923' title='bbox 3316 5195 3583 5263; x_wconf 77' lang='lat' dir='ltr'><strong>Marcion,</strong></span> 
     </span>
    </p>
   </div>
   <div class='ocr_carea' id='block_1_130' title="bbox 2012 5267 3582 5334">
    <p class='ocr_par' dir='ltr' id='par_1_130' title="bbox 2012 5267 3582 5334">
     <span class='ocr_line' id='line_1_131' title="bbox 2012 5267 3582 5334; baseline 0.004 -14"><span class='ocrx_word' id='word_1_924' title='bbox 2012 5282 2114 5322; x_wconf 90' lang='lat' dir='ltr'><strong>nec</strong></span> <span class='ocrx_word' id='word_1_925' title='bbox 2144 5267 2491 5331; x_wconf 74' lang='lat' dir='ltr'><strong>Manichacus,</strong></span> <span class='ocrx_word' id='word_1_926' title='bbox 2524 5282 2623 5320; x_wconf 83' lang='lat' dir='ltr'><strong>nec</strong></span> <span class='ocrx_word' id='word_1_927' title='bbox 2652 5267 2836 5334; x_wconf 87' lang='lat' dir='ltr'><strong>Arius,</strong></span> <span class='ocrx_word' id='word_1_928' title='bbox 2866 5282 2973 5324; x_wconf 85' lang='lat' dir='ltr'><strong>nec</strong></span> <span class='ocrx_word' id='word_1_929' title='bbox 3000 5267 3300 5323; x_wconf 84' lang='lat' dir='ltr'><strong>Eunomius</strong></span> <span class='ocrx_word' id='word_1_930' title='bbox 3333 5274 3582 5326; x_wconf 77' lang='lat' dir='ltr'><strong>accusari</strong></span> 
     </span>
    </p>
   </div>
   <div class='ocr_carea' id='block_1_131' title="bbox 2010 5337 3581 5409">
    <p class='ocr_par' dir='ltr' id='par_1_131' title="bbox 2010 5337 3581 5409">
     <span class='ocr_line' id='line_1_132' title="bbox 2010 5337 3581 5409; baseline 0.002 -17"><span class='ocrx_word' id='word_1_931' title='bbox 2010 5348 2302 5407; x_wconf 89' lang='lat' dir='ltr'><strong>poterunt;</strong></span> <span class='ocrx_word' id='word_1_932' title='bbox 2335 5339 2469 5409; x_wconf 5' lang='lat' dir='ltr'><strong>quia,</strong></span> <span class='ocrx_word' id='word_1_933' title='bbox 2492 5337 2753 5409; x_wconf 85' lang='lat' dir='ltr'><strong>quidquid</strong></span> <span class='ocrx_word' id='word_1_934' title='bbox 2802 5352 2902 5392; x_wconf 87' lang='lat' dir='ltr'><strong>nos</strong></span> <span class='ocrx_word' id='word_1_935' title='bbox 2934 5340 3001 5394; x_wconf 88' lang='lat' dir='ltr'><strong>ab</strong></span> <span class='ocrx_word' id='word_1_936' title='bbox 3041 5340 3125 5394; x_wconf 89' lang='lat' dir='ltr'><strong>his</strong></span> <span class='ocrx_word' id='word_1_937' title='bbox 3175 5341 3338 5409; x_wconf 89' lang='lat' dir='ltr'><strong>impie</strong></span> <span class='ocrx_word' id='word_1_938' title='bbox 3372 5345 3581 5395; x_wconf 86' lang='lat' dir='ltr'><strong>dictum</strong></span> 
     </span>
    </p>
   </div>
   <div class='ocr_carea' id='block_1_132' title="bbox 2009 5407 3584 5483">
    <p class='ocr_par' dir='ltr' id='par_1_132' title="bbox 2009 5407 3584 5483">
     <span class='ocr_line' id='line_1_133' title="bbox 2009 5407 3584 5483; baseline 0.001 -20"><span class='ocrx_word' id='word_1_939' title='bbox 2009 5409 2391 5483; x_wconf 82' lang='lat' dir='ltr'><strong>objecerimus,</strong></span> <span class='ocrx_word' id='word_1_940' title='bbox 2424 5407 2678 5483; x_wconf 81' lang='lat' dir='ltr'><strong>discipuli</strong></span> <span class='ocrx_word' id='word_1_941' title='bbox 2734 5409 3161 5483; x_wconf 77' lang='lat' dir='ltr'><strong>respondebunt,</strong></span> <span class='ocrx_word' id='word_1_942' title='bbox 3194 5407 3300 5464; x_wconf 86' lang='lat' dir='ltr'><strong>non</strong></span> <span class='ocrx_word' id='word_1_943' title='bbox 3332 5427 3364 5483; x_wconf 73' lang='grc' dir='ltr'><strong>ιι</strong></span> <span class='ocrx_word' id='word_1_944' title='bbox 3388 5414 3584 5483; x_wconf 82' lang='lat' dir='ltr'><strong>magi-</strong></span> 
     </span>
    </p>
   </div>
   <div class='ocr_carea' id='block_1_133' title="bbox 2013 5478 3578 5544">
    <p class='ocr_par' dir='ltr' id='par_1_133' title="bbox 2013 5478 3578 5544">
     <span class='ocr_line' id='line_1_134' title="bbox 2013 5478 3578 5544; baseline 0.001 -11"><span class='ocrx_word' id='word_1_945' title='bbox 2013 5480 2142 5535; x_wconf 90' lang='lat' dir='ltr'><strong>stris</strong></span> <span class='ocrx_word' id='word_1_946' title='bbox 2162 5480 2279 5533; x_wconf 88' lang='lat' dir='ltr'><strong>suis</strong></span> <span class='ocrx_word' id='word_1_947' title='bbox 2314 5481 2386 5533; x_wconf 87' lang='lat' dir='ltr'><strong>ita</strong></span> <span class='ocrx_word' id='word_1_948' title='bbox 2408 5479 2633 5544; x_wconf 88' lang='lat' dir='ltr'><strong>editum,</strong></span> <span class='ocrx_word' id='word_1_949' title='bbox 2653 5478 2748 5532; x_wconf 88' lang='lat' dir='ltr'><strong>sed</strong></span> <span class='ocrx_word' id='word_1_950' title='bbox 2779 5481 2847 5531; x_wconf 91' lang='lat' dir='ltr'><strong>ab</strong></span> <span class='ocrx_word' id='word_1_951' title='bbox 2874 5479 3112 5535; x_wconf 89' lang='lat' dir='ltr'><strong>inimicis</strong></span> <span class='ocrx_word' id='word_1_952' title='bbox 3139 5495 3261 5535; x_wconf 87' lang='lat' dir='ltr'><strong>esse</strong></span> <span class='ocrx_word' id='word_1_953' title='bbox 3292 5478 3578 5535; x_wconf 70' lang='lat' dir='ltr'><strong>violatum.</strong></span> 
     </span>
    </p>
   </div>
   <div class='ocr_carea' id='block_1_134' title="bbox 2008 5548 3576 5619">
    <p class='ocr_par' dir='ltr' id='par_1_134' title="bbox 2008 5548 3576 5619">
     <span class='ocr_line' id='line_1_135' title="bbox 2008 5548 3576 5619; baseline 0.001 -16"><span class='ocrx_word' id='word_1_954' title='bbox 2008 5548 2121 5604; x_wconf 82' lang='lat' dir='ltr'><strong>lloc</strong></span> <span class='ocrx_word' id='word_1_955' title='bbox 2152 5565 2349 5619; x_wconf 84' lang='lat' dir='ltr'><strong>genere</strong></span> <span class='ocrx_word' id='word_1_956' title='bbox 2392 5559 2448 5601; x_wconf 89' lang='lat' dir='ltr'><strong>et</strong></span> <span class='ocrx_word' id='word_1_957' title='bbox 2480 5550 2595 5611; x_wconf 61' lang='lat' dir='ltr'><strong>,iste</strong></span> <span class='ocrx_word' id='word_1_958' title='bbox 2636 5550 2748 5617; x_wconf 89' lang='lat' dir='ltr'><strong>ipse</strong></span> <span class='ocrx_word' id='word_1_959' title='bbox 2776 5558 2900 5603; x_wconf 90' lang='lat' dir='ltr'><strong>tuus</strong></span> <span class='ocrx_word' id='word_1_960' title='bbox 2930 5550 3090 5614; x_wconf 89' lang='lat' dir='ltr'><strong>liber,</strong></span> <span class='ocrx_word' id='word_1_961' title='bbox 3129 5562 3253 5605; x_wconf 90' lang='lat' dir='ltr'><strong>tuus</strong></span> <span class='ocrx_word' id='word_1_962' title='bbox 3298 5567 3405 5605; x_wconf 90' lang='lat' dir='ltr'><strong>nou</strong></span> <span class='ocrx_word' id='word_1_963' title='bbox 3446 5554 3576 5619; x_wconf 81' lang='lat' dir='ltr'><strong>erit,</strong></span> 
     </span>
    </p>
   </div>
   <div class='ocr_carea' id='block_1_135' title="bbox 2006 5620 3034 5685">
    <p class='ocr_par' dir='ltr' id='par_1_135' title="bbox 2006 5620 3034 5685">
     <span class='ocr_line' id='line_1_136' title="bbox 2006 5620 3034 5685; baseline -0.001 -12"><span class='ocrx_word' id='word_1_964' title='bbox 2006 5622 2099 5675; x_wconf 89' lang='lat' dir='ltr'><strong>sed</strong></span> <span class='ocrx_word' id='word_1_965' title='bbox 2129 5620 2353 5674; x_wconf 85' lang='lat' dir='ltr'><strong>forsitan</strong></span> <span class='ocrx_word' id='word_1_966' title='bbox 2384 5634 2535 5673; x_wconf 88' lang='lat' dir='ltr'><strong>meus</strong></span> <span class='ocrx_word' id='word_1_967' title='bbox 2563 5637 2577 5685; x_wconf 92' lang='lat'>;</span> <span class='ocrx_word' id='word_1_968' title='bbox 2607 5630 2660 5673; x_wconf 90' lang='lat' dir='ltr'><strong>et</strong></span> <span class='ocrx_word' id='word_1_969' title='bbox 2694 5634 2848 5674; x_wconf 89' lang='lat' dir='ltr'><strong>meus</strong></span> <span class='ocrx_word' id='word_1_970' title='bbox 2871 5621 3034 5685; x_wconf 87' lang='lat' dir='ltr'><strong>liber,</strong></span> 
     </span>
    </p>
   </div>
   <div class='ocr_carea' id='block_1_136' title="bbox 2009 5690 3575 5764">
    <p class='ocr_par' dir='ltr' id='par_1_136' title="bbox 2009 5690 3575 5764">
     <span class='ocr_line' id='line_1_137' title="bbox 2009 5690 3575 5764; baseline 0.003 -20"><span class='ocrx_word' id='word_1_971' title='bbox 2009 5701 2095 5745; x_wconf 87' lang='lat' dir='ltr'><strong>lus</strong></span> <span class='ocrx_word' id='word_1_972' title='bbox 2120 5693 2450 5764; x_wconf 66' lang='lat' dir='ltr'><strong>resltoudeo,</strong></span> <span class='ocrx_word' id='word_1_973' title='bbox 2482 5690 2608 5744; x_wconf 69' lang='lat' dir='ltr'><strong>sicin</strong></span> <span class='ocrx_word' id='word_1_974' title='bbox 2642 5690 2733 5744; x_wconf 89' lang='lat' dir='ltr'><strong>illo</strong></span> <span class='ocrx_word' id='word_1_975' title='bbox 2763 5690 2967 5761; x_wconf 87' lang='lat' dir='ltr'><strong>aliquid</strong></span> <span class='ocrx_word' id='word_1_976' title='bbox 2995 5690 3434 5764; x_wconf 74' lang='lat' dir='ltr'><strong>reprehendetjs,</strong></span> <span class='ocrx_word' id='word_1_977' title='bbox 3464 5706 3575 5764; x_wconf 83' lang='lat' dir='ltr'><strong>non</strong></span> 
     </span>
    </p>
   </div>
   <div class='ocr_carea' id='block_1_137' title="bbox 2004 5762 3577 5831">
    <p class='ocr_par' dir='ltr' id='par_1_137' title="bbox 2004 5762 3577 5831">
     <span class='ocr_line' id='line_1_138' title="bbox 2004 5762 3577 5831; baseline 0.002 -17"><span class='ocrx_word' id='word_1_978' title='bbox 2004 5764 2110 5816; x_wconf 86' lang='lat' dir='ltr'><strong>erit</strong></span> <span class='ocrx_word' id='word_1_979' title='bbox 2141 5777 2314 5825; x_wconf 84' lang='lat' dir='ltr'><strong>uicus,</strong></span> <span class='ocrx_word' id='word_1_980' title='bbox 2358 5762 2453 5815; x_wconf 87' lang='lat' dir='ltr'><strong>sed</strong></span> <span class='ocrx_word' id='word_1_981' title='bbox 2505 5770 2632 5815; x_wconf 90' lang='lat' dir='ltr'><strong>tuus</strong></span> <span class='ocrx_word' id='word_1_982' title='bbox 2666 5775 2694 5813; x_wconf 86' lang='lat' dir='ltr'><strong>a</strong></span> <span class='ocrx_word' id='word_1_983' title='bbox 2727 5774 2834 5831; x_wconf 80' lang='lat' dir='ltr'><strong>quo</strong></span> <span class='ocrx_word' id='word_1_984' title='bbox 2862 5762 3296 5831; x_wconf 87' lang='lat' dir='ltr'><strong>reprehenditur.</strong></span> <span class='ocrx_word' id='word_1_985' title='bbox 3334 5762 3407 5815; x_wconf 81' lang='lat' dir='ltr'><strong>Et</strong></span> <span class='ocrx_word' id='word_1_986' title='bbox 3448 5763 3577 5817; x_wconf 81' lang='lat' dir='ltr'><strong>dum</strong></span> 
     </span>
    </p>
   </div>
   <div class='ocr_carea' id='block_1_138' title="bbox 1966 5830 3577 5909">
    <p class='ocr_par' dir='ltr' id='par_1_138' title="bbox 1966 5830 3577 5909">
     <span class='ocr_line' id='line_1_139' title="bbox 1966 5830 3577 5909; baseline 0 -18"><span class='ocrx_word' id='word_1_987' title='bbox 1966 5906 1973 5909; x_wconf 16' lang='grc' dir='ltr'><strong>μ</strong></span> <span class='ocrx_word' id='word_1_988' title='bbox 2002 5834 2186 5891; x_wconf 83' lang='lat' dir='ltr'><strong>omnia</strong></span> <span class='ocrx_word' id='word_1_989' title='bbox 2216 5837 2298 5907; x_wconf 66' lang='lat' dir='ltr'><strong>ad</strong></span> <span class='ocrx_word' id='word_1_990' title='bbox 2342 5831 2629 5892; x_wconf 77' lang='lat' dir='ltr'><strong>haereticos</strong></span> <span class='ocrx_word' id='word_1_991' title='bbox 2660 5830 2859 5903; x_wconf 84' lang='lat' dir='ltr'><strong>refers,</strong></span> <span class='ocrx_word' id='word_1_992' title='bbox 2898 5830 3031 5903; x_wconf 81' lang='lat' dir='ltr'><strong>quid</strong></span> <span class='ocrx_word' id='word_1_993' title='bbox 3057 5832 3450 5892; x_wconf 77' lang='lat' dir='ltr'><strong>ecclesiasticis</strong></span> <span class='ocrx_word' id='word_1_994' title='bbox 3485 5835 3577 5891; x_wconf 75' lang='lat' dir='ltr'><strong>tri-</strong></span> 
     </span>
    </p>
   </div>
   <div class='ocr_carea' id='block_1_139' title="bbox 3068 5622 3578 5692">
    <p class='ocr_par' dir='ltr' id='par_1_139' title="bbox 3068 5622 3578 5692">
     <span class='ocr_line' id='line_1_140' title="bbox 3068 5622 3578 5692; baseline 0.004 -17"><span class='ocrx_word' id='word_1_995' title='bbox 3068 5636 3179 5692; x_wconf 87' lang='lat' dir='ltr'><strong>quo</strong></span> <span class='ocrx_word' id='word_1_996' title='bbox 3213 5622 3306 5692; x_wconf 86' lang='lat' dir='ltr'><strong>tibi</strong></span> <span class='ocrx_word' id='word_1_997' title='bbox 3340 5636 3578 5677; x_wconf 79' lang='lat' dir='ltr'><strong>accusa-</strong></span> 
     </span>
    </p>
   </div>
  </div>
