3870 6220
332 383 431 440 621

1212 382 1301 438 DE
1340 381 1931 439 ADULTERATIONE
1964 378 2324 438 LIBRORUM
2363 380 2703 439 ORIGENIS.

3479 378 3584 438 62!

334 500 694 572 γνωρισμὸς,
746 500 800 557 id
840 511 944 565 est,
999 500 1302 573 Recognitio
1332 519 1350 556 :
1381 504 1434 558 in
1466 504 1665 574 quibus
1691 518 1812 559 cum
1843 518 1906 557 ex
1940 513 1988 571 Α
2020 510 2195 556 turam
2233 502 2386 557 dicit.
2438 501 2690 573 Nunquid
2726 498 3119 561 credihilefest
3148 500 3214 556 de
3244 508 3395 556 tanto
3442 500 3585 567 viro,

332 608 569 663 persona
599 592 745 649 Petri
775 593 1010 663 apostoli
1048 594 1298 650 doctrina
1330 596 1486 665 quasi
1520 610 1648 651 vere
1694 605 1909 665 aposto-

334 685 438 741 lica
484 686 537 741 in
571 685 990 756 quamplurimis
1033 698 1362 755 exponatur,
1410 688 1464 742 in
1519 687 1788 759 aliquibus
1834 689 1908 743 ita

335 778 583 834 Eunomii
610 778 804 849 dogma
835 778 1116 844 inseritur,
1150 789 1208 834 ut
1241 779 1374 835 nihil
1426 779 1575 836 aliud
1632 796 1795 850 quam
1828 781 1909 850 ip-

334 887 395 928 se
426 871 726 927 Eunomius
751 872 1031 942 disputare
1053 871 1332 935 credatur,
1365 871 1567 927 Filium
1616 872 1712 929 Dei
1752 887 1908 927 crea-

336 974 452 1019 tum
486 965 555 1019 de
581 964 744 1019 nullis
781 963 1123 1020 exstantibus
1147 978 1497 1020 asseverans.
1550 964 1687 1019 Tum
1712 964 1908 1020 deinde

333 1058 501 1114 etiam
540 1056 671 1112 illud
722 1056 973 1112 adulterii
1025 1055 1286 1111 inseritur
1343 1070 1533 1127 genus,
1564 1065 1625 1111 ut
1658 1066 1907 1110 naturam

333 1149 531 1205 diaboli
564 1158 993 1219 cmterorumque
1043 1149 1349 1204 daemonum
1379 1164 1487 1205 non
1522 1148 1784 1217 propositi
1816 1163 1911 1205 voc

335 1240 669 1311 luntatisque
696 1239 923 1306 malitia,
947 1240 1041 1296 sed
1079 1250 1308 1312 excepta
1351 1255 1417 1297 ac
1467 1249 1721 1312 separata
1754 1254 1909 1296 crea-

336 1342 472 1388 turae
514 1332 836 1402 produxerit
882 1330 1137 1402 qualitas,
1186 1334 1282 1404 qui
1331 1332 1520 1405 utique
1575 1335 1632 1389 in
1698 1335 1910 1391 caeteris

334 1440 552 1481 omnem
581 1424 963 1482 rationabilem
999 1432 1307 1480 creaturam
1360 1426 1608 1484 docuerit
1640 1426 1794 1482 liberi
1823 1441 1909 1480 ar-

334 1518 485 1574 bitrii
510 1518 777 1575 facultate
802 1519 1084 1576 donatam.
1119 1519 1259 1575 Sunt
1288 1520 1455 1575 etiam
1500 1518 1603 1573 alia
1642 1518 1906 1574 nonnulla

336 1611 491 1665 libris
536 1610 653 1678 ejus
696 1610 928 1675 inserta,
974 1625 1094 1681 quae
1140 1609 1512 1666 ecclesiastica
1565 1611 1752 1681 regula
1791 1626 1909 1666 om-

336 1702 464 1757 nino
492 1717 599 1758 non
629 1702 848 1772 recipit.
877 1702 1041 1770 Quid,
1082 1717 1287 1772 quaeso,
1338 1703 1404 1758 de
1444 1702 1528 1757 his
1561 1701 1907 1757 sentiendum

336 1794 471 1850 est?
509 1794 664 1861 Quod
710 1794 1040 1864 apostolicus
1086 1796 1191 1857 vir,
1248 1794 1359 1848 imo
1404 1806 1543 1863 pene
1596 1793 1907 1862 Apostolus,

2011 603 2122 648 tam
2151 595 2204 649 in
2234 595 2485 650 omnibus
2518 593 2813 660 catholico,
2845 601 2954 648 tam
2987 592 3224 658 erudito,
3274 603 3335 648 ut
3367 591 3454 647 vel
3481 592 3587 648 sibi

2011 688 2287 743 contraria
2327 687 2583 754 senserit,
2619 685 2703 741 vel
2734 699 2800 741 ea
2828 700 2948 755 quae
2997 684 3065 739 de
3110 684 3242 750 Deo,
3271 699 3377 739 non
3403 684 3585 740 dicam

2012 779 2257 846 credere,
2284 781 2377 834 sed
2415 779 2497 834 vel
2532 779 2726 834 audire
2747 778 2964 850 quidem
2996 777 3219 848 impium
3243 786 3348 845 est,
3384 776 3587 847 scripta

2011 870 2329 939 reliquerit?

2083 962 2373 1035 Dionysius
2410 977 2626 1033 quoque
2661 962 3065 1017 Alexandrinus
3092 963 3401 1032 episcopus,
3453 973 3585 1015 eru-

2013 1055 2319 1111 ditissimus
2366 1067 2613 1110 assertor
2670 1053 3061 1110 ecclesiastica:
3127 1054 3273 1119 fidei,
3343 1069 3465 1109 cum
3532 1053 3589 1108 in

2012 1148 2430 1217 quamplurimis
2461 1148 2513 1203 in
2550 1157 2757 1203 tantum
2807 1149 3069 1203 unitatem
3114 1158 3278 1217 atque
3309 1148 3590 1218 aequalita-

2013 1250 2119 1294 tem
2147 1239 2432 1296 Trinitatis
2475 1239 2752 1307 defendat,
2802 1249 2864 1295 ut
2900 1239 3330 1309 imperitioribus
3366 1240 3590 1310 quibus-

2013 1348 2120 1402 que
2172 1332 2335 1386 etiam
2386 1333 2684 1388 secundum
2753 1331 3052 1387 Sabellium
3117 1332 3356 1388 sensisse
3404 1332 3589 1387 videa-

2013 1435 2106 1479 tur
2149 1443 2163 1478 :
2216 1423 2332 1496 (2i)
2375 1425 2429 1479 in
2464 1425 2548 1480 his
2586 1434 2765 1480 tamen
2798 1424 2953 1480 libris
2989 1423 3103 1479 suis
3132 1438 3270 1493 quos
3301 1425 3590 1479 adversum

2013 1517 2237 1575 Sabellii
2265 1518 2513 1573 haeresim
2536 1517 2779 1588 scripsit,
2814 1516 2942 1571 talia
2976 1516 3329 1570 inveniuntur
3357 1516 3587 1582 inserta,

2012 1621 2074 1666 ut
2116 1610 2435 1680 frequenter
2470 1607 2661 1663 Ariani
2700 1609 3031 1664 auctoritate
3071 1606 3241 1678 ipsius
3291 1622 3350 1663 se
3398 1608 3586 1664 defen-

2013 1703 2143 1758 dere
2193 1709 2482 1759 conentur.
2529 1699 2758 1771 Propter
2788 1701 2933 1772 quod
2972 1709 3028 1756 et
3067 1710 3289 1757 sanctus
3306 1700 3590 1770 episcopus

2013 1794 2341 1850 Athanasius
2372 1795 2682 1865 compulsus
2727 1805 2810 1850 est
2839 1794 3236 1866 Apologeticum
3289 1803 3390 1864 pro
3425 1793 3586 1850 libris

337 1886 486 1957 (nam
520 1900 585 1942 ea
621 1886 811 1940 scribit
867 1901 989 1956 qua:
1030 1884 1260 1955 apostoli
1323 1884 1532 1955 dicunt)
1579 1885 1665 1941 cui
1712 1884 1913 1941 Paulus
1944 1872 1987 1930 Β
2015 1889 2132 1959 ejus
2171 1888 2435 1953 scribere,
2486 1902 2586 1958 pro
2618 1902 2686 1944 eo
2725 1888 2868 1956 quod
2909 1898 3093 1942 certus
3129 1896 3247 1943 erat
3280 1904 3388 1943 non
3437 1886 3590 1942 illum

336 1977 608 2047 apostolus
627 1978 994 2033 testimonium
1024 1977 1191 2042 dedit,
1215 1975 1400 2032 dicens
1427 1994 1441 2031 :
1468 1975 1600 2032 Cum
1627 1976 1909 2040 Clemente,

335 2068 610 2124 etcteteris
657 2070 994 2138 adjutoribus
1040 2070 1191 2133 meis,
1241 2083 1470 2138 quorum
1516 2069 1729 2122 nomina
1774 2077 1901 2122 sunt

335 2156 394 2208 in
437 2154 571 2209 libro
604 2155 728 2211 υἱιω
776 2155 859 2209 l3":
914 2156 1190 2210 scribebat
1241 2154 1345 2211 hoc
1401 2155 1545 2225 quod
1587 2156 1742 2212 libris
1788 2157 1913 2211 vitae

336 2246 672 2302 contrarium
704 2258 787 2303 est
812 2248 835 2301 ?
865 2248 949 2302 An
980 2249 1035 2303 id
1063 2248 1246 2318 potius
1284 2248 1610 2304 credendum
1651 2256 1737 2304 est
1767 2249 1912 2318 quod

337 2353 502 2409 supra
527 2339 786 2407 diximus,
823 2341 964 2411 quod
990 2343 1237 2411 perversi
1263 2342 1513 2397 homines
1550 2340 1619 2396 ad
1648 2342 1912 2397 assertio-

336 2446 460 2487 nem
518 2432 825 2504 dogmatum
874 2447 1096 2488 suorum
1142 2434 1248 2490 sub
1304 2435 1547 2489 virorum
1599 2445 1912 2490 sanctorum

337 2522 578 2587 nomine,
618 2533 875 2593 tanquam
929 2520 1145 2578 facilius
1214 2525 1528 2590 credenda,
1583 2523 1915 2582 interserue-

338 2624 467 2669 runt
512 2627 576 2669 ea
620 2629 742 2684 quae
785 2614 861 2670 illi
902 2630 1006 2671 nec
1047 2616 1287 2673 sensisse
1318 2632 1420 2674 nec
1464 2615 1754 2688 scripsisse
1792 2632 1915 2674 cre-

338 2705 500 2761 dendi
534 2715 660 2760 sunt
680 2705 703 2760 ?

409 2795 660 2853 Clemens
686 2812 903 2867 quoque
942 2799 1103 2865 alius,
1150 2798 1557 2856 Alexandrinus
1605 2801 1912 2871 presbyter,

337 2897 394 2943 et
430 2889 691 2959 magister
726 2890 869 2946 illius
899 2890 1177 2956 Ecclesiae,
1218 2892 1274 2947 in
1309 2891 1564 2947 omnibus
1600 2904 1738 2960 pene
1762 2890 1916 2947 libris

341 2984 455 3039 suis
501 2983 790 3039 Trinitatis
833 2984 1059 3055 gloriam
1114 2996 1279 3056 atque
1326 2985 1686 3041 teternitatem
1750 2999 1913 3039 unam

342 3078 697 3147 eamdemque
721 3078 992 3151 designat,
1022 3088 1070 3133 et
1094 3078 1363 3133 interdum
1400 3078 1705 3134 invenimus
1730 3078 1914 3149 aliqua

343 3169 398 3222 in
424 3167 580 3223 libris
613 3166 729 3235 ejus
762 3169 1022 3238 capitula,
1068 3170 1122 3224 in
1158 3168 1354 3239 quibus
1402 3168 1599 3223 Filium
1635 3168 1727 3225 Dei
1761 3183 1915 3225 crea-

414 3263 461 3295 ³⁹
493 3262 689 3333 Philip.
714 3263 860 3344 .tv,3.

340 3357 715 3426 bues,quibus
734 3362 1011 3427 proprium
1039 3356 1169 3414 nihil
1206 3357 1498 3428 relinquis?
1529 3357 1593 3428 Et
1611 3358 1906 3428 quomodo,

343 3428 575 3496 inquies,
619 3428 671 3480 in
699 3428 852 3483 libris
880 3444 1067 3484 eorum
1101 3428 1296 3483 vitiosa
1343 3427 1596 3483 nonnulla
1630 3427 1801 3482 Sunt?
1850 3430 1907 3484 Si

340 3514 430 3553 me
459 3512 650 3551 causas
675 3499 934 3552 vitiorum
966 3500 1175 3553 nescire
1209 3500 1562 3566 respondero,
1594 3514 1697 3552 non
1723 3502 1905 3553 statim

342 3569 466 3623 illos
497 3568 780 3623 haereticos
808 3568 1085 3635 judicabo.
1133 3568 1277 3623 Fieri
1308 3571 1453 3623 enim
1492 3578 1693 3637 potest,
1726 3582 1784 3622 ut
1819 3570 1902 3623 vel

343 3637 665 3707 simpliciter
700 3641 1025 3701 erraverint,
1084 3640 1164 3693 vel
1215 3638 1321 3692 alio
1354 3654 1517 3694 sensu
1558 3640 1902 3707 scripserint,

344 3708 429 3763 vel
480 3724 509 3760 a
557 3708 798 3779 librariis
838 3710 1101 3779 imperitis
1150 3724 1338 3764 eorum
1395 3709 1653 3779 paulatim
1703 3710 1905 3777 scripta

345 3788 599 3846 corrupta
631 3777 776 3845 sint;
822 3777 1086 3834 vel—certe
1151 3777 1439 3848 antequam
1475 3778 1529 3832 in
1579 3778 1907 3833 Alexandria

343 3848 499 3917 quasi
549 3848 874 3902 daemonium
928 3849 1292 3904 meridianum
1340 3850 1504 3903 Arius
1550 3860 1908 3915 nasceretur,

344 3919 670 3974 innocenter
697 3919 943 3988 quaedam
973 3929 1028 3975 et
1062 3922 1243 3974 minus
1290 3929 1452 3974 caute
1488 3919 1651 3972 locuti
1694 3921 1823 3983 sint,
1849 3929 1909 3974 et

345 4003 467 4059 quae
497 4002 600 4042 non
635 3990 848 4056 possint
875 4003 1251 4059 perversurum
1275 3990 1555 4044 hominum
1582 3988 1907 4044 calumniam

346 4058 645 4129 declinare.
682 4058 1029 4127 Objiciuntur
1070 4058 1289 4129 Origeni
1332 4059 1585 4125 crimina,
1627 4070 1680 4113 et
1710 4070 1763 4113 tu
1798 4075 1906 4114 non

348 4129 500 4183 illum
523 4127 807 4193 defendis;
840 4133 935 4183 sed
961 4130 1097 4184 alios
1128 4127 1350 4185 accusas
1381 4147 1394 4183 :
1426 4144 1525 4183 nec
1556 4129 1761 4183 crimen
1814 4144 1904 4184 re-

348 4199 492 4265 nuis,
512 4201 605 4253 sed
623 4198 1039 4269 criminosorum
1067 4198 1281 4254 turbam
1314 4200 1569 4269 requiris.
1601 4197 1659 4253 Si
1694 4200 1787 4254 tibi
1820 4200 1904 4253 di-

347 4280 600 4324 ceretur:
630 4268 777 4334 Quos
817 4270 983 4324 habet
1038 4269 1299 4339 Origenes
1346 4268 1405 4325 in
1454 4270 1642 4323 haeresi
1693 4270 1908 4324 socios?

347 4351 499 4410 recte
526 4340 627 4392 ista
664 4339 956 4407 proferres.
994 4340 1147 4394 Nunc
1180 4355 1211 4392 a
1245 4352 1295 4395 te
1326 4341 1609 4410 quaeritur,
1643 4340 1756 4394 haec
1788 4355 1907 4409 qua:

350 4409 405 4463 in
436 4409 883 4480 Origenis_lihris
929 4412 1133 4480 scripta
1182 4409 1547 4480 reperiuntur,
1604 4411 1743 4464 bona
1799 4410 1909 4465 sint

350 4494 417 4550 au
452 4476 636 4532 maia?
670 4476 862 4543 Taces,
893 4488 949 4533 et
978 4476 1075 4550 pro
1108 4482 1193 4534 his
1219 4476 1325 4533 alia
1361 4479 1632 4550 loqueris:
1659 4481 1908 4535 Clemens

349 4548 454 4603 hoc
486 4550 595 4615 ait;
623 4551 912 4619 Dionysius
960 4548 1014 4604 iit
1057 4551 1161 4606 ism
1206 4565 1392 4605 errore
1432 4548 1905 4618 deprehenditur:

346 4620 677 4675 Athanasius
727 4621 1018 4691 episcopus
1063 4622 1145 4677 sic
1188 4620 1433 4691 Dionysii
1479 4619 1719 4674 defendit
1760 4635 1911 4674 erro-

347 4696 495 4754 rem;
528 4690 897 4760 apostolorum
929 4690 1407 4762 scriptasimiliter
1430 4691 1723 4759 depravata
1750 4700 1877 4745 sunt
1902 4709 1915 4744 :

347 4762 623 4828 quomodo
674 4770 729 4815 et
776 4776 920 4815 nunc
970 4760 1055 4815 ab'
1082 4760 1206 4816 aliis
1251 4761 1349 4815 tibi
1398 4763 1666 4815 haireseos
1711 4762 1918 4815 crimen

347 4830 685 4898 impingitur,
704 4840 758 4885 et
783 4840 836 4884 tu
866 4845 964 4899 pro
990 4841 1040 4885 te
1073 4841 1316 4894 taces,et
1340 4845 1439 4900 pro
1456 4846 1540 4885 me
1563 4832 1858 4896 conﬁteris,
1886 4849 1907 4883 ι

346 4911 453 4954 etc.
510 4902 776 4955 Caeterum
816 4900 1093 4956 observari
1142 4901 1305 4955 velim
1358 4901 1524 4956 libros
1565 4901 1641 4955 De
1689 4903 1918 4969 recogni-

345 4971 579 5023 tiouibus
606 4972 708 5024 sub
743 4972 961 5025 nomine
981 4972 1273 5026 Clementis
1315 4974 1611 5026 etiamnum
1640 4981 1858 5026 exstare
1886 4986 1916 5025 a

347 5040 544 5163 Rlpﬁp‘o
569 5040 762 5121 Latine
794 5042 1217 5111 interpretatos;
1251 5043 1347 5097 sed
1375 5041 1640 5097 Clementi
1675 5040 1918 5096 Romano

347 5124 376 5163 a
420 5126 471 5163 Ill
517 5127 670 5163 lcal‘l.

345 5112 670 5178 abjndicari.

419 5181 531 5249 (21)
573 5180 698 5235 Mss.
732 5181 924 5247 nostri,
953 5182 1008 5235 in
1040 5182 1119 5235 his
1151 5191 1324 5235 tamen
1345 5181 1493 5234 libris
1520 5180 1682 5247 ipsius
1710 5196 1911 5249 quos...

346 5252 580 5320 scripsit.
617 5251 757 5305 Editi
792 5262 849 5305 ut
891 5254 944 5306 in
994 5262 1163 5320 textu,
1205 5261 1402 5323 praeter
1442 5252 1623 5306 scribit
1652 5266 1749 5321 pro
1781 5254 1917 5305 scri-

342 5335 466 5389 psit.

420 5392 532 5464 (2‘2)
568 5391 672 5447 Sed
697 5393 836 5464 quod
871 5394 1069 5447 inserta
1099 5393 1211 5447 haec
1239 5411 1273 5446 a
1314 5391 1583 5446 malevolis
1616 5402 1809 5464 nosset.
1859 5391 1915 5447 ld

346 5460 839 5532 falSiss'imutn'est.
870 5464 1132 5532 Superest
1163 5465 1458 5519 etiamnum
1511 5462 1740 5531 epistola
1780 5477 1913 5531 apo-

346 5530 574 5600 logetica
606 5534 889 5588 Athanasii
912 5530 979 5588 de
1007 5534 1278 5589 sententia
1314 5530 1582 5602 Dionysii,
1618 5533 1672 5587 in
1703 5530 1914 5601 qua’ne

346 5604 451 5674 γρὺ
482 5605 699 5673 quidem
729 5604 796 5658 de
826 5606 1090 5674 ejusmodi
1121 5604 1518 5659 adulteratione
1539 5618 1634 5657 seu
1668 5603 1914 5670 interpo-

346 5670 552 5745 latione
598 5670 869 5729 librorum
900 5675 1140 5745 Di0nysii
1182 5676 1249 5729 ab
1278 5674 1546 5745 haereticis
1579 5674 1721 5745 facta
1749 5690 1763 5737 ;
1804 5675 1914 5745 imo

345 5742 550 5815 fatetur
576 5746 908 5810 Athanasius
958 5742 1294 5815 quaecunque
1325 5760 1391 5798 ex
1420 5744 1661 5815 Dionysii
1693 5744 1914 5813 scriptis

345 5812 709 5869 obtrudchant
738 5815 946 5883 Ariani,
975 5812 1042 5870 ea
1070 5812 1223 5870 illuni
1251 5812 1573 5884 scripsisse,
1598 5825 1653 5867 at
1697 5812 1811 5869 non
1847 5827 1912 5868 eo

347 5891 509 5940 σευδυ
539 5901 697 5957 quem
742 5886 846 5956 ipsi
905 5886 1246 5957 allingebant.
1289 5885 1425 5939 Φασὶ
1470 5886 1645 5940 τοίνυν
1674 5886 1749 5960 ,ἐν
1791 5886 1913 5937 ἐπι·-

2012 1980 2225 2037 diverse
2277 1981 2530 2050 potuisse
2601 1981 2830 2044 sentire,
2883 1980 3097 2049 sibique
3154 1980 3257 2050 ipsi
3311 1980 3587 2035 contraria

2012 2073 2272 2139 scribere,
2318 2071 2434 2143 (ἓῖ)
2479 2074 2573 2128 sed
2624 2071 2770 2141 quod
2809 2073 3013 2127 inserta
3062 2073 3176 2127 haec
3224 2088 3254 2126 a
3308 2070 3591 2126 malevolis

2013 2173 2215 2219 nosset.

2084 2253 2151 2309 Et
2177 2254 2292 2309 haec
2324 2253 2538 2323 quidem
2572 2266 2667 2307 nos
2695 2253 2841 2309 ducti
2864 2253 2940 2309 rei
2964 2254 3135 2323 ipsius
3170 2254 3585 2322 consequentia,

2012 2346 2081 2402 de
2130 2345 2489 2401 sanctissimis
2523 2343 2655 2399 viris
2683 2354 2739 2400 et
2783 2344 3039 2400 Ecclesia:
3071 2345 3383 2400 doctoribus
3409 2345 3587 2399 sensi-

2018 2451 2160 2503 mus,
2211 2452 2318 2507 quo
2346 2437 2554 2492 scilicet
2585 2452 2690 2492 non
2730 2444 2981 2506 putemus
3010 2450 3103 2490 eos
3135 2443 3353 2491 sanctos
3384 2435 3475 2505 qui
3502 2450 3592 2491 re-

2015 2536 2159 2581 ctam
2181 2537 2234 2583 et
2264 2528 2682 2584 ecclesiasticam
2714 2527 2874 2581 fidem
2903 2527 2957 2581 in
2981 2527 3394 2597 quamplurimis
3422 2536 3593 2582 astru-

2014 2630 2230 2686 xerunt,
2268 2621 2323 2676 in
2366 2622 2633 2692 aliquibus
2679 2620 3037 2692 sibimetipsis
3075 2623 3303 2678 adversa
3331 2622 3588 2679 sensisse.

2016 2711 2094 2767 De
2142 2710 2373 2783 Origene
2417 2727 2567 2778 vero,
2623 2712 2676 2766 in
2703 2726 2809 2780 quo
2836 2709 3106 2779 similiter,
3149 2714 3400 2769 utinbis
3452 2727 3594 2784 quos

2015 2819 2178 2873 supra
2198 2804 2453 2870 diximus,
2482 2804 2661 2874 aliqua
2688 2805 2975 2861 diversitas
3005 2806 3298 2871 invenitur,
3317 2806 3455 2861 istud
3485 2820 3595 2861 non

2017 2893 2249 2950 suliiciat
2276 2895 2481 2950 sentire
2513 2894 2656 2965 qttod
2687 2894 2754 2949 de
2786 2889 3152 2965 praejudicatis
3175 2898 3287 2967 jam
3310 2897 3595 2955 catholicis

2018 2986 2247 3042 sentitur
2293 2986 2375 3040 vel
2435 2987 2753 3057 intelligitur
2807 2988 2975 3053 viris;
3028 3004 3127 3043 nec
3171 2989 3366 3044 similis
3415 3004 3595 3045 causa

2019 3076 2212 3133 similis
2258 3078 2488 3132 suﬂiciat
2533 3078 2838 3143 excusatio,
2892 3079 3006 3150 (23)
3047 3080 3150 3135 nisi
3196 3090 3251 3135 et
3288 3080 3457 3150 ipsius
3490 3081 3595 3137 hoc

2020 3169 2400 3237 conquerentis
2447 3177 2494 3223 ct
2564 3168 2893 3237 deplorantis
2939 3170 3156 3240 scriptis
3214 3179 3375 3240 atque
3443 3173 3596 3227 voci-

1941 3368 1983 3426 c
2019 3359 2176 3429 στολῇ
2221 3359 2312 3412 τὸν
2357 3361 2667 3484 μακαρὶττὲν
2720 3360 2986 3413 Διονύσιον
3033 3360 3332 3441 εἰρηκέναι,
3386 3362 3597 3433 ποίημα.

2016 3432 2110 3483 καὶ
2135 3430 2360 3484 γενητὸν
2409 3426 2548 3483 εἶναι
2590 3449 2620 3482 τ
2655 3450 2683 3481 ν
2730 3432 2859 3483 Υὶὸν
2901 3430 2994 3484 τοῦ
3029 3431 3185 3484 Θεου.
3227 3435 3361 3484 μήτε
3396 3431 3451 3484 δὲ
3488 3433 3595 3484 εού-

2016 3432 2110 3483 καὶ
2135 3426 2562 3503 {sweet/sinat
2590 3426 2683 3503 τὸν
2730 3432 2859 3483 Υἰὸν
2901 3430 2997 3503 τοῦ(
3029 3426 3185 3495 Θέοῦ,
3226 3435 3380 3503 μήτε*
3396 3431 3451 3485 δὲ
3488 3426 3595 3501 cpti-

2016 3517 2099 3552 σει
2163 3500 2313 3562 ἴδιον,
2363 3500 2499 3553 ἀλλὰ
2546 3500 2696 3566 ξένον
2738 3503 2855 3554 κατ’
2883 3502 3065 3555 οὐσίαν
3123 3498 3298 3555 αὑτὸν
3329 3498 3467 3556 εἶναι
3500 3498 3594 3557 ⁵τοῦ

2006 3570 2237 3644 Πᾳτρὸς,
2273 3571 2459 3644 ὥσπερ
2490 3572 2637 3644 ἐστὶν
2664 3574 2692 3623 ὁ
2713 3572 2964 3644 γεωργὸς
2998 3572 3134 3644 πρὸς
3180 3572 3301 3644 τὴν
3328 3572 3592 3643 ἄμπελον,

2008 3642 2104 3714 διαὶ
2130 3642 2461 3714 ὀμναιὲπηγὸς
2505 3642 2643 3714 πρὸς
2676 3642 2736 3695 τὸ
2765 3643 2986 3711 σκάφος·
3016 3642 3108 3696 καὶ
3139 3642 3247 3714 γὰρ
3276 3643 3351 3708 ὡς
3372 3642 3596 3714 ίποίημα

2010 3710 2107 3773 ὢν,
2134 3711 2233 3764 οὐκ
2262 3708 2329 3782 ἦν
2351 3708 2481 3783 ιπρὶν
2518 3708 2763 3783 γενηται.
2793 3708 2950 3766 Aiunt
2981 3708 3433 3767 beatae-memoria:
3465 3708 3596 3768 Dio-

2013 3783 2226 3852 nysium
2272 3785 2329 3834 in
2367 3784 2593 3852 epistola
2634 3800 2730 3836 sua
2771 3783 2965 3837 dixisse
3005 3800 3133 3851 Opus
3166 3793 3216 3836 et
3260 3800 3366 3836 rem
3394 3784 3594 3851 {astant

2012 3849 2123 3905 esse
2177 3849 2545 3915 Filium'Dei,
2597 3854 2687 3906 sed
2739 3852 2973 3906 alienum
3024 3849 3056 3906 ὰ
3102 3854 3266 3906 Patre
3308 3849 3595 3907 secundum

2012 3923 2387 3992 substantia_m,
2425 3922 2599 3991 qualis
2639 3933 2713 3977 est
2760 3923 2997 3991 agricola
3044 3940 3077 3977 a
3120 3926 3241 3989 vite,
3293 3933 3344 3977 et
3385 3923 3594 3992 [ubera

2012 3993 2243 4060 scrip/tm;
2281 3990 2487 4045 Etenim
2538 4009 2655 4045 cum
2692 3994 2759 4046 sit
2797 3990 2885 4045 ires
2923 3993 3087 4060 facta,
3134 4010 3239 4047 non
3281 3990 3394 4048 erat
3448 4004 3594 4047 ante-

2049 4078 2169 4113 uam
2199 4062 2369 4135 ﬁeret.
2402 4062 2538 4135 Quid
2571 4062 2866 4135 respondet
2897 4063 3270 4135 Athanasius?
3302 4064 3409 4117 Ναὶ
3436 4063 3594 4135 ἐγρα-

2049 4078 2169 4113 uam
2199 4078 2369 4127 peret.
2402 4078 2538 4127 Qllltl
2571 4078 2866 4128 respondet
2897 4078 3226 4118 AtnanaStus
3249 4078 3270 4116 ῐ
3302 4078 3409 4117 nat
3436 4078 3594 4135 εγρα-

2009 4078 2110 4223 ἕθεν
2133 4131 2566 4223 ’ῃνςῖιιρλοζοςιὲιεβν
2612 4132 2707 4185 καὶ
2746 4132 2906 4215 ἡμεῖς
2942 4130 3352 4223 εἶναιτοιαύτηγ
3377 4137 3596 4223 sumo:

2009 4201 2105 4275 λὴν
2136 4201 2320 4275 αὐτοῦς
2364 4201 2479 4275 ᾀλλ’
2524 4202 2713 4275 ὥσπερ
2755 4203 2958 4275 ταύτην
2989 4202 3249 4275 ἔγραψεν,
3284 4201 3457 4268 οὕτως
3498 4206 3593 4258 καὶ

2008 4272 2204 4344 ἐτέρας
2263 4272 2523 4336 πλείστας
2587 4272 2875 4335 ἐπιστολὰς
2920 4272 3153 4344 ἔγραψε,⁷
3200 4276 3296 4328 καὶ
3343 4274 3450 4327 ἔδει
3496 4276 3592 4328 καὶ

2006 4342 2249 4416 ’κεᾳύτςκιςΔ
2295 4344 2538 4413 ἐντυχεῖν
2589 4344 2807 4406 αὐτοὺς.
2837 4415 2842 4416 ν
2870 4344 2955 4396 ἵνα
2990 4342 3318 4416 εκλμςοισῶνἱ
3370 4346 3464 4416 κα).
3515 4345 3591 4416 μὴ

2010 4413 2180 4486 μόνης
2236 4413 2300 4466 ὲκ
2364 4417 2463 4484 τῆς
2508 4416 2638 4483 μιᾶς
2693 4415 2966 4486 ήνπίστις
3006 4415 3188 4486 δειχθῇ
3237 4414 3331 4468 τοῦ
3374 4413 3588 4486 ἁνδρόςζ

2008 4483 2184 4535 Etiam
2215 4483 2427 4551 scripsit
2462 4484 2719 4552 ejusmodi
2754 4484 2902 4537 illius
2928 4483 3202 4553 epistolam
3233 4502 3363 4548 esse,
3406 4497 3455 4537 et
3477 4483 3592 4539 'nos

1946 4589 1989 4643 ι)
2019 4555 2159 4633 ultro
2189 4553 2438 4634 fatemur.
2486 4553 2589 4635 Sed
2616 4564 2668 4634 ut
2697 4555 2832 4643 lt'anc
2856 4557 3088 4635 scripsit,
3121 4559 3195 4607 ita
3224 4568 3271 4643 et
3293 4556 3451 4643 alias.
3474 4555 3593 4620 plu-

2022 4624 2185 4675 rimas
2221 4626 2527 4691 conscripsit
2553 4623 2823 4691 epistolas,
2853 4641 2983 4693 quas
3013 4626 3166 4677 etiam
3194 4626 3257 4677 ab
3286 4625 3393 4677 illis
3434 4624 3593 4677 lectus

2020 4694 2269 4760 Oportuit,
2297 4705 2351 4745 ut
2382 4710 2445 4747 ea;
2467 4695 2728 4757 omnibus,
2760 4712 2863 4748 non
2895 4711 2959 4748 ea:
3003 4696 3159 4747 unica
3199 4695 3457 4747 duntaxat
3498 4710 3593 4747 ea:-

2018 4765 2226 4830 plorata
2252 4764 2349 4816 viri
2384 4764 2514 4831 ﬁdes
2543 4774 2696 4817 esset.
2730 4762 2849 4816 Mox
2889 4766 2940 4818 in
2973 4765 3428 4831 consequentibus
3466 4780 3593 4832 prun

2019 4831 2112 4885 bat
2157 4842 2268 4905 ttttn
2297 4849 2364 4887 ex
2397 4843 2718 4903 argumento
2760 4835 3005 4904 epistolae
3045 4834 3309 4905 Dionysii,
3351 4831 3474 4905 tum
3525 4848 3590 4888 ex

2018 4904 2304 4957 occasione
2346 4919 2450 4972 qua
2501 4907 2567 4957 ad
2608 4905 2753 4956 illam
2796 4903 3161 4959 scribendam
3187 4903 3460 4973 impulsus
3487 4917 3594 4971 est,

2022 4980 2131 5025 tum
2176 4988 2243 5027 ex
2289 4974 2517 5027 aliarum
2568 4973 2917 5042 epistularum
2957 4974 3267 5037 collatione,
3325 4976 3596 5029 catholica

2016 5055 2140 5096 esse
2170 5044 2331 5115 verba
2392 5058 2512 5111 quae
2560 5045 2735 5113 prima
2788 5045 2969 5100 fronte
3000 5046 3206 5099 Ariano
3242 5046 3481 5115 dogmati
3513 5048 3597 5099 l'a-

2017 5124 2145 5167 vere
2173 5114 2513 5171 videbantur.

2088 5183 2206 5252 (25)
2236 5182 2369 5255 _Nisi
2399 5192 2448 5236 et
2488 5184 2651 5252 ipsius
2681 5184 2790 5255 lucc
2844 5186 3225 5255 conquerentis,
3260 5193 3369 5241 etc.
3404 5184 3598 5240 Hiero—

2015 5266 2211 5322 nymus
2234 5253 2371 5307 libro
2400 5269 2436 5309 tt
2463 5255 2712 5307 adversus
2745 5253 2998 5323 Ruﬁnum
3017 5269 3036 5308 :
3070 5274 3088 5307 ι
3112 5255 3401 5312 Prtemissa
3429 5254 3596 5308 falsa.

2019 5324 2170 5379 tione
2202 5325 2269 5378 ab
2298 5324 2568 5378 haereticis
2618 5325 3009 5393 aposmlorutn,
3056 5337 3111 5379 et
3157 5326 3441 5394 utriusque
3474 5324 3599 5380 Cle-

2017 5395 2214 5467 mentis
2246 5403 2424 5467 ‘atque
2466 5394 2734 5467 Dionysii,
2773 5395 2920 5467 venit
2947 5397 3014 5449 ad
3045 5394 3357 5467 Origenetn,
3410 5406 3464 5449 et
3511 5395 3597 5467 his

2015 5464 2199 5519 verbis
2244 5463 2527 5532 loquitur:
2569 5464 2743 5530 Ipsius
2789 5464 2887 5518 hoc
2921 5463 3281 5535 conquerEntis
3324 5475 3374 5518 et
3415 5466 3596 5532 deplo-

2016 5535 2182 5587 rantis
2219 5535 2425 5603 scriptis
2446 5550 2507 5587 ac
2530 5537 2734 5589 vocibus
2756 5536 3106 5603 probavimus.
3140 5536 3281 5600 Quid
3317 5538 3455 5587 enim
3488 5540 3598 5601 ipse

2015 5620 2133 5657 cum
2161 5604 2332 5657 adhuc
2360 5604 2413 5658 in
2444 5620 2599 5658 carne
2641 5606 2828 5669 vivens,
2860 5609 3107 5669 sentiens,
3162 5608 3437 5673 vidensque
3474 5621 3597 5669 per-

2013 5690 2191 5741 pessus
2214 5678 2280 5727 sit
2310 5677 2373 5728 de
2403 5676 2653 5727 librorum
2686 5692 2900 5728 suorum
2954 5679 3032 5730 vel
3070 5691 3369 5729 sermonum
3408 5690 3597 5727 corru-

2014 5745 2294 5810 ptionibus,
2312 5745 2389 5798 vel
2413 5744 2723 5816 adulterinis
2741 5747 3078 5810 editionibus,
3096 5762 3160 5799 ex
3180 5746 3343 5816 ipsius
3355 5745 3599 5811 epistola,

2014 5829 2171 5887 quam
2204 5815 2383 5887 scribit
2421 5818 2488 5868 ad
2520 5815 2775 5887 quosdam
2810 5816 2995 5870 charos
3033 5815 3598 5887 suosAlexandriam,

2017 5886 2279 5941 evidenter
2306 5884 2539 5959 docetur
2574 5886 2915 5956 :statimque
2968 5885 3275 5959 exemplum
3321 5884 3602 5955 subiungit
