3870 6220
323 302 435 362 ιιιδ

1215 297 1303 352 DE
1337 296 1916 354 ADULTERATIONE
1954 293 2313 351 LIBRORUM
2352 291 2693 349 ORIGENIS.

3491 291 3595 349 626

326 421 524 490 aliquis
554 420 771 493 quidem
802 426 983 475 mente
1013 424 1214 485 motus,
1241 427 1299 473 et
1318 418 1605 475 manifeste
1636 418 1912 476 insaniens
1939 425 1988 481 Α
2015 416 2253 472 nonnulli
2278 417 2606 471 conturbare
2651 412 2893 468 volentes
2941 412 3231 470 Ecclesias.
3265 411 3506 483 Denique
3540 414 3595 469 in

326 515 513 568 dicere
535 521 738 582 potest.
758 511 865 567 Sed
890 508 1025 565 nihil
1049 511 1245 565 mirum
1270 510 1403 566 mihi
1428 510 1663 577 videtur,
1696 512 1741 567 si
1764 511 1911 566 adul-

329 618 537 665 teretur
582 609 825 665 doctrina
856 622 973 662 mea
1002 607 1069 662 ab
1102 606 1341 663 inimicis
1367 608 1521 672 meis,
1547 618 1603 663 et
1628 607 1722 661 tali
1753 606 1908 662 adul-

331 701 467 755 terio
527 710 930 771 corrumpatur,
986 698 1137 768 quali
1190 699 1463 754 adulterio
1520 707 1775 770 corrupta
1828 705 1913 753 est

328 792 570 861 Epistula
610 792 763 847 Pauli
828 791 1075 861 apostoli.
1100 791 1329 858 Quidam
1368 790 1513 846 enim
1555 791 1656 847 sub
1693 790 1912 846 nomine

326 882 480 937 Pauli
517 882 707 937 falsam
739 882 1024 952 epistolam
1050 881 1509 951 conscripserunt,
1539 891 1598 937 ut
1619 880 1912 937 conturba-

328 981 452 1027 rent
491 971 1027 1037 Thessalonicenses,
1066 972 1223 1043 quasi
1272 973 1499 1026 instaret
1531 972 1648 1027 dies
1676 971 1911 1035 Domini,

325 1074 385 1121 et
404 1067 729 1121 seducerent
758 1079 870 1119 eos.
899 1064 1123 1133 Propter
1147 1065 1283 1119 hanc
1302 1064 1416 1134 (26)
1446 1078 1578 1135 ergo
1614 1063 1909 1133 Epistolam

329 1159 386 1215 in
419 1158 656 1215 secunda
689 1156 930 1227 Epistula
959 1172 1120 1226 quam
1147 1158 1213 1211 ad
1238 1156 1753 1212 Thessalonicenses
1777 1156 1914 1211 scri-

327 1252 428 1316 bit,
454 1251 569 1306 haec
592 1250 731 1304 dixit
755 1268 771 1300 :
802 1248 1066 1319 Rogamus
1088 1259 1265 1304 autent
1302 1265 1412 1313 vos,
1438 1248 1657 1315 fratres,
1688 1264 1782 1318 per
1814 1248 1913 1301 ad-

325 1354 533 1397 ventum
566 1342 777 1397 Domini
814 1342 978 1394 nostri
999 1340 1128 1395 .Iesu
1152 1340 1371 1404 Christi,
1395 1353 1440 1394 et
1470 1352 1660 1395 nostra:
1689 1356 1912 1410 congre-

324 1436 551 1503 gationis
591 1435 645 1487 in
670 1434 863 1502 ipsum,
891 1442 947 1486 ut
973 1449 1078 1485 non
1114 1434 1426 1489 moveamini
1451 1435 1553 1486 cito
1578 1450 1610 1485 a
1641 1450 1795 1486 sensu
1822 1450 1907 1487 ve-

323 1540 463 1591 stro,
486 1542 647 1596 neque
670 1525 996 1589 terreamini,
1017 1541 1181 1596 neque
1217 1542 1310 1595 per
1333 1527 1601 1595 spiritum,
1635 1542 1799 1596 neque
1820 1542 1911 1593 per

327 1620 561 1683 eerbam,
607 1633 767 1686 neque
799 1633 889 1685 per
926 1618 1199 1685 epistolam
1233 1627 1486 1686 tanquam
1524 1634 1614 1686 per
1650 1634 1743 1671 nos
1787 1617 1910 1669 mi.-

328 1724 466 1774 sam,
490 1710 643 1779 quasi
666 1710 819 1763 instet
842 1710 953 1763 dies
986 1708 1216 1763 Domini.
1254 1709 1422 1764 Nemo
1451 1728 1536 1764 vos
1558 1711 1771 1765 reducat
1801 1709 1906 1763 ulla

2013 508 2225 576 Epheso
2262 522 2386 561 cum
2422 506 2647 561 vidisset
2688 521 2773 561 me
2807 504 3028 576 quidam
3066 505 3374 571 haereticus,
3405 504 3519 575 (3|)
3542 516 3599 561 et

2012 597 2267 667 congredi
2296 596 2578 660 noluisset,
2614 610 2790 667 neque
2822 597 3043 652 omnino
3071 610 3132 651 os
3163 608 3319 651 suum
3349 596 3599 666 aperuis-

2012 699 2096 745 set
2120 690 2260 761 apud
2293 703 2400 754 me,
2427 688 2520 745 sed
2546 691 2732 745 nescio
2767 704 2873 760 qua
2914 703 2983 743 ex
3010 702 3173 743 causa
3205 688 3258 743 id
3304 687 3485 743 facere
3511 687 3596 741 vi—

2013 791 2201 845 tasset,
2258 790 2445 852 postea
2482 796 2549 837 ex
2608 782 2829 836 nomine
2872 796 2992 837 meo
3037 790 3093 836 et
3124 796 3223 836 suo
3270 780 3598 850 conscripsit

2011 873 2229 944 qualem
2264 873 2435 928 voluit
2463 873 2907 941 disputationem,
2945 880 3002 926 et
3036 872 3184 926 misit
3214 873 3280 926 ad
3304 872 3597 943 discipulos

2012 980 2159 1031 suos,
2189 974 2246 1019 ut
2273 979 2373 1035 ego
2398 963 2617 1034 quidem
2644 964 2868 1033 cognovi
2890 964 2955 1016 ad
2978 978 3072 1019 eos
3100 964 3192 1034 qni
3226 962 3413 1020 Romae
3438 972 3599 1020 erant

2011 1056 2320 1128 pervenisse
2351 1073 2367 1110 :
2399 1056 2493 1111 sed
2523 1070 2629 1111 non
2668 1056 2851 1109 dubito
2872 1057 3002 1125 quin
3033 1065 3090 1111 et
3110 1058 3177 1111 ad
3208 1056 3345 1111 alios
3371 1056 3463 1127 qui
3499 1071 3598 1127 per

2011 1146 2226 1201 diversa
2250 1144 2365 1199 loca
2398 1154 2547 1199 sunt.
2587 1144 2889 1200 lnsnltabat
2930 1157 3113 1201 autem
3141 1154 3197 1201 et
3229 1148 3371 1218 apud
3406 1148 3599 1203 Antio-

2010 1237 2209 1300 chiam,
2236 1237 2551 1306 priusquam
2594 1252 2695 1306 ego
2742 1237 2872 1293 illnc
2903 1239 3145 1294 venirem
3184 1255 3197 1291 :
3230 1240 3301 1294 ita
3348 1249 3407 1293 ιιι
3433 1248 3487 1295 et
3528 1240 3597 1296 ad

2009 1334 2437 1403 quamplurimas
2462 1340 2773 1387 nostrorum
2813 1333 3125 1401 perveniret
3152 1333 3269 1401 ipsa
3296 1332 3598 1403 disputatio

2009 1441 2169 1496 quam
2196 1426 2311 1497 (52)
2339 1427 2611 1495 portabat.
2646 1424 2752 1480 Sed
2778 1427 2865 1480 ubi
2894 1425 3061 1493 adfui,
3094 1426 3278 1481 multis
3307 1440 3432 1481 eum
3463 1441 3599 1495 pra:-

2009 1516 2253 1571 seutibus
2280 1514 2458 1586 argui.
2497 1514 2873 1586 Cumquejam
2919 1516 3037 1570 sine
3080 1516 3189 1571 ullo
3234 1517 3441 1585 pudore
3470 1531 3596 1588 per-

2008 1608 2254 1661 tenderet
2284 1606 2627 1676 impudenter
2648 1621 2894 1661 asserere
2923 1605 3239 1672 falsitatem,
3298 1608 3517 1677 p0posci
3541 1616 3599 1662 ut

2010 1699 2144 1754 liber
2168 1698 2474 1753 deferretur
2501 1698 2554 1754 in
2587 1699 2842 1761 medium,
2884 1709 2939 1753 et
2971 1698 3141 1769 stylus
3169 1712 3601 1768 mensagnosce-

328 1802 486 1856 modo
511 1802 579 1856 ἰ.
616 1802 767 1855 Talia
801 1817 931 1872 ergo
956 1803 1201 1871 quaedam
1236 1802 1392 1856 video
1420 1803 1582 1856 etiam
1634 1802 1787 1856 nobis
1814 1816 1910 1856 ac.
1944 1788 1987 1848 Β
2016 1802 2167 1848 retur
2207 1807 2238 1845 a
2285 1791 2569 1857 fratribus,
2604 1791 2696 1861 qui
2732 1792 2921 1861 utique
2944 1801 3420 1863 cognoscuntqna:
3450 1791 3598 1852 soleo

327 1896 532 1951 cidere.
559 1893 677 1967 (27)
704 1894 836 1949 Nam
860 1896 1081 1965 quidam
1106 1904 1298 1951 auctor
1330 1897 1619 1960 haereseos,
1655 1910 1776 1947 cum
1812 1894 1912 1949 sub

327 1988 620 2057 praesentia
673 1986 965 2041 multorum
1003 1986 1187 2041 habita
1218 1987 1360 2041 inter
1388 2002 1483 2043 nos
1511 1986 1699 2041 fuisset
1730 1986 1912 2056 dispu-

329 2082 485 2143 tatio,
518 2089 577 2135 et
598 2079 889 2148 descripta,
915 2078 1184 2147 accipiens
1206 2079 1273 2132 ab
1293 2078 1377 2132 his
1397 2078 1486 2147 qui
1515 2078 1912 2145 descripserant

324 2173 589 2236 codicem,
626 2172 941 2242 qtiaeyolnit
965 2171 1191 2236 addidit,
1219 2178 1272 2225 et
1310 2185 1429 2239 qua:
1450 2170 1619 2225 voluit
1662 2169 1911 2232 abstulit,

326 2272 384 2319 et
414 2264 557 2335 quod
580 2264 627 2319 ei
672 2264 849 2319 visum
883 2273 965 2319 est
999 2261 1343 2331 permutavit,
1376 2261 1769 2316 circumferens
1793 2271 1911 2315 tan-

326 2371 492 2424 quam
518 2370 585 2411 ex
616 2358 833 2412 nomine
860 2366 1070 2420 nostro,
1115 2354 1381 2409 insultans
1426 2363 1481 2409 et
1516 2356 1807 2410 ostendens
1849 2369 1913 2410 ea

324 2463 451 2516 qua!
478 2448 592 2517 ipse
617 2448 958 2518 conscripsit.
991 2446 1094 2502 Pro
1117 2446 1311 2515 quibus
1338 2447 1678 2518 indignantes
1712 2447 1915 2503 fratres

326 2542 422 2612 qui
459 2542 512 2596 in
540 2540 824 2596 Palaestina
860 2549 1008 2608 sunt,
1048 2540 1312 2593 miserunt
1339 2541 1404 2593 ad
1436 2554 1520 2594 me
1552 2540 1791 2595 Athenas
1817 2541 1917 2596 ho-

328 2638 531 2690 minem
576 2635 668 2705 qui
695 2633 966 2703 acciperet
1013 2649 1042 2688 a
1070 2649 1154 2688 me
1180 2633 1296 2705 (28)
1330 2633 1501 2702 ipsum
1540 2633 1915 2689 anthenticum

326 2724 634 2795 exemplar,
658 2726 800 2793 quod
842 2740 910 2778 ne
942 2724 1201 2779 relectum
1230 2724 1449 2793 quidem
1479 2723 1559 2777 vel
1588 2724 1915 2779 recensitum

329 2834 362 2873 a
397 2834 482 2873 me
504 2828 659 2872 antea
685 2817 881 2879 fuerat,
914 2819 1006 2872 sed
1037 2818 1110 2872 ita
1153 2818 1455 2886 neglectum
1477 2815 1714 2885 jacebat,
1740 2825 1799 2871 ut
1828 2816 1917 2871 vix

330 2911 564 2966 inveniri
615 2913 871 2981 potuerit.
908 2910 1023 2965 Misi
1055 2920 1256 2973 tamen,
1301 2918 1355 2964 et
1394 2908 1496 2963 sub
1536 2910 1643 2965 Deo
1677 2919 1811 2965 teste
1839 2908 1919 2963 lo-

328 3017 491 3073 quor,
538 3003 814 3072 quoniam,
851 3018 971 3056 cum
1025 3002 1393 3056 convenissem
1418 3001 1564 3055 illum
1604 3001 1780 3069 ipsum
1816 3002 1912 3070 qui

330 3093 732 3147 adulteraverat
751 3090 1088 3163 lihrnm,(29)
1114 3106 1457 3161 argnensqna
1468 3106 1523 3144 re
1542 3092 1639 3144 hoc
1657 3090 1892 3155 fecisset,

333 3183 839 3239 velutsatisfaciens
864 3184 993 3238 mihi
1022 3184 1329 3253 respondit:
1354 3182 1620 3248 Quoniam
1642 3182 1810 3251 magis
1827 3196 1914 3237 or-

332 3293 467 3332 nare
490 3277 628 3331 volui
652 3276 1070 3344 diSpnlationem
1099 3273 1433 3343 illam,atque
1461 3270 1913 3342 purgare.Videte

333 3369 478 3437 quali
517 3368 834 3439 purgatione
869 3366 1292 3436 disputationem
1345 3374 1584 3418 nostram
1640 3365 1907 3434 purgavit.

331 3459 449 3516 Tali
488 3474 698 3529 nempe,
761 3459 903 3528 quali
960 3456 1284 3528 purgatione
1326 3456 1437 3526 (50)
1465 3455 1699 3510 Marcion
1738 3454 1914 3510 Evan-

332 3552 472 3623 gelia
492 3551 759 3622 purgavit,
809 3550 893 3606 vel
942 3547 1287 3621 Aposmlum;
1323 3546 1407 3602 vel
1447 3547 1590 3618 quali
1633 3562 1915 3603 successor

333 3648 452 3714 ejus
490 3653 612 3717 post
642 3646 815 3713 ipsum
860 3644 1126 3714 Appelles.
1174 3642 1307 3697 Nam
1350 3642 1492 3698 sicut
1538 3640 1615 3695 illi
1650 3642 1924 3697 subverte-

336 3746 464 3793 runt
502 3737 902 3807 Scripturarum
952 3735 1233 3790 veritatem
1266 3752 1280 3788 :
1319 3736 1398 3788 sic
1429 3742 1484 3788 et
1512 3733 1635 3798 iste,
1693 3732 1923 3787 sublatis

333 3845 458 3899 quae
473 3845 601 3885 vere
619 3829 757 3884 dicta
776 3836 924 3894 sunt,
950 3826 1026 3883 ob
1051 3826 1223 3882 nostri
1246 3825 1677 3881 criminationem
1699 3825 1927 3880 inseruit

333 3936 458 3989 qua:
484 3919 616 3975 falsa
646 3930 793 3976 sunt.
823 3919 930 3975 Sed
976 3918 1108 3975 licet
1136 3916 1383 3973 homines
1412 3916 1654 3971 haeretici
1692 3928 1746 3971 et
1773 3916 1923 3987 impii

337 4014 449 4068 sint
473 4015 560 4084 qni
617 4015 731 4070 haec
768 4014 947 4069 facere
994 4012 1110 4067 ausi
1143 4020 1288 4077 sunt,
1328 4019 1509 4065 tamen
1550 4010 1825 4065 habebunt
1867 4020 1923 4065 et

338 4105 417 4161 illi
444 4104 682 4173 judicem
711 4107 902 4171 Deum,
936 4104 1027 4174 qui
1060 4103 1258 4159 talibus
1291 4101 1577 4157 adversum
1607 4116 1704 4157 nos
1734 4102 1916 4156 crimi-

338 4199 650 4254 nationibus
670 4199 1085 4254 accommodant
1118 4197 1300 4252 fldem.
1329 4193 1715 4251 Fecerunthoc
1742 4204 1797 4249 et
1830 4193 1919 4249 alii

412 4314 457 4345 ³¹
489 4312 529 4368 11
557 4313 807 4401 Thessal.
832 4330 894 4381 ιι,
930 4314 1051 4371 1-5.

340 4495 474 4560 mss.
506 4495 669 4554 Paulo
698 4512 817 4567 post
846 4498 1007 4562 editi,
1037 4506 1082 4549 et
1099 4510 1190 4565 per
1203 4505 1420 4549 vestram
1438 4495 1914 4563 congregationem.

342 4575 448 4631 Sed
484 4586 671 4624 omnes
712 4586 841 4624 mss.
868 4579 925 4622 ut
951 4568 1002 4620 in
1030 4576 1195 4620 textu.

416 4640 528 4713 (‘27)
566 4639 708 4693 Nam
732 4640 949 4713 quidam
991 4648 1175 4713 auctor
1194 4637 1631 4713 [transeam-etc.
1664 4632 1795 4713 Vide
1824 4634 1920 4713 atl-

342 4702 675 4768 noiationem
738 4702 967 4778 primam
1018 4707 1084 4760 ad
1121 4706 1727 4778 rAfricaniepiswlatn.
1777 4702 1918 4778 Infra

339 4782 507 4844 editi,
559 4790 606 4833 et
656 4774 971 4847 descriptum
1020 4777 1298 4843 accipiens.
1354 4774 1475 4829 Mox
1524 4793 1654 4847 mss.
1711 4775 1915 4838 nostri,

340 4864 389 4909 et
412 4867 527 4922 qua:
550 4851 598 4922 ei
637 4851 806 4905 visunt
828 4846 1274 4922 'estuperntutavit,
1310 4856 1359 4899 et
1382 4846 1707 4922 circumfert,
1736 4856 1844 4922 etc.

418 4916 530 4994 (28)
568 4921 642 4974 ita
672 4932 831 4994 recte
855 4918 1007 4994 editi.
1047 4916 1171 4994 hlss.
1212 4932 1339 4971 vero
1371 4918 1585 4994 nostri,
1626 4934 1655 4967 ιι
1686 4931 1765 4994 me
1809 4916 1919 4981 ipso

341 4987 522 5067 [alia
568 5008 648 5045 me
696 4987 1179 5067 ipseiam/lentiae
1222 4989 1565 5067 exemplaria,
1605 4990 1776 5067 quod,
1810 4996 1917 5040 etc.

415 5063 535 5133 (29)
559 5056 1123 5133 Argttensfotnittitur
1168 5057 1414 5133 itteditis
1450 5068 1505 5111 et
1550 5060 1611 5133 ιιιΔ
1648 5056 1922 5133 plerisque

344 5126 959 5200 ms's.,'sed'restituitur
995 5143 1059 5200 ex
1090 5142 1188 5200 ms.
1239 5126 1426 5200 Regio,
1470 5129 1561 5197 qui
1598 5128 1920 5200 haliet,__ar-

340 5194 506 5275 gneus
536 5218 697 5273 quare
724 5202 820 5254 hoc
848 5194 1442 5275 fecerit._satisfacieits,
1483 5194 1588 5275 etc.
1626 5194 1726 5275 bis.
1780 5194 1920 5249 Cor-

344 5267 583 5329 iieiensis
605 5313 621 5336 ,
654 5287 819 5343 quare
849 5267 950 5343 hoc
972 5269 1158 5343 fecisse
1200 5269 1366 5343 veltet,
1396 5267 1767 5343 satisfaciens,
1813 5275 1918 5319 etc.

343 5344 537 5399 Cteteri
579 5336 709 5398 nias.
752 5352 807 5398 et
856 5336 1021 5404 editi,
1063 5355 1223 5408 quare
1258 5338 1353 5391 hoc
1383 5338 1609 5407 fecisset,
1642 5336 1777 5389 velut
1829 5351 1921 5387 sa—

343 5414 637 5481 tisfaciens,
678 5423 808 5476 elc.,
836 5412 1312 5481 absquearguens.

420 5477 532 5557 ('50)
571 5482 825 5557 Marcion,
869 5477 975 5535 etc.
998 5477 1315 5557 Vide-P0138
1333 5479 1406 5557 ad
1440 5477 1720 5549 Dialogum
1741 5484 1924 5557 cerrita

354 5546 736 5609 Mtircionistus
767 5556 831 5607 de
868 5562 1014 5605 recta
1044 5548 1097 5602 in
1134 5547 1300 5602 Deum
1328 5550 1453 5611 lide,
1477 5546 1614 5603 sectI
1643 5563 1679 5603 ι.
1712 5562 1764 5615 p.
1795 5546 1922 5609 806,

345 5625 472 5688 807,
500 5624 627 5683 808,
653 5632 707 5678 et
728 5622 856 5678 alibi
884 5620 1115 5692 passim;
1144 5629 1196 5672 et
1217 5619 1284 5673 ad
1311 5618 1507 5673 librum
1537 5634 1573 5674 ιι
1599 5628 1780 5671 contra
1802 5615 1923 5671 Get-

346 5713 487 5757 sttm,
519 5710 665 5749 num.
690 5693 780 5747 27.

425 5765 542 5837 (51)
576 5765 702 5822 Mss.
740 5761 1068 5820 Sorhonicus
1099 5769 1148 5818 et
1179 5759 1236 5817 S.
1282 5759 1555 5819 Michaelis
1595 5760 1647 5818 in
1677 5759 1925 5820 Pericula

2012 1882 2314 1952 disputare,
2360 1882 2445 1937 vel
2493 1881 2639 1952 quali
2682 1881 2832 1938 soleo
2877 1883 2955 1937 uti
3003 1882 3278 1939 doctrina.
3332 1883 3434 1950 Qui
3471 1899 3596 1939 cum

2016 1991 2178 2032 ausus
2204 1991 2311 2030 non
2340 1984 2486 2031 esset
2521 1974 2767 2044 proferre
2808 1975 3027 2040 librum,
3068 1977 3351 2032 convictus
3386 1977 3453 2031 ab
3480 1994 3599 2032 om-

2016 2070 2174 2126 nibus
2213 2078 2268 2123 et
2309 2066 2618 2124 confutatus
2652 2078 2737 2124 est
2761 2067 3018 2125 falsitatis
3047 2085 3061 2121 :
3087 2077 3141 2124 et
3170 2069 3245 2123 ita
3279 2084 3598 2139 persuasum

2014 2172 2099 2218 est
2148 2162 2408 2218 fratribus
2446 2176 2516 2219 ue
2541 2177 2727 2216 aurem
2771 2162 3242 2218 criminationibus
3275 2163 3594 2230 pra-herent.

2016 2256 2073 2313 Si
2108 2258 2228 2327 quis
2259 2270 2391 2327 ergo
2419 2256 2535 2310 vult
2563 2256 2788 2310 credere
2826 2255 2956 2309 mihi
2980 2255 3034 2309 in
3064 2264 3357 2322 conspectu
3389 2253 3483 2308 Dei
3513 2253 3596 2308 lo-

2017 2350 2225 2420 quenti,
2279 2351 2443 2403 etiam
2477 2348 2656 2403 dehis
2696 2361 2816 2417 qnte
2855 2347 2906 2401 in
2942 2346 3172 2416 cpistola
3214 2362 3334 2400 mea
3362 2345 3597 2402 conﬁcta

2016 2450 2143 2497 sunt
2179 2449 2235 2496 et
2278 2441 2480 2496 inserta
2528 2441 2734 2494 credat.
2774 2438 2868 2494 Sin
2897 2451 3076 2492 autem
3118 2438 3241 2509 quis
3265 2453 3368 2493 non
3403 2439 3596 2499 credit,

2021 2531 2114 2586 sed
2146 2535 2257 2584 vult
2281 2531 2348 2586 de
2378 2545 2461 2584 me
2493 2530 2632 2583 male
2662 2529 2831 2597 loqui,
2859 2529 2988 2583 mihi
3020 2530 3236 2598 quidem
3259 2527 3389 2582 nihil
3416 2528 3599 2582 damni

2022 2624 2233 2681 confert
2267 2641 2282 2678 :
2322 2624 2428 2679 erit
2465 2632 2642 2677 autem
2691 2623 2803 2693 ipse
2834 2623 3001 2676 falsus
3036 2621 3192 2676 testis
3239 2621 3379 2690 apud
3405 2619 3597 2686 Deum,

2021 2718 2280 2773 adversus
2321 2716 2626 2787 proximum
2673 2731 2830 2770 suum
2867 2714 3235 2770 testimonium
3266 2712 3463 2768 falsum
3515 2711 3600 2768 vel

2018 2812 2222 2877 dicens,
2264 2810 2345 2865 vel
2380 2809 2685 2863 dicentibus
2720 2808 2971 2863 credens.
3013 2826 3031 2859 ι

2089 2902 2347 2959 Rurmus.
2386 2902 2507 2956 Haec
2535 2902 2651 2972 ipse
2682 2900 2859 2955 adhuc
2911 2908 3187 2971 superstes
3216 2898 3597 2968 conqueritur,

2019 3009 2139 3064 qua:
2187 2994 2390 3049 scilicet
2441 3008 2537 3063 per
2580 2994 2932 3062 semetipsum
2985 2993 3391 3062 deprehendere
3424 2994 3601 3063 potuit

2024 3087 2325 3142 adulterata
2372 3101 2492 3142 esse
2523 3085 2575 3139 in
2605 3086 2758 3141 libris
2798 3085 2910 3141 suis
2957 3094 3122 3155 atque
3169 3085 3600 3142 falsata.Memi-

2024 3180 2202 3234 nimus
2228 3193 2358 3234 sane
2391 3176 2554 3233 etiam
2589 3178 2643 3231 in
2675 3176 2777 3230 alia
2811 3177 2929 3247 ejus
2956 3176 3181 3246 epistola
3220 3177 3450 3232 similem
3503 3193 3602 3233 nos

2024 3275 2088 3327 de
2112 3271 2373 3327 librorum
2408 3286 2630 3327 suorum
2658 3269 2896 3325 falsitate
2920 3270 3115 3341 legisse
3155 3272 3552 3340 querimoniam
3581 3286 3598 3325 :

2020 3366 2174 3433 cujus
2193 3363 2433 3433 epistolae
2453 3363 2729 3433 exemplar
2750 3364 2801 3418 in
2834 3365 3084 3432 praesenti
3112 3364 3227 3435 (55)
3254 3378 3359 3419 non
3389 3363 3599 3432 habuit,

2023 3460 2275 3516 utetiam
2312 3460 2482 3531 ipsius
2522 3461 2893 3516 testimonium
2939 3461 3025 3515 his
3077 3475 3175 3531 pro
3222 3460 3328 3516 ﬁde
3357 3461 3603 3516 veritatis

2023 3550 2389 3621 adiungerem.
2416 3551 2520 3607 Sed
2538 3551 2785 3608 suﬂicere
2805 3552 3042 3608 arbitror
3070 3553 3135 3607 ad
3160 3551 3602 3608 satisfaciendum

2028 3645 2111 3699 his
2139 3646 2230 3714 qui
2257 3660 2361 3701 non
2381 3646 2744 3700 contentionis
2769 3654 2930 3715 atque
2954 3646 3369 3701 obtrectationis
3394 3646 3599 3710 studio,

2026 3738 2119 3792 sed
2151 3752 2336 3791 amore
2362 3737 2474 3791 veri
2509 3737 2738 3791 audiunt
2791 3754 2913 3808 qua:
2965 3739 3239 3794 dicuntur.
3275 3738 3413 3793 Nam
3460 3738 3603 3809 quod

2026 3825 2079 3880 in
2113 3824 2383 3881 veteribus
2406 3825 2615 3881 sanctis
2639 3841 2701 3879 ac
2727 3825 3094 3896 prmjndicatis
3138 3828 3418 3885 catholicis
3448 3830 3601 3894 viris,

2023 3932 2249 3987 quorum
2271 3918 2519 3987 superius
2536 3918 2763 3972 fecimus
2782 3919 3132 3985 mentionem,
3152 3920 3265 3975 solo
3286 3929 3603 3987 argumento

2025 4024 2088 4064 ex
2126 4025 2305 4064 rerum
2372 4011 2779 4080 consequentia,
2808 4010 2922 4079 (54)
2947 4028 3010 4067 ac
3044 4014 3177 4067 recti
3233 4022 3417 4068 tenore
3462 4028 3605 4082 pra:-

2026 4112 2243 4174 sumpto
2263 4105 2568 4159 ostenditur
2585 4120 2648 4159 ac
2676 4107 2961 4174 probatur,
2984 4106 3129 4176 quod
3147 4106 3191 4160 si
3211 4107 3338 4176 quid
3372 4106 3424 4159 in
3454 4105 3605 4160 libris

2025 4209 2214 4250 eorum
2253 4204 2439 4251 contra
2466 4196 2891 4252 ecclesiasticam
2921 4197 3078 4252 fidem
3115 4198 3406 4264 invenitur,
3437 4198 3492 4253 id
3518 4198 3603 4252 in-

412 4427 544 4553 (262)
567 4426 728 4498 Ergo.
775 4426 1054 4484 Omittitur
1083 4425 1137 4479 in
1183 4423 1364 4490 editis,
1396 4433 1452 4477 et
1496 4422 1806 4479 restituitur
1846 4438 1917 4476 ex
1950 4436 1993 4491 υ
2024 4425 2189 4477 ntaris
2225 4424 2446 4485 habent,
2476 4434 2523 4477 et
2542 4424 2788 4493 congredi
2814 4422 3085 4490 voluisset,
3133 4423 3341 4494 reliqua
3378 4439 3507 4481 vero
3546 4438 3605 4483 ut

412 4520 474 4553 is.
548 4501 669 4553 aulo
698 4512 817 4553 post
846 4498 1007 4553 editi.
1037 4506 1082 4549 et
1099 4505 1420 4553 peruestram
1438 4495 1914 4553 congreqationem.
2023 4499 2075 4547 in
2118 4506 2300 4549 nostro
2334 4505 2503 4548 textu.
2534 4498 2602 4547 At
2627 4495 2805 4547 caeteri
2842 4508 2974 4548 mss.
2996 4507 3049 4548 et
3075 4495 3239 4553 editi.
3279 4507 3323 4550 et
3358 4499 3605 4553 concredi

2023 4499 2075 4547 in
2118 4506 2300 4549 nostro
2334 4505 2503 4548 textu.
2534 4498 2602 4547 At
2627 4495 2805 4547 caeteri
2842 4508 2974 4548 mss.
2996 4507 3049 4548 et
3075 4495 3239 4560 editi,
3279 4507 3323 4550 et
3358 4499 3606 4558 conqredi

2022 4564 2341 4620 uoluisset...
2383 4576 2437 4618 ut
2478 4582 2570 4634 ego
2595 4564 2807 4631 quidem
2850 4566 3065 4632 cognovi
3094 4566 3163 4618 ad
3194 4580 3281 4620 eos
3309 4568 3397 4636 qui
3425 4565 3606 4623 Romae

2018 4646 2165 4707 erant
2190 4651 2208 4688 :
2234 4636 2323 4688 sed
2355 4651 2456 4688 non
2488 4637 2667 4688 dubito
2689 4637 2814 4703 quin
2841 4636 2993 4707 (mss.
3028 4650 3238 4707 omnes,
3276 4638 3435 4707 quod)
3457 4649 3505 4691 et
3535 4640 3605 4692 ad

2022 4705 2153 4758 alios
2170 4707 2258 4772 qui
2288 4722 2379 4774 per
2396 4707 2603 4759 diuersa
2631 4715 2749 4757 sunt
2767 4721 2785 4769 ,'
2808 4706 3027 4762 omissis
3052 4706 3272 4762 vocibus
3287 4705 3603 4777 pervenisse,

2024 4786 2075 4828 et
2102 4777 2235 4829 loca.

2094 4847 2209 4916 (52)
2240 4844 2330 4900 Sic
2358 4861 2545 4899 omnes
2594 4861 2726 4902 mss.
2772 4848 2912 4903 Editi
2954 4862 3104 4910 vero,
3139 4859 3442 4916 paraverat.
3481 4850 3603 4906 Mox

2025 4933 2159 4972 mss.
2189 4920 2277 4970 sed
2311 4916 2397 4971 ubi
2432 4917 2604 4985 aafui,
2639 4930 2685 4970 et
2716 4922 2957 4973 multis...
2993 4936 3045 4971 ut
3074 4922 3207 4973 liber
3234 4920 3526 4987 deferretur
3549 4924 3603 4975 in

2025 4989 2271 5061 inediam,
2322 4988 2487 5056 stylus
2536 5004 2680 5061 meus
2723 4989 2814 5061 [ιιι.
2868 4999 2942 5054 ιιι,
2991 4992 3059 5043 al.
3116 5002 3164 5045 et
3212 4989 3380 5060 stylus
3425 5009 3601 5055 mens;

2024 5060 2175 5122 editi,
2206 5072 2259 5109 ut
2289 5064 2458 5111 scelus
2485 5058 2681 5131 meum]
2725 5058 3094 5131 agnosceretur
3122 5080 3154 5115 a
3194 5058 3472 5128 fratribus,
3512 5065 3601 5129 qui

2024 5132 2202 5200 utique
2224 5139 2543 5200 cognoscunt
2587 5128 2681 5199 Sal.
2734 5128 3111 5200 agnoscerent;
3154 5128 3603 5200 editi,cognosce—

2025 5197 2158 5270 rent]
2196 5216 2305 5269 qua
2348 5199 2562 5270 soleo...
2588 5197 2790 5269 quique
2819 5218 2937 5253 cum
2964 5220 3125 5256 ausus
3175 5219 3278 5257 non
3303 5197 3457 5268 esset,
3494 5213 3601 5259 etc.

2027 5269 2454 5337 Sed’legendum
2485 5270 2695 5324 videtur
2723 5282 2781 5325 ut
2808 5274 2858 5325 in
2886 5282 3072 5326 uestro
3110 5283 3277 5326 textu.

2098 5340 2212 5409 (55)
2237 5338 2363 5394 Mss.
2411 5340 2743 5397 Sorhonieus
2774 5351 2829 5396 et
2864 5340 2921 5396 S.
2949 5344 3247 5407 Michaelis,
3283 5361 3387 5399 non
3416 5344 3601 5399 habeo.

2025 5410 2221 5483 Caeteri
2259 5426 2393 5465 mss.
2434 5420 2488 5464 et
2534 5412 2685 5476 editi,
2723 5429 2825 5466 non
2872 5412 3053 5469 habui.
3111 5415 3274 5470 Paulo
3316 5426 3438 5483 post
3470 5431 3600 5468 mss.

2026 5481 2507 5554 nostriomittunt,
2541 5492 2694 5553 atque
2723 5485 3132 5547 obtrectationis,
3166 5499 3284 5554 quae
3313 5481 3476 5541 verba
3508 5500 3605 5538 ex-

2027 5561 2179 5607 stant
2214 5551 2266 5604 in
2296 5553 2457 5605 editis

2100 5622 2211 5695 (5d)
2242 5623 2411 5686 Alias,
2440 5638 2503 5674 ac
2539 5633 2674 5677 recto
2704 5636 2879 5679 tenore
2906 5636 3242 5695 prwsumpto.
3287 5623 3454 5679 Paulo
3486 5632 3605 5695 post

2028 5692 2160 5816 etilliti
2184 5707 2485 5813 pezperam,
2508 5709 2610 5747 non
2640 5692 2945 5767 argumento
2972 5699 3082 5751 solo
3107 5692 3267 5750 simili
3302 5697 3377 5750 uti
3407 5692 3503 5767 [alL
3524 5697 3604 5770 ut]

2030 5779 2043 5816 ι
2090 5779 2160 5816 ts.
2196 5779 2302 5816 rei.
2343 5774 2448 5816 etc.

2030 5774 2160 5827 um,
2196 5774 2302 5830 ted,
2343 5774 2448 5818 etc.
