3870 6220
313 228 418 289 (B7

1684 236 1916 293 RUFINI
1953 236 2148 304 LIBER

3442 229 3552 285 628

317 359 519 403 sertum
562 347 629 401 ab
668 349 937 405 haereticis
982 351 1160 420 potius
1192 346 1354 423 q‘uam
1388 355 1455 409 ab
1498 355 1583 409 his
1630 358 1887 426 scriptum
1918 360 1964 416 Α
1992 369 2315 425 magnopere
2356 352 2673 423 poposcisti,
2722 365 2825 406 non
2872 350 3075 421 pigebit
3123 348 3287 405 etiam
3339 347 3549 405 Latinis

316 448 543 509 putetur
571 459 585 494 :
613 440 715 495 hoc
736 440 790 495 in
814 436 1046 511 Origene
1067 459 1170 499 non
1191 456 1509 515 argumento
1527 447 1700 501 solum
1723 448 1885 502 simili

315 540 376 584 ut
398 530 452 584 in
481 530 606 595 illis,
631 531 724 586 sed
760 532 1073 588 testimonio
1105 536 1561 605 querimoniarum
1591 552 1885 591 suarumex

315 622 432 677 suis
469 622 689 689 scriptis
731 625 965 693 prolato,
996 626 1285 681 absurdum
1326 643 1430 683 non
1462 638 1591 698 puto
1613 629 1659 685 si
1694 628 1888 684 creda-

315 720 425 777 tur,
456 727 524 767 ne
573 712 721 769 velut
758 714 955 770 stultus
986 717 1186 787 aliquis
1229 729 1321 773 aut
1355 719 1578 776 insanus
1609 720 1886 776 contraria

314 802 421 857 sibi
452 802 737 873 scripsisse
760 804 1024 860 videatur.

387 894 465 948 De
498 894 875 950 haereticorum
906 912 1038 953 vero
1092 899 1393 955 .emeritate
1429 900 1565 969 (55),
1587 903 1711 971 quia
1738 901 1887 957 credi

315 984 463 1041 istud
500 987 678 1043 scelus
717 987 877 1043 facile
902 989 1098 1059 possit,
1132 989 1221 1043 illa
1254 1005 1339 1046 res
1369 993 1662 1047 maximum
1690 995 1887 1048 credu-

319 1076 490 1134 litatis
538 1088 763 1148 prtestat
806 1081 1138 1149 exemplum,
1183 1084 1327 1153 quod
1376 1084 1651 1139 abstinere
1692 1085 1888 1153 impias

319 1185 511 1225 manus
550 1186 618 1225 ne
640 1185 669 1223 a
701 1173 1064 1227 sacrosanctis
1105 1176 1320 1243 quidem
1362 1175 1640 1247 Evangelii
1670 1176 1889 1232 vocibus

315 1272 626 1332 potuerunt.
679 1265 1064 1334 Apostolorum
1112 1282 1240 1321 vero
1279 1267 1361 1321 vel
1407 1269 1596 1333 Actus,
1645 1270 1727 1322 vel
1774 1270 1889 1338 Epi-

315 1357 485 1412 stolas
544 1357 779 1426 qualiter
834 1357 1145 1426 polluerint,
1208 1360 1447 1428 qualiter
1510 1362 1885 1426 corroserint,

314 1450 548 1520 qualiter
610 1450 664 1503 in
730 1450 978 1504 omnibus
1039 1451 1450 1515 maculaverint,
1500 1453 1583 1508 vel
1637 1455 1889 1512 addendo

315 1542 505 1610 impia.
554 1542 638 1596 vel
688 1541 982 1596 auferendo
1029 1557 1149 1611 qute
1194 1543 1282 1613 pia
1326 1553 1471 1608 sunt,
1507 1546 1552 1600 si
1602 1548 1723 1613 quis
1777 1547 1889 1601 vult

317 1633 525 1703 plenius
540 1634 700 1701 scire,
724 1648 791 1688 ex
820 1634 904 1689 his
921 1634 1074 1689 libris
1097 1634 1440 1700 Tertulliani,
1460 1651 1593 1704 quos
1618 1637 1887 1692 adversum

316 1725 644 1780 Marcionem
683 1727 926 1797 scripsit,
965 1727 1278 1799 plenissime
1335 1739 1705 1799 recognoscet.
1749 1729 1885 1795 Quid
1916 1698 1959 1753 Β

302 1802 445 1887 ὀι-κο
468 1817 581 1886 jam
616 1816 721 1871 erit
751 1832 1028 1887 magnum,
1059 1818 1103 1870 si
1137 1817 1385 1887 Origenis
1422 1819 1630 1888 scripta
1662 1827 1886 1873 temera-

317 1914 444 1958 rnnt
479 1905 556 1968 bi,
601 1905 694 1973 qui
743 1904 1042 1961 Salvatoris
1079 1908 1169 1961 Dei
1207 1908 1380 1962 nostri
1432 1907 1573 1963 dicta
1606 1908 1722 1963 ausi
1763 1919 1888 1964 sunt

316 1997 626 2051 temerare?
675 1994 783 2051 Nec
830 2011 959 2052 sane
1016 1998 1304 2053 diversitas
1349 1999 1658 2068 dogmatum
1726 1999 1886 2054 alicui

320 2089 634 2142 assertionis
671 2098 868 2143 nostra:
894 2089 1117 2158 deneget
1152 2087 1332 2154 ﬁdem,
1359 2089 1501 2157 quod
1531 2089 1753 2145 alterius
1777 2092 1887 2144 bte-

318 2177 459 2233 resis
488 2177 688 2232 fuerint
726 2178 797 2232 illi
830 2179 924 2248 qui
969 2178 1261 2249 Evangelia
1292 2181 1679 2249 depravarunt;
1721 2181 1786 2234 ad
1813 2180 1890 2233 al-

319 2279 491 2323 teram
526 2284 655 2323 vero
693 2269 945 2324 haeresim
1004 2270 1296 2338 respiciant
1347 2271 1448 2325 ista
1495 2286 1617 2341 qua:
1659 2272 1887 2326 dicimus

319 2358 569 2429 Origenis
598 2359 749 2414 libris
792 2360 1020 2415 inserta.
1058 2361 1360 2430 Cognoscat
1399 2360 1491 2430 qui
1524 2362 1591 2414 de
1617 2360 1700 2415 his
1735 2359 1887 2415 dubi-

319 2460 415 2511 tat,
438 2450 580 2520 quod
604 2452 740 2505 sicut
763 2452 816 2505 in
847 2451 1098 2506 omnibus
1140 2452 1345 2506 sanctis
1377 2461 1459 2507 est
1489 2449 1725 2520 Spiritus
1770 2452 1885 2515 Dei,

315 2545 457 2598 sicut
498 2554 552 2597 et
591 2544 879 2613 Apostolus
913 2543 1064 2607 dicit,
1107 2543 1232 2612 quia
1274 2543 1492 2611 spiritus
1518 2542 1887 2612 prophetarum

320 2637 586 2707 prophetis
623 2636 884 2706 subjectus
929 2646 1004 2689 est
1037 2637 1083 2668 ⁹²
1121 2652 1134 2689 :
1167 2635 1257 2704 qui
1294 2644 1350 2689 et
1379 2635 1572 2689 iterum
1598 2636 1697 2700 ait,
1746 2635 1887 2704 quod

319 2745 495 2783 omnes
528 2744 687 2782 unum
720 2730 960 2797 spiritum
986 2727 1095 2801 (56)
1122 2727 1412 2795 putavimus
1444 2741 1463 2779 :
1506 2728 1576 2782 ita
1607 2739 1658 2782 et
1689 2727 1742 2781 in
1776 2727 1887 2782 hae-

320 2821 504 2876 reticis
526 2836 663 2875 unus
689 2829 771 2876 est
808 2819 1007 2875 diaboli
1038 2820 1284 2889 spiritus,
1304 2820 1398 2889 qui
1434 2834 1527 2875 eos
1549 2820 1794 2875 eamdem
1823 2833 1887 2874 ac

318 2913 552 2969 similem
578 2926 793 2980 semper
822 2912 1081 2967 malitiam
1109 2914 1285 2967 docet.

1987 451 2348 522 scriptoribus
2378 450 2500 505 talia
2542 450 2787 519 quaedam
2830 448 3094 503 accidisse
3141 458 3463 512 monstrare,
3495 455 3550 502 et

1990 541 2292 596 calumnias
2348 541 2642 596 immensas
2694 555 2761 593 ex
2826 538 3215 593 adulteratione
3285 537 3549 593 librorum

1986 648 2206 688 suorum
2242 632 2448 687 sanctis
2476 639 2532 686 et
2559 629 2946 699 probatissimis
2991 629 3124 683 viris
3150 643 3269 684 esse
3301 644 3547 685 commo-

1987 734 2089 780 tas.
2138 723 2206 778 Et
2248 738 2317 779 ne
2358 723 2486 794 quid
2535 732 2731 792 aperta:
2766 720 3071 777 credulitati
3109 722 3267 784 desit,
3311 737 3399 776 res
3426 736 3551 790 quae

1989 826 2110 871 sunt
2142 816 2321 871 adhuc
2356 815 2628 870 memoriae
2657 823 2858 869 nostra:
2884 824 3147 881 retexam,
3178 828 3289 883 quo
3316 821 3547 868 testimo-

1986 908 2062 962 nii
2093 907 2295 962 veritas
2320 907 2592 961 neminem
2622 906 2807 962 lateat.

2060 997 2173 1068 (58)
2230 996 2466 1052 Hilarius
2515 997 2877 1052 Pictaviensis
2929 996 3215 1068 episcopus
3265 996 3551 1053 confessor

1990 1089 2125 1145 ﬁdei
2168 1089 2447 1145 catholica:
2504 1088 2624 1145 fuit.
2672 1088 2772 1144 Hic
2824 1103 2946 1143 cum
3000 1089 3065 1142 ad
3115 1089 3548 1143 emendationem

1987 1196 2173 1235 eorum
2203 1180 2296 1248 qui
2330 1178 2661 1233 Ariminensi
2708 1178 2947 1247 perﬁdia:
2985 1179 3439 1247 subscripserant,
3484 1178 3547 1231 li-

1988 1274 2183 1329 bellum
2243 1271 2616 1328 instructionis
2686 1270 3011 1341 plenissimae
3078 1270 3547 1340 conscripsisset,

1989 1379 2219 1433 cumque
2248 1363 2465 1419 libellus
2492 1362 2605 1433 ipse
2636 1362 2690 1417 in
2726 1377 2919 1417 manus
2952 1362 3299 1416 inimicorum
3344 1370 3400 1415 et
3432 1376 3551 1415 ma-

1994 1454 2311 1519 levolorum,
2348 1462 2406 1507 ut
2436 1453 2659 1523 quidam
2690 1452 2962 1517 dicebant,
3010 1461 3266 1521 corrupto
3309 1453 3549 1514 notario,

1990 1545 2077 1599 alii
2124 1558 2253 1600 vero
2299 1543 2402 1597 alia
2451 1543 2733 1598 occasione
2766 1542 3060 1596 narrabant
3089 1542 3239 1610 (quid
3270 1539 3546 1611 interest),

1989 1646 2166 1690 tamen
2219 1649 2339 1690 cum
2392 1636 2446 1689 in
2490 1648 2681 1689 manus
2730 1633 3069 1689 inimicorum
3119 1633 3237 1701 ipso
3268 1634 3555 1703 ignorante

1988 1729 2246 1793 venisset,
2286 1728 2360 1781 ita
2402 1725 2471 1781 ab
2508 1726 2586 1781 eis
2627 1736 2917 1794 corruptus
2955 1734 3058 1790 est,
3089 1724 3179 1779 illo
3210 1732 3396 1779 sancto
3430 1726 3551 1780 viro

1987 1817 2115 1871 nihil
2142 1817 2355 1886 penitus
2385 1816 2497 1887 (59)
2527 1817 2813 1882 sentiente,
2841 1825 2899 1869 ut
2932 1824 3138 1886 postea,
3170 1830 3293 1870 eum
3325 1817 3391 1869 ad
3417 1829 3555 1870 con-

1990 1907 2176 1961 cilium
2205 1905 2608 1976 episcoporum,
2645 1905 2942 1960 secundum
2972 1920 3034 1960 ea
3061 1920 3180 1974 qum
3204 1920 3263 1960 se
3291 1906 3343 1959 in
3362 1904 3548 1958 libello

1988 1998 2158 2067 ipsius
2194 2009 2458 2055 noverant
2480 1997 2807 2065 corrupisse,
2834 1997 3148 2051 haereticum
3176 2010 3297 2049 eum
3334 1995 3546 2049 inimici

1992 2105 2218 2157 arguere
2252 2090 2571 2159 coepissent,
2612 2098 2667 2143 et
2698 2088 2813 2155 ipse
2841 2086 3006 2141 libelli
3037 2085 3118 2142 sui
3152 2087 3311 2141 ﬁdem
3337 2100 3437 2154 pro
3452 2086 3549 2141 ’sui

1987 2182 2297 2237 defensione
2328 2180 2620 2252 ﬂagitaret,
2645 2181 2710 2234 de
2739 2181 2896 2234 domo
2919 2194 3012 2234 sua
3050 2179 3294 2250 prolatus
3331 2178 3552 2233 libellus

1989 2276 2112 2330 talis
2142 2275 2392 2329 inventus
2429 2274 2539 2341 sit,
2589 2287 2749 2343 quem
2780 2272 2893 2341 ipse
2919 2286 3024 2326 non
3056 2284 3396 2342 agnosceret,
3434 2271 3547 2343 (ιθ)

1987 2366 2191 2421 faceret
2242 2375 2419 2421 tamen
2468 2381 2590 2420 eum
2642 2364 3165 2418 excommunicatum
3223 2364 3287 2417 de
3331 2363 3553 2418 concilii

1988 2454 2341 2510 conventione
2401 2455 2699 2510 discedere.
2750 2451 2951 2508 Verum
3012 2453 3137 2522 quia
3199 2453 3438 2519 viventi,
3490 2462 3551 2508 et

1989 2546 2163 2600 adhuc
2190 2548 2245 2599 in
2274 2560 2498 2615 corpore
2523 2546 2721 2615 posito,
2760 2560 2847 2601 res
2889 2546 3136 2614 quamvis
3187 2544 3445 2598 scelerata
3492 2552 3549 2599 et

1987 2634 2225 2690 inaudita
2266 2637 2605 2706 contigerat,
2636 2637 2742 2691 doli
2773 2636 2976 2707 cogniti
3004 2634 3168 2689 factio
3185 2635 3551 2704 deprehensa,

1987 2729 2195 2783 detecta
2230 2727 2493 2782 scelerum
2541 2728 2793 2783 machina
2825 2727 2999 2797 potuit
3047 2728 3349 2783 emendari.
3374 2727 3549 2781 Adhi-

1985 2818 2098 2873 bita
2147 2820 2292 2875 enim
2340 2820 2553 2875 curatio
2595 2831 2679 2875 est
2704 2821 3119 2887 assertionibus,
3160 2820 3550 2875 satisfactioni-

1985 2911 2109 2975 bus,
2140 2919 2197 2966 et
2231 2912 2482 2968 omnibus
2529 2912 2615 2967 his
2662 2927 2788 2982 quae
2844 2913 3083 2968 viventes
3126 2929 3223 2983 pro
3272 2927 3332 2968 se
3368 2911 3551 2968 facere

392 3003 588 3058 Verum
621 3017 689 3079 ne
718 3002 801 3057 cui
831 3002 969 3058 forte
1000 3003 1177 3057 minus
1206 3002 1273 3056 ad
1300 3002 1631 3058 credendum
1665 3002 1888 3057 videan-
1913 3054 1953 3079 ι,
1988 3011 2228 3071 possunt.
2256 3003 2389 3058 Nam
2420 3005 2615 3059 mortui
2652 3006 2762 3075 pati
2798 3005 2929 3060 nihil
2957 3006 3221 3061 refutant.

321 3104 412 3149 tur
450 3094 642 3150 idonea
667 3108 729 3149 ea
759 3109 878 3163 qua:
911 3109 978 3149 ex
1011 3094 1166 3149 libris
1205 3093 1515 3148 Graecorum
1565 3093 1885 3163 scriptorum

323 3185 569 3256 exempla
617 3186 976 3255 protulimus,
1020 3186 1268 3255 quamvis
1301 3186 1522 3242 Graecus
1554 3186 1783 3255 scriptor
1811 3187 1883 3241 sit

325 3292 424 3347 pro
457 3291 562 3346 quo
593 3275 909 3332 satisfacere
952 3276 1232 3345 videmur,
1273 3277 1386 3348 (57)
1419 3286 1595 3333 tamen
1632 3277 1886 3346 quoniam

325 3368 719 3438 quodammodo
767 3369 822 3423 in
848 3368 1093 3422 Latinam
1124 3369 1364 3439 linguam
1396 3385 1575 3425 sermo
1604 3370 1887 3427 devolutus

321 3468 428 3522 est,
445 3468 499 3514 et
527 3459 777 3515 satisﬁeri
810 3460 973 3523 etiam
1005 3462 1209 3516 Latinis
1243 3461 1549 3516 hominibus
1578 3476 1677 3531 pro
1707 3463 1791 3517 his
1819 3478 1887 3517 ex

325 3550 523 3619 quibus
560 3550 910 3607 calumniosis
955 3552 1496 3621 interpretationibus
1538 3552 1891 3608 vulnerantur

393 3670 437 3701 ¹⁸
467 3669 486 3724 l
516 3670 642 3726 Cor.
672 3686 784 3738 xw,
809 3670 898 3725 52.
973 3670 1020 3702 ⁸³
1048 3671 1065 3726 |
1092 3671 1216 3727 Cor.
1253 3688 1349 3735 xu,
1389 3671 1481 3725 25.

324 3784 515 3909 11,(Ῡθῗ)
565 3785 725 3851 Εάῖιι,
781 3798 838 3841 ut
896 3788 1054 3852 credi,
1105 3796 1211 3842 etc.
1262 3786 1392 3843 Mss.
1444 3801 1596 3852 vero,
1625 3788 1755 3857 quia
1783 3803 1895 3841 cre-

365 3872 532 3909 nec.

365 3866 402 3921 θ,
427 3866 532 3909 etc.

325 3995 341 4007 _
404 3926 515 4007 (56)
543 3925 709 3990 Editi,
734 3927 1090 3995 portabimus;
1131 3927 1647 3996 alias,portavimus.
1681 3926 1806 3981 Mss.
1836 3935 1895 3980 ut

324 4004 379 4051 in
414 4004 583 4048 textu.

399 4065 512 4136 (57)
555 4064 682 4119 Mss.
734 4065 863 4130 alii,
900 4076 1071 4118 tamen
1107 4066 1355 4136 quopiam
1379 4066 1517 4130 quod
1540 4066 1596 4119 in
1625 4064 1890 4129 Latinam,

325 4134 458 4200 etc);
488 4134 613 4199 alii,
644 4143 819 4188 tamen
845 4138 1092 4204 quoniam
1116 4134 1169 4190 in
1190 4134 1458 4199 Latinam,
1496 4146 1599 4189 etc.
1634 4136 1738 4189 Sed
1802 4150 1891 4189 re-

326 4206 469 4259 ctius
495 4206 623 4258 editi
656 4214 710 4257 ut
741 4206 791 4257 in
826 4215 1010 4272 textu;
1042 4206 1273 4275 quiedili
1300 4205 1887 4275 paulupostperpgram

328 4275 561 4337 habent,
594 4290 687 4340 pro
708 4275 789 4327 Itis
817 4275 905 4342 qui
933 4271 1001 4328 ex
1029 4271 1368 4330 calumniosis
1396 4290 1412 4341 ;
1444 4271 1498 4330 et
1517 4271 1694 4343 infra:
1732 4271 1800 4327 Et
1827 4290 1891 4328 ne

327 4344 455 4413 quid
482 4347 725 4408 perfecta:
756 4344 1077 4412 credulitati,
1105 4355 1215 4400 etc.

405 4414 521 4485 (58)
554 4413 799 4485 Hilarius
838 4413 1180 4485 Pictaviensis
1209 4414 1507 4485 episcopus,
1540 4423 1644 4485 etc:
1695 4412 1884 4485 Hiero-

328 4482 523 4554 nymus
551 4484 645 4554 lib.
662 4499 724 4549 tt,
742 4493 928 4554 contra
946 4482 1194 4551 Ruﬁnum
1218 4482 1243 4538 ε’
1270 4503 1289 4535 t
1314 4482 1426 4537 Non
1450 4486 1499 4539 ei
1528 4482 1719 4539 Sufﬁcit
1743 4483 1889 4538 Grae-

332 4553 426 4608 cus
451 4563 506 4608 et
540 4553 793 4623 antiquos
818 4553 1165 4621 calumniari,
1189 4556 1254 4608 de
1279 4555 1474 4623 quibus
1500 4570 1597 4623 pro
1622 4561 1891 4623 vetustate

335 4635 636 4690 temporum
664 4621 1138 4693 etglonginquitate
1188 4621 1465 4693 regionum
1504 4621 1673 4693 habet
1720 4622 1887 4676 licen-

332 4689 461 4746 tiam
483 4691 740 4762 quidquid
766 4689 994 4762 voluerit
1018 4689 1310 4748 mentiendi
1338 4712 1351 4748 :
1376 4694 1524 4747 venit
1552 4693 1617 4747 ad
1641 4692 1887 4755 Latinos,

332 4772 389 4816 et
417 4761 650 4831 primum
686 4762 835 4829 ponit
879 4761 1139 4817 Hilarium
1186 4762 1576 4826 confessorem,
1606 4764 1747 4831 quod
1772 4772 1893 4831 post

331 4832 727 4886 Ariminensem
754 4831 1015 4901 synodum
1042 4833 1179 4888 liber
1210 4833 1355 4888 illius
1376 4833 1600 4887 falsatus
1630 4833 1697 4885 ab
1723 4833 1894 4885 ltwre-

335 4901 456 4955 ticis
486 4903 558 4955 sit
587 4919 600 4954 :
641 4910 695 4954 et
725 4902 794 4954 ob
824 4902 963 4955 hanc
995 4917 1216 4957 causam
1251 4918 1372 4957 cum
1420 4905 1472 4956 in
1511 4902 1740 4957 concilio
1762 4901 1893 4969 (epi-

338 4986 625 5038 scoporum
655 4972 703 5024 ei
725 4972 952 5040 quaestio
984 4982 1311 5039 moveretur,
1340 4972 1573 5041 proferri
1603 4972 1796 5025 librum
1826 4974 1892 5025 de

336 5042 496 5096 domo
519 5057 613 5095 sua
633 5041 891 5109 jusserit;
940 5044 1055 5111 qui,
1113 5044 1383 5096 nesciente
1435 5058 1514 5106 se,
1572 5042 1623 5095 in
1680 5041 1893 5094 scriniis

336 5113 450 5166 suis
481 5112 768 5165 haereticus
797 5112 1081 5165 tenebatur
1108 5129 1121 5165 :
1156 5127 1384 5180 cumque
1420 5112 1657 5181 prolatus
1679 5111 1890 5181 fuisset,

335 5181 479 5235 etab
505 5182 756 5235 omnibus
786 5182 1071 5237 haereticus
1108 5183 1401 5252 judicatus,
1422 5180 1621 5252 auctor
1651 5180 1771 5234 libri
1802 5196 1895 5233 ex-

336 5252 794 5317 communicatus,
827 5254 892 5305 de
921 5249 1130 5306 concilii
1176 5253 1530 5307 conventione
1565 5249 1889 5305 discesserit.

332 5321 406 5374 Et
431 5331 593 5376 tanta:
612 5322 946 5376 auctoritatis
963 5338 1019 5376 se
1050 5332 1216 5392 putat,
1236 5333 1451 5387 nt,cum
1481 5323 1582 5375 hoc
1616 5321 1894 5392 familiari—

332 5393 439 5445 bus
474 5394 588 5447 suis
621 5404 804 5445 narrat
828 5390 1117 5455 somnium,
1144 5408 1301 5446 uento
1323 5395 1369 5447 ei
1402 5403 1585 5446 contra
1622 5390 1898 5445 confesso-

335 5476 449 5514 rem
480 5463 581 5516 ista
624 5462 899 5517 simulanti
937 5463 1130 5516 audeat
1161 5463 1555 5517 contradicere.
1585 5460 1891 5530 Responde,

334 5545 563 5599 quaeso:
601 5532 871 5603 Synodus,
922 5548 953 5586 a
1000 5548 1104 5601 qua
1150 5533 1645 5587 excommunicatus
1690 5539 1793 5593 est,
1822 5533 1895 5603 Ain

333 5616 438 5668 qua
486 5603 617 5657 urbe
642 5600 799 5657 'l'uit?
846 5604 942 5657 Dic
969 5600 1344 5673 episc0porum
1374 5603 1631 5657 vocabula
1667 5621 1681 5666 ;
1712 5600 1895 5673 profer

334 5674 645 5730 sententias
694 5674 1178 5745 subscriptionum,
1232 5674 1314 5731 vel
1368 5674 1752 5742 diversitatem,
1806 5672 1889 5728 vel

2060 3096 2175 3165 (ll)
2215 3094 2397 3167 Sancti
2425 3094 2678 3167 Cypriani
2714 3096 2970 3166 martyris
2996 3098 3139 3151 solet
3166 3110 3329 3151 omne
3350 3097 3549 3166 episto-

1990 3188 2163 3242 larum
2215 3203 2414 3257 corpus
2462 3190 2516 3243 in
2562 3203 2670 3243 uno
2716 3189 2905 3243 codice
2954 3188 3141 3243 scribi.
3177 3187 3310 3242 Huic
3332 3186 3549 3257 corpori

1992 3278 2230 3334 liaaretici
2269 3278 2486 3347 quidam
2519 3278 2610 3347 qui
2639 3278 2691 3332 in
2720 3278 2979 3349 Spiritum
3010 3286 3254 3333 sanctum
3297 3277 3550 3346 blasphe-

1990 3378 2165 3434 ntant,
2196 3368 2515 3424 Tertulliani
2548 3369 2784 3425 libellum
2830 3370 2910 3424 De
2952 3371 3210 3424 Trinitate
3257 3369 3553 3439 reprehen-

1989 3463 2216 3518 sibiliter
2249 3462 2533 3532 (quantum
2565 3464 2630 3518 ad
2681 3465 2961 3519 veritatem
3011 3463 3133 3518 ﬁdei
3185 3474 3382 3519 nostra:
3429 3477 3553 3533 per—

1990 3553 2152 3624 tinet)
2195 3555 2456 3624 scriptum
2509 3554 2837 3621 inserentes,
2888 3563 2943 3609 et
2993 3552 3417 3625 quamplurimas
3456 3567 3557 3609 co,-

2000 3782 2426 3839 consonantiam.
2461 3784 2601 3843 Doce
2639 3782 2728 3851 qni
2760 3795 2825 3837 eo
2854 3796 2995 3835 anno
3021 3780 3267 3835 consules
3298 3779 3497 3837 fuerint
3530 3800 3547 3839 :

1999 3857 2119 3924 quis
2150 3855 2443 3924 imperator
2472 3854 2611 3924 hanc
2645 3852 2903 3924 synodum
2930 3852 3153 3921 jusserit
3184 3852 3498 3924 congregari
3530 3869 3547 3905 :

1998 3920 2253 3978 Gallitene
2286 3931 2489 3976 tantum
2521 3920 2757 3990 episcopi
2812 3920 3032 3987 fuerint,
3079 3936 3145 3973 an
3198 3929 3253 3974 et
3278 3921 3444 3976 Italia:
3494 3932 3553 3977 et

1999 3992 2266 4062 Hispania:
2303 4011 2314 4045 :
2345 4002 2494 4046 certe
2522 4006 2680 4060 quam
2711 3991 2779 4045 ob
2805 4005 3019 4044 causam
3052 3991 3287 4062 synodus
3325 4005 3551 4062 congre-

1997 4060 2121 4132 gata
2152 4064 2240 4117 sit.
2269 4062 2413 4116 Nihil
2445 4063 2636 4132 borum
2673 4061 2935 4132 nominas,
2969 4063 3061 4115 sed
3084 4060 3552 4132 ‘virunieloquen-

1990 4130 2279 4197 tissimum,
2308 4142 2363 4186 et
2388 4142 2574 4185 contra
2605 4130 2834 4184 Arianos
2861 4131 3035 4185 Latini
3055 4131 3318 4185 sermonis
3345 4133 3551 4197 tubam,

1989 4212 2064 4283 ut_
2086 4202 2371 4283 Qrigepem
2403 4200 2659 4255 delendas
2678 4240 2693 4266 ,
2730 4202 3257 4255 excommunicatum
3288 4216 3316 4253 a
3345 4203 3551 4271 synodo

1989 4285 2310 4326 Cl'lllllllill'ls.
2344 4290 2363 4322 ι

2063 4341 2175 4412 (59)
2210 4341 2306 4394 Ms.
2339 4355 2499 4406 unus,
2527 4339 2756 4393 sciente:
2795 4338 2889 4393 sed
2934 4340 3113 4394 caeteri
3147 4354 3279 4394 mss.
3315 4349 3368 4395 et
3398 4342 3550 4409 editi,

1991 4414 2265 4466 sentiente.

2058 4479 2169 4551 (40)
2192 4481 2267 4551 Ita
2295 4496 2485 4535 omnes
2504 4494 2634 4535 mss.
2665 4480 2852 4551 nostri.
2875 4480 3012 4533 Editi
3043 4494 3222 4533 veram
3247 4496 3550 4549 perperam,

1989 4549 2184 4619 facere.
2229 4549 2395 4604 Paulo
2422 4559 2542 4618 post
2584 4565 2714 4603 mss.
2753 4550 2994 4619 plerique
3016 4557 3071 4603 et
3117 4551 3268 4614 editi,
3314 4552 3435 4605 dolo
3466 4569 3553 4605 co-

1986 4623 2134 4691 gnito
2160 4620 2319 4691 factio
2347 4619 2826 4691 deprehensa._Sed
2855 4620 3056 4691 rectius
3081 4620 3281 4691 habere
3303 4622 3553 4677 videntur

1990 4688 2126 4745 inss.
2158 4688 2490 4744 Sorbonicus
2514 4698 2569 4743 et
2601 4688 2659 4743 S.
2701 4689 2979 4744 Michaelis
3010 4690 3061 4742 iu
3092 4688 3336 4743 Periculo
3366 4696 3552 4757 maris,

1991 4759 2101 4812 doli
2144 4760 2360 4829 cogniti.
2406 4759 2528 4813 Mox
2578 4774 2764 4814 onmes
2808 4774 2939 4814 mss.
2983 4761 3240 4812 omittunt
3274 4762 3409 4813 enim
3436 4771 3554 4827 post

1991 4829 2263 4885 Adhibita.
2301 4829 2466 4884 Solus
2493 4829 2691 4898 Regius
2722 4831 2919 4895 habet,
2977 4840 3028 4882 et
3074 4829 3309 4884 adhibita
3354 4832 3555 4885 curatio

1989 4910 2086 4963 est,
2111 4910 2212 4953 etc.
3472 4926 3473 4929 η

2070 4969 2182 5042 (Μ)
2242 4970 2427 5042 S_anr.ti
2475 4968 2749 5039 Cypriani,
2788 4983 2894 5028 etc.
2949 4971 3305 5041 Hieronymus
3347 4971 3438 5026 lib.
3488 4987 3553 5035 ιι,

1997 5040 2245 5111 adversus
2275 5040 2516 5109 Ruﬁnum
2537 5056 2555 5093 :
2580 5060 2599 5092 ι
2625 5043 2727 5096 Sed
2746 5042 3069 5096 confessoris
3098 5040 3330 5111 (Hilarii)
3361 5042 3556 5095 calum-

1998 5110 2084 5163 nia
2124 5122 2394 5180 utcunque
2428 5111 2725 5165 toleranda.
2776 5112 2994 5166 Transit
3023 5114 3088 5166 ad
3110 5110 3383 5181 inclytum
3413 5128 3559 5165 mar—

2002 5189 2172 5252 tyrem
2225 5182 2573 5252 Cyprianum,
2601 5192 2653 5235 et
2686 5182 2818 5236 dicit
2843 5182 3160 5236 Tertulliani
3209 5182 3422 5252 librum,
3467 5182 3557 5235 cui

1998 5250 2187 5305 titulus
2234 5250 2337 5314 est,
2367 5251 2440 5304 De
2472 5250 2750 5316 Trinitate,
2784 5252 2882 5306 sub
2906 5253 3120 5305 nomine
3146 5267 3261 5319 eius
3290 5251 3557 5319 Constan-

1999 5322 2217 5389 tinopoli
2256 5338 2283 5374 a
2317 5322 2708 5375 Macedoniam:
2737 5323 2905 5391 partis
2925 5323 3192 5376 luereticis
3221 5321 3469 5375 lcctitari.
3498 5318 3554 5373 ln

1998 5405 2104 5455 quo
2148 5392 2372 5446 crimine
2423 5392 2677 5444 mentitur
2729 5395 2854 5447 duo.
2917 5392 3046 5445 Nam
3090 5408 3189 5446 nec
3238 5391 3555 5446 Tertulliani

2000 5464 2135 5514 liber
2166 5470 2270 5527 est,
2296 5477 2396 5515 nec
2430 5460 2684 5531 Cypriani
2709 5463 2931 5524 dicitur,
2952 5463 3042 5516 sed
3072 5461 3376 5527 No_vatiani,
3404 5460 3558 5527 cujus

2002 5542 2055 5585 et
2073 5532 2394 5603 inscribitur
2427 5531 2601 5598 titulo,
2638 5541 2693 5587 et
2716 5534 2957 5590 auctoris
2983 5532 3257 5603 eloquium
3287 5531 3409 5603 Styli
3438 5542 3559 5600 pro-

2003 5602 2205 5670 prietas
2233 5603 2583 5659 demonstrat.
2622 5621 2641 5654 ›
