3840 6222
282 274 388 343 629

1178 279 1263 336 DE
1297 274 1890 337 ADULTERATIONE
1923 274 2278 333 LIBRORUM
2316 274 2659 334 ORIG‘ENISL

3438 278 3542 333 630

282 403 432 459 dices
460 401 527 459 de
554 402 752 459 talibus
779 399 897 474 (42)
929 396 1280 469 exemplariis
1302 399 1727 462 conscribentes,
1763 413 1860 468 per
1890 401 1937 460 Α
1966 396 2097 466 ipsis
2124 397 2212 465 qui
2248 397 2541 451 novitatem
2576 395 2842 452 sermonis
2868 394 3258 461 causabantur,
3284 397 3542 451 ostende-

284 503 449 550 totam
498 494 1026 565 Constantinopolim
1067 494 1258 547 urbem
1294 491 1588 545 maximam
1632 490 1860 544 distrahi

281 582 457 650 pretio
489 580 665 634 viliori
698 582 970 646 fecerunt,
1001 590 1063 634 ut
1092 580 1390 648 exiguitate
1421 580 1580 649 pretii
1612 580 1861 636 homines

280 656 447 726 idet-ti
496 672 707 740 ignotos
743 682 797 728 et
848 674 1079 728 latentes
1123 674 1277 728 dolos
1326 671 1539 727 facilius
1582 686 1862 741 compara-

279 774 424 830 rent,
482 764 595 834 (45)
628 779 737 833 quo
762 780 859 834 per
892 767 996 821 hoc
1021 764 1330 820 invenirent
1362 762 1598 818 haeretici
1624 764 1861 833 perfidiae

277 870 391 911 sua:
419 835 584 912 fidem
614 857 753 911 tanti
780 857 886 912 viri
919 859 1245 914 auctoritate
1272 855 1612 924 conquirere.
1645 856 1860 911 Accidit

276 953 460 1001 tamen
508 954 568 1001 ut
611 948 817 1002 recenti
855 948 1034 1004 adhuc
1079 948 1226 1007 facto
1270 950 1491 1021 quidam
1547 964 1618 1003 ex
1652 948 1857 1003 nostris

276 1036 538 1095 fratribus
593 1039 880 1096 catholicis
960 1041 1166 1097 inventi
1222 1045 1437 1099 admissi
1482 1042 1702 1099 sceleris
1742 1042 1855 1113 (Μ)

273 1140 585 1187 commenta
617 1141 945 1201 retegerent,
1000 1143 1053 1187 et
1103 1149 1168 1189 ex
1219 1145 1374 1205 parte
1404 1134 1608 1204 aliqua,
1643 1134 1687 1187 si
1718 1147 1855 1201 quos

271 1230 518 1291 possent,
544 1222 608 1278 ab
638 1225 844 1281 erroris
864 1223 1026 1292 hujus
1050 1226 1255 1296 laqueis
1280 1234 1623 1281 revocarent.
1658 1224 1852 1291 Quam-

270 1314 525 1381 plurimis
554 1325 732 1371 tamen
775 1317 829 1371 in
860 1318 967 1373 illis
988 1318 1235 1388 partibus
1263 1329 1510 1374 sanctum
1549 1326 1841 1389 martyrem

269 1404 607 1476 Cyprianum
640 1408 802 1478 hujus
832 1410 984 1477 fidei,
1012 1425 1131 1480 quae
1154 1426 1184 1465 a
1214 1411 1553 1466 Tertulliano
1578 1425 1681 1464 non
1708 1417 1855 1462 recte

266 1500 474 1567 scripta
506 1510 611 1568 est,
647 1501 839 1568 fuisse,
869 1518 1192 1574 persuasum
1226 1513 1343 1565 est.

344 1590 613 1659 Adjiciam
648 1594 829 1650 adhuc
868 1595 1030 1651 unius
1057 1594 1185 1650 facti
1206 1596 1327 1650 talis
1356 1594 1684 1665 exemplum,
1709 1596 1852 1665 quod

267 1683 555 1740 memoriae
576 1685 796 1754 quidem
834 1688 1157 1744 recentioris
1195 1697 1279 1743 est
1311 1687 1635 1762 (commissae
1669 1696 1849 1741 autem

1974 500 2057 544 ret
2092 490 2204 562 (48)
2237 490 2290 544 in
2323 488 2503 544 libello
2542 488 2825 543 Athanasii
2856 489 3091 558 episcopi
3124 489 3386 557 scriptum
3418 503 3542 542 esse

1964 595 2272 637 sermonem
2305 582 2373 636 de
2398 596 2505 652 quo
2542 581 2769 649 quaestio
2803 581 3118 636 habebatur.
3146 582 3308 646 Quasi
3343 596 3539 635 suasus

1958 674 2070 741 jam
2100 673 2190 728 ille
2227 673 2312 727 cui
2349 674 2451 728 hoc
2482 674 2768 742 probatura
2815 672 3013 736 fuerat,
3051 671 3258 741 rogavit
3286 670 3401 724 dari
3432 670 3537 723 sibi

1962 766 2226 828 codicem,
2262 780 2371 834 quo
2396 776 2451 820 et
2477 766 2597 821 aliis
2626 763 3002 837 ignorantibus
3032 772 3086 819 et
3112 762 3538 818 contradicenti-

1961 860 2063 914 bus
2090 858 2453 913 satisfaceret.
2503 858 2745 927 Accepto
2792 858 3003 921 codice,
3034 856 3334 911 inauditum
3368 870 3536 910 exco-

1963 951 2595 1023 gitavitadulterationis
2623 965 2812 1022 genus.
2854 949 3057 1005 Locum
3103 950 3275 1015 ipsum
3323 949 3375 1003 in
3427 964 3535 1018 quo

1964 1061 2144 1102 sermo
2175 1045 2280 1099 iste
2310 1044 2547 1115 scriptus
2570 1054 2707 1109 erat,
2740 1044 2896 1109 rasit,
2929 1043 3041 1113 (49)
3091 1053 3145 1097 et
3191 1043 3364 1111 ipsum
3392 1042 3536 1112 lser-

1964 1151 2178 1191 moncm
2219 1152 2431 1190 rursum
2467 1133 2751 1203 rescripsit
2776 1147 2935 1202 quem
2968 1141 3195 1185 raserat.
3216 1130 3393 1185 Codex
3415 1130 3536 1183 red-

1958 1228 2103 1283 ditus
2132 1228 2456 1301 simpliciter
2488 1236 2740 1293 receptus
2770 1233 2874 1279 est.
2909 1222 3160 1278 Movetur
3188 1221 3385 1276 iterum
3437 1237 3534 1291 pro

1956 1322 2144 1374 eodem
2204 1334 2459 1375 sermone
2504 1317 2779 1387 quaestio:
2831 1317 2899 1371 ad
2943 1313 3322 1383 probationem
3360 1313 3533 1368 codex

1956 1413 2270 1481 profertur;
2300 1411 2579 1471 invenitur.
2602 1424 2784 1469 sermo
2812 1409 2875 1463 de
2905 1421 3012 1479 quo
3046 1415 3164 1462 erat
3192 1407 3443 1476 quaestio,
3466 1422 3532 1461 ex

1957 1504 2115 1556 litura
2148 1504 2202 1558 in
2233 1504 2421 1562 codice
2443 1503 2686 1572 positus;
2722 1500 2856 1556 ﬁdes
2902 1498 3196 1570 proicrenti
3235 1498 3395 1552 talem
3434 1512 3530 1553 co-

1955 1596 2130 1649 dicem
2169 1597 2479 1666 deregatur,
2519 1610 2583 1649 eo
2628 1594 2772 1664 quod
2821 1592 2984 1647 litura
3034 1591 3123 1646 illa
3159 1592 3533 1660 corruptionis

1957 1702 2019 1741 ac
2050 1686 2301 1743 falsitatis
2349 1688 2625 1742 videretur
2676 1685 2961 1740 indicium.
3008 1683 3405 1755 Sedquoniam
3452 1683 3535 1757 (ut

260 1776 527 1844 nequitiae
576 1777 859 1851 antiquum
901 1780 1081 1849 satis),
1119 1790 1172 1835 et
1198 1781 1343 1850 quod
1390 1793 1581 1841 omnes
1609 1786 1853 1834 veterum
1884 1793 1927 1848 Β
1958 1781 2152 1835 iterum
2188 1781 2376 1837 eadem
2404 1777 2601 1850 dicam)
2639 1778 2841 1833 viventi
2872 1780 2986 1833 lucc
3015 1777 3159 1832 facta
3194 1789 3321 1835 sunt
3353 1777 3469 1848 (50)
3500 1792 3532 1836 a

265 1865 482 1923 fabulas
520 1869 723 1924 vincat.

341 1958 456 2030 (45)
498 1961 776 2021 Damasus,
818 1963 1149 2034 episcopus,
1210 1979 1332 2021 cum
1400 1965 1468 2021 de
1525 1964 1851 2035 recipiendis

263 2049 696 2119 Apollinarianis
759 2053 1079 2109 deliberatio
1146 2054 1493 2123 haberetur,
1555 2054 1848 2110 editionem

262 2140 656 2197 ecclesiasticae
688 2144 832 2209 ﬁdei,
861 2144 974 2216 (46)
1000 2144 1086 2199 cui
1118 2145 1280 2200 iidem
1312 2146 1559 2213 editioni,
1587 2146 1631 2201 si
1665 2145 1850 2201 Eccle-

262 2233 365 2287 siae
412 2232 567 2304 jungi
646 2235 833 2299 vellnt,
886 2237 1233 2292 subscribere
1282 2239 1561 2303 deberent,
1610 2239 1853 2293 conscri-

261 2324 503 2379 bendam
556 2328 837 2385 mandavit
888 2329 1064 2383 amico
1113 2343 1223 2383 suo
1265 2330 1479 2383 cuidam
1530 2330 1851 2400 presbytero

261 2417 386 2471 viro
417 2417 797 2485 disertissimo,
823 2419 916 2489 qui
941 2421 1042 2475 hoc
1063 2419 1137 2473 illi
1165 2435 1232 2475 ex
1266 2434 1415 2473 more
1439 2420 1709 2489 negotium
1732 2435 1851 2487 pro-

259 2511 513 2567 curabat.
569 2510 950 2570 Necessarium
1002 2515 1178 2568 visum
1219 2522 1304 2568 est
1342 2514 1569 2568 dictanti
1621 2514 1674 2569 in
1731 2515 1845 2582 ipsa

258 2604 505 2663 editione
533 2602 611 2657 De
638 2602 1018 2660 Incarnatione
1056 2605 1290 2672 Domini,
1353 2607 1628 2662 hominem
1667 2606 1849 2661 Domi-

259 2695 453 2749 nicum
485 2695 614 2750 dici.
646 2693 850 2753 Oﬂ‘ensi
895 2708 1025 2754 sunt
1054 2700 1105 2752 in
1142 2701 1245 2755 hoc
1276 2713 1532 2756 sermone
1562 2697 1845 2768 Apollina:

262 2786 457 2842 ἠείδει
510 2792 808 2843 novitatem
868 2794 1142 2845 sermonis
1214 2792 1469 2846 incusare
1535 2798 1845 2860 creperum.

258 2879 471 2934 Adesse
500 2880 601 2935 sibi
631 2880 797 2951 cmpit
823 2883 916 2952 qui
952 2882 1288 2949 dictaverat,
1332 2891 1390 2937 et
1429 2895 1496 2937 ex
1523 2882 1848 2938 auctoritate

260 2969 382 3040 (4.7)
436 2982 681 3026 veterum
760 2973 1092 3045 scriptorum
1151 2974 1552 3030 catholicorum
1602 2974 1844 3029 virorum

261 3061 551 3125 confutare
580 3080 676 3121 eos
700 3066 790 3135 qui
825 3066 1237 3140 impugnabant.
1271 3068 1480 3124 Decidit
1525 3076 1584 3123 ut
1632 3069 1725 3122 uni
1778 3082 1845 3121 ex

331 3244 447 3315 (Β)
474 3244 854 3317 Exemplariis.
876 3249 1118 3309 Deestin
1140 3250 1325 3316 editis,
1357 3259 1412 3306 et
1446 3230 1755 3305 restituitur
1781 3263 1847 3305 ex
1876 3258 1918 3317 α

260 3330 395 3371 mss.

340 3386 455 3458 (45)
485 3385 647 3451 Editi,
675 3404 779 3457 quo
817 3403 910 3457 per
955 3389 1051 3442 hac
1088 3399 1436 3449 commentum
1470 3391 1704 3445 haeretici
1732 3406 1844 3458 per-

262 3455 410 3530 ﬁdia:
437 3455 553 3512 suae
579 3455 737 3526 [idem
773 3455 905 3530 tanti
936 3459 1037 3513 viri
1082 3462 1397 3517 auctoritate
1448 3455 1837 3530 conquirerent.

261 3522 375 3581 Sed
395 3522 587 3583 omnes
621 3543 754 3583 mss.
786 3539 844 3583 ut
868 3529 920 3582 in
951 3539 1137 3584 nostro
1173 3539 1342 3584 textu.

364 3596 457 3656 44)
491 3595 819 3654 Commenta.
856 3599 1018 3663 Editi,
1056 3602 1359 3665 commissa,
1387 3600 1549 3657 male.

366 3666 458 3741 45)
489 3666 756 3741 Damasus
786 3670 1082 3738 episcopus,
1107 3686 1227 3725 cum
1249 3672 1313 3725 dc
1336 3665 1648 3741 recipiendis
1677 3670 1840 3739 Apol-

263 3737 549 3812 linarium}
599 3737 909 3812 deliberatio
962 3741 1267 3812 haberetur,
1319 3737 1841 3812 ele.'llieronytnus

262 3806 362 3863 .ib.
394 3822 433 3881 ιι
465 3816 647 3881 contra
675 3807 926 3881 Ruﬁnum
950 3823 969 3862 :
1008 3828 1027 3860 ι
1055 3810 1120 3863 Ει
1153 3812 1480 3879 superﬂuum
1520 3823 1648 3881 puto
1679 3806 1840 3878 aper-

264 3886 355 3950 tas
396 3878 643 3950 ineptias
686 3880 989 3950 confutare,
1036 3895 1158 3934 cum
1206 3878 1336 3935 mihi
1390 3878 1839 3950 mea—ingeratur

262 3946 540 4022 fabellala
568 3949 773 4022 synodo
798 3948 1078 4013 videlicet,
1102 3960 1154 4022 et
1186 3954 1285 4005 sub
1312 3954 1527 4007 nomine
1557 3946 1838 4022 cujusdam

262 4018 434 4090 amici
467 4016 699 4090 Damasi
728 4018 983 4073 Romanae
1033 4021 1185 4075 urbis
1226 4022 1465 4090 episcopi
1508 4016 1833 4090 ego'petar;

264 4089 353 4141 cui
386 4086 472 4164 ille
498 4087 910 4164 ecclesiasticas
960 4086 1833 4164 epistolas,'dictahdas'tradiditl;

264 4156 835 4231 et_Apol_l_iuariorum
895 4156 1151 4231 versutite
1215 4163 1632 4225 describantur;
1694 4156 1837 4231 quod

263 4228 548 4301 Athanasii
627 4229 823 4301 librum
880 4229 967 4283 ubi
1030 4228 1339 4287 Dominicus
1388 4234 1543 4285 homo
1600 4228 1837 4301 scriptus

264 4309 374 4370 est,
408 4296 474 4370 ad
497 4297 795 4370 legendum
843 4308 1145 4369 acceptum,
1184 4303 1255 4356 ita
1280 4303 1649 4370 corruperint,
1685 4296 1740 4355 ut
1774 4304 1827 4355 in

265 4367 432 4422 litura
462 4366 516 4422 id
550 4369 693 4436 quod
721 4366 989 4434 raserint,
1019 4386 1207 4425 rursus
1240 4366 1565 4435 scriberent,
1598 4366 1654 4426 ut
1681 4371 1830 4427 scili-

266 4450 357 4492 cet
386 4453 499 4511 ηοηΔ
523 4440 590 4492 ab
622 4439 726 4493 illis
772 4438 1050 4503 falsntum,
1093 4442 1187 4495 sed
1220 4458 1248 4494 a
1286 4458 1370 4496 me
1399 4445 1642 4497 additum
1680 4454 1837 4511 puta-

267 4517 442 4562 retur.
468 4509 664 4574 Quaeso
689 4520 758 4573 te,
788 4511 963 4564 amice
1003 4513 1348 4575 charissime,
1391 4522 1449 4567 ut
1483 4513 1535 4566 in
1575 4509 1836 4567 ecclesia-

267 4579 426 4633 Sticis
451 4580 790 4651 tractatibus,
827 4580 912 4633 ubi
942 4580 1011 4635 de
1041 4583 1267 4636 veritate
1290 4584 1605 4651 dogmatum
1634 4584 1832 4651 quaeri-

269 4656 382 4724 tur.
411 4658 465 4703 et
485 4650 551 4702 de
575 4649 746 4724 salute
773 4634 1717 4724 animarunt7nostrainiiiitnajoruin7
1738 4634 1834 4709 ﬂa-
1867 4634 1911 4689 D

268 4719 474 4787 gitatur
502 4721 825 4783 auctoritas,
863 4722 1233 4789 hujuscemodi
1258 4719 1608 4777 deliramenta
1656 4724 1833 4777 dimit-

268 4797 378 4853 tas,
404 4796 470 4843 et-
490 4791 837 4859 prandiorum
864 4806 1251 4863 cmnarumque
1283 4792 1495 4848 fabulas
1537 4809 1632 4863 pro
1673 4808 1834 4860 argu-

266 4870 587 4933 mentonon
617 4870 802 4914 teneas
835 4863 1100 4917 veritatis.
1143 4863 1286 4917 Fieri
1333 4867 1476 4917 enim
1526 4872 1704 4933 potest
1754 4872 1833 4929 ut.

268 4929 485 5002 etiamsi
520 4944 549 4983 a
584 4944 895 5002 merverum
947 4933 1164 5000 audisti,
1223 4935 1361 4988 alius
1409 4936 1496 5002 qui
1526 4929 1706 5002 'hujus
1755 4936 1831 4987 rei

269 4998 494 5073 ignarus
524 5009 626 5073 e_st,
650 5001 800 5073 dicat
845 5018 873 5054 a
918 5011 969 5056 te
1023 4998 1565 5073 esse—compositum;
1597 4998 1651 5056 et
1680 5005 1834 5073 quasi

268 5069 495 5123 mimum
544 5071 899 5134 Philistionis,
942 5072 1020 5125 vel
1068 5069 1309 5128 Lentuli'
1349 5090 1414 5129 ac
1457 5075 1667 5129 Marulli
1693 5069 1834 5128 Stro-

267 5140 431 5211 pham
471 5140 701 5211 eleganti
735 5156 986 5197 sermone
1027 5148 1335 5198 conﬁctam.
1392 5165 1409 5195 ο
1832 5198 1835 5201 .

294 5208 457 5281 Δ(46)
516 5208 592 5265 na
645 5222 791 5282 recte
831 5213 983 5282 editi.
1024 5211 1158 5267 Mss.
1214 5228 1343 5270 vero
1397 5215 1584 5280 nostri,
1638 5216 1693 5269 id
1743 5224 1839 5282 est,

269 5278 524 5346 emtioni,
568 5282 613 5335 si
656 5278 908 5337 Ecclesia:
958 5280 1051 5354 [aL
1104 5284 1189 5356 cui
1238 5289 1284 5338 si
1327 5278 1605 5358 Ecclesiie]
1649 5278 1838 5359 jungi,

270 5360 375 5403 etc.

331 5418 445 5495 (t7)
485 5416 727 5495 Veterani
782 5420 924 5495 [illiti
981 5438 1286 5495 perperam,
1338 5443 1477 5480 vera.
1534 5425 1659 5481 Mox
1710 5444 1839 5495 mss,

272 5487 602 5564 Sbrbduicus
620 5501 677 5545 et
698 5492 758 5564 _S.
786 5487 1064 5549 Michaelis
1082 5487 1143 5548 in
1165 5487 1406 5551 Periculo
1432 5498 1595 5552 maris
1620 5487 1843 5564 habent,

273 5561 417 5613 nisus
465 5572 538 5613 εει
589 5561 868 5630 confutare
912 5579 1019 5626 eos,
1065 5575 1171 5618 etc.
1224 5566 1330 5619 Sed
1381 5568 1556 5621 caeteri
1611 5584 1743 5623 mss.
1791 5561 1846 5623 et

272 5630 402 5681 editi
461 5632 721 5685 un-ittunt
777 5632 923 5703 nisus
977 5644 1079 5689 est.
1146 5636 1350 5691 Deinde
1405 5638 1582 5703 editi,
1634 5639 1841 5694 Accidit

274 5709 326 5821 ῗι
372 5710 423 5823 let
476 5718 502 5755 ι
551 5731 588 5769 ο,
658 5711 764 5759 etc.
824 5702 934 5759 Sed
996 5719 1188 5762 omnes
1256 5722 1387 5764 tuss.
1448 5702 1613 5766 nostri
1679 5720 1733 5767 ut
1791 5712 1844 5767 in

300 5783 365 5823 ex
394 5786 446 5823 u.

300 5783 446 5825 ειιυ.

1954 1874 2186 1938 vivente,
2238 1872 2496 1927 continuo
2543 1871 2657 1940 egit
2703 1872 2885 1926 omnia
2935 1881 2993 1925 ut
3044 1871 3195 1925 fraus
3245 1872 3528 1926 commissi

1953 1962 2177 2018 sceleris
2207 1961 2611 2024 nudaretur,,et
2642 1960 2899 2030 nequitiae
2954 1961 3163 2015 macula
3225 1978 3327 2015 non
3373 1964 3529 2015 inno-

1952 2054 2095 2108 ceuti
2132 2054 2271 2118 viro,
2303 2053 2393 2120 qui
2430 2052 2566 2108 nihil
2618 2052 2725 2107 tale
2768 2063 3045 2123 gesserat,
3079 2054 3401 2119 adita-reret,
3435 2056 3528 2116 sed

1953 2146 2004 2198 in
2030 2155 2304 2200 auctorem
2332 2144 2461 2200 facti
2513 2155 2672 2215 atque
2697 2147 2747 2199 in
2779 2147 3085 2202 uberiorem
3113 2146 3227 2215 ejus
3250 2148 3527 2206 infamiam

1953 2237 2300 2291 redundaret.

2024 2326 2079 2381 Si
2135 2342 2263 2397 ergo
2297 2334 2351 2378 et
2395 2325 2655 2397 Origenes
2704 2329 2826 2383 talia
2868 2330 2935 2384 ab
2971 2330 3241 2389 ltmreticis
3272 2340 3325 2385 et
3362 2332 3526 2387 male-

1952 2419 2086 2472 volis
2115 2432 2171 2472 se
2193 2431 2313 2472 esse
2349 2432 2664 2488 perpessum
2698 2419 2749 2472 in
2780 2419 3004 2487 epistola
3023 2435 3117 2474 sua
3146 2421 3361 2489 prejiria
3397 2438 3528 2477 voce

1950 2509 2322 2579 conqueritur,
2360 2518 2417 2564 et
2468 2509 2655 2564 multis
2719 2508 2841 2565 aliis
2893 2511 3024 2565 viris
3075 2512 3363 2567 catholicis
3417 2523 3526 2568 tam

1950 2602 2090 2658 vivis
2134 2618 2295 2671 quam
2332 2602 2560 2658 mortuis
2590 2604 2779 2658 eadem
2817 2605 3156 2670 acciderunt,
3209 2606 3528 2677 similesque

1949 2695 2167 2751 fraudes
2195 2696 2409 2764 scriptis
2441 2695 2554 2767 (51)
2593 2698 2951 2764 quorumdam
2993 2697 3292 2767 probantur
3333 2698 3519 2763 illane,

1949 2802 2069 2857 quae
2095 2787 2307 2841 tandem
2345 2788 2511 2842 animi
2550 2787 2848 2844 obstinatio
2886 2798 2989 2855 εει,
3037 2788 3090 2842 in
3135 2788 3328 2859 aequali
3362 2806 3526 2844 causa

1949 2893 2055 2934 non
2091 2878 2282 2949 aequali
2313 2879 2389 2932 uti
2426 2878 2618 2947 venia;
2660 2880 2754 2934 sed
2805 2894 2871 2935 ex
2918 2879 3106 2934 iisdem
3153 2880 3525 2935 accidentibus

1950 2972 2074 3029 aliis
2099 2972 2466 3029 excusationis
2511 2971 2873 3027 reverentiam
2899 3013 2914 3039 ,
2959 2972 3525 3033 aliiscriminationis

1951 3065 2232 3120 infamiam
2268 3063 2591 3120 intendere?
2614 3062 2728 3137 (52)
2753 3062 2892 3131 Quin
2917 3065 3096 3135 potius
3123 3065 3415 3135 aperienda
3443 3077 3524 3122 est

2027 3247 2141 3320 (48)
2168 3247 2248 3320 In“
2263 3246 2894 3320 libello_AtItanasii,‘etc.
2954 3249 3035 3303 An
3066 3248 3287 3305 libellus
3319 3251 3425 3306 iste
3451 3252 3523 3308 sit

1948 3317 2189 3388 ejusdem
2224 3318 2400 3372 Patris
2426 3317 2697 3383 Expositio
2738 3317 3033 3386 ﬁdeipqnte
3075 3331 3254 3378 exstat
3301 3331 3431 3375 tom.
3481 3323 3523 3386 I,

1946 3398 2091 3459 part.
2128 3403 2167 3451 ι,
2199 3388 2315 3457 ejus
2343 3388 2711 3459 operum,ubi
2753 3403 2876 3459 pag.
2917 3389 3021 3443 100
3045 3398 3099 3443 et
3129 3390 3253 3455 101,
3286 3392 3523 3446 humana

1944 3458 2147 3515 Christi
2178 3472 2370 3530 natura
2400 3458 2708 3530 Domiuicus
2754 3458 2908 3530 homo
2936 3461 3133 3528 saepius
3182 3462 3519 3530 appellatur;

1945 3544 2012 3600 an
2036 3543 2167 3583 vero
2193 3528 2296 3581 alia
2326 3528 2519 3600 major,
2547 3542 2615 3600 ex
2647 3543 2774 3600 qua_
2799 3528 3004 3598 aliquot
3034 3528 3522 3600 fragmentaaﬂ'ert

1945 3598 2319 3673 Theodoretus
2337 3596 2986 3673 Dialog_._."),ubiChris‘tus
3002 3610 3055 3654 et
3089 3596 3271 3673 homo,
3314 3602 3521 3673 Κυρια-

1944 3669 2039 3733 κὸς
2080 3667 2365 3740 ἄνθρωπος
2415 3668 2668 3723 similiter
2706 3670 2921 3740 dicitur,
2953 3678 3101 3727 certo
3125 3670 3379 3728 aﬂirmari
3407 3667 3520 3727 non

1980 3748 2139 3795 otest.

1942 3754 2326 3881 pozgiiljjdlias,
2370 3819 2416 3877 ει
2446 3810 2606 3881 istum
2640 3826 2950 3876 sermonem,
2983 3822 3089 3868 etc.

2013 3878 2124 3953 (50)
2160 3878 2289 3953 Mss.
2317 3896 2379 3931 ac
2414 3879 2625 3947 vigenti.
2657 3881 2763 3936 Sed
2788 3883 2981 3941 melius
3023 3884 3230 3939 habere
3257 3883 3517 3953 videntur

1939 3951 2095 4013 editi,
2136 3966 2168 4002 a
2214 3951 2434 4003 vivente.

2013 4020 2127 4103 (51.2
2152 4020 2321 4103 Alias,
2357 4035 2606 4103 eorum...
2644 4037 2761 4090 qua:
2795 4022 3008 4103 tandem
3061 4024 3359 4079 animarum
3412 4023 3513 4096 [al.

1940 4089 2128 4161 animi]
2161 4089 2428 4161 obstrictio
2461 4099 2535 4142 est
2570 4091 2623 4143 in
2663 4094 2850 4160 [ινφραιί
2885 4109 3035 4156 casu,
3066 4105 3172 4147 etc.

2011 4158 2127 4232 (52)
2154 4160 2292 4225 Quin
2316 4160 2487 4232 potius
2529 4158 2816 4227 aperienda
2850 4174 2923 4215 εει
2965 4164 3061 4216 Ιιοε
3096 4165 3147 4216 in
3183 4164 3296 4218 loco
3323 4167 3516 4220 veritas

1938 4229 2126 4295 latens,
2171 4241 2277 4284 etc.
2348 4230 2851 4302 Hieronymuslib.
2899 4248 2936 4287 tt
2987 4246 3167 4287 contra
3215 4234 3464 4302 Ruﬁnum
3494 4250 3514 4287 :

1944 4321 1961 4351 ι
1991 4304 2106 4366 Quo
2131 4315 2234 4354 non
2265 4300 2739 4370 perveniatsemel
2769 4301 3025 4357 eflrenata
3060 4300 3373 4359 temeritas?
3392 4306 3518 4360 Post

1938 4370 2807 4443 excommnni‘cationemﬂilat‘ii,
2865 4383 2988 4440 post
3034 4374 3296 4443 Cypriani
3347 4375 3511 4443 eaus-

1938 4442 2247 4513 επίγραφον
2281 4440 2565 4513 haereseos
2586 4440 2799 4507 lihrutn,
2822 4453 2943 4513 post
2968 4440 3251 4499 Athanasii
3272 4440 3514 4498 ine-dor-

1940 4508 2185 4564 mitante'
2212 4511 2465 4572 lituram,
2524 4511 2684 4564 simul
2727 4522 2783 4565 et
2822 4508 3278 4579 inscriptionem,
3332 4516 3514 4581 erupit

1940 4582 2229 4649 aliquando
2279 4591 2465 4635 contra
2513 4597 2704 4650 papam
2757 4582 3136 4650 Epiphaniam,
3177 4594 3233 4638 et
3266 4586 3513 4640 dolorem

1941 4652 2182 4720 pectoris
2217 4652 2321 4716 sui,
2351 4651 2628 4719 quodcum
2648 4654 2697 4704 in
2717 4655 2942 4719 epistola
2961 4669 3121 4722 quam
3142 4655 3207 4707 ad
3232 4652 3511 4709 Joannem

1940 4723 2252 4794 episcopum
2278 4722 2595 4794 scripserat,
2623 4722 2937 4776 hmreticum
2960 4725 3162 4793 arguit,
3188 4724 3513 4794 inApologia

1940 4808 2035 4859 pro
2068 4790 2294 4859 Origene
2330 4793 2542 4860 digerit,
2577 4802 2629 4846 et
2658 4794 2743 4846 his
2772 4808 2832 4845 se
2870 4790 3213 4855 sermonibus
3264 4790 3514 4850 consola-

1944 4871 2030 4912 tnr
2064 4877 2077 4914 :
2116 4862 2255 4926 Quin
2301 4867 2473 4929 potius
2510 4863 2791 4930 aperienda
2848 4876 2918 4916 est
2944 4865 3039 4917 hoc
3060 4867 3113 4917 in
3154 4864 3267 4918 loco
3320 4868 3511 4921 veritas

1941 4930 2126 5006 intem.
2159 4931 2599 5006 [TumAprolatis
2643 4934 2727 4986 his
2758 4948 2877 5006 quae
2906 4944 3204 5003 sequuntur
3236 4952 3410 5006 usque
3445 4938 3513 4992 ad

1944 5001 2045 5054 iSta
2097 5000 2303 5055 verba:
2337 5000 2610 5065 Quomodo
2664 5000 2788 5073 ergo
2838 5005 2935 5057 iste
2980 5000 3165 5058 merito
3213 5000 3512 5061 audiendus

1944 5081 2040 5134 est,
2070 5088 2187 5144 cum
2226 5088 2311 5125 eos
2342 5073 2513 5140 culpat
2558 5075 2645 5143 qui
2668 5073 3028 5128 instructionis
3058 5092 3168 5129 sua:
3198 5094 3359 5129 causa
3393 5096 3512 5144 per-

1944 5158 2112 5217 pauca
2138 5143 2271 5217 eius,
2310 5143 2608 5217 saivaﬂﬁdei
2640 5146 2817 5213 regula
2851 5158 3005 5213 atque
3049 5148 3253 5217 integra
3295 5143 3506 5215 pietate,

1945 5209 2417 5286 (egeruntfpergit
2443 5209 2835 5285 Hieronymus:
2870 5234 2887 5266 ι
2915 5209 3015 5281 Qui
3040 5209 3304 5282 sunt'isti,
3329 5219 3417 5286 qui
3455 5209 3505 5271 in

1947 5282 2185 5354 Ecclesia
2209 5282 2483 5353 disputare
2503 5282 2661 5340 latius
2679 5286 2890 5341 solent?
2913 5288 3010 5354 Qui
3041 5288 3207 5344 libros
3233 5282 3509 5343 scribere?

1948 5353 2049 5418 Qui
2088 5362 2255 5407 totum
2283 5358 2349 5409 de
2388 5356 2621 5425 Origene
2670 5353 2961 5425 loquuntur
2989 5368 3042 5411 et
3080 5359 3369 5413 scribunt?
3401 5358 3504 5423 Qui

1948 5425 2196 5498 (lumsua
2233 5425 2425 5498 nolunt
2459 5426 2602 5481 furta
2634 5430 2908 5497 cognosci,
2941 5437 2995 5483 et
3028 5429 3221 5498 ingrati
3276 5438 3402 5481 sunt
3452 5431 3505 5482 in

1927 5494 2289 5566 .tnagistrum,
2324 5496 2530 5552 idcirco
2560 5494 2831 5566 sittiplices
2859 5502 2923 5553 ab
2967 5494 3112 5553 illius
3151 5500 3381 5553 lectione
3407 5504 3507 5553 de-

1954 5565 2194 5638 terrent?
2215 5563 2539 5638 Nominatim
2568 5563 2732 5623 debes
2763 5569 2965 5637 dicere,
2997 5580 3051 5623 et
3081 5570 3225 5638 ipsos
3254 5570 3507 5626 homines

1949 5633 2227 5707 denotare.
2254 5634 2393 5707 Ergo
2426 5639 2567 5692 beati
2594 5639 2829 5707 episcopi
2860 5633 3200 5703 Anastasius,
3237 5649 3290 5693 et
3321 5638 3502 5693 Theo—

1951 5704 2153 5770 philus,
2189 5716 2241 5758 et
2275 5704 2553 5771 Vdnerius,
2587 5704 2642 5761 et
2669 5704 3035 5770 Chromatius,
3080 5718 3132 5760 et
3184 5710 3360 5763 omnis
3387 5719 3503 5765 ta":

1954 5776 2188 5832 Orientis
2223 5793 2382 5847 quam
2430 5778 2755 5852 Occidentis
2776 5779 3183 5837 Catholicorum
3238 5781 3499 5853 synodus,
