  <div class='ocr_page' id='page_1' title='image "/cluster/home/n/w/nwhite01/storage/ocr_20150623/17/nnc1.0046978615/325.png"; bbox 0 0 3840 6222; ppageno 0'>
   <div class='ocr_carea' id='block_1_1' title="bbox 308 141 3577 217">
    <p class='ocr_par' dir='ltr' id='par_1_1' title="bbox 308 141 3577 217">
     <span class='ocr_line' id='line_1_1' title="bbox 308 141 3577 217; baseline 0 -9"><span class='ocrx_word' id='word_1_1' title='bbox 308 155 407 211; x_wconf 74' lang='lat'><strong>65!</strong></span> <span class='ocrx_word' id='word_1_2' title='bbox 938 154 1175 213; x_wconf 81' lang='lat' dir='ltr'><strong>RUFINI</strong></span> <span class='ocrx_word' id='word_1_3' title='bbox 1213 155 1417 212; x_wconf 73' lang='lat' dir='ltr'><strong>LIBER</strong></span> <span class='ocrx_word' id='word_1_4' title='bbox 1452 154 1542 211; x_wconf 88' lang='lat' dir='ltr'><strong>DE</strong></span> <span class='ocrx_word' id='word_1_5' title='bbox 1582 152 2171 213; x_wconf 72' lang='lat' dir='ltr'><strong>ADULTERATIONL‘</strong></span> <span class='ocrx_word' id='word_1_6' title='bbox 2208 150 2566 210; x_wconf 77' lang='lat' dir='ltr'><strong>LIBBORUM</strong></span> <span class='ocrx_word' id='word_1_7' title='bbox 2600 141 2945 213; x_wconf 79' lang='lat' dir='ltr'><strong>ORIGENIS.</strong></span> <span class='ocrx_word' id='word_1_8' title='bbox 3460 144 3577 217; x_wconf 66' lang='grc'><strong>6⁸52</strong></span> 
     </span>
    </p>
   </div>
   <div class='ocr_carea' id='block_1_2' title="bbox 314 267 3575 345">
    <p class='ocr_par' dir='ltr' id='par_1_2' title="bbox 314 267 3575 345">
     <span class='ocr_line' id='line_1_2' title="bbox 314 267 3575 345; baseline 0.001 -21"><span class='ocrx_word' id='word_1_9' title='bbox 314 273 417 325; x_wconf 84' lang='lat' dir='ltr'><strong>hoc</strong></span> <span class='ocrx_word' id='word_1_10' title='bbox 448 270 500 324; x_wconf 92' lang='lat' dir='ltr'><strong>in</strong></span> <span class='ocrx_word' id='word_1_11' title='bbox 528 268 646 324; x_wconf 92' lang='lat' dir='ltr'><strong>loco</strong></span> <span class='ocrx_word' id='word_1_12' title='bbox 678 268 882 323; x_wconf 82' lang='lat' dir='ltr'><strong>veritas</strong></span> <span class='ocrx_word' id='word_1_13' title='bbox 926 268 1128 328; x_wconf 87' lang='lat' dir='ltr'><strong>latens.</strong></span> <span class='ocrx_word' id='word_1_14' title='bbox 1167 268 1283 325; x_wconf 85' lang='lat' dir='ltr'><strong>Non</strong></span> <span class='ocrx_word' id='word_1_15' title='bbox 1329 271 1470 326; x_wconf 91' lang='lat' dir='ltr'><strong>enim</strong></span> <span class='ocrx_word' id='word_1_16' title='bbox 1518 271 1777 341; x_wconf 85' lang='lat' dir='ltr'><strong>possibile</strong></span> <span class='ocrx_word' id='word_1_17' title='bbox 1809 278 1892 325; x_wconf 87' lang='lat' dir='ltr'><strong>est</strong></span> <span class='ocrx_word' id='word_1_18' title='bbox 1921 275 1966 331; x_wconf 83' lang='grc' dir='ltr'><strong>Α</strong></span> <span class='ocrx_word' id='word_1_19' title='bbox 2002 269 2120 337; x_wconf 83' lang='lat' dir='ltr'><strong>ejus</strong></span> <span class='ocrx_word' id='word_1_20' title='bbox 2148 268 2296 324; x_wconf 85' lang='lat' dir='ltr'><strong>salva</strong></span> <span class='ocrx_word' id='word_1_21' title='bbox 2326 267 2449 323; x_wconf 86' lang='lat' dir='ltr'><strong>lidei</strong></span> <span class='ocrx_word' id='word_1_22' title='bbox 2482 267 2688 340; x_wconf 86' lang='lat' dir='ltr'><strong>regula,</strong></span> <span class='ocrx_word' id='word_1_23' title='bbox 2717 278 2881 341; x_wconf 89' lang='lat' dir='ltr'><strong>atque</strong></span> <span class='ocrx_word' id='word_1_24' title='bbox 2911 269 3119 341; x_wconf 84' lang='lat' dir='ltr'><strong>integra</strong></span> <span class='ocrx_word' id='word_1_25' title='bbox 3165 271 3367 341; x_wconf 75' lang='lat' dir='ltr'><strong>pietate</strong></span> <span class='ocrx_word' id='word_1_26' title='bbox 3417 272 3575 345; x_wconf 88' lang='lat' dir='ltr'><strong>lege-</strong></span> 
     </span>
    </p>
   </div>
   <div class='ocr_carea' id='block_1_3' title="bbox 308 359 1889 434">
    <p class='ocr_par' dir='ltr' id='par_1_3' title="bbox 308 359 1889 434">
     <span class='ocr_line' id='line_1_3' title="bbox 308 359 1889 434; baseline 0.001 -17"><span class='ocrx_word' id='word_1_27' title='bbox 308 373 418 418; x_wconf 88' lang='lat' dir='ltr'><strong>tam</strong></span> <span class='ocrx_word' id='word_1_28' title='bbox 452 359 861 432; x_wconf 87' lang='lat' dir='ltr'><strong>iniquojudicio</strong></span> <span class='ocrx_word' id='word_1_29' title='bbox 909 362 986 415; x_wconf 94' lang='lat' dir='ltr'><strong>uti</strong></span> <span class='ocrx_word' id='word_1_30' title='bbox 1032 377 1360 434; x_wconf 87' lang='lat' dir='ltr'><strong>quemquam</strong></span> <span class='ocrx_word' id='word_1_31' title='bbox 1389 365 1691 431; x_wconf 85' lang='lat' dir='ltr'><strong>hominum,</strong></span> <span class='ocrx_word' id='word_1_32' title='bbox 1730 374 1788 417; x_wconf 93' lang='lat' dir='ltr'><strong>ut</strong></span> <span class='ocrx_word' id='word_1_33' title='bbox 1822 365 1889 418; x_wconf 89' lang='lat' dir='ltr'><strong>de</strong></span> 
     </span>
    </p>
   </div>
   <div class='ocr_carea' id='block_1_4' title="bbox 304 450 1886 524">
    <p class='ocr_par' dir='ltr' id='par_1_4' title="bbox 304 450 1886 524">
     <span class='ocr_line' id='line_1_4' title="bbox 304 450 1886 524; baseline 0.001 -17"><span class='ocrx_word' id='word_1_34' title='bbox 304 468 470 507; x_wconf 72' lang='lat' dir='ltr'><strong>causa</strong></span> <span class='ocrx_word' id='word_1_35' title='bbox 501 450 693 521; x_wconf 68' lang='lat' dir='ltr'><strong>aequali</strong></span> <span class='ocrx_word' id='word_1_36' title='bbox 726 467 832 506; x_wconf 89' lang='lat' dir='ltr'><strong>non</strong></span> <span class='ocrx_word' id='word_1_37' title='bbox 863 453 1148 522; x_wconf 67' lang='lat' dir='ltr'><strong>aequaliter</strong></span> <span class='ocrx_word' id='word_1_38' title='bbox 1184 455 1407 509; x_wconf 90' lang='lat' dir='ltr'><strong>sentiat.</strong></span> <span class='ocrx_word' id='word_1_39' title='bbox 1462 456 1567 510; x_wconf 88' lang='lat' dir='ltr'><strong>Sed</strong></span> <span class='ocrx_word' id='word_1_40' title='bbox 1599 455 1740 524; x_wconf 89' lang='lat' dir='ltr'><strong>quod</strong></span> <span class='ocrx_word' id='word_1_41' title='bbox 1785 470 1886 509; x_wconf 88' lang='lat' dir='ltr'><strong>au-</strong></span> 
     </span>
    </p>
   </div>
   <div class='ocr_carea' id='block_1_5' title="bbox 305 545 1886 619">
    <p class='ocr_par' dir='ltr' id='par_1_5' title="bbox 305 545 1886 619">
     <span class='ocr_line' id='line_1_5' title="bbox 305 545 1886 619; baseline 0.001 -18"><span class='ocrx_word' id='word_1_42' title='bbox 305 556 487 601; x_wconf 89' lang='lat' dir='ltr'><strong>ctores</strong></span> <span class='ocrx_word' id='word_1_43' title='bbox 520 545 952 600; x_wconf 83' lang='lat' dir='ltr'><strong>obtrectatorum</strong></span> <span class='ocrx_word' id='word_1_44' title='bbox 983 545 1099 618; x_wconf 87' lang='lat' dir='ltr'><strong>ejus</strong></span> <span class='ocrx_word' id='word_1_45' title='bbox 1131 546 1167 602; x_wconf 90' lang='lat' dir='ltr'><strong>ii</strong></span> <span class='ocrx_word' id='word_1_46' title='bbox 1198 556 1323 603; x_wconf 92' lang='lat' dir='ltr'><strong>sunt</strong></span> <span class='ocrx_word' id='word_1_47' title='bbox 1348 548 1439 619; x_wconf 88' lang='lat' dir='ltr'><strong>qui</strong></span> <span class='ocrx_word' id='word_1_48' title='bbox 1467 547 1547 603; x_wconf 89' lang='lat' dir='ltr'><strong>vel</strong></span> <span class='ocrx_word' id='word_1_49' title='bbox 1567 548 1619 603; x_wconf 92' lang='lat' dir='ltr'><strong>in</strong></span> <span class='ocrx_word' id='word_1_50' title='bbox 1648 547 1886 606; x_wconf 85' lang='lat' dir='ltr'><strong>Ecclesia</strong></span> 
     </span>
    </p>
   </div>
   <div class='ocr_carea' id='block_1_6' title="bbox 306 634 1882 707">
    <p class='ocr_par' dir='ltr' id='par_1_6' title="bbox 306 634 1882 707">
     <span class='ocr_line' id='line_1_6' title="bbox 306 634 1882 707; baseline 0.006 -20"><span class='ocrx_word' id='word_1_51' title='bbox 306 638 586 706; x_wconf 77' lang='lat' dir='ltr'><strong>disputare</strong></span> <span class='ocrx_word' id='word_1_52' title='bbox 630 634 793 692; x_wconf 91' lang='lat' dir='ltr'><strong>latius</strong></span> <span class='ocrx_word' id='word_1_53' title='bbox 843 637 1039 705; x_wconf 87' lang='lat' dir='ltr'><strong>solent,</strong></span> <span class='ocrx_word' id='word_1_54' title='bbox 1081 638 1165 694; x_wconf 91' lang='lat' dir='ltr'><strong>vel</strong></span> <span class='ocrx_word' id='word_1_55' title='bbox 1205 640 1370 693; x_wconf 89' lang='lat' dir='ltr'><strong>etiam</strong></span> <span class='ocrx_word' id='word_1_56' title='bbox 1403 640 1570 696; x_wconf 92' lang='lat' dir='ltr'><strong>libros</strong></span> <span class='ocrx_word' id='word_1_57' title='bbox 1619 642 1882 707; x_wconf 84' lang='lat' dir='ltr'><strong>scribere,</strong></span> 
     </span>
    </p>
   </div>
   <div class='ocr_carea' id='block_1_7' title="bbox 307 729 1882 802">
    <p class='ocr_par' dir='ltr' id='par_1_7' title="bbox 307 729 1882 802">
     <span class='ocr_line' id='line_1_7' title="bbox 307 729 1882 802; baseline 0.003 -19"><span class='ocrx_word' id='word_1_58' title='bbox 307 730 403 799; x_wconf 81' lang='lat' dir='ltr'><strong>qui</strong></span> <span class='ocrx_word' id='word_1_59' title='bbox 438 741 610 785; x_wconf 92' lang='lat' dir='ltr'><strong>totum</strong></span> <span class='ocrx_word' id='word_1_60' title='bbox 640 730 706 786; x_wconf 90' lang='lat' dir='ltr'><strong>de</strong></span> <span class='ocrx_word' id='word_1_61' title='bbox 738 729 973 801; x_wconf 82' lang='lat' dir='ltr'><strong>Origene</strong></span> <span class='ocrx_word' id='word_1_62' title='bbox 1021 731 1107 785; x_wconf 89' lang='lat' dir='ltr'><strong>vel</strong></span> <span class='ocrx_word' id='word_1_63' title='bbox 1152 732 1448 802; x_wconf 89' lang='lat' dir='ltr'><strong>loquuntur</strong></span> <span class='ocrx_word' id='word_1_64' title='bbox 1481 733 1566 788; x_wconf 88' lang='lat' dir='ltr'><strong>vel</strong></span> <span class='ocrx_word' id='word_1_65' title='bbox 1613 735 1882 800; x_wconf 90' lang='lat' dir='ltr'><strong>scribunt,</strong></span> 
     </span>
    </p>
   </div>
   <div class='ocr_carea' id='block_1_8' title="bbox 308 820 1885 897">
    <p class='ocr_par' dir='ltr' id='par_1_8' title="bbox 308 820 1885 897">
     <span class='ocr_line' id='line_1_8' title="bbox 308 820 1885 897; baseline 0.004 -22"><span class='ocrx_word' id='word_1_66' title='bbox 308 820 425 893; x_wconf 73' lang='grc'>(55)</span> <span class='ocrx_word' id='word_1_67' title='bbox 472 837 539 876; x_wconf 89' lang='lat' dir='ltr'><strong>ne</strong></span> <span class='ocrx_word' id='word_1_68' title='bbox 572 837 701 891; x_wconf 89' lang='lat' dir='ltr'><strong>ergo</strong></span> <span class='ocrx_word' id='word_1_69' title='bbox 723 822 902 891; x_wconf 90' lang='lat' dir='ltr'><strong>plures</strong></span> <span class='ocrx_word' id='word_1_70' title='bbox 934 823 1172 892; x_wconf 91' lang='lat' dir='ltr'><strong>ipsorum</strong></span> <span class='ocrx_word' id='word_1_71' title='bbox 1223 822 1365 878; x_wconf 82' lang='lat' dir='ltr'><strong>furta</strong></span> <span class='ocrx_word' id='word_1_72' title='bbox 1388 836 1738 896; x_wconf 89' lang='lat' dir='ltr'><strong>cognoscant.</strong></span> <span class='ocrx_word' id='word_1_73' title='bbox 1764 841 1885 897; x_wconf 64' lang='lat' dir='ltr'><strong>quae</strong></span> 
     </span>
    </p>
   </div>
   <div class='ocr_carea' id='block_1_9' title="bbox 305 911 1882 984">
    <p class='ocr_par' dir='ltr' id='par_1_9' title="bbox 305 911 1882 984">
     <span class='ocr_line' id='line_1_9' title="bbox 305 911 1882 984; baseline 0.002 -20"><span class='ocrx_word' id='word_1_74' title='bbox 305 911 516 981; x_wconf 82' lang='lat' dir='ltr'><strong>htique,</strong></span> <span class='ocrx_word' id='word_1_75' title='bbox 556 913 599 966; x_wconf 88' lang='lat' dir='ltr'><strong>si</strong></span> <span class='ocrx_word' id='word_1_76' title='bbox 637 911 834 983; x_wconf 81' lang='lat' dir='ltr'><strong>ingrati</strong></span> <span class='ocrx_word' id='word_1_77' title='bbox 865 912 915 964; x_wconf 92' lang='lat' dir='ltr'><strong>iu</strong></span> <span class='ocrx_word' id='word_1_78' title='bbox 946 913 1268 983; x_wconf 89' lang='lat' dir='ltr'><strong>magistrum</strong></span> <span class='ocrx_word' id='word_1_79' title='bbox 1300 928 1403 967; x_wconf 90' lang='lat' dir='ltr'><strong>nou</strong></span> <span class='ocrx_word' id='word_1_80' title='bbox 1434 923 1635 978; x_wconf 88' lang='lat' dir='ltr'><strong>essent,</strong></span> <span class='ocrx_word' id='word_1_81' title='bbox 1677 929 1882 984; x_wconf 91' lang='lat' dir='ltr'><strong>nequa-</strong></span> 
     </span>
    </p>
   </div>
   <div class='ocr_carea' id='block_1_10' title="bbox 306 1004 1884 1077">
    <p class='ocr_par' dir='ltr' id='par_1_10' title="bbox 306 1004 1884 1077">
     <span class='ocr_line' id='line_1_10' title="bbox 306 1004 1884 1077; baseline 0.003 -21"><span class='ocrx_word' id='word_1_82' title='bbox 306 1018 468 1073; x_wconf 85' lang='lat' dir='ltr'><strong>quam</strong></span> <span class='ocrx_word' id='word_1_83' title='bbox 492 1004 783 1057; x_wconf 86' lang='lat' dir='ltr'><strong>criminosa</strong></span> <span class='ocrx_word' id='word_1_84' title='bbox 810 1004 1140 1069; x_wconf 88' lang='lat' dir='ltr'><strong>viderentur,</strong></span> <span class='ocrx_word' id='word_1_85' title='bbox 1170 1004 1527 1075; x_wconf 84' lang='lat' dir='ltr'><strong>simpliciores</strong></span> <span class='ocrx_word' id='word_1_86' title='bbox 1554 1021 1794 1077; x_wconf 91' lang='lat' dir='ltr'><strong>quosque</strong></span> <span class='ocrx_word' id='word_1_87' title='bbox 1816 1006 1884 1062; x_wconf 88' lang='lat' dir='ltr'><strong>ab</strong></span> 
     </span>
    </p>
   </div>
   <div class='ocr_carea' id='block_1_11' title="bbox 306 1093 1020 1165">
    <p class='ocr_par' dir='ltr' id='par_1_11' title="bbox 306 1093 1020 1165">
     <span class='ocr_line' id='line_1_11' title="bbox 306 1093 1020 1165; baseline 0.006 -17"><span class='ocrx_word' id='word_1_88' title='bbox 306 1094 426 1165; x_wconf 84' lang='lat' dir='ltr'><strong>ejus</strong></span> <span class='ocrx_word' id='word_1_89' title='bbox 454 1093 691 1149; x_wconf 89' lang='lat' dir='ltr'><strong>lectione</strong></span> <span class='ocrx_word' id='word_1_90' title='bbox 725 1095 1020 1153; x_wconf 89' lang='lat' dir='ltr'><strong>deterrent.</strong></span> 
     </span>
    </p>
   </div>
   <div class='ocr_carea' id='block_1_12' title="bbox 380 1185 1882 1260">
    <p class='ocr_par' dir='ltr' id='par_1_12' title="bbox 380 1185 1882 1260">
     <span class='ocr_line' id='line_1_12' title="bbox 380 1185 1882 1260; baseline 0.002 -19"><span class='ocrx_word' id='word_1_91' title='bbox 380 1186 495 1257; x_wconf 75' lang='grc'>(54)</span> <span class='ocrx_word' id='word_1_92' title='bbox 524 1185 769 1257; x_wconf 88' lang='lat' dir='ltr'><strong>Denique</strong></span> <span class='ocrx_word' id='word_1_93' title='bbox 798 1188 1020 1257; x_wconf 90' lang='lat' dir='ltr'><strong>quidam</strong></span> <span class='ocrx_word' id='word_1_94' title='bbox 1046 1203 1113 1243; x_wconf 85' lang='lat' dir='ltr'><strong>ex</strong></span> <span class='ocrx_word' id='word_1_95' title='bbox 1144 1189 1297 1260; x_wconf 86' lang='lat' dir='ltr'><strong>ipsis,</strong></span> <span class='ocrx_word' id='word_1_96' title='bbox 1333 1193 1424 1260; x_wconf 92' lang='lat' dir='ltr'><strong>qui</strong></span> <span class='ocrx_word' id='word_1_97' title='bbox 1456 1207 1516 1247; x_wconf 91' lang='lat' dir='ltr'><strong>se</strong></span> <span class='ocrx_word' id='word_1_98' title='bbox 1545 1190 1690 1245; x_wconf 82' lang='lat' dir='ltr'><strong>velut</strong></span> <span class='ocrx_word' id='word_1_99' title='bbox 1715 1205 1882 1245; x_wconf 88' lang='lat' dir='ltr'><strong>evan-</strong></span> 
     </span>
    </p>
   </div>
   <div class='ocr_carea' id='block_1_13' title="bbox 306 1275 1883 1349">
    <p class='ocr_par' dir='ltr' id='par_1_13' title="bbox 306 1275 1883 1349">
     <span class='ocr_line' id='line_1_13' title="bbox 306 1275 1883 1349; baseline 0.003 -18"><span class='ocrx_word' id='word_1_100' title='bbox 306 1275 598 1346; x_wconf 87' lang='lat' dir='ltr'><strong>gelizandi,</strong></span> <span class='ocrx_word' id='word_1_101' title='bbox 628 1277 1006 1333; x_wconf 87' lang='lat' dir='ltr'><strong>necessitatem</strong></span> <span class='ocrx_word' id='word_1_102' title='bbox 1046 1276 1153 1348; x_wconf 85' lang='lat' dir='ltr'><strong>per</strong></span> <span class='ocrx_word' id='word_1_103' title='bbox 1206 1295 1395 1339; x_wconf 92' lang='lat' dir='ltr'><strong>omnes</strong></span> <span class='ocrx_word' id='word_1_104' title='bbox 1445 1291 1634 1348; x_wconf 78' lang='lat' dir='ltr'><strong>gentes</strong></span> <span class='ocrx_word' id='word_1_105' title='bbox 1684 1290 1739 1335; x_wconf 92' lang='lat' dir='ltr'><strong>et</strong></span> <span class='ocrx_word' id='word_1_106' title='bbox 1786 1295 1883 1349; x_wconf 90' lang='lat' dir='ltr'><strong>per</strong></span> 
     </span>
    </p>
   </div>
   <div class='ocr_carea' id='block_1_14' title="bbox 305 1367 1874 1445">
    <p class='ocr_par' dir='ltr' id='par_1_14' title="bbox 305 1367 1874 1445">
     <span class='ocr_line' id='line_1_14' title="bbox 305 1367 1874 1445; baseline 0.004 -23"><span class='ocrx_word' id='word_1_107' title='bbox 305 1381 494 1422; x_wconf 88' lang='lat' dir='ltr'><strong>omnes</strong></span> <span class='ocrx_word' id='word_1_108' title='bbox 531 1367 739 1437; x_wconf 81' lang='lat' dir='ltr'><strong>linguas</strong></span> <span class='ocrx_word' id='word_1_109' title='bbox 771 1367 971 1422; x_wconf 91' lang='lat' dir='ltr'><strong>habere</strong></span> <span class='ocrx_word' id='word_1_110' title='bbox 1032 1380 1185 1439; x_wconf 92' lang='lat' dir='ltr'><strong>putat</strong></span> <span class='ocrx_word' id='word_1_111' title='bbox 1218 1373 1285 1427; x_wconf 90' lang='lat' dir='ltr'><strong>de</strong></span> <span class='ocrx_word' id='word_1_112' title='bbox 1321 1372 1555 1443; x_wconf 82' lang='lat' dir='ltr'><strong>Origene</strong></span> <span class='ocrx_word' id='word_1_113' title='bbox 1586 1373 1727 1428; x_wconf 89' lang='lat' dir='ltr'><strong>male</strong></span> <span class='ocrx_word' id='word_1_114' title='bbox 1753 1373 1874 1445; x_wconf 79' lang='lat'><strong>(55)</strong></span> 
     </span>
    </p>
   </div>
   <div class='ocr_carea' id='block_1_15' title="bbox 306 1459 1883 1537">
    <p class='ocr_par' dir='ltr' id='par_1_15' title="bbox 306 1459 1883 1537">
     <span class='ocr_line' id='line_1_15' title="bbox 306 1459 1883 1537; baseline 0.005 -26"><span class='ocrx_word' id='word_1_115' title='bbox 306 1459 580 1529; x_wconf 90' lang='lat' dir='ltr'><strong>loquendi,</strong></span> <span class='ocrx_word' id='word_1_116' title='bbox 610 1476 702 1513; x_wconf 82' lang='lat' dir='ltr'><strong>sex</strong></span> <span class='ocrx_word' id='word_1_117' title='bbox 737 1460 904 1533; x_wconf 85' lang='lat' dir='ltr'><strong>millia</strong></span> <span class='ocrx_word' id='word_1_118' title='bbox 932 1460 1196 1517; x_wconf 90' lang='lat' dir='ltr'><strong>librorum</strong></span> <span class='ocrx_word' id='word_1_119' title='bbox 1230 1462 1344 1532; x_wconf 89' lang='lat' dir='ltr'><strong>ejus</strong></span> <span class='ocrx_word' id='word_1_120' title='bbox 1366 1479 1424 1521; x_wconf 90' lang='lat' dir='ltr'><strong>se</strong></span> <span class='ocrx_word' id='word_1_121' title='bbox 1449 1464 1665 1537; x_wconf 86' lang='lat' dir='ltr'><strong>legisse,</strong></span> <span class='ocrx_word' id='word_1_122' title='bbox 1696 1480 1883 1536; x_wconf 85' lang='lat' dir='ltr'><strong>quam-</strong></span> 
     </span>
    </p>
   </div>
   <div class='ocr_carea' id='block_1_16' title="bbox 304 1551 1879 1621">
    <p class='ocr_par' dir='ltr' id='par_1_16' title="bbox 304 1551 1879 1621">
     <span class='ocr_line' id='line_1_16' title="bbox 304 1551 1879 1621; baseline 0.004 -15"><span class='ocrx_word' id='word_1_123' title='bbox 304 1551 535 1621; x_wconf 89' lang='lat' dir='ltr'><strong>plurima</strong></span> <span class='ocrx_word' id='word_1_124' title='bbox 587 1552 816 1606; x_wconf 81' lang='lat' dir='ltr'><strong>fratrum</strong></span> <span class='ocrx_word' id='word_1_125' title='bbox 871 1552 1222 1609; x_wconf 85' lang='lat' dir='ltr'><strong>multitudine</strong></span> <span class='ocrx_word' id='word_1_126' title='bbox 1269 1556 1543 1621; x_wconf 90' lang='lat' dir='ltr'><strong>audiente,</strong></span> <span class='ocrx_word' id='word_1_127' title='bbox 1594 1557 1879 1612; x_wconf 87' lang='lat' dir='ltr'><strong>confessus</strong></span> 
     </span>
    </p>
   </div>
   <div class='ocr_carea' id='block_1_17' title="bbox 1990 361 2158 415">
    <p class='ocr_par' dir='ltr' id='par_1_17' title="bbox 1990 361 2158 415">
     <span class='ocr_line' id='line_1_17' title="bbox 1990 361 2158 415; baseline -0.006 -1"><span class='ocrx_word' id='word_1_128' title='bbox 1990 361 2158 415; x_wconf 88' lang='lat' dir='ltr'><strong>runt?</strong></span> 
     </span>
    </p>
   </div>
   <div class='ocr_carea' id='block_1_18' title="bbox 2064 452 3573 526">
    <p class='ocr_par' dir='ltr' id='par_1_18' title="bbox 2064 452 3573 526">
     <span class='ocr_line' id='line_1_18' title="bbox 2064 452 3573 526; baseline 0.003 -18"><span class='ocrx_word' id='word_1_129' title='bbox 2064 453 2177 526; x_wconf 85' lang='lat'><strong>(56)</strong></span> <span class='ocrx_word' id='word_1_130' title='bbox 2207 452 2490 509; x_wconf 79' lang='lat' dir='ltr'><strong>Sufﬁciam</strong></span> <span class='ocrx_word' id='word_1_131' title='bbox 2519 452 2634 510; x_wconf 62' lang='lat' dir='ltr'><strong>haec</strong></span> <span class='ocrx_word' id='word_1_132' title='bbox 2676 454 2744 509; x_wconf 89' lang='lat' dir='ltr'><strong>ad</strong></span> <span class='ocrx_word' id='word_1_133' title='bbox 2786 453 3183 509; x_wconf 88' lang='lat' dir='ltr'><strong>ostendendum</strong></span> <span class='ocrx_word' id='word_1_134' title='bbox 3230 454 3466 525; x_wconf 88' lang='lat' dir='ltr'><strong>qualiter</strong></span> <span class='ocrx_word' id='word_1_135' title='bbox 3497 458 3573 513; x_wconf 86' lang='lat' dir='ltr'><strong>de</strong></span> 
     </span>
    </p>
   </div>
   <div class='ocr_carea' id='block_1_19' title="bbox 1991 544 3572 617">
    <p class='ocr_par' dir='ltr' id='par_1_19' title="bbox 1991 544 3572 617">
     <span class='ocr_line' id='line_1_19' title="bbox 1991 544 3572 617; baseline 0.002 -15"><span class='ocrx_word' id='word_1_136' title='bbox 1991 544 2246 615; x_wconf 85' lang='lat' dir='ltr'><strong>Origenis</strong></span> <span class='ocrx_word' id='word_1_137' title='bbox 2271 546 2427 604; x_wconf 86' lang='lat' dir='ltr'><strong>libris</strong></span> <span class='ocrx_word' id='word_1_138' title='bbox 2449 546 2789 602; x_wconf 89' lang='lat' dir='ltr'><strong>sentiendum</strong></span> <span class='ocrx_word' id='word_1_139' title='bbox 2825 545 2917 602; x_wconf 90' lang='lat' dir='ltr'><strong>sit.</strong></span> <span class='ocrx_word' id='word_1_140' title='bbox 2952 544 3018 600; x_wconf 85' lang='lat' dir='ltr'><strong>Et</strong></span> <span class='ocrx_word' id='word_1_141' title='bbox 3042 555 3174 616; x_wconf 88' lang='lat' dir='ltr'><strong>puto</strong></span> <span class='ocrx_word' id='word_1_142' title='bbox 3197 548 3348 617; x_wconf 91' lang='lat' dir='ltr'><strong>quod</strong></span> <span class='ocrx_word' id='word_1_143' title='bbox 3385 548 3572 605; x_wconf 89' lang='lat' dir='ltr'><strong>omnis</strong></span> 
     </span>
    </p>
   </div>
   <div class='ocr_carea' id='block_1_20' title="bbox 1990 637 3570 712">
    <p class='ocr_par' dir='ltr' id='par_1_20' title="bbox 1990 637 3570 712">
     <span class='ocr_line' id='line_1_20' title="bbox 1990 637 3570 712; baseline 0.003 -19"><span class='ocrx_word' id='word_1_144' title='bbox 1990 640 2079 709; x_wconf 92' lang='lat' dir='ltr'><strong>qui</strong></span> <span class='ocrx_word' id='word_1_145' title='bbox 2116 655 2223 695; x_wconf 92' lang='lat' dir='ltr'><strong>non</strong></span> <span class='ocrx_word' id='word_1_146' title='bbox 2251 638 2639 705; x_wconf 88' lang='lat' dir='ltr'><strong>contentionis,</strong></span> <span class='ocrx_word' id='word_1_147' title='bbox 2692 638 2787 694; x_wconf 86' lang='lat' dir='ltr'><strong>sed</strong></span> <span class='ocrx_word' id='word_1_148' title='bbox 2828 637 3078 694; x_wconf 87' lang='lat' dir='ltr'><strong>veritatis</strong></span> <span class='ocrx_word' id='word_1_149' title='bbox 3117 640 3355 695; x_wconf 91' lang='lat' dir='ltr'><strong>studium</strong></span> <span class='ocrx_word' id='word_1_150' title='bbox 3401 643 3570 712; x_wconf 81' lang='lat' dir='ltr'><strong>gerit,</strong></span> 
     </span>
    </p>
   </div>
   <div class='ocr_carea' id='block_1_21' title="bbox 1990 730 3569 803">
    <p class='ocr_par' dir='ltr' id='par_1_21' title="bbox 1990 730 3569 803">
     <span class='ocr_line' id='line_1_21' title="bbox 1990 730 3569 803; baseline 0.003 -17"><span class='ocrx_word' id='word_1_151' title='bbox 1990 732 2151 788; x_wconf 82' lang='lat' dir='ltr'><strong>facile</strong></span> <span class='ocrx_word' id='word_1_152' title='bbox 2178 732 2264 788; x_wconf 92' lang='lat' dir='ltr'><strong>his</strong></span> <span class='ocrx_word' id='word_1_153' title='bbox 2296 741 2406 786; x_wconf 90' lang='lat' dir='ltr'><strong>tam</strong></span> <span class='ocrx_word' id='word_1_154' title='bbox 2438 730 2775 787; x_wconf 89' lang='lat' dir='ltr'><strong>evidentibus</strong></span> <span class='ocrx_word' id='word_1_155' title='bbox 2802 731 3197 787; x_wconf 90' lang='lat' dir='ltr'><strong>assertionibus</strong></span> <span class='ocrx_word' id='word_1_156' title='bbox 3231 734 3569 803; x_wconf 77' lang='lat' dir='ltr'><strong>acquie‘scat.</strong></span> 
     </span>
    </p>
   </div>
   <div class='ocr_carea' id='block_1_22' title="bbox 1988 822 3570 893">
    <p class='ocr_par' dir='ltr' id='par_1_22' title="bbox 1988 822 3570 893">
     <span class='ocr_line' id='line_1_22' title="bbox 1988 822 3570 893; baseline 0.003 -16"><span class='ocrx_word' id='word_1_157' title='bbox 1988 823 2141 889; x_wconf 86' lang='lat' dir='ltr'><strong>Quod</strong></span> <span class='ocrx_word' id='word_1_158' title='bbox 2176 823 2218 878; x_wconf 90' lang='lat' dir='ltr'><strong>si</strong></span> <span class='ocrx_word' id='word_1_159' title='bbox 2260 825 2381 893; x_wconf 84' lang='lat' dir='ltr'><strong>quis</strong></span> <span class='ocrx_word' id='word_1_160' title='bbox 2408 822 2461 877; x_wconf 93' lang='lat' dir='ltr'><strong>in</strong></span> <span class='ocrx_word' id='word_1_161' title='bbox 2491 823 2839 878; x_wconf 92' lang='lat' dir='ltr'><strong>contentione</strong></span> <span class='ocrx_word' id='word_1_162' title='bbox 2883 836 2979 876; x_wconf 87' lang='lat' dir='ltr'><strong>sua</strong></span> <span class='ocrx_word' id='word_1_163' title='bbox 3024 832 3324 891; x_wconf 89' lang='lat' dir='ltr'><strong>permanet,</strong></span> <span class='ocrx_word' id='word_1_164' title='bbox 3353 840 3453 881; x_wconf 91' lang='lat' dir='ltr'><strong>nos</strong></span> <span class='ocrx_word' id='word_1_165' title='bbox 3484 835 3570 880; x_wconf 84' lang='lat' dir='ltr'><strong>ta-</strong></span> 
     </span>
    </p>
   </div>
   <div class='ocr_carea' id='block_1_23' title="bbox 1988 915 3567 972">
    <p class='ocr_par' dir='ltr' id='par_1_23' title="bbox 1988 915 3567 972">
     <span class='ocr_line' id='line_1_23' title="bbox 1988 915 3567 972; baseline 0.002 -3"><span class='ocrx_word' id='word_1_166' title='bbox 1988 918 2091 970; x_wconf 87' lang='lat' dir='ltr'><strong>lem</strong></span> <span class='ocrx_word' id='word_1_167' title='bbox 2130 915 2590 972; x_wconf 87' lang='lat' dir='ltr'><strong>consuetudinem</strong></span> <span class='ocrx_word' id='word_1_168' title='bbox 2619 929 2725 971; x_wconf 90' lang='lat' dir='ltr'><strong>non</strong></span> <span class='ocrx_word' id='word_1_169' title='bbox 2758 915 3043 971; x_wconf 91' lang='lat' dir='ltr'><strong>habemus.</strong></span> <span class='ocrx_word' id='word_1_170' title='bbox 3083 915 3371 970; x_wconf 85' lang='lat' dir='ltr'><strong>Deﬁnitum</strong></span> <span class='ocrx_word' id='word_1_171' title='bbox 3417 918 3567 972; x_wconf 92' lang='lat' dir='ltr'><strong>enim</strong></span> 
     </span>
    </p>
   </div>
   <div class='ocr_carea' id='block_1_24' title="bbox 1986 1004 3569 1077">
    <p class='ocr_par' dir='ltr' id='par_1_24' title="bbox 1986 1004 3569 1077">
     <span class='ocr_line' id='line_1_24' title="bbox 1986 1004 3569 1077; baseline 0.001 -16"><span class='ocrx_word' id='word_1_172' title='bbox 1986 1016 2072 1062; x_wconf 88' lang='lat' dir='ltr'><strong>est</strong></span> <span class='ocrx_word' id='word_1_173' title='bbox 2118 1007 2258 1077; x_wconf 89' lang='lat' dir='ltr'><strong>apud</strong></span> <span class='ocrx_word' id='word_1_174' title='bbox 2305 1021 2423 1071; x_wconf 90' lang='lat' dir='ltr'><strong>nos,</strong></span> <span class='ocrx_word' id='word_1_175' title='bbox 2473 1004 2745 1077; x_wconf 87' lang='lat' dir='ltr'><strong>siquando</strong></span> <span class='ocrx_word' id='word_1_176' title='bbox 2786 1020 2911 1060; x_wconf 88' lang='lat' dir='ltr'><strong>eum</strong></span> <span class='ocrx_word' id='word_1_177' title='bbox 2968 1006 3217 1076; x_wconf 81' lang='lat' dir='ltr'><strong>legimus,</strong></span> <span class='ocrx_word' id='word_1_178' title='bbox 3269 1008 3569 1063; x_wconf 86' lang='lat' dir='ltr'><strong>secundum</strong></span> 
     </span>
    </p>
   </div>
   <div class='ocr_carea' id='block_1_25' title="bbox 1987 1099 3568 1171">
    <p class='ocr_par' dir='ltr' id='par_1_25' title="bbox 1987 1099 3568 1171">
     <span class='ocr_line' id='line_1_25' title="bbox 1987 1099 3568 1171; baseline 0 -14"><span class='ocrx_word' id='word_1_179' title='bbox 1987 1101 2161 1157; x_wconf 90' lang='lat' dir='ltr'><strong>sancti</strong></span> <span class='ocrx_word' id='word_1_180' title='bbox 2194 1100 2441 1171; x_wconf 83' lang='lat' dir='ltr'><strong>Apostoli</strong></span> <span class='ocrx_word' id='word_1_181' title='bbox 2482 1099 2960 1156; x_wconf 89' lang='lat' dir='ltr'><strong>commonitionem</strong></span> <span class='ocrx_word' id='word_1_182' title='bbox 3021 1109 3209 1155; x_wconf 89' lang='lat' dir='ltr'><strong>tenere</strong></span> <span class='ocrx_word' id='word_1_183' title='bbox 3258 1116 3380 1170; x_wconf 74' lang='lat' dir='ltr'><strong>quae</strong></span> <span class='ocrx_word' id='word_1_184' title='bbox 3423 1100 3568 1157; x_wconf 87' lang='lat' dir='ltr'><strong>bona</strong></span> 
     </span>
    </p>
   </div>
   <div class='ocr_carea' id='block_1_26' title="bbox 1987 1192 3569 1267">
    <p class='ocr_par' dir='ltr' id='par_1_26' title="bbox 1987 1192 3569 1267">
     <span class='ocr_line' id='line_1_26' title="bbox 1987 1192 3569 1267; baseline 0.001 -19"><span class='ocrx_word' id='word_1_185' title='bbox 1987 1192 2202 1248; x_wconf 71' lang='lat' dir='ltr'><strong>sunt“.</strong></span> <span class='ocrx_word' id='word_1_186' title='bbox 2238 1192 2295 1247; x_wconf 89' lang='lat' dir='ltr'><strong>Si</strong></span> <span class='ocrx_word' id='word_1_187' title='bbox 2325 1192 2451 1263; x_wconf 88' lang='lat' dir='ltr'><strong>quid</strong></span> <span class='ocrx_word' id='word_1_188' title='bbox 2487 1201 2668 1246; x_wconf 90' lang='lat' dir='ltr'><strong>autem</strong></span> <span class='ocrx_word' id='word_1_189' title='bbox 2706 1193 2983 1247; x_wconf 88' lang='lat' dir='ltr'><strong>inventum</strong></span> <span class='ocrx_word' id='word_1_190' title='bbox 3023 1192 3190 1246; x_wconf 86' lang='lat' dir='ltr'><strong>fuerit</strong></span> <span class='ocrx_word' id='word_1_191' title='bbox 3231 1194 3283 1247; x_wconf 90' lang='lat' dir='ltr'><strong>in</strong></span> <span class='ocrx_word' id='word_1_192' title='bbox 3316 1193 3400 1249; x_wconf 90' lang='lat' dir='ltr'><strong>his</strong></span> <span class='ocrx_word' id='word_1_193' title='bbox 3422 1194 3569 1267; x_wconf 67' lang='lat' dir='ltr'><strong>qpod</strong></span> 
     </span>
    </p>
   </div>
   <div class='ocr_carea' id='block_1_27' title="bbox 1988 1283 3568 1349">
    <p class='ocr_par' dir='ltr' id='par_1_27' title="bbox 1988 1283 3568 1349">
     <span class='ocr_line' id='line_1_27' title="bbox 1988 1283 3568 1349; baseline 0.001 -12"><span class='ocrx_word' id='word_1_194' title='bbox 1988 1300 2110 1338; x_wconf 90' lang='lat' dir='ltr'><strong>cum</strong></span> <span class='ocrx_word' id='word_1_195' title='bbox 2147 1284 2251 1337; x_wconf 82' lang='lat' dir='ltr'><strong>fide</strong></span> <span class='ocrx_word' id='word_1_196' title='bbox 2279 1284 2549 1338; x_wconf 87' lang='lat' dir='ltr'><strong>catholica</strong></span> <span class='ocrx_word' id='word_1_197' title='bbox 2583 1298 2688 1337; x_wconf 91' lang='lat' dir='ltr'><strong>non</strong></span> <span class='ocrx_word' id='word_1_198' title='bbox 2713 1292 2995 1349; x_wconf 88' lang='lat' dir='ltr'><strong>consonat,</strong></span> <span class='ocrx_word' id='word_1_199' title='bbox 3038 1284 3141 1338; x_wconf 92' lang='lat' dir='ltr'><strong>hoc</strong></span> <span class='ocrx_word' id='word_1_200' title='bbox 3183 1293 3239 1339; x_wconf 91' lang='lat' dir='ltr'><strong>et</strong></span> <span class='ocrx_word' id='word_1_201' title='bbox 3283 1283 3350 1338; x_wconf 88' lang='lat' dir='ltr'><strong>ab</strong></span> <span class='ocrx_word' id='word_1_202' title='bbox 3392 1284 3568 1349; x_wconf 74' lang='lat' dir='ltr'><strong>luere-</strong></span> 
     </span>
    </p>
   </div>
   <div class='ocr_carea' id='block_1_28' title="bbox 1990 1374 3566 1445">
    <p class='ocr_par' dir='ltr' id='par_1_28' title="bbox 1990 1374 3566 1445">
     <span class='ocr_line' id='line_1_28' title="bbox 1990 1374 3566 1445; baseline 0.001 -17"><span class='ocrx_word' id='word_1_203' title='bbox 1990 1375 2113 1429; x_wconf 89' lang='lat' dir='ltr'><strong>ticis</strong></span> <span class='ocrx_word' id='word_1_204' title='bbox 2139 1374 2481 1445; x_wconf 79' lang='lat' dir='ltr'><strong>suspicamur</strong></span> <span class='ocrx_word' id='word_1_205' title='bbox 2516 1376 2805 1441; x_wconf 87' lang='lat' dir='ltr'><strong>insertum,</strong></span> <span class='ocrx_word' id='word_1_206' title='bbox 2831 1384 2886 1429; x_wconf 91' lang='lat' dir='ltr'><strong>et</strong></span> <span class='ocrx_word' id='word_1_207' title='bbox 2922 1386 3029 1429; x_wconf 91' lang='lat' dir='ltr'><strong>tam</strong></span> <span class='ocrx_word' id='word_1_208' title='bbox 3084 1376 3153 1431; x_wconf 85' lang='lat' dir='ltr'><strong>ab</strong></span> <span class='ocrx_word' id='word_1_209' title='bbox 3192 1376 3339 1432; x_wconf 90' lang='lat' dir='ltr'><strong>illius</strong></span> <span class='ocrx_word' id='word_1_210' title='bbox 3375 1390 3566 1441; x_wconf 85' lang='lat' dir='ltr'><strong>sensu,</strong></span> 
     </span>
    </p>
   </div>
   <div class='ocr_carea' id='block_1_29' title="bbox 1984 1466 3568 1539">
    <p class='ocr_par' dir='ltr' id='par_1_29' title="bbox 1984 1466 3568 1539">
     <span class='ocr_line' id='line_1_29' title="bbox 1984 1466 3568 1539; baseline 0.002 -19"><span class='ocrx_word' id='word_1_211' title='bbox 1984 1482 2146 1536; x_wconf 90' lang='lat' dir='ltr'><strong>quam</strong></span> <span class='ocrx_word' id='word_1_212' title='bbox 2183 1482 2212 1522; x_wconf 92' lang='lat' dir='ltr'><strong>a</strong></span> <span class='ocrx_word' id='word_1_213' title='bbox 2248 1476 2431 1524; x_wconf 90' lang='lat' dir='ltr'><strong>nostra</strong></span> <span class='ocrx_word' id='word_1_214' title='bbox 2455 1466 2558 1522; x_wconf 85' lang='lat' dir='ltr'><strong>fide</strong></span> <span class='ocrx_word' id='word_1_215' title='bbox 2595 1467 2841 1523; x_wconf 80' lang='lat' dir='ltr'><strong>ducimus</strong></span> <span class='ocrx_word' id='word_1_216' title='bbox 2882 1466 3145 1522; x_wconf 91' lang='lat' dir='ltr'><strong>alienum.</strong></span> <span class='ocrx_word' id='word_1_217' title='bbox 3176 1466 3233 1521; x_wconf 87' lang='lat' dir='ltr'><strong>in</strong></span> <span class='ocrx_word' id='word_1_218' title='bbox 3264 1483 3373 1539; x_wconf 88' lang='lat' dir='ltr'><strong>quo</strong></span> <span class='ocrx_word' id='word_1_219' title='bbox 3398 1469 3568 1523; x_wconf 90' lang='lat' dir='ltr'><strong>etiam</strong></span> 
     </span>
    </p>
   </div>
   <div class='ocr_carea' id='block_1_30' title="bbox 1984 1555 3568 1629">
    <p class='ocr_par' dir='ltr' id='par_1_30' title="bbox 1984 1555 3568 1629">
     <span class='ocr_line' id='line_1_30' title="bbox 1984 1555 3568 1629; baseline 0.003 -18"><span class='ocrx_word' id='word_1_220' title='bbox 1984 1558 2027 1611; x_wconf 92' lang='lat' dir='ltr'><strong>si</strong></span> <span class='ocrx_word' id='word_1_221' title='bbox 2051 1555 2307 1622; x_wconf 85' lang='lat' dir='ltr'><strong>fallimur,</strong></span> <span class='ocrx_word' id='word_1_222' title='bbox 2339 1557 2512 1623; x_wconf 92' lang='lat' dir='ltr'><strong>nihil,</strong></span> <span class='ocrx_word' id='word_1_223' title='bbox 2541 1567 2601 1612; x_wconf 89' lang='lat' dir='ltr'><strong>ut</strong></span> <span class='ocrx_word' id='word_1_224' title='bbox 2633 1558 2847 1628; x_wconf 89' lang='lat' dir='ltr'><strong>opinor,</strong></span> <span class='ocrx_word' id='word_1_225' title='bbox 2894 1558 3117 1628; x_wconf 88' lang='lat' dir='ltr'><strong>periculi</strong></span> <span class='ocrx_word' id='word_1_226' title='bbox 3162 1558 3276 1627; x_wconf 74' lang='grc' dir='ltr'>(ὕῖ)</span> <span class='ocrx_word' id='word_1_227' title='bbox 3318 1559 3568 1629; x_wconf 84' lang='lat' dir='ltr'><strong>hujusce-</strong></span> 
     </span>
    </p>
   </div>
   <div class='ocr_carea' id='block_1_31' title="bbox 306 1633 3568 1716">
    <p class='ocr_par' dir='ltr' id='par_1_31' title="bbox 306 1633 3568 1716">
     <span class='ocr_line' id='line_1_31' title="bbox 306 1633 3568 1716; baseline 0.001 -19"><span class='ocrx_word' id='word_1_228' title='bbox 306 1650 408 1698; x_wconf 84' lang='lat' dir='ltr'><strong>est.</strong></span> <span class='ocrx_word' id='word_1_229' title='bbox 444 1642 546 1710; x_wconf 87' lang='lat' dir='ltr'><strong>Qui</strong></span> <span class='ocrx_word' id='word_1_230' title='bbox 580 1642 625 1697; x_wconf 92' lang='lat' dir='ltr'><strong>si</strong></span> <span class='ocrx_word' id='word_1_231' title='bbox 656 1642 862 1712; x_wconf 90' lang='lat' dir='ltr'><strong>utique,</strong></span> <span class='ocrx_word' id='word_1_232' title='bbox 893 1652 953 1698; x_wconf 90' lang='lat' dir='ltr'><strong>ut</strong></span> <span class='ocrx_word' id='word_1_233' title='bbox 1004 1643 1117 1714; x_wconf 88' lang='lat' dir='ltr'><strong>ipse</strong></span> <span class='ocrx_word' id='word_1_234' title='bbox 1162 1643 1343 1699; x_wconf 90' lang='lat' dir='ltr'><strong>dicere</strong></span> <span class='ocrx_word' id='word_1_235' title='bbox 1370 1647 1526 1711; x_wconf 86' lang='lat' dir='ltr'><strong>solet,</strong></span> <span class='ocrx_word' id='word_1_236' title='bbox 1557 1660 1655 1715; x_wconf 92' lang='lat' dir='ltr'><strong>pro</strong></span> <span class='ocrx_word' id='word_1_237' title='bbox 1676 1660 1880 1716; x_wconf 85' lang='lat' dir='ltr'><strong>cogno-</strong></span> <span class='ocrx_word' id='word_1_238' title='bbox 1919 1633 1958 1688; x_wconf 84' lang='grc' dir='ltr'>Β</span> <span class='ocrx_word' id='word_1_239' title='bbox 1990 1646 2133 1700; x_wconf 91' lang='lat' dir='ltr'><strong>modi</strong></span> <span class='ocrx_word' id='word_1_240' title='bbox 2162 1660 2348 1701; x_wconf 92' lang='lat' dir='ltr'><strong>errore</strong></span> <span class='ocrx_word' id='word_1_241' title='bbox 2374 1645 2727 1700; x_wconf 90' lang='lat' dir='ltr'><strong>incurrimus.</strong></span> <span class='ocrx_word' id='word_1_242' title='bbox 2767 1645 2900 1700; x_wconf 89' lang='lat' dir='ltr'><strong>Nam</strong></span> <span class='ocrx_word' id='word_1_243' title='bbox 2926 1655 2979 1700; x_wconf 91' lang='lat' dir='ltr'><strong>et</strong></span> <span class='ocrx_word' id='word_1_244' title='bbox 3006 1646 3132 1715; x_wconf 88' lang='lat' dir='ltr'><strong>ipsi,</strong></span> <span class='ocrx_word' id='word_1_245' title='bbox 3170 1647 3280 1700; x_wconf 89' lang='lat' dir='ltr'><strong>Deo</strong></span> <span class='ocrx_word' id='word_1_246' title='bbox 3314 1644 3568 1714; x_wconf 87' lang='lat' dir='ltr'><strong>juvante,</strong></span> 
     </span>
    </p>
   </div>
   <div class='ocr_carea' id='block_1_32' title="bbox 306 1734 1886 1808">
    <p class='ocr_par' dir='ltr' id='par_1_32' title="bbox 306 1734 1886 1808">
     <span class='ocr_line' id='line_1_32' title="bbox 306 1734 1886 1808; baseline 0 -17"><span class='ocrx_word' id='word_1_247' title='bbox 306 1734 523 1791; x_wconf 89' lang='lat' dir='ltr'><strong>scendis</strong></span> <span class='ocrx_word' id='word_1_248' title='bbox 560 1735 717 1789; x_wconf 89' lang='lat' dir='ltr'><strong>malis</strong></span> <span class='ocrx_word' id='word_1_249' title='bbox 747 1734 865 1804; x_wconf 91' lang='lat' dir='ltr'><strong>ejus</strong></span> <span class='ocrx_word' id='word_1_250' title='bbox 902 1734 1133 1805; x_wconf 79' lang='lat' dir='ltr'><strong>legebat,</strong></span> <span class='ocrx_word' id='word_1_251' title='bbox 1156 1736 1407 1792; x_wconf 71' lang='lat' dir='ltr'><strong>subicere</strong></span> <span class='ocrx_word' id='word_1_252' title='bbox 1439 1745 1685 1808; x_wconf 77' lang='lat' dir='ltr'><strong>poterant</strong></span> <span class='ocrx_word' id='word_1_253' title='bbox 1709 1737 1758 1790; x_wconf 91' lang='lat' dir='ltr'><strong>ei</strong></span> <span class='ocrx_word' id='word_1_254' title='bbox 1789 1738 1886 1791; x_wconf 81' lang='lat' dir='ltr'><strong>de-</strong></span> 
     </span>
    </p>
   </div>
   <div class='ocr_carea' id='block_1_33' title="bbox 304 1827 1885 1899">
    <p class='ocr_par' dir='ltr' id='par_1_33' title="bbox 304 1827 1885 1899">
     <span class='ocr_line' id='line_1_33' title="bbox 304 1827 1885 1899; baseline 0.001 -17"><span class='ocrx_word' id='word_1_255' title='bbox 304 1842 421 1883; x_wconf 91' lang='lat' dir='ltr'><strong>cem</strong></span> <span class='ocrx_word' id='word_1_256' title='bbox 446 1827 566 1881; x_wconf 89' lang='lat' dir='ltr'><strong>libri</strong></span> <span class='ocrx_word' id='word_1_257' title='bbox 601 1828 666 1882; x_wconf 86' lang='lat' dir='ltr'><strong>ad</strong></span> <span class='ocrx_word' id='word_1_258' title='bbox 701 1829 1164 1899; x_wconf 88' lang='lat' dir='ltr'><strong>cognoscendum,</strong></span> <span class='ocrx_word' id='word_1_259' title='bbox 1216 1839 1312 1884; x_wconf 92' lang='lat' dir='ltr'><strong>aut</strong></span> <span class='ocrx_word' id='word_1_260' title='bbox 1359 1830 1551 1899; x_wconf 78' lang='lat' dir='ltr'><strong>viginti</strong></span> <span class='ocrx_word' id='word_1_261' title='bbox 1583 1840 1756 1898; x_wconf 88' lang='lat' dir='ltr'><strong>certe,</strong></span> <span class='ocrx_word' id='word_1_262' title='bbox 1800 1830 1885 1885; x_wconf 92' lang='lat' dir='ltr'><strong>vel</strong></span> 
     </span>
    </p>
   </div>
   <div class='ocr_carea' id='block_1_34' title="bbox 304 1920 1882 1990">
    <p class='ocr_par' dir='ltr' id='par_1_34' title="bbox 304 1920 1882 1990">
     <span class='ocr_line' id='line_1_34' title="bbox 304 1920 1882 1990; baseline 0.003 -17"><span class='ocrx_word' id='word_1_263' title='bbox 304 1929 363 1973; x_wconf 88' lang='lat' dir='ltr'><strong>ut</strong></span> <span class='ocrx_word' id='word_1_264' title='bbox 396 1920 686 1990; x_wconf 91' lang='lat' dir='ltr'><strong>plurimum</strong></span> <span class='ocrx_word' id='word_1_265' title='bbox 743 1922 982 1990; x_wconf 81' lang='lat' dir='ltr'><strong>triginta.</strong></span> <span class='ocrx_word' id='word_1_266' title='bbox 1027 1922 1134 1977; x_wconf 85' lang='lat' dir='ltr'><strong>Sex</strong></span> <span class='ocrx_word' id='word_1_267' title='bbox 1187 1922 1351 1977; x_wconf 88' lang='lat' dir='ltr'><strong>millia</strong></span> <span class='ocrx_word' id='word_1_268' title='bbox 1386 1934 1571 1977; x_wconf 90' lang='lat' dir='ltr'><strong>autem</strong></span> <span class='ocrx_word' id='word_1_269' title='bbox 1603 1923 1769 1978; x_wconf 90' lang='lat' dir='ltr'><strong>libros</strong></span> <span class='ocrx_word' id='word_1_270' title='bbox 1803 1923 1882 1978; x_wconf 87' lang='lat' dir='ltr'><strong>le-</strong></span> 
     </span>
    </p>
   </div>
   <div class='ocr_carea' id='block_1_35' title="bbox 304 2011 1884 2083">
    <p class='ocr_par' dir='ltr' id='par_1_35' title="bbox 304 2011 1884 2083">
     <span class='ocr_line' id='line_1_35' title="bbox 304 2011 1884 2083; baseline 0.003 -19"><span class='ocrx_word' id='word_1_271' title='bbox 304 2024 450 2079; x_wconf 88' lang='lat' dir='ltr'><strong>gere,</strong></span> <span class='ocrx_word' id='word_1_272' title='bbox 483 2011 593 2081; x_wconf 86' lang='lat' dir='ltr'><strong>jam</strong></span> <span class='ocrx_word' id='word_1_273' title='bbox 627 2024 733 2066; x_wconf 87' lang='lat' dir='ltr'><strong>non</strong></span> <span class='ocrx_word' id='word_1_274' title='bbox 768 2012 903 2066; x_wconf 83' lang='lat' dir='ltr'><strong>velle</strong></span> <span class='ocrx_word' id='word_1_275' title='bbox 930 2026 1264 2083; x_wconf 71' lang='lat' dir='ltr'><strong>c0gnoscere</strong></span> <span class='ocrx_word' id='word_1_276' title='bbox 1291 2022 1396 2078; x_wconf 88' lang='lat' dir='ltr'><strong>est,</strong></span> <span class='ocrx_word' id='word_1_277' title='bbox 1423 2015 1517 2068; x_wconf 84' lang='lat' dir='ltr'><strong>sed</strong></span> <span class='ocrx_word' id='word_1_278' title='bbox 1554 2020 1721 2067; x_wconf 88' lang='lat' dir='ltr'><strong>totam</strong></span> <span class='ocrx_word' id='word_1_279' title='bbox 1748 2027 1884 2081; x_wconf 91' lang='lat' dir='ltr'><strong>pene</strong></span> 
     </span>
    </p>
   </div>
   <div class='ocr_carea' id='block_1_36' title="bbox 304 2103 1879 2175">
    <p class='ocr_par' dir='ltr' id='par_1_36' title="bbox 304 2103 1879 2175">
     <span class='ocr_line' id='line_1_36' title="bbox 304 2103 1879 2175; baseline 0.003 -21"><span class='ocrx_word' id='word_1_280' title='bbox 304 2103 469 2159; x_wconf 89' lang='lat' dir='ltr'><strong>vitam</strong></span> <span class='ocrx_word' id='word_1_281' title='bbox 536 2119 687 2159; x_wconf 90' lang='lat' dir='ltr'><strong>suam</strong></span> <span class='ocrx_word' id='word_1_282' title='bbox 738 2103 1037 2175; x_wconf 89' lang='lat' dir='ltr'><strong>disciplinis</strong></span> <span class='ocrx_word' id='word_1_283' title='bbox 1100 2104 1219 2175; x_wconf 87' lang='lat' dir='ltr'><strong>ejus</strong></span> <span class='ocrx_word' id='word_1_284' title='bbox 1294 2113 1347 2159; x_wconf 88' lang='lat' dir='ltr'><strong>et</strong></span> <span class='ocrx_word' id='word_1_285' title='bbox 1417 2104 1610 2159; x_wconf 91' lang='lat' dir='ltr'><strong>studiis</strong></span> <span class='ocrx_word' id='word_1_286' title='bbox 1664 2104 1879 2159; x_wconf 87' lang='lat' dir='ltr'><strong>dedere.</strong></span> 
     </span>
    </p>
   </div>
   <div class='ocr_carea' id='block_1_37' title="bbox 304 2193 1880 2265">
    <p class='ocr_par' dir='ltr' id='par_1_37' title="bbox 304 2193 1880 2265">
     <span class='ocr_line' id='line_1_37' title="bbox 304 2193 1880 2265; baseline 0.001 -17"><span class='ocrx_word' id='word_1_287' title='bbox 304 2193 583 2262; x_wconf 83' lang='lat' dir='ltr'><strong>Quomodo</strong></span> <span class='ocrx_word' id='word_1_288' title='bbox 636 2210 766 2265; x_wconf 87' lang='lat' dir='ltr'><strong>ergo</strong></span> <span class='ocrx_word' id='word_1_289' title='bbox 824 2196 1017 2251; x_wconf 91' lang='lat' dir='ltr'><strong>merito</strong></span> <span class='ocrx_word' id='word_1_290' title='bbox 1062 2198 1166 2252; x_wconf 92' lang='lat' dir='ltr'><strong>iste</strong></span> <span class='ocrx_word' id='word_1_291' title='bbox 1213 2196 1515 2252; x_wconf 87' lang='lat' dir='ltr'><strong>audiendus</strong></span> <span class='ocrx_word' id='word_1_292' title='bbox 1575 2206 1698 2261; x_wconf 86' lang='lat' dir='ltr'><strong>est,</strong></span> <span class='ocrx_word' id='word_1_293' title='bbox 1756 2211 1880 2250; x_wconf 90' lang='lat' dir='ltr'><strong>cum</strong></span> 
     </span>
    </p>
   </div>
   <div class='ocr_carea' id='block_1_38' title="bbox 303 2286 1877 2359">
    <p class='ocr_par' dir='ltr' id='par_1_38' title="bbox 303 2286 1877 2359">
     <span class='ocr_line' id='line_1_38' title="bbox 303 2286 1877 2359; baseline 0 -18"><span class='ocrx_word' id='word_1_294' title='bbox 303 2302 396 2341; x_wconf 84' lang='lat' dir='ltr'><strong>eos</strong></span> <span class='ocrx_word' id='word_1_295' title='bbox 450 2286 632 2355; x_wconf 84' lang='lat' dir='ltr'><strong>culpat</strong></span> <span class='ocrx_word' id='word_1_296' title='bbox 673 2289 763 2357; x_wconf 88' lang='lat' dir='ltr'><strong>qui</strong></span> <span class='ocrx_word' id='word_1_297' title='bbox 818 2288 1193 2344; x_wconf 93' lang='lat' dir='ltr'><strong>instructionis</strong></span> <span class='ocrx_word' id='word_1_298' title='bbox 1248 2303 1361 2344; x_wconf 74' lang='lat' dir='ltr'><strong>suze</strong></span> <span class='ocrx_word' id='word_1_299' title='bbox 1403 2303 1565 2343; x_wconf 91' lang='lat' dir='ltr'><strong>causa</strong></span> <span class='ocrx_word' id='word_1_300' title='bbox 1610 2303 1877 2359; x_wconf 87' lang='lat' dir='ltr'><strong>perpauca</strong></span> 
     </span>
    </p>
   </div>
   <div class='ocr_carea' id='block_1_39' title="bbox 370 2476 1514 2546">
    <p class='ocr_par' dir='ltr' id='par_1_39' title="bbox 370 2476 1514 2546">
     <span class='ocr_line' id='line_1_39' title="bbox 370 2476 1514 2546; baseline 0.006 -17"><span class='ocrx_word' id='word_1_301' title='bbox 370 2478 416 2509; x_wconf 77' lang='lat'><strong>“</strong></span> <span class='ocrx_word' id='word_1_302' title='bbox 446 2477 465 2530; x_wconf 93' lang='lat' dir='ltr'><strong>l</strong></span> <span class='ocrx_word' id='word_1_303' title='bbox 495 2476 683 2531; x_wconf 86' lang='lat' dir='ltr'><strong>Thess.</strong></span> <span class='ocrx_word' id='word_1_304' title='bbox 713 2492 768 2541; x_wconf 81' lang='grc' dir='ltr'><strong>ν,</strong></span> <span class='ocrx_word' id='word_1_305' title='bbox 797 2478 887 2531; x_wconf 65' lang='lat' dir='ltr'><strong>“ll.</strong></span> <span class='ocrx_word' id='word_1_306' title='bbox 966 2480 1011 2509; x_wconf 73' lang='grc'><strong>⁸⁸</strong></span> <span class='ocrx_word' id='word_1_307' title='bbox 1046 2478 1211 2546; x_wconf 82' lang='lat' dir='ltr'><strong>Apoc.</strong></span> <span class='ocrx_word' id='word_1_308' title='bbox 1269 2494 1373 2543; x_wconf 84' lang='lat' dir='ltr'><strong>xu,</strong></span> <span class='ocrx_word' id='word_1_309' title='bbox 1431 2477 1514 2536; x_wconf 87' lang='lat' dir='ltr'><strong>l0.</strong></span> 
     </span>
    </p>
   </div>
   <div class='ocr_carea' id='block_1_40' title="bbox 301 2632 1875 2704">
    <p class='ocr_par' dir='ltr' id='par_1_40' title="bbox 301 2632 1875 2704">
     <span class='ocr_line' id='line_1_40' title="bbox 301 2632 1875 2704; baseline 0 -17"><span class='ocrx_word' id='word_1_310' title='bbox 301 2634 427 2704; x_wconf 88' lang='lat' dir='ltr'><strong>quia</strong></span> <span class='ocrx_word' id='word_1_311' title='bbox 475 2635 589 2703; x_wconf 88' lang='lat' dir='ltr'><strong>pari</strong></span> <span class='ocrx_word' id='word_1_312' title='bbox 633 2636 920 2697; x_wconf 86' lang='lat' dir='ltr'><strong>sententia,</strong></span> <span class='ocrx_word' id='word_1_313' title='bbox 955 2636 1079 2702; x_wconf 82' lang='lat' dir='ltr'><strong>quia</strong></span> <span class='ocrx_word' id='word_1_314' title='bbox 1127 2635 1242 2703; x_wconf 87' lang='lat' dir='ltr'><strong>pari</strong></span> <span class='ocrx_word' id='word_1_315' title='bbox 1316 2644 1368 2689; x_wconf 91' lang='lat' dir='ltr'><strong>et</strong></span> <span class='ocrx_word' id='word_1_316' title='bbox 1426 2634 1652 2703; x_wconf 84' lang='lat' dir='ltr'><strong>spiritu,</strong></span> <span class='ocrx_word' id='word_1_317' title='bbox 1716 2632 1875 2687; x_wconf 90' lang='lat' dir='ltr'><strong>illum</strong></span> 
     </span>
    </p>
   </div>
   <div class='ocr_carea' id='block_1_41' title="bbox 303 2704 1872 2775">
    <p class='ocr_par' dir='ltr' id='par_1_41' title="bbox 303 2704 1872 2775">
     <span class='ocr_line' id='line_1_41' title="bbox 303 2704 1872 2775; baseline 0 -17"><span class='ocrx_word' id='word_1_318' title='bbox 303 2705 617 2759; x_wconf 69' lang='lat' dir='ltr'><strong>hzrrettcum</strong></span> <span class='ocrx_word' id='word_1_319' title='bbox 649 2707 971 2760; x_wconf 86' lang='lat' dir='ltr'><strong>denuntiant</strong></span> <span class='ocrx_word' id='word_1_320' title='bbox 998 2707 1228 2775; x_wconf 88' lang='lat' dir='ltr'><strong>populis,</strong></span> <span class='ocrx_word' id='word_1_321' title='bbox 1260 2704 1407 2759; x_wconf 86' lang='lat' dir='ltr'><strong>fures</strong></span> <span class='ocrx_word' id='word_1_322' title='bbox 1433 2706 1690 2759; x_wconf 83' lang='lat' dir='ltr'><strong>librorum</strong></span> <span class='ocrx_word' id='word_1_323' title='bbox 1726 2704 1872 2758; x_wconf 89' lang='lat' dir='ltr'><strong>illius</strong></span> 
     </span>
    </p>
   </div>
   <div class='ocr_carea' id='block_1_42' title="bbox 302 2775 1877 2846">
    <p class='ocr_par' dir='ltr' id='par_1_42' title="bbox 302 2775 1877 2846">
     <span class='ocr_line' id='line_1_42' title="bbox 302 2775 1877 2846; baseline -0.001 -18"><span class='ocrx_word' id='word_1_324' title='bbox 302 2775 573 2842; x_wconf 79' lang='lat' dir='ltr'><strong>iudicandi</strong></span> <span class='ocrx_word' id='word_1_325' title='bbox 608 2784 735 2828; x_wconf 91' lang='lat' dir='ltr'><strong>sunt</strong></span> <span class='ocrx_word' id='word_1_326' title='bbox 768 2794 782 2829; x_wconf 90' lang='lat'><strong>:</strong></span> <span class='ocrx_word' id='word_1_327' title='bbox 834 2786 889 2832; x_wconf 89' lang='lat' dir='ltr'><strong>et</strong></span> <span class='ocrx_word' id='word_1_328' title='bbox 935 2780 1150 2846; x_wconf 90' lang='lat' dir='ltr'><strong>quando</strong></span> <span class='ocrx_word' id='word_1_329' title='bbox 1186 2778 1236 2829; x_wconf 91' lang='lat' dir='ltr'><strong>in</strong></span> <span class='ocrx_word' id='word_1_330' title='bbox 1279 2776 1522 2846; x_wconf 77' lang='lat' dir='ltr'><strong>ccclesiis</strong></span> <span class='ocrx_word' id='word_1_331' title='bbox 1561 2776 1877 2846; x_wconf 67' lang='lat' dir='ltr'><strong>praedicant,</strong></span> 
     </span>
    </p>
   </div>
   <div class='ocr_carea' id='block_1_43' title="bbox 306 2843 1879 2916">
    <p class='ocr_par' dir='ltr' id='par_1_43' title="bbox 306 2843 1879 2916">
     <span class='ocr_line' id='line_1_43' title="bbox 306 2843 1879 2916; baseline 0 -18"><span class='ocrx_word' id='word_1_332' title='bbox 306 2860 415 2900; x_wconf 91' lang='lat' dir='ltr'><strong>non</strong></span> <span class='ocrx_word' id='word_1_333' title='bbox 471 2846 877 2912; x_wconf 86' lang='lat' dir='ltr'><strong>Scripturarum</strong></span> <span class='ocrx_word' id='word_1_334' title='bbox 935 2843 1225 2916; x_wconf 85' lang='lat' dir='ltr'><strong>mysteria,</strong></span> <span class='ocrx_word' id='word_1_335' title='bbox 1284 2848 1380 2900; x_wconf 90' lang='lat' dir='ltr'><strong>sed</strong></span> <span class='ocrx_word' id='word_1_336' title='bbox 1432 2843 1682 2913; x_wconf 87' lang='lat' dir='ltr'><strong>Origenis</strong></span> <span class='ocrx_word' id='word_1_337' title='bbox 1736 2843 1879 2898; x_wconf 90' lang='lat' dir='ltr'><strong>furta</strong></span> 
     </span>
    </p>
   </div>
   <div class='ocr_carea' id='block_1_44' title="bbox 305 2912 1949 2984">
    <p class='ocr_par' dir='ltr' id='par_1_44' title="bbox 305 2912 1949 2984">
     <span class='ocr_line' id='line_1_44' title="bbox 305 2912 1949 2984; baseline 0.001 -17"><span class='ocrx_word' id='word_1_338' title='bbox 305 2917 774 2970; x_wconf 80' lang='lat' dir='ltr'><strong>commemorant?</strong></span> <span class='ocrx_word' id='word_1_339' title='bbox 803 2916 916 2970; x_wconf 80' lang='lat' dir='ltr'><strong>Non</strong></span> <span class='ocrx_word' id='word_1_340' title='bbox 954 2912 1051 2970; x_wconf 82' lang='lat' dir='ltr'><strong>tibi</strong></span> <span class='ocrx_word' id='word_1_341' title='bbox 1081 2917 1274 2970; x_wconf 89' lang='lat' dir='ltr'><strong>sullicit</strong></span> <span class='ocrx_word' id='word_1_342' title='bbox 1303 2918 1505 2984; x_wconf 87' lang='lat' dir='ltr'><strong>passim</strong></span> <span class='ocrx_word' id='word_1_343' title='bbox 1536 2912 1725 2969; x_wconf 87' lang='lat' dir='ltr'><strong>contra</strong></span> <span class='ocrx_word' id='word_1_344' title='bbox 1756 2930 1874 2968; x_wconf 91' lang='lat' dir='ltr'><strong>om-</strong></span> <span class='ocrx_word' id='word_1_345' title='bbox 1908 2912 1949 2968; x_wconf 91' lang='lat' dir='ltr'><strong><em>C</em></strong></span> 
     </span>
    </p>
   </div>
   <div class='ocr_carea' id='block_1_45' title="bbox 307 2987 1869 3054">
    <p class='ocr_par' dir='ltr' id='par_1_45' title="bbox 307 2987 1869 3054">
     <span class='ocr_line' id='line_1_45' title="bbox 307 2987 1869 3054; baseline -0.001 -15"><span class='ocrx_word' id='word_1_346' title='bbox 307 3001 406 3040; x_wconf 86' lang='lat' dir='ltr'><strong>nes</strong></span> <span class='ocrx_word' id='word_1_347' title='bbox 446 2987 791 3049; x_wconf 75' lang='lat' dir='ltr'><strong>detrecmtio,</strong></span> <span class='ocrx_word' id='word_1_348' title='bbox 833 2988 935 3041; x_wconf 90' lang='lat' dir='ltr'><strong>nisi</strong></span> <span class='ocrx_word' id='word_1_349' title='bbox 982 2988 1292 3054; x_wconf 76' lang='lat' dir='ltr'><strong>Specialiter</strong></span> <span class='ocrx_word' id='word_1_350' title='bbox 1325 2996 1513 3041; x_wconf 89' lang='lat' dir='ltr'><strong>contra</strong></span> <span class='ocrx_word' id='word_1_351' title='bbox 1560 2987 1776 3038; x_wconf 88' lang='lat' dir='ltr'><strong>beatmn</strong></span> <span class='ocrx_word' id='word_1_352' title='bbox 1815 2996 1869 3039; x_wconf 89' lang='lat' dir='ltr'><strong>et</strong></span> 
     </span>
    </p>
   </div>
   <div class='ocr_carea' id='block_1_46' title="bbox 310 3056 1875 3126">
    <p class='ocr_par' dir='ltr' id='par_1_46' title="bbox 310 3056 1875 3126">
     <span class='ocr_line' id='line_1_46' title="bbox 310 3056 1875 3126; baseline -0.001 -17"><span class='ocrx_word' id='word_1_353' title='bbox 310 3058 578 3124; x_wconf 81' lang='lat' dir='ltr'><strong>insignem</strong></span> <span class='ocrx_word' id='word_1_354' title='bbox 632 3057 888 3111; x_wconf 83' lang='lat' dir='ltr'><strong>Ecclesiae</strong></span> <span class='ocrx_word' id='word_1_355' title='bbox 944 3058 1278 3111; x_wconf 89' lang='lat' dir='ltr'><strong>sacerdotem</strong></span> <span class='ocrx_word' id='word_1_356' title='bbox 1319 3058 1443 3126; x_wconf 83' lang='lat' dir='ltr'><strong>styli</strong></span> <span class='ocrx_word' id='word_1_357' title='bbox 1500 3059 1575 3109; x_wconf 91' lang='lat' dir='ltr'><strong>tui</strong></span> <span class='ocrx_word' id='word_1_358' title='bbox 1631 3056 1875 3109; x_wconf 84' lang='lat' dir='ltr'><strong>lanceam</strong></span> 
     </span>
    </p>
   </div>
   <div class='ocr_carea' id='block_1_47' title="bbox 308 3126 1877 3195">
    <p class='ocr_par' dir='ltr' id='par_1_47' title="bbox 308 3126 1877 3195">
     <span class='ocr_line' id='line_1_47' title="bbox 308 3126 1877 3195; baseline -0.002 -16"><span class='ocrx_word' id='word_1_359' title='bbox 308 3126 549 3195; x_wconf 83' lang='lat' dir='ltr'><strong>dirigas?</strong></span> <span class='ocrx_word' id='word_1_360' title='bbox 580 3126 711 3192; x_wconf 84' lang='lat' dir='ltr'><strong>Quis</strong></span> <span class='ocrx_word' id='word_1_361' title='bbox 742 3137 825 3181; x_wconf 88' lang='lat' dir='ltr'><strong>est</strong></span> <span class='ocrx_word' id='word_1_362' title='bbox 863 3126 971 3192; x_wconf 90' lang='lat' dir='ltr'><strong>ille,</strong></span> <span class='ocrx_word' id='word_1_363' title='bbox 1014 3128 1105 3195; x_wconf 88' lang='lat' dir='ltr'><strong>qui</strong></span> <span class='ocrx_word' id='word_1_364' title='bbox 1134 3126 1279 3179; x_wconf 86' lang='lat' dir='ltr'><strong>velut</strong></span> <span class='ocrx_word' id='word_1_365' title='bbox 1312 3126 1693 3180; x_wconf 86' lang='lat' dir='ltr'><strong>necessitatem</strong></span> <span class='ocrx_word' id='word_1_366' title='bbox 1719 3141 1877 3177; x_wconf 85' lang='lat' dir='ltr'><strong>evan-</strong></span> 
     </span>
    </p>
   </div>
   <div class='ocr_carea' id='block_1_48' title="bbox 308 3196 1875 3267">
    <p class='ocr_par' dir='ltr' id='par_1_48' title="bbox 308 3196 1875 3267">
     <span class='ocr_line' id='line_1_48' title="bbox 308 3196 1875 3267; baseline -0.003 -18"><span class='ocrx_word' id='word_1_367' title='bbox 308 3197 576 3267; x_wconf 72' lang='lat' dir='ltr'><strong>geliZandi</strong></span> <span class='ocrx_word' id='word_1_368' title='bbox 614 3212 711 3265; x_wconf 88' lang='lat' dir='ltr'><strong>per</strong></span> <span class='ocrx_word' id='word_1_369' title='bbox 735 3212 927 3251; x_wconf 87' lang='lat' dir='ltr'><strong>omnes</strong></span> <span class='ocrx_word' id='word_1_370' title='bbox 957 3208 1144 3267; x_wconf 88' lang='lat' dir='ltr'><strong>gentes</strong></span> <span class='ocrx_word' id='word_1_371' title='bbox 1187 3204 1241 3249; x_wconf 92' lang='lat' dir='ltr'><strong>et</strong></span> <span class='ocrx_word' id='word_1_372' title='bbox 1285 3212 1384 3265; x_wconf 90' lang='lat' dir='ltr'><strong>per</strong></span> <span class='ocrx_word' id='word_1_373' title='bbox 1424 3210 1618 3267; x_wconf 83' lang='lat' dir='ltr'><strong>omnes</strong></span> <span class='ocrx_word' id='word_1_374' title='bbox 1666 3196 1875 3267; x_wconf 76' lang='lat' dir='ltr'><strong>linguas</strong></span> 
     </span>
    </p>
   </div>
   <div class='ocr_carea' id='block_1_49' title="bbox 306 3265 1872 3335">
    <p class='ocr_par' dir='ltr' id='par_1_49' title="bbox 306 3265 1872 3335">
     <span class='ocr_line' id='line_1_49' title="bbox 306 3265 1872 3335; baseline -0.001 -16"><span class='ocrx_word' id='word_1_375' title='bbox 306 3265 511 3320; x_wconf 83' lang='lat' dir='ltr'><strong>habere</strong></span> <span class='ocrx_word' id='word_1_376' title='bbox 541 3282 602 3321; x_wconf 90' lang='lat' dir='ltr'><strong>se</strong></span> <span class='ocrx_word' id='word_1_377' title='bbox 632 3276 808 3335; x_wconf 85' lang='lat' dir='ltr'><strong>putat,</strong></span> <span class='ocrx_word' id='word_1_378' title='bbox 866 3268 930 3321; x_wconf 91' lang='lat' dir='ltr'><strong>de</strong></span> <span class='ocrx_word' id='word_1_379' title='bbox 965 3265 1209 3335; x_wconf 83' lang='lat' dir='ltr'><strong>Origene</strong></span> <span class='ocrx_word' id='word_1_380' title='bbox 1262 3268 1402 3319; x_wconf 89' lang='lat' dir='ltr'><strong>tnale</strong></span> <span class='ocrx_word' id='word_1_381' title='bbox 1454 3265 1750 3334; x_wconf 85' lang='lat' dir='ltr'><strong>loquendi?</strong></span> <span class='ocrx_word' id='word_1_382' title='bbox 1780 3266 1872 3334; x_wconf 89' lang='lat' dir='ltr'><strong>qui</strong></span> 
     </span>
    </p>
   </div>
   <div class='ocr_carea' id='block_1_50' title="bbox 306 3335 1869 3407">
    <p class='ocr_par' dir='ltr' id='par_1_50' title="bbox 306 3335 1869 3407">
     <span class='ocr_line' id='line_1_50' title="bbox 306 3335 1869 3407; baseline -0.001 -18"><span class='ocrx_word' id='word_1_383' title='bbox 306 3352 401 3407; x_wconf 78' lang='lat' dir='ltr'><strong>sex</strong></span> <span class='ocrx_word' id='word_1_384' title='bbox 438 3336 601 3391; x_wconf 90' lang='lat' dir='ltr'><strong>millia</strong></span> <span class='ocrx_word' id='word_1_385' title='bbox 634 3338 899 3407; x_wconf 85' lang='lat' dir='ltr'><strong>librorum</strong></span> <span class='ocrx_word' id='word_1_386' title='bbox 928 3338 1048 3406; x_wconf 87' lang='lat' dir='ltr'><strong>ejus</strong></span> <span class='ocrx_word' id='word_1_387' title='bbox 1092 3352 1151 3391; x_wconf 87' lang='lat' dir='ltr'><strong>se</strong></span> <span class='ocrx_word' id='word_1_388' title='bbox 1205 3335 1417 3407; x_wconf 80' lang='lat' dir='ltr'><strong>legisse,</strong></span> <span class='ocrx_word' id='word_1_389' title='bbox 1471 3337 1869 3407; x_wconf 80' lang='lat' dir='ltr'><strong>quamplurima</strong></span> 
     </span>
    </p>
   </div>
   <div class='ocr_carea' id='block_1_51' title="bbox 305 3404 1867 3470">
    <p class='ocr_par' dir='ltr' id='par_1_51' title="bbox 305 3404 1867 3470">
     <span class='ocr_line' id='line_1_51' title="bbox 305 3404 1867 3470; baseline -0.001 -10"><span class='ocrx_word' id='word_1_390' title='bbox 305 3404 537 3461; x_wconf 80' lang='lat' dir='ltr'><strong>fratrum</strong></span> <span class='ocrx_word' id='word_1_391' title='bbox 590 3406 932 3462; x_wconf 86' lang='lat' dir='ltr'><strong>multitudine</strong></span> <span class='ocrx_word' id='word_1_392' title='bbox 960 3404 1279 3470; x_wconf 54' lang='lat' dir='ltr'><strong>audiente;</strong></span> <span class='ocrx_word' id='word_1_393' title='bbox 1315 3408 1599 3462; x_wconf 84' lang='lat' dir='ltr'><strong>confessus</strong></span> <span class='ocrx_word' id='word_1_394' title='bbox 1637 3405 1765 3460; x_wconf 86' lang='lat' dir='ltr'><strong>est?</strong></span> <span class='ocrx_word' id='word_1_395' title='bbox 1810 3405 1867 3458; x_wconf 90' lang='lat' dir='ltr'><strong>In</strong></span> 
     </span>
    </p>
   </div>
   <div class='ocr_carea' id='block_1_52' title="bbox 305 3476 1870 3546">
    <p class='ocr_par' dir='ltr' id='par_1_52' title="bbox 305 3476 1870 3546">
     <span class='ocr_line' id='line_1_52' title="bbox 305 3476 1870 3546; baseline -0.001 -16"><span class='ocrx_word' id='word_1_396' title='bbox 305 3487 411 3546; x_wconf 86' lang='lat' dir='ltr'><strong>qua</strong></span> <span class='ocrx_word' id='word_1_397' title='bbox 443 3477 787 3531; x_wconf 86' lang='lat' dir='ltr'><strong>multitudine</strong></span> <span class='ocrx_word' id='word_1_398' title='bbox 822 3487 873 3531; x_wconf 88' lang='lat' dir='ltr'><strong>et</strong></span> <span class='ocrx_word' id='word_1_399' title='bbox 908 3487 1125 3533; x_wconf 86' lang='lat' dir='ltr'><strong>caterva</strong></span> <span class='ocrx_word' id='word_1_400' title='bbox 1155 3476 1385 3530; x_wconf 88' lang='lat' dir='ltr'><strong>fratrum</strong></span> <span class='ocrx_word' id='word_1_401' title='bbox 1424 3487 1477 3529; x_wconf 93' lang='lat' dir='ltr'><strong>tu</strong></span> <span class='ocrx_word' id='word_1_402' title='bbox 1511 3491 1726 3544; x_wconf 86' lang='lat' dir='ltr'><strong>quoque</strong></span> <span class='ocrx_word' id='word_1_403' title='bbox 1758 3490 1870 3529; x_wconf 85' lang='lat' dir='ltr'><strong>me-</strong></span> 
     </span>
    </p>
   </div>
   <div class='ocr_carea' id='block_1_53' title="bbox 306 3548 1871 3616">
    <p class='ocr_par' dir='ltr' id='par_1_53' title="bbox 306 3548 1871 3616">
     <span class='ocr_line' id='line_1_53' title="bbox 306 3548 1871 3616; baseline -0.001 -19"><span class='ocrx_word' id='word_1_404' title='bbox 306 3548 428 3601; x_wconf 90' lang='lat' dir='ltr'><strong>dius</strong></span> <span class='ocrx_word' id='word_1_405' title='bbox 459 3563 599 3609; x_wconf 87' lang='lat' dir='ltr'><strong>eras,</strong></span> <span class='ocrx_word' id='word_1_406' title='bbox 633 3548 959 3616; x_wconf 89' lang='lat' dir='ltr'><strong>quandoille</strong></span> <span class='ocrx_word' id='word_1_407' title='bbox 984 3550 1035 3601; x_wconf 94' lang='lat' dir='ltr'><strong>in</strong></span> <span class='ocrx_word' id='word_1_408' title='bbox 1060 3564 1154 3601; x_wconf 90' lang='lat' dir='ltr'><strong>sua</strong></span> <span class='ocrx_word' id='word_1_409' title='bbox 1191 3548 1425 3615; x_wconf 82' lang='lat' dir='ltr'><strong>Epistola</strong></span> <span class='ocrx_word' id='word_1_410' title='bbox 1462 3548 1725 3616; x_wconf 89' lang='lat' dir='ltr'><strong>queritur,</strong></span> <span class='ocrx_word' id='word_1_411' title='bbox 1773 3561 1871 3611; x_wconf 90' lang='lat' dir='ltr'><strong>pro</strong></span> 
     </span>
    </p>
   </div>
   <div class='ocr_carea' id='block_1_54' title="bbox 306 3616 1873 3686">
    <p class='ocr_par' dir='ltr' id='par_1_54' title="bbox 306 3616 1873 3686">
     <span class='ocr_line' id='line_1_54' title="bbox 306 3616 1873 3686; baseline -0.002 -14"><span class='ocrx_word' id='word_1_412' title='bbox 306 3616 557 3686; x_wconf 89' lang='lat' dir='ltr'><strong>Origenis</strong></span> <span class='ocrx_word' id='word_1_413' title='bbox 580 3618 772 3672; x_wconf 67' lang='lat' dir='ltr'><strong>haaresi</strong></span> <span class='ocrx_word' id='word_1_414' title='bbox 802 3617 1006 3672; x_wconf 89' lang='lat' dir='ltr'><strong>nefaria</strong></span> <span class='ocrx_word' id='word_1_415' title='bbox 1038 3634 1068 3673; x_wconf 94' lang='lat' dir='ltr'><strong>a</strong></span> <span class='ocrx_word' id='word_1_416' title='bbox 1099 3630 1148 3672; x_wconf 91' lang='lat' dir='ltr'><strong>te</strong></span> <span class='ocrx_word' id='word_1_417' title='bbox 1178 3618 1431 3685; x_wconf 75' lang='lat' dir='ltr'><strong>dogmata</strong></span> <span class='ocrx_word' id='word_1_418' title='bbox 1462 3632 1579 3672; x_wconf 90' lang='lat' dir='ltr'><strong>esse</strong></span> <span class='ocrx_word' id='word_1_419' title='bbox 1618 3619 1824 3685; x_wconf 87' lang='lat' dir='ltr'><strong>prolata</strong></span> <span class='ocrx_word' id='word_1_420' title='bbox 1850 3616 1873 3669; x_wconf 87' lang='lat'><strong>?</strong></span> 
     </span>
    </p>
   </div>
   <div class='ocr_carea' id='block_1_55' title="bbox 306 3686 1876 3757">
    <p class='ocr_par' dir='ltr' id='par_1_55' title="bbox 306 3686 1876 3757">
     <span class='ocr_line' id='line_1_55' title="bbox 306 3686 1876 3757; baseline 0.001 -18"><span class='ocrx_word' id='word_1_421' title='bbox 306 3687 530 3757; x_wconf 65' lang='lat' dir='ltr'><strong>Qrimini</strong></span> <span class='ocrx_word' id='word_1_422' title='bbox 563 3688 610 3742; x_wconf 92' lang='lat' dir='ltr'><strong>ei</strong></span> <span class='ocrx_word' id='word_1_423' title='bbox 643 3688 879 3742; x_wconf 86' lang='lat' dir='ltr'><strong>dandum</strong></span> <span class='ocrx_word' id='word_1_424' title='bbox 919 3699 1004 3743; x_wconf 91' lang='lat' dir='ltr'><strong>est</strong></span> <span class='ocrx_word' id='word_1_425' title='bbox 1048 3704 1215 3755; x_wconf 86' lang='lat' dir='ltr'><strong>quare</strong></span> <span class='ocrx_word' id='word_1_426' title='bbox 1247 3688 1515 3756; x_wconf 67' lang='lat' dir='ltr'><strong>Graecam,</strong></span> <span class='ocrx_word' id='word_1_427' title='bbox 1564 3686 1777 3757; x_wconf 82' lang='lat' dir='ltr'><strong>Syram,</strong></span> <span class='ocrx_word' id='word_1_428' title='bbox 1820 3697 1876 3741; x_wconf 91' lang='lat' dir='ltr'><strong>et</strong></span> 
     </span>
    </p>
   </div>
   <div class='ocr_carea' id='block_1_56' title="bbox 308 3756 1874 3838">
    <p class='ocr_par' dir='ltr' id='par_1_56' title="bbox 308 3756 1874 3838">
     <span class='ocr_line' id='line_1_56' title="bbox 308 3756 1874 3838; baseline 0.001 -29"><span class='ocrx_word' id='word_1_429' title='bbox 308 3756 610 3838; x_wconf 68' lang='lat' dir='ltr'><strong>llebraaam,</strong></span> <span class='ocrx_word' id='word_1_430' title='bbox 639 3767 698 3838; x_wconf 82' lang='lat' dir='ltr'><strong>et._</strong></span> <span class='ocrx_word' id='word_1_431' title='bbox 722 3758 1095 3838; x_wconf 54' lang='lat' dir='ltr'><strong>@gyptiacam</strong></span> <span class='ocrx_word' id='word_1_432' title='bbox 1125 3760 1385 3838; x_wconf 69' lang='lat' dir='ltr'><strong>linguam,</strong></span> <span class='ocrx_word' id='word_1_433' title='bbox 1410 3775 1474 3813; x_wconf 85' lang='lat' dir='ltr'><strong>ex</strong></span> <span class='ocrx_word' id='word_1_434' title='bbox 1505 3756 1659 3838; x_wconf 67' lang='lat' dir='ltr'><strong>parte</strong></span> <span class='ocrx_word' id='word_1_435' title='bbox 1689 3768 1742 3838; x_wconf 79' lang='lat' dir='ltr'><strong>et</strong></span> <span class='ocrx_word' id='word_1_436' title='bbox 1769 3758 1874 3838; x_wconf 45' lang='lat' dir='ltr'><strong>isa-</strong></span> 
     </span>
    </p>
   </div>
   <div class='ocr_carea' id='block_1_57' title="bbox 309 3776 1874 3900">
    <p class='ocr_par' dir='ltr' id='par_1_57' title="bbox 309 3776 1874 3900">
     <span class='ocr_line' id='line_1_57' title="bbox 309 3776 1874 3884; baseline 0.001 -75"><span class='ocrx_word' id='word_1_437' title='bbox 309 3776 610 3824; x_wconf 76' lang='lat' dir='ltr'><strong>ueuraeam,</strong></span> <span class='ocrx_word' id='word_1_438' title='bbox 639 3776 694 3812; x_wconf 85' lang='lat' dir='ltr'><strong>et.</strong></span> <span class='ocrx_word' id='word_1_439' title='bbox 722 3776 1095 3884; x_wconf 51' lang='lat' dir='ltr'><strong>miypuacam</strong></span> <span class='ocrx_word' id='word_1_440' title='bbox 1125 3776 1385 3828; x_wconf 88' lang='lat' dir='ltr'><strong>ttnguatn,</strong></span> <span class='ocrx_word' id='word_1_441' title='bbox 1410 3776 1474 3813; x_wconf 86' lang='lat' dir='ltr'><strong>ex</strong></span> <span class='ocrx_word' id='word_1_442' title='bbox 1505 3776 1659 3829; x_wconf 79' lang='lat' dir='ltr'><strong>parte</strong></span> <span class='ocrx_word' id='word_1_443' title='bbox 1689 3776 1742 3811; x_wconf 85' lang='lat' dir='ltr'><strong>et</strong></span> <span class='ocrx_word' id='word_1_444' title='bbox 1769 3776 1874 3812; x_wconf 72' lang='lat' dir='ltr'><strong>La-</strong></span> 
     </span>
     <span class='ocr_line' id='line_1_58' title="bbox 309 3828 1874 3900; baseline -0.001 -20"><span class='ocrx_word' id='word_1_445' title='bbox 309 3828 478 3900; x_wconf 81' lang='lat' dir='ltr'><strong>tinam</strong></span> <span class='ocrx_word' id='word_1_446' title='bbox 512 3829 762 3882; x_wconf 90' lang='lat' dir='ltr'><strong>noverit?</strong></span> <span class='ocrx_word' id='word_1_447' title='bbox 843 3845 937 3900; x_wconf 87' lang='lat' dir='ltr'><strong>rgo</strong></span> <span class='ocrx_word' id='word_1_448' title='bbox 965 3840 1020 3884; x_wconf 93' lang='lat' dir='ltr'><strong>et</strong></span> <span class='ocrx_word' id='word_1_449' title='bbox 1042 3830 1295 3897; x_wconf 87' lang='lat' dir='ltr'><strong>apostoli,</strong></span> <span class='ocrx_word' id='word_1_450' title='bbox 1336 3838 1391 3884; x_wconf 92' lang='lat' dir='ltr'><strong>et</strong></span> <span class='ocrx_word' id='word_1_451' title='bbox 1433 3829 1711 3898; x_wconf 88' lang='lat' dir='ltr'><strong>apostolici</strong></span> <span class='ocrx_word' id='word_1_452' title='bbox 1746 3828 1874 3890; x_wconf 88' lang='lat' dir='ltr'><strong>viri,</strong></span> 
     </span>
    </p>
   </div>
   <div class='ocr_carea' id='block_1_58' title="bbox 305 3898 1875 3967">
    <p class='ocr_par' dir='ltr' id='par_1_58' title="bbox 305 3898 1875 3967">
     <span class='ocr_line' id='line_1_59' title="bbox 305 3898 1875 3967; baseline 0.001 -18"><span class='ocrx_word' id='word_1_453' title='bbox 305 3898 397 3966; x_wconf 92' lang='lat' dir='ltr'><strong>qui</strong></span> <span class='ocrx_word' id='word_1_454' title='bbox 448 3898 642 3967; x_wconf 85' lang='lat' dir='ltr'><strong>linguis</strong></span> <span class='ocrx_word' id='word_1_455' title='bbox 691 3898 1066 3967; x_wconf 81' lang='lat' dir='ltr'><strong>loquebantur,</strong></span> <span class='ocrx_word' id='word_1_456' title='bbox 1125 3901 1177 3952; x_wconf 82' lang='lat' dir='ltr'><strong>in</strong></span> <span class='ocrx_word' id='word_1_457' title='bbox 1231 3900 1461 3953; x_wconf 89' lang='lat' dir='ltr'><strong>crimine</strong></span> <span class='ocrx_word' id='word_1_458' title='bbox 1496 3911 1620 3953; x_wconf 89' lang='lat' dir='ltr'><strong>sunt</strong></span> <span class='ocrx_word' id='word_1_459' title='bbox 1653 3917 1667 3953; x_wconf 89' lang='lat'><strong>:</strong></span> <span class='ocrx_word' id='word_1_460' title='bbox 1705 3909 1759 3953; x_wconf 91' lang='lat' dir='ltr'><strong>et</strong></span> <span class='ocrx_word' id='word_1_461' title='bbox 1789 3913 1875 3951; x_wconf 89' lang='lat' dir='ltr'><strong>me</strong></span> 
     </span>
    </p>
   </div>
   <div class='ocr_carea' id='block_1_59' title="bbox 312 3967 1875 4040">
    <p class='ocr_par' dir='ltr' id='par_1_59' title="bbox 312 3967 1875 4040">
     <span class='ocr_line' id='line_1_60' title="bbox 312 3967 1875 4040; baseline 0 -19"><span class='ocrx_word' id='word_1_462' title='bbox 312 3967 646 4038; x_wconf 89' lang='lat' dir='ltr'><strong>trilinguem.</strong></span> <span class='ocrx_word' id='word_1_463' title='bbox 678 3970 939 4040; x_wconf 87' lang='lat' dir='ltr'><strong>bilinguis</strong></span> <span class='ocrx_word' id='word_1_464' title='bbox 968 3970 1084 4039; x_wconf 88' lang='lat' dir='ltr'><strong>ipse</strong></span> <span class='ocrx_word' id='word_1_465' title='bbox 1121 3970 1361 4025; x_wconf 90' lang='lat' dir='ltr'><strong>ridebis?</strong></span> <span class='ocrx_word' id='word_1_466' title='bbox 1402 3971 1473 4023; x_wconf 86' lang='lat' dir='ltr'><strong>De</strong></span> <span class='ocrx_word' id='word_1_467' title='bbox 1508 3986 1603 4024; x_wconf 89' lang='lat' dir='ltr'><strong>sex</strong></span> <span class='ocrx_word' id='word_1_468' title='bbox 1632 3970 1875 4022; x_wconf 89' lang='lat' dir='ltr'><strong>millibus</strong></span> 
     </span>
    </p>
   </div>
   <div class='ocr_carea' id='block_1_60' title="bbox 307 4039 1872 4109">
    <p class='ocr_par' dir='ltr' id='par_1_60' title="bbox 307 4039 1872 4109">
     <span class='ocr_line' id='line_1_61' title="bbox 307 4039 1872 4109; baseline 0.001 -18"><span class='ocrx_word' id='word_1_469' title='bbox 307 4047 487 4109; x_wconf 85' lang='lat' dir='ltr'><strong>autem</strong></span> <span class='ocrx_word' id='word_1_470' title='bbox 522 4039 780 4094; x_wconf 90' lang='lat' dir='ltr'><strong>librorum</strong></span> <span class='ocrx_word' id='word_1_471' title='bbox 807 4039 836 4105; x_wconf 33' lang='lat'><strong>,’</strong></span> <span class='ocrx_word' id='word_1_472' title='bbox 859 4055 993 4109; x_wconf 91' lang='lat' dir='ltr'><strong>quos</strong></span> <span class='ocrx_word' id='word_1_473' title='bbox 1028 4041 1096 4094; x_wconf 89' lang='lat' dir='ltr'><strong>ab</strong></span> <span class='ocrx_word' id='word_1_474' title='bbox 1130 4056 1194 4094; x_wconf 92' lang='lat' dir='ltr'><strong>eo</strong></span> <span class='ocrx_word' id='word_1_475' title='bbox 1235 4042 1401 4095; x_wconf 87' lang='lat' dir='ltr'><strong>lectos</strong></span> <span class='ocrx_word' id='word_1_476' title='bbox 1433 4055 1555 4095; x_wconf 83' lang='lat' dir='ltr'><strong>esse</strong></span> <span class='ocrx_word' id='word_1_477' title='bbox 1588 4039 1872 4107; x_wconf 84' lang='lat' dir='ltr'><strong>confmgis,</strong></span> 
     </span>
    </p>
   </div>
   <div class='ocr_carea' id='block_1_61' title="bbox 307 4108 1873 4178">
    <p class='ocr_par' dir='ltr' id='par_1_61' title="bbox 307 4108 1873 4178">
     <span class='ocr_line' id='line_1_62' title="bbox 307 4108 1873 4178; baseline 0 -17"><span class='ocrx_word' id='word_1_478' title='bbox 307 4108 429 4178; x_wconf 90' lang='lat' dir='ltr'><strong>quis</strong></span> <span class='ocrx_word' id='word_1_479' title='bbox 454 4111 641 4163; x_wconf 89' lang='lat' dir='ltr'><strong>credet</strong></span> <span class='ocrx_word' id='word_1_480' title='bbox 688 4120 777 4163; x_wconf 91' lang='lat' dir='ltr'><strong>aut</strong></span> <span class='ocrx_word' id='word_1_481' title='bbox 825 4108 889 4163; x_wconf 81' lang='lat' dir='ltr'><strong>te</strong></span> <span class='ocrx_word' id='word_1_482' title='bbox 921 4126 1107 4165; x_wconf 90' lang='lat' dir='ltr'><strong>verum</strong></span> <span class='ocrx_word' id='word_1_483' title='bbox 1151 4112 1410 4174; x_wconf 89' lang='lat' dir='ltr'><strong>dicerem,</strong></span> <span class='ocrx_word' id='word_1_484' title='bbox 1460 4121 1551 4163; x_wconf 84' lang='lat' dir='ltr'><strong>aut</strong></span> <span class='ocrx_word' id='word_1_485' title='bbox 1592 4110 1739 4163; x_wconf 92' lang='lat' dir='ltr'><strong>illum</strong></span> <span class='ocrx_word' id='word_1_486' title='bbox 1772 4126 1873 4177; x_wconf 88' lang='lat' dir='ltr'><strong>po-</strong></span> 
     </span>
    </p>
   </div>
   <div class='ocr_carea' id='block_1_62' title="bbox 306 4180 1879 4250">
    <p class='ocr_par' dir='ltr' id='par_1_62' title="bbox 306 4180 1879 4250">
     <span class='ocr_line' id='line_1_63' title="bbox 306 4180 1879 4250; baseline 0.001 -20"><span class='ocrx_word' id='word_1_487' title='bbox 306 4181 476 4234; x_wconf 90' lang='lat' dir='ltr'><strong>tuisse</strong></span> <span class='ocrx_word' id='word_1_488' title='bbox 504 4181 767 4234; x_wconf 88' lang='lat' dir='ltr'><strong>mentiri?</strong></span> <span class='ocrx_word' id='word_1_489' title='bbox 799 4180 854 4235; x_wconf 90' lang='lat' dir='ltr'><strong>Si</strong></span> <span class='ocrx_word' id='word_1_490' title='bbox 899 4183 1038 4235; x_wconf 90' lang='lat' dir='ltr'><strong>enim</strong></span> <span class='ocrx_word' id='word_1_491' title='bbox 1071 4182 1333 4250; x_wconf 81' lang='lat' dir='ltr'><strong>Origenes</strong></span> <span class='ocrx_word' id='word_1_492' title='bbox 1382 4198 1477 4234; x_wconf 88' lang='lat' dir='ltr'><strong>sex</strong></span> <span class='ocrx_word' id='word_1_493' title='bbox 1521 4183 1685 4233; x_wconf 87' lang='lat' dir='ltr'><strong>millia</strong></span> <span class='ocrx_word' id='word_1_494' title='bbox 1740 4180 1879 4235; x_wconf 87' lang='lat' dir='ltr'><strong>scri-</strong></span> 
     </span>
    </p>
   </div>
   <div class='ocr_carea' id='block_1_63' title="bbox 306 4250 1877 4321">
    <p class='ocr_par' dir='ltr' id='par_1_63' title="bbox 306 4250 1877 4321">
     <span class='ocr_line' id='line_1_64' title="bbox 306 4250 1877 4321; baseline 0.001 -20"><span class='ocrx_word' id='word_1_495' title='bbox 306 4250 502 4319; x_wconf 89' lang='lat' dir='ltr'><strong>psisset</strong></span> <span class='ocrx_word' id='word_1_496' title='bbox 535 4250 817 4321; x_wconf 89' lang='lat' dir='ltr'><strong>librorum,</strong></span> <span class='ocrx_word' id='word_1_497' title='bbox 838 4260 1089 4321; x_wconf 88' lang='lat' dir='ltr'><strong>potuerat</strong></span> <span class='ocrx_word' id='word_1_498' title='bbox 1116 4252 1231 4305; x_wconf 87' lang='lat' dir='ltr'><strong>licri</strong></span> <span class='ocrx_word' id='word_1_499' title='bbox 1265 4261 1323 4304; x_wconf 90' lang='lat' dir='ltr'><strong>ut</strong></span> <span class='ocrx_word' id='word_1_500' title='bbox 1350 4252 1432 4305; x_wconf 90' lang='lat' dir='ltr'><strong>vir</strong></span> <span class='ocrx_word' id='word_1_501' title='bbox 1457 4251 1877 4312; x_wconf 78' lang='lat' dir='ltr'><strong>eruditissimus,</strong></span> 
     </span>
    </p>
   </div>
   <div class='ocr_carea' id='block_1_64' title="bbox 1990 1736 3567 1808">
    <p class='ocr_par' dir='ltr' id='par_1_64' title="bbox 1990 1736 3567 1808">
     <span class='ocr_line' id='line_1_65' title="bbox 1990 1736 3567 1808; baseline 0.002 -17"><span class='ocrx_word' id='word_1_502' title='bbox 1990 1752 2371 1808; x_wconf 89' lang='lat' dir='ltr'><strong>permanemus</strong></span> <span class='ocrx_word' id='word_1_503' title='bbox 2412 1736 2594 1803; x_wconf 75' lang='lat' dir='ltr'><strong>illaesi,</strong></span> <span class='ocrx_word' id='word_1_504' title='bbox 2626 1737 2849 1792; x_wconf 90' lang='lat' dir='ltr'><strong>vitando</strong></span> <span class='ocrx_word' id='word_1_505' title='bbox 2878 1752 2941 1792; x_wconf 87' lang='lat' dir='ltr'><strong>ea</strong></span> <span class='ocrx_word' id='word_1_506' title='bbox 2970 1753 3090 1808; x_wconf 73' lang='lat' dir='ltr'><strong>quae</strong></span> <span class='ocrx_word' id='word_1_507' title='bbox 3122 1748 3372 1806; x_wconf 79' lang='lat' dir='ltr'><strong>suspecta</strong></span> <span class='ocrx_word' id='word_1_508' title='bbox 3400 1738 3567 1794; x_wconf 81' lang='lat' dir='ltr'><strong>habe-</strong></span> 
     </span>
    </p>
   </div>
   <div class='ocr_carea' id='block_1_65' title="bbox 1990 1829 3566 1899">
    <p class='ocr_par' dir='ltr' id='par_1_65' title="bbox 1990 1829 3566 1899">
     <span class='ocr_line' id='line_1_66' title="bbox 1990 1829 3566 1899; baseline 0 -15"><span class='ocrx_word' id='word_1_509' title='bbox 1990 1846 2131 1898; x_wconf 91' lang='lat' dir='ltr'><strong>mus,</strong></span> <span class='ocrx_word' id='word_1_510' title='bbox 2156 1840 2210 1885; x_wconf 90' lang='lat' dir='ltr'><strong>et</strong></span> <span class='ocrx_word' id='word_1_511' title='bbox 2245 1829 2645 1899; x_wconf 87' lang='lat' dir='ltr'><strong>improbamus,</strong></span> <span class='ocrx_word' id='word_1_512' title='bbox 2690 1839 2744 1885; x_wconf 91' lang='lat' dir='ltr'><strong>et</strong></span> <span class='ocrx_word' id='word_1_513' title='bbox 2787 1840 3135 1885; x_wconf 87' lang='lat' dir='ltr'><strong>accusatores</strong></span> <span class='ocrx_word' id='word_1_514' title='bbox 3177 1829 3407 1884; x_wconf 77' lang='lat' dir='ltr'><strong>fratrum</strong></span> <span class='ocrx_word' id='word_1_515' title='bbox 3457 1846 3566 1886; x_wconf 90' lang='lat' dir='ltr'><strong>non</strong></span> 
     </span>
    </p>
   </div>
   <div class='ocr_carea' id='block_1_66' title="bbox 1989 1920 3566 1990">
    <p class='ocr_par' dir='ltr' id='par_1_66' title="bbox 1989 1920 3566 1990">
     <span class='ocr_line' id='line_1_67' title="bbox 1989 1920 3566 1990; baseline 0.002 -17"><span class='ocrx_word' id='word_1_516' title='bbox 1989 1920 2329 1975; x_wconf 79' lang='lat' dir='ltr'><strong>inveniemur</strong></span> <span class='ocrx_word' id='word_1_517' title='bbox 2376 1920 2519 1990; x_wconf 87' lang='lat' dir='ltr'><strong>apud</strong></span> <span class='ocrx_word' id='word_1_518' title='bbox 2572 1920 2771 1986; x_wconf 85' lang='lat' dir='ltr'><strong>Deum,</strong></span> <span class='ocrx_word' id='word_1_519' title='bbox 2842 1920 2966 1990; x_wconf 83' lang='lat' dir='ltr'><strong>quia</strong></span> <span class='ocrx_word' id='word_1_520' title='bbox 3020 1920 3219 1976; x_wconf 87' lang='lat' dir='ltr'><strong>diaboli</strong></span> <span class='ocrx_word' id='word_1_521' title='bbox 3285 1921 3566 1990; x_wconf 86' lang='lat' dir='ltr'><strong>proprium</strong></span> 
     </span>
    </p>
   </div>
   <div class='ocr_carea' id='block_1_67' title="bbox 1988 2011 3566 2081">
    <p class='ocr_par' dir='ltr' id='par_1_67' title="bbox 1988 2011 3566 2081">
     <span class='ocr_line' id='line_1_68' title="bbox 1988 2011 3566 2081; baseline 0.002 -16"><span class='ocrx_word' id='word_1_522' title='bbox 1988 2011 2091 2067; x_wconf 90' lang='lat' dir='ltr'><strong>hoc</strong></span> <span class='ocrx_word' id='word_1_523' title='bbox 2144 2026 2281 2081; x_wconf 85' lang='lat' dir='ltr'><strong>opus</strong></span> <span class='ocrx_word' id='word_1_524' title='bbox 2338 2025 2458 2067; x_wconf 90' lang='lat' dir='ltr'><strong>esse</strong></span> <span class='ocrx_word' id='word_1_525' title='bbox 2507 2012 2708 2067; x_wconf 90' lang='lat' dir='ltr'><strong>dicitur</strong></span> <span class='ocrx_word' id='word_1_526' title='bbox 2764 2012 3063 2068; x_wconf 89' lang='lat' dir='ltr'><strong>accusandi</strong></span> <span class='ocrx_word' id='word_1_527' title='bbox 3121 2012 3373 2068; x_wconf 84' lang='lat' dir='ltr'><strong>fratres:</strong></span> <span class='ocrx_word' id='word_1_528' title='bbox 3424 2013 3566 2068; x_wconf 89' lang='lat' dir='ltr'><strong>unde</strong></span> 
     </span>
    </p>
   </div>
   <div class='ocr_carea' id='block_1_68' title="bbox 1990 2104 3564 2176">
    <p class='ocr_par' dir='ltr' id='par_1_68' title="bbox 1990 2104 3564 2176">
     <span class='ocr_line' id='line_1_69' title="bbox 1990 2104 3564 2176; baseline 0.001 -18"><span class='ocrx_word' id='word_1_529' title='bbox 1990 2115 2045 2159; x_wconf 91' lang='lat' dir='ltr'><strong>et</strong></span> <span class='ocrx_word' id='word_1_530' title='bbox 2092 2104 2207 2174; x_wconf 82' lang='lat'><strong>(58)</strong></span> <span class='ocrx_word' id='word_1_531' title='bbox 2255 2104 2501 2160; x_wconf 89' lang='lat' dir='ltr'><strong>diabolus</strong></span> <span class='ocrx_word' id='word_1_532' title='bbox 2538 2118 2570 2158; x_wconf 93' lang='lat' dir='ltr'><strong>a</strong></span> <span class='ocrx_word' id='word_1_533' title='bbox 2617 2104 2959 2161; x_wconf 90' lang='lat' dir='ltr'><strong>criminando</strong></span> <span class='ocrx_word' id='word_1_534' title='bbox 2990 2119 3187 2160; x_wconf 88' lang='lat' dir='ltr'><strong>nomen</strong></span> <span class='ocrx_word' id='word_1_535' title='bbox 3240 2106 3453 2176; x_wconf 84' lang='lat' dir='ltr'><strong>accepit</strong></span> <span class='ocrx_word' id='word_1_536' title='bbox 3476 2106 3564 2160; x_wconf 78' lang='lat'><strong>”:</strong></span> 
     </span>
    </p>
   </div>
   <div class='ocr_carea' id='block_1_69' title="bbox 1989 2194 3568 2269">
    <p class='ocr_par' dir='ltr' id='par_1_69' title="bbox 1989 2194 3568 2269">
     <span class='ocr_line' id='line_1_70' title="bbox 1989 2194 3568 2269; baseline 0 -18"><span class='ocrx_word' id='word_1_537' title='bbox 1989 2196 2148 2251; x_wconf 88' lang='lat' dir='ltr'><strong>simul</strong></span> <span class='ocrx_word' id='word_1_538' title='bbox 2198 2204 2254 2250; x_wconf 89' lang='lat' dir='ltr'><strong>et</strong></span> <span class='ocrx_word' id='word_1_539' title='bbox 2316 2196 2704 2252; x_wconf 89' lang='lat' dir='ltr'><strong>maledicorum</strong></span> <span class='ocrx_word' id='word_1_540' title='bbox 2762 2194 3087 2251; x_wconf 86' lang='lat' dir='ltr'><strong>sententiam</strong></span> <span class='ocrx_word' id='word_1_541' title='bbox 3145 2211 3265 2265; x_wconf 64' lang='lat' dir='ltr'><strong>quae</strong></span> <span class='ocrx_word' id='word_1_542' title='bbox 3313 2211 3342 2251; x_wconf 90' lang='lat' dir='ltr'><strong>a</strong></span> <span class='ocrx_word' id='word_1_543' title='bbox 3400 2212 3568 2269; x_wconf 85' lang='lat' dir='ltr'><strong>regno</strong></span> 
     </span>
    </p>
   </div>
   <div class='ocr_carea' id='block_1_70' title="bbox 1988 2286 3564 2373">
    <p class='ocr_par' dir='ltr' id='par_1_70' title="bbox 1988 2286 3564 2373">
     <span class='ocr_line' id='line_1_71' title="bbox 1988 2286 3564 2373; baseline 0.002 -33"><span class='ocrx_word' id='word_1_544' title='bbox 1988 2286 2108 2373; x_wconf 35' lang='lat' dir='ltr'><strong>Dei‘</strong></span> <span class='ocrx_word' id='word_1_545' title='bbox 2138 2296 2357 2355; x_wconf 83' lang='lat' dir='ltr'><strong>separat</strong></span> <span class='ocrx_word' id='word_1_546' title='bbox 2414 2302 2507 2343; x_wconf 92' lang='lat' dir='ltr'><strong>eos</strong></span> <span class='ocrx_word' id='word_1_547' title='bbox 2572 2289 2662 2358; x_wconf 91' lang='lat' dir='ltr'><strong>qui</strong></span> <span class='ocrx_word' id='word_1_548' title='bbox 2743 2287 2880 2343; x_wconf 89' lang='lat' dir='ltr'><strong>tales</strong></span> <span class='ocrx_word' id='word_1_549' title='bbox 2953 2296 3081 2343; x_wconf 89' lang='lat' dir='ltr'><strong>sunt</strong></span> <span class='ocrx_word' id='word_1_550' title='bbox 3130 2288 3176 2319; x_wconf 81' lang='grc'><strong>⁹⁶</strong></span> <span class='ocrx_word' id='word_1_551' title='bbox 3219 2328 3235 2352; x_wconf 89' lang='grc'><em>,</em></span> <span class='ocrx_word' id='word_1_552' title='bbox 3303 2287 3564 2344; x_wconf 88' lang='lat' dir='ltr'><strong>declina-</strong></span> 
     </span>
    </p>
   </div>
   <div class='ocr_carea' id='block_1_71' title="bbox 1986 2394 2125 2434">
    <p class='ocr_par' dir='ltr' id='par_1_71' title="bbox 1986 2394 2125 2434">
     <span class='ocr_line' id='line_1_72' title="bbox 1986 2394 2125 2434; baseline 0.014 -2"><span class='ocrx_word' id='word_1_553' title='bbox 1986 2394 2125 2434; x_wconf 91' lang='lat' dir='ltr'><strong>mus.</strong></span> 
     </span>
    </p>
   </div>
   <div class='ocr_carea' id='block_1_72' title="bbox 1592 2476 2094 2543">
    <p class='ocr_par' dir='ltr' id='par_1_72' title="bbox 1592 2476 2094 2543">
     <span class='ocr_line' id='line_1_73' title="bbox 1592 2476 2094 2543; baseline -0.002 -12"><span class='ocrx_word' id='word_1_554' title='bbox 1592 2479 1637 2509; x_wconf 72' lang='grc' dir='ltr'><strong>’θ</strong></span> <span class='ocrx_word' id='word_1_555' title='bbox 1682 2478 1695 2531; x_wconf 93' lang='grc' dir='ltr'><strong>Ι</strong></span> <span class='ocrx_word' id='word_1_556' title='bbox 1738 2476 1862 2534; x_wconf 89' lang='lat' dir='ltr'><strong>Cor.</strong></span> <span class='ocrx_word' id='word_1_557' title='bbox 1894 2493 1967 2543; x_wconf 81' lang='lat' dir='ltr'><strong>v1,</strong></span> <span class='ocrx_word' id='word_1_558' title='bbox 2007 2476 2094 2530; x_wconf 78' lang='lat' dir='ltr'><strong>l0.</strong></span> 
     </span>
    </p>
   </div>
   <div class='ocr_carea' id='block_1_73' title="bbox 1985 2629 3565 2703">
    <p class='ocr_par' dir='ltr' id='par_1_73' title="bbox 1985 2629 3565 2703">
     <span class='ocr_line' id='line_1_74' title="bbox 1985 2629 3565 2703; baseline 0.001 -18"><span class='ocrx_word' id='word_1_559' title='bbox 1985 2629 2280 2702; x_wconf 82' lang='lat' dir='ltr'><strong>criminosi]</strong></span> <span class='ocrx_word' id='word_1_560' title='bbox 2313 2632 2635 2695; x_wconf 86' lang='lat' dir='ltr'><strong>viderentur,</strong></span> <span class='ocrx_word' id='word_1_561' title='bbox 2678 2648 2839 2703; x_wconf 79' lang='lat' dir='ltr'><strong>neque</strong></span> <span class='ocrx_word' id='word_1_562' title='bbox 2866 2632 3212 2698; x_wconf 79' lang='lat' dir='ltr'><strong>simpliciores</strong></span> <span class='ocrx_word' id='word_1_563' title='bbox 3236 2648 3473 2703; x_wconf 79' lang='lat' dir='ltr'><strong>quosque</strong></span> <span class='ocrx_word' id='word_1_564' title='bbox 3497 2634 3565 2686; x_wconf 82' lang='lat' dir='ltr'><strong>ab</strong></span> 
     </span>
    </p>
   </div>
   <div class='ocr_carea' id='block_1_74' title="bbox 1983 2701 3567 2772">
    <p class='ocr_par' dir='ltr' id='par_1_74' title="bbox 1983 2701 3567 2772">
     <span class='ocr_line' id='line_1_75' title="bbox 1983 2701 3567 2772; baseline 0.001 -16"><span class='ocrx_word' id='word_1_565' title='bbox 1983 2704 2099 2772; x_wconf 79' lang='lat' dir='ltr'><strong>ejus</strong></span> <span class='ocrx_word' id='word_1_566' title='bbox 2147 2701 2369 2756; x_wconf 79' lang='lat' dir='ltr'><strong>lectione</strong></span> <span class='ocrx_word' id='word_1_567' title='bbox 2405 2704 2753 2756; x_wconf 70' lang='lat' dir='ltr'><strong>deterrerent.</strong></span> <span class='ocrx_word' id='word_1_568' title='bbox 2801 2701 2907 2772; x_wconf 79' lang='lat' dir='ltr'><strong>sed</strong></span> <span class='ocrx_word' id='word_1_569' title='bbox 2944 2718 3135 2757; x_wconf 85' lang='lat' dir='ltr'><strong>omnes</strong></span> <span class='ocrx_word' id='word_1_570' title='bbox 3182 2718 3312 2756; x_wconf 90' lang='lat' dir='ltr'><strong>mss.</strong></span> <span class='ocrx_word' id='word_1_571' title='bbox 3347 2701 3403 2757; x_wconf 81' lang='lat' dir='ltr'><strong>et</strong></span> <span class='ocrx_word' id='word_1_572' title='bbox 3438 2704 3567 2757; x_wconf 79' lang='lat' dir='ltr'><strong>Ilie-</strong></span> 
     </span>
    </p>
   </div>
   <div class='ocr_carea' id='block_1_75' title="bbox 1991 2771 3567 2844">
    <p class='ocr_par' dir='ltr' id='par_1_75' title="bbox 1991 2771 3567 2844">
     <span class='ocr_line' id='line_1_76' title="bbox 1991 2771 3567 2844; baseline 0.001 -17"><span class='ocrx_word' id='word_1_573' title='bbox 1991 2771 2251 2844; x_wconf 82' lang='lat' dir='ltr'><strong>ronymus</strong></span> <span class='ocrx_word' id='word_1_574' title='bbox 2297 2773 2393 2828; x_wconf 85' lang='lat' dir='ltr'><strong>lib.</strong></span> <span class='ocrx_word' id='word_1_575' title='bbox 2451 2788 2491 2827; x_wconf 93' lang='lat' dir='ltr'><strong>ll</strong></span> <span class='ocrx_word' id='word_1_576' title='bbox 2542 2775 2796 2826; x_wconf 80' lang='lat' dir='ltr'><strong>adversus</strong></span> <span class='ocrx_word' id='word_1_577' title='bbox 2830 2771 3101 2841; x_wconf 80' lang='lat' dir='ltr'><strong>Ruﬁnum,</strong></span> <span class='ocrx_word' id='word_1_578' title='bbox 3156 2783 3214 2827; x_wconf 89' lang='lat' dir='ltr'><strong>ut</strong></span> <span class='ocrx_word' id='word_1_579' title='bbox 3264 2774 3321 2827; x_wconf 88' lang='lat' dir='ltr'><strong>iu</strong></span> <span class='ocrx_word' id='word_1_580' title='bbox 3380 2784 3567 2829; x_wconf 87' lang='lat' dir='ltr'><strong>nostro</strong></span> 
     </span>
    </p>
   </div>
   <div class='ocr_carea' id='block_1_76' title="bbox 1994 2854 2163 2898">
    <p class='ocr_par' dir='ltr' id='par_1_76' title="bbox 1994 2854 2163 2898">
     <span class='ocr_line' id='line_1_77' title="bbox 1994 2854 2163 2898; baseline -0.006 -3"><span class='ocrx_word' id='word_1_581' title='bbox 1994 2854 2163 2898; x_wconf 78' lang='lat' dir='ltr'><strong>textu.</strong></span> 
     </span>
    </p>
   </div>
   <div class='ocr_carea' id='block_1_77' title="bbox 2058 2912 3565 2986">
    <p class='ocr_par' dir='ltr' id='par_1_77' title="bbox 2058 2912 3565 2986">
     <span class='ocr_line' id='line_1_78' title="bbox 2058 2912 3565 2986; baseline 0 -19"><span class='ocrx_word' id='word_1_582' title='bbox 2058 2914 2171 2986; x_wconf 65' lang='grc'>(54)</span> <span class='ocrx_word' id='word_1_583' title='bbox 2210 2914 2442 2986; x_wconf 74' lang='lat' dir='ltr'><strong>Denique</strong></span> <span class='ocrx_word' id='word_1_584' title='bbox 2468 2914 2684 2986; x_wconf 82' lang='lat' dir='ltr'><strong>quidam</strong></span> <span class='ocrx_word' id='word_1_585' title='bbox 2716 2930 2781 2967; x_wconf 80' lang='lat' dir='ltr'><strong>ea:</strong></span> <span class='ocrx_word' id='word_1_586' title='bbox 2808 2915 2959 2986; x_wconf 72' lang='lat' dir='ltr'><strong>ipsis,</strong></span> <span class='ocrx_word' id='word_1_587' title='bbox 2975 2912 3070 2986; x_wconf 84' lang='lat' dir='ltr'><strong>qui</strong></span> <span class='ocrx_word' id='word_1_588' title='bbox 3094 2929 3147 2965; x_wconf 83' lang='lat' dir='ltr'><strong>se</strong></span> <span class='ocrx_word' id='word_1_589' title='bbox 3175 2912 3565 2986; x_wconf 45' lang='grc' dir='ltr'><strong>φίας-φυσηθε-</strong></span> 
     </span>
    </p>
   </div>
   <div class='ocr_carea' id='block_1_78' title="bbox 1983 2983 3566 3054">
    <p class='ocr_par' dir='ltr' id='par_1_78' title="bbox 1983 2983 3566 3054">
     <span class='ocr_line' id='line_1_79' title="bbox 1983 2983 3566 3054; baseline 0 -18"><span class='ocrx_word' id='word_1_590' title='bbox 1983 2983 2207 3049; x_wconf 73' lang='lat' dir='ltr'><strong>lizunui,</strong></span> <span class='ocrx_word' id='word_1_591' title='bbox 2268 2995 2373 3039; x_wconf 89' lang='lat' dir='ltr'><strong>etc.</strong></span> <span class='ocrx_word' id='word_1_592' title='bbox 2418 2983 2801 3040; x_wconf 84' lang='lat' dir='ltr'><strong>Genebrardus</strong></span> <span class='ocrx_word' id='word_1_593' title='bbox 2838 2984 3147 3037; x_wconf 86' lang='lat' dir='ltr'><strong>crediderat</strong></span> <span class='ocrx_word' id='word_1_594' title='bbox 3173 2984 3259 3037; x_wconf 89' lang='lat' dir='ltr'><strong>hic</strong></span> <span class='ocrx_word' id='word_1_595' title='bbox 3290 2983 3566 3054; x_wconf 84' lang='lat' dir='ltr'><strong>Hierony—</strong></span> 
     </span>
    </p>
   </div>
   <div class='ocr_carea' id='block_1_79' title="bbox 1976 3054 3566 3124">
    <p class='ocr_par' dir='ltr' id='par_1_79' title="bbox 1976 3054 3566 3124">
     <span class='ocr_line' id='line_1_80' title="bbox 1976 3054 3566 3124; baseline 0.001 -18"><span class='ocrx_word' id='word_1_596' title='bbox 1976 3070 2121 3107; x_wconf 90' lang='lat' dir='ltr'><strong>mum</strong></span> <span class='ocrx_word' id='word_1_597' title='bbox 2161 3057 2335 3109; x_wconf 87' lang='lat' dir='ltr'><strong>uotari</strong></span> <span class='ocrx_word' id='word_1_598' title='bbox 2380 3073 2392 3109; x_wconf 94' lang='lat'><strong>:</strong></span> <span class='ocrx_word' id='word_1_599' title='bbox 2433 3072 2554 3124; x_wconf 75' lang='lat' dir='ltr'><strong>qua:</strong></span> <span class='ocrx_word' id='word_1_600' title='bbox 2581 3064 2762 3107; x_wconf 83' lang='lat' dir='ltr'><strong>tamen</strong></span> <span class='ocrx_word' id='word_1_601' title='bbox 2795 3057 2957 3108; x_wconf 90' lang='lat' dir='ltr'><strong>verba</strong></span> <span class='ocrx_word' id='word_1_602' title='bbox 2990 3054 3054 3106; x_wconf 87' lang='lat' dir='ltr'><strong>ad</strong></span> <span class='ocrx_word' id='word_1_603' title='bbox 3086 3055 3301 3107; x_wconf 86' lang='lat' dir='ltr'><strong>beatum</strong></span> <span class='ocrx_word' id='word_1_604' title='bbox 3330 3054 3566 3123; x_wconf 84' lang='lat' dir='ltr'><strong>Epipha-</strong></span> 
     </span>
    </p>
   </div>
   <div class='ocr_carea' id='block_1_80' title="bbox 1976 3125 3564 3194">
    <p class='ocr_par' dir='ltr' id='par_1_80' title="bbox 1976 3125 3564 3194">
     <span class='ocr_line' id='line_1_81' title="bbox 1976 3125 3564 3194; baseline 0.002 -18"><span class='ocrx_word' id='word_1_605' title='bbox 1976 3125 2123 3177; x_wconf 91' lang='lat' dir='ltr'><strong>nium</strong></span> <span class='ocrx_word' id='word_1_606' title='bbox 2156 3134 2424 3194; x_wconf 87' lang='lat' dir='ltr'><strong>spectant,</strong></span> <span class='ocrx_word' id='word_1_607' title='bbox 2477 3127 2617 3179; x_wconf 90' lang='lat' dir='ltr'><strong>sicut</strong></span> <span class='ocrx_word' id='word_1_608' title='bbox 2648 3125 2699 3177; x_wconf 91' lang='lat' dir='ltr'><strong>in</strong></span> <span class='ocrx_word' id='word_1_609' title='bbox 2744 3125 3011 3193; x_wconf 91' lang='lat' dir='ltr'><strong>superiori</strong></span> <span class='ocrx_word' id='word_1_610' title='bbox 3066 3127 3564 3194; x_wconf 15' lang='lat' dir='ltr'><strong>notuiostenditur</strong></span> 
     </span>
    </p>
   </div>
   <div class='ocr_carea' id='block_1_81' title="bbox 1973 3192 3566 3265">
    <p class='ocr_par' dir='ltr' id='par_1_81' title="bbox 1973 3192 3566 3265">
     <span class='ocr_line' id='line_1_82' title="bbox 1973 3192 3566 3265; baseline 0.002 -20"><span class='ocrx_word' id='word_1_611' title='bbox 1973 3208 2037 3265; x_wconf 72' lang='lat' dir='ltr'><strong>ex</strong></span> <span class='ocrx_word' id='word_1_612' title='bbox 2074 3192 2548 3265; x_wconf 29' lang='lat' dir='ltr'><strong>ipso’Hieronymo</strong></span> <span class='ocrx_word' id='word_1_613' title='bbox 2578 3193 2682 3265; x_wconf 89' lang='lat' dir='ltr'><strong>lib.</strong></span> <span class='ocrx_word' id='word_1_614' title='bbox 2735 3210 2770 3248; x_wconf 91' lang='grc' dir='ltr'><strong>ιι</strong></span> <span class='ocrx_word' id='word_1_615' title='bbox 2814 3192 3071 3248; x_wconf 78' lang='lat' dir='ltr'><strong>adversus</strong></span> <span class='ocrx_word' id='word_1_616' title='bbox 3106 3192 3383 3260; x_wconf 83' lang='lat' dir='ltr'><strong>Ruﬁnum.</strong></span> <span class='ocrx_word' id='word_1_617' title='bbox 3418 3193 3566 3265; x_wconf 77' lang='lat' dir='ltr'><strong>Idem</strong></span> 
     </span>
    </p>
   </div>
   <div class='ocr_carea' id='block_1_82' title="bbox 1974 3263 3568 3336">
    <p class='ocr_par' dir='ltr' id='par_1_82' title="bbox 1974 3263 3568 3336">
     <span class='ocr_line' id='line_1_83' title="bbox 1974 3263 3568 3336; baseline 0.001 -19"><span class='ocrx_word' id='word_1_618' title='bbox 1974 3263 2335 3336; x_wconf 88' lang='lat' dir='ltr'><strong>Hieronymus</strong></span> <span class='ocrx_word' id='word_1_619' title='bbox 2357 3263 2542 3319; x_wconf 83' lang='lat' dir='ltr'><strong>eodem</strong></span> <span class='ocrx_word' id='word_1_620' title='bbox 2575 3264 2669 3317; x_wconf 92' lang='lat' dir='ltr'><strong>lib.</strong></span> <span class='ocrx_word' id='word_1_621' title='bbox 2698 3280 2758 3336; x_wconf 84' lang='lat' dir='ltr'><strong>li,</strong></span> <span class='ocrx_word' id='word_1_622' title='bbox 2798 3265 2957 3333; x_wconf 86' lang='lat' dir='ltr'><strong>paulo</strong></span> <span class='ocrx_word' id='word_1_623' title='bbox 2982 3279 3143 3336; x_wconf 87' lang='lat' dir='ltr'><strong>supra</strong></span> <span class='ocrx_word' id='word_1_624' title='bbox 3168 3265 3417 3336; x_wconf 75' lang='lat' dir='ltr'><strong>dixerat:</strong></span> <span class='ocrx_word' id='word_1_625' title='bbox 3446 3264 3568 3336; x_wconf 72' lang='lat' dir='ltr'><strong>tNe</strong></span> 
     </span>
    </p>
   </div>
   <div class='ocr_carea' id='block_1_83' title="bbox 1977 3334 3565 3404">
    <p class='ocr_par' dir='ltr' id='par_1_83' title="bbox 1977 3334 3565 3404">
     <span class='ocr_line' id='line_1_84' title="bbox 1977 3334 3565 3404; baseline 0.001 -17"><span class='ocrx_word' id='word_1_626' title='bbox 1977 3350 2067 3387; x_wconf 91' lang='lat' dir='ltr'><strong>me</strong></span> <span class='ocrx_word' id='word_1_627' title='bbox 2096 3334 2275 3389; x_wconf 81' lang='lat' dir='ltr'><strong>mittas</strong></span> <span class='ocrx_word' id='word_1_628' title='bbox 2306 3337 2370 3389; x_wconf 88' lang='lat' dir='ltr'><strong>ad</strong></span> <span class='ocrx_word' id='word_1_629' title='bbox 2404 3350 2496 3390; x_wconf 84' lang='lat' dir='ltr'><strong>sex</strong></span> <span class='ocrx_word' id='word_1_630' title='bbox 2531 3336 2694 3388; x_wconf 90' lang='lat' dir='ltr'><strong>millia</strong></span> <span class='ocrx_word' id='word_1_631' title='bbox 2725 3335 2983 3389; x_wconf 86' lang='lat' dir='ltr'><strong>librorum</strong></span> <span class='ocrx_word' id='word_1_632' title='bbox 3026 3334 3164 3402; x_wconf 88' lang='lat' dir='ltr'><strong>ejus,</strong></span> <span class='ocrx_word' id='word_1_633' title='bbox 3189 3349 3327 3403; x_wconf 84' lang='lat' dir='ltr'><strong>quos</strong></span> <span class='ocrx_word' id='word_1_634' title='bbox 3357 3334 3565 3404; x_wconf 87' lang='lat' dir='ltr'><strong>legisse</strong></span> 
     </span>
    </p>
   </div>
   <div class='ocr_carea' id='block_1_84' title="bbox 1981 3404 3566 3476">
    <p class='ocr_par' dir='ltr' id='par_1_84' title="bbox 1981 3404 3566 3476">
     <span class='ocr_line' id='line_1_85' title="bbox 1981 3404 3566 3476; baseline 0.001 -18"><span class='ocrx_word' id='word_1_635' title='bbox 1981 3405 2199 3458; x_wconf 89' lang='lat' dir='ltr'><strong>beatum</strong></span> <span class='ocrx_word' id='word_1_636' title='bbox 2231 3407 2592 3476; x_wconf 83' lang='lat' dir='ltr'><strong>Epiphanium</strong></span> <span class='ocrx_word' id='word_1_637' title='bbox 2628 3406 2965 3459; x_wconf 87' lang='lat' dir='ltr'><strong>criminaris:</strong></span> <span class='ocrx_word' id='word_1_638' title='bbox 3015 3405 3108 3458; x_wconf 90' lang='lat' dir='ltr'><strong>sed</strong></span> <span class='ocrx_word' id='word_1_639' title='bbox 3152 3404 3267 3474; x_wconf 87' lang='lat' dir='ltr'><strong>ipsa</strong></span> <span class='ocrx_word' id='word_1_640' title='bbox 3302 3405 3417 3458; x_wconf 88' lang='lat' dir='ltr'><strong>loca</strong></span> <span class='ocrx_word' id='word_1_641' title='bbox 3464 3420 3566 3459; x_wconf 84' lang='lat' dir='ltr'><strong>no—</strong></span> 
     </span>
    </p>
   </div>
   <div class='ocr_carea' id='block_1_85' title="bbox 1984 3476 3557 3544">
    <p class='ocr_par' dir='ltr' id='par_1_85' title="bbox 1984 3476 3557 3544">
     <span class='ocr_line' id='line_1_86' title="bbox 1984 3476 3557 3544; baseline 0.002 -18"><span class='ocrx_word' id='word_1_642' title='bbox 1984 3477 2151 3538; x_wconf 88' lang='lat' dir='ltr'><strong>mina,</strong></span> <span class='ocrx_word' id='word_1_643' title='bbox 2180 3496 2199 3528; x_wconf 76' lang='grc' dir='ltr'><strong>ι</strong></span> <span class='ocrx_word' id='word_1_644' title='bbox 2222 3486 2326 3531; x_wconf 91' lang='lat' dir='ltr'><strong>etc.</strong></span> <span class='ocrx_word' id='word_1_645' title='bbox 2350 3478 2411 3530; x_wconf 85' lang='lat' dir='ltr'><strong>Et</strong></span> <span class='ocrx_word' id='word_1_646' title='bbox 2449 3477 2540 3530; x_wconf 90' lang='lat' dir='ltr'><strong>lib.</strong></span> <span class='ocrx_word' id='word_1_647' title='bbox 2565 3490 2623 3529; x_wconf 89' lang='grc' dir='ltr'><strong>ιιι</strong></span> <span class='ocrx_word' id='word_1_648' title='bbox 2652 3492 2665 3528; x_wconf 92' lang='lat'>:</span> <span class='ocrx_word' id='word_1_649' title='bbox 2691 3495 2708 3526; x_wconf 75' lang='grc' dir='ltr'><strong>ι</strong></span> <span class='ocrx_word' id='word_1_650' title='bbox 2740 3476 3021 3544; x_wconf 89' lang='lat' dir='ltr'><strong>Simulque</strong></span> <span class='ocrx_word' id='word_1_651' title='bbox 3042 3476 3211 3528; x_wconf 88' lang='lat' dir='ltr'><strong>risum</strong></span> <span class='ocrx_word' id='word_1_652' title='bbox 3238 3484 3422 3529; x_wconf 87' lang='lat' dir='ltr'><strong>tenere</strong></span> <span class='ocrx_word' id='word_1_653' title='bbox 3448 3490 3557 3529; x_wconf 91' lang='lat' dir='ltr'><strong>non</strong></span> 
     </span>
    </p>
   </div>
   <div class='ocr_carea' id='block_1_86' title="bbox 1982 3545 3560 3666">
    <p class='ocr_par' dir='ltr' id='par_1_86' title="bbox 1982 3545 3560 3666">
     <span class='ocr_line' id='line_1_87' title="bbox 1982 3545 3560 3666; baseline 0.003 -70"><span class='ocrx_word' id='word_1_654' title='bbox 1982 3560 2223 3666; x_wconf 68' lang='lat' dir='ltr'><strong>russum,</strong></span> <span class='ocrx_word' id='word_1_655' title='bbox 2260 3548 2402 3614; x_wconf 88' lang='lat' dir='ltr'><strong>quod</strong></span> <span class='ocrx_word' id='word_1_656' title='bbox 2452 3562 2481 3599; x_wconf 90' lang='lat' dir='ltr'><strong>a</strong></span> <span class='ocrx_word' id='word_1_657' title='bbox 2507 3547 2745 3615; x_wconf 89' lang='lat' dir='ltr'><strong>quodam</strong></span> <span class='ocrx_word' id='word_1_658' title='bbox 2787 3548 3052 3614; x_wconf 88' lang='lat' dir='ltr'><strong>prudente</strong></span> <span class='ocrx_word' id='word_1_659' title='bbox 3084 3545 3470 3608; x_wconf 90' lang='lat' dir='ltr'><strong>commonitus,</strong></span> <span class='ocrx_word' id='word_1_660' title='bbox 3503 3547 3560 3600; x_wconf 88' lang='lat' dir='ltr'><strong>in</strong></span> 
     </span>
     <span class='ocr_line' id='line_1_88' title="bbox 2005 3615 3560 3666; baseline 0 0"><span class='ocrx_word' id='word_1_661' title='bbox 2005 3618 2171 3666; x_wconf 83' lang='lat' dir='ltr'><strong>audes</strong></span> <span class='ocrx_word' id='word_1_662' title='bbox 2229 3616 2514 3666; x_wconf 86' lang='lat' dir='ltr'><strong>Eninhanii</strong></span> <span class='ocrx_word' id='word_1_663' title='bbox 2575 3630 2861 3666; x_wconf 78' lang='lat' dir='ltr'><strong>uersanas.</strong></span> <span class='ocrx_word' id='word_1_664' title='bbox 2929 3615 3030 3666; x_wconf 87' lang='lat' dir='ltr'><strong>Hic</strong></span> <span class='ocrx_word' id='word_1_665' title='bbox 3077 3624 3160 3666; x_wconf 84' lang='lat' dir='ltr'><strong>est</strong></span> <span class='ocrx_word' id='word_1_666' title='bbox 3211 3615 3299 3666; x_wconf 87' lang='lat' dir='ltr'><strong>ille</strong></span> <span class='ocrx_word' id='word_1_667' title='bbox 3356 3616 3560 3666; x_wconf 88' lang='lat' dir='ltr'><strong>delirus</strong></span> 
     </span>
    </p>
   </div>
   <div class='ocr_carea' id='block_1_87' title="bbox 2005 3615 3567 3688">
    <p class='ocr_par' dir='ltr' id='par_1_87' title="bbox 2005 3615 3567 3688">
     <span class='ocr_line' id='line_1_89' title="bbox 2005 3615 3567 3688; baseline 0.003 -22"><span class='ocrx_word' id='word_1_668' title='bbox 2005 3618 2171 3671; x_wconf 84' lang='lat' dir='ltr'><strong>audes</strong></span> <span class='ocrx_word' id='word_1_669' title='bbox 2208 3616 2515 3688; x_wconf 79' lang='lat' dir='ltr'><strong>Epiphanii</strong></span> <span class='ocrx_word' id='word_1_670' title='bbox 2575 3630 2893 3688; x_wconf 46' lang='lat' dir='ltr'><strong>pcrsOnas,</strong></span> <span class='ocrx_word' id='word_1_671' title='bbox 2929 3615 3160 3688; x_wconf 79' lang='lat' dir='ltr'><strong>Hic_cst</strong></span> <span class='ocrx_word' id='word_1_672' title='bbox 3211 3615 3299 3688; x_wconf 90' lang='lat' dir='ltr'><strong>ille</strong></span> <span class='ocrx_word' id='word_1_673' title='bbox 3356 3616 3567 3688; x_wconf 75' lang='lat' dir='ltr'><strong>delirus</strong></span> 
     </span>
    </p>
   </div>
   <div class='ocr_carea' id='block_1_88' title="bbox 1983 3685 3564 3755">
    <p class='ocr_par' dir='ltr' id='par_1_88' title="bbox 1983 3685 3564 3755">
     <span class='ocr_line' id='line_1_90' title="bbox 1983 3685 3564 3755; baseline 0.002 -17"><span class='ocrx_word' id='word_1_674' title='bbox 1983 3700 2146 3740; x_wconf 81' lang='lat' dir='ltr'><strong>senex</strong></span> <span class='ocrx_word' id='word_1_675' title='bbox 2167 3705 2182 3746; x_wconf 82' lang='lat'><strong>;</strong></span> <span class='ocrx_word' id='word_1_676' title='bbox 2205 3685 2292 3741; x_wconf 90' lang='lat' dir='ltr'><strong>hic</strong></span> <span class='ocrx_word' id='word_1_677' title='bbox 2313 3685 2396 3741; x_wconf 80' lang='lat' dir='ltr'><strong>est</strong></span> <span class='ocrx_word' id='word_1_678' title='bbox 2414 3687 3008 3755; x_wconf 86' lang='lat' dir='ltr'><strong>anthropomorphites,</strong></span> <span class='ocrx_word' id='word_1_679' title='bbox 3039 3685 3129 3739; x_wconf 88' lang='lat' dir='ltr'><strong>hic</strong></span> <span class='ocrx_word' id='word_1_680' title='bbox 3149 3687 3241 3751; x_wconf 89' lang='lat' dir='ltr'><strong>qui</strong></span> <span class='ocrx_word' id='word_1_681' title='bbox 3268 3700 3361 3740; x_wconf 86' lang='lat' dir='ltr'><strong>sex</strong></span> <span class='ocrx_word' id='word_1_682' title='bbox 3392 3686 3564 3741; x_wconf 87' lang='lat' dir='ltr'><strong>millia</strong></span> 
     </span>
    </p>
   </div>
   <div class='ocr_carea' id='block_1_89' title="bbox 1983 3755 3564 3826">
    <p class='ocr_par' dir='ltr' id='par_1_89' title="bbox 1983 3755 3564 3826">
     <span class='ocr_line' id='line_1_91' title="bbox 1983 3755 3564 3826; baseline 0.001 -17"><span class='ocrx_word' id='word_1_683' title='bbox 1983 3756 2237 3825; x_wconf 85' lang='lat' dir='ltr'><strong>Origenis</strong></span> <span class='ocrx_word' id='word_1_684' title='bbox 2273 3757 2441 3813; x_wconf 91' lang='lat' dir='ltr'><strong>libros</strong></span> <span class='ocrx_word' id='word_1_685' title='bbox 2471 3767 2523 3811; x_wconf 91' lang='lat' dir='ltr'><strong>te</strong></span> <span class='ocrx_word' id='word_1_686' title='bbox 2552 3766 2822 3826; x_wconf 72' lang='lat' dir='ltr'><strong>praesente</strong></span> <span class='ocrx_word' id='word_1_687' title='bbox 2861 3757 3137 3821; x_wconf 84' lang='lat' dir='ltr'><strong>cantavit;</strong></span> <span class='ocrx_word' id='word_1_688' title='bbox 3193 3755 3285 3823; x_wconf 93' lang='lat' dir='ltr'><strong>qui</strong></span> <span class='ocrx_word' id='word_1_689' title='bbox 3314 3756 3564 3826; x_wconf 89' lang='lat' dir='ltr'><strong>omnium</strong></span> 
     </span>
    </p>
   </div>
   <div class='ocr_carea' id='block_1_90' title="bbox 1984 3825 3564 3897">
    <p class='ocr_par' dir='ltr' id='par_1_90' title="bbox 1984 3825 3564 3897">
     <span class='ocr_line' id='line_1_92' title="bbox 1984 3825 3564 3897; baseline 0 -18"><span class='ocrx_word' id='word_1_690' title='bbox 1984 3829 2222 3897; x_wconf 84' lang='lat' dir='ltr'><strong>gentium</strong></span> <span class='ocrx_word' id='word_1_691' title='bbox 2260 3828 2453 3895; x_wconf 88' lang='lat' dir='ltr'><strong>linguis</strong></span> <span class='ocrx_word' id='word_1_692' title='bbox 2489 3825 2931 3895; x_wconf 60' lang='lat' dir='ltr'><strong>praedicationem</strong></span> <span class='ocrx_word' id='word_1_693' title='bbox 2980 3827 3084 3880; x_wconf 91' lang='lat' dir='ltr'><strong>sibi</strong></span> <span class='ocrx_word' id='word_1_694' title='bbox 3130 3837 3318 3897; x_wconf 86' lang='lat' dir='ltr'><strong>contra</strong></span> <span class='ocrx_word' id='word_1_695' title='bbox 3369 3825 3564 3895; x_wconf 86' lang='lat' dir='ltr'><strong>Orige-</strong></span> 
     </span>
    </p>
   </div>
   <div class='ocr_carea' id='block_1_91' title="bbox 1985 3896 3567 3966">
    <p class='ocr_par' dir='ltr' id='par_1_91' title="bbox 1985 3896 3567 3966">
     <span class='ocr_line' id='line_1_93' title="bbox 1985 3896 3567 3966; baseline 0 -17"><span class='ocrx_word' id='word_1_696' title='bbox 1985 3896 2105 3950; x_wconf 82' lang='lat' dir='ltr'><strong>iiem</strong></span> <span class='ocrx_word' id='word_1_697' title='bbox 2138 3898 2431 3965; x_wconf 90' lang='lat' dir='ltr'><strong>injunctam</strong></span> <span class='ocrx_word' id='word_1_698' title='bbox 2475 3906 2661 3966; x_wconf 88' lang='lat' dir='ltr'><strong>putat;</strong></span> <span class='ocrx_word' id='word_1_699' title='bbox 2706 3897 2799 3962; x_wconf 80' lang='lat' dir='ltr'><strong>qui</strong></span> <span class='ocrx_word' id='word_1_700' title='bbox 2852 3897 2971 3951; x_wconf 89' lang='lat' dir='ltr'><strong>ideo</strong></span> <span class='ocrx_word' id='word_1_701' title='bbox 2996 3912 3118 3950; x_wconf 89' lang='lat' dir='ltr'><strong>eum</strong></span> <span class='ocrx_word' id='word_1_702' title='bbox 3147 3896 3248 3965; x_wconf 91' lang='lat' dir='ltr'><strong>legi</strong></span> <span class='ocrx_word' id='word_1_703' title='bbox 3284 3898 3567 3964; x_wconf 83' lang='lat' dir='ltr'><strong>prohibet,</strong></span> 
     </span>
    </p>
   </div>
   <div class='ocr_carea' id='block_1_92' title="bbox 1983 3968 3074 4035">
    <p class='ocr_par' dir='ltr' id='par_1_92' title="bbox 1983 3968 3074 4035">
     <span class='ocr_line' id='line_1_94' title="bbox 1983 3968 3074 4035; baseline -0.001 -15"><span class='ocrx_word' id='word_1_704' title='bbox 1983 3984 2051 4021; x_wconf 91' lang='lat' dir='ltr'><strong>ue</strong></span> <span class='ocrx_word' id='word_1_705' title='bbox 2081 3968 2169 4020; x_wconf 88' lang='lat' dir='ltr'><strong>alii</strong></span> <span class='ocrx_word' id='word_1_706' title='bbox 2200 3971 2315 4031; x_wconf 89' lang='lat' dir='ltr'><strong>ejus</strong></span> <span class='ocrx_word' id='word_1_707' title='bbox 2340 3968 2479 4022; x_wconf 79' lang='lat' dir='ltr'><strong>furta</strong></span> <span class='ocrx_word' id='word_1_708' title='bbox 2510 3975 2864 4035; x_wconf 83' lang='lat' dir='ltr'><strong>cognoscant,</strong></span> <span class='ocrx_word' id='word_1_709' title='bbox 2916 3985 2935 4017; x_wconf 69' lang='grc' dir='ltr'><strong>ι</strong></span> <span class='ocrx_word' id='word_1_710' title='bbox 2969 3978 3074 4020; x_wconf 89' lang='lat' dir='ltr'><strong>etc.</strong></span> 
     </span>
    </p>
   </div>
   <div class='ocr_carea' id='block_1_93' title="bbox 2055 4036 3567 4107">
    <p class='ocr_par' dir='ltr' id='par_1_93' title="bbox 2055 4036 3567 4107">
     <span class='ocr_line' id='line_1_95' title="bbox 2055 4036 3567 4107; baseline 0 -18"><span class='ocrx_word' id='word_1_711' title='bbox 2055 4036 2167 4107; x_wconf 79' lang='grc'>(55)</span> <span class='ocrx_word' id='word_1_712' title='bbox 2201 4038 2366 4102; x_wconf 87' lang='lat' dir='ltr'><strong>Editi,</strong></span> <span class='ocrx_word' id='word_1_713' title='bbox 2394 4037 2531 4090; x_wconf 87' lang='lat' dir='ltr'><strong>male</strong></span> <span class='ocrx_word' id='word_1_714' title='bbox 2575 4037 2819 4106; x_wconf 83' lang='lat' dir='ltr'><strong>loquens.</strong></span> <span class='ocrx_word' id='word_1_715' title='bbox 2853 4036 3021 4090; x_wconf 90' lang='lat' dir='ltr'><strong>Paulo</strong></span> <span class='ocrx_word' id='word_1_716' title='bbox 3048 4044 3187 4105; x_wconf 87' lang='lat' dir='ltr'><strong>post,</strong></span> <span class='ocrx_word' id='word_1_717' title='bbox 3234 4053 3330 4102; x_wconf 86' lang='lat' dir='ltr'><strong>pro</strong></span> <span class='ocrx_word' id='word_1_718' title='bbox 3368 4052 3567 4106; x_wconf 85' lang='lat' dir='ltr'><strong>cogno-</strong></span> 
     </span>
    </p>
   </div>
   <div class='ocr_carea' id='block_1_94' title="bbox 1989 4108 3568 4176">
    <p class='ocr_par' dir='ltr' id='par_1_94' title="bbox 1989 4108 3568 4176">
     <span class='ocr_line' id='line_1_96' title="bbox 1989 4108 3568 4176; baseline 0.001 -17"><span class='ocrx_word' id='word_1_719' title='bbox 1989 4111 2197 4161; x_wconf 83' lang='lat' dir='ltr'><strong>scendis</strong></span> <span class='ocrx_word' id='word_1_720' title='bbox 2232 4109 2387 4161; x_wconf 82' lang='lat' dir='ltr'><strong>malis</strong></span> <span class='ocrx_word' id='word_1_721' title='bbox 2415 4111 2531 4176; x_wconf 82' lang='lat' dir='ltr'><strong>ejus</strong></span> <span class='ocrx_word' id='word_1_722' title='bbox 2565 4109 2705 4175; x_wconf 84' lang='lat' dir='ltr'><strong>ipsos</strong></span> <span class='ocrx_word' id='word_1_723' title='bbox 2744 4108 3036 4176; x_wconf 86' lang='lat' dir='ltr'><strong>legebat....</strong></span> <span class='ocrx_word' id='word_1_724' title='bbox 3063 4122 3155 4159; x_wconf 75' lang='lat' dir='ltr'><strong>sea:</strong></span> <span class='ocrx_word' id='word_1_725' title='bbox 3185 4108 3351 4159; x_wconf 82' lang='lat' dir='ltr'><strong>millia</strong></span> <span class='ocrx_word' id='word_1_726' title='bbox 3386 4117 3568 4160; x_wconf 86' lang='lat' dir='ltr'><strong>autem</strong></span> 
     </span>
    </p>
   </div>
   <div class='ocr_carea' id='block_1_95' title="bbox 1986 4176 3564 4249">
    <p class='ocr_par' dir='ltr' id='par_1_95' title="bbox 1986 4176 3564 4249">
     <span class='ocr_line' id='line_1_97' title="bbox 1986 4176 3564 4249; baseline 0.001 -22"><span class='ocrx_word' id='word_1_727' title='bbox 1986 4179 2241 4231; x_wconf 83' lang='lat' dir='ltr'><strong>librorum</strong></span> <span class='ocrx_word' id='word_1_728' title='bbox 2271 4180 2457 4249; x_wconf 87' lang='lat' dir='ltr'><strong>legere.</strong></span> <span class='ocrx_word' id='word_1_729' title='bbox 2483 4178 2685 4233; x_wconf 91' lang='lat' dir='ltr'><strong>Omnes</strong></span> <span class='ocrx_word' id='word_1_730' title='bbox 2715 4192 2844 4249; x_wconf 66' lang='lat' dir='ltr'><strong>vero</strong></span> <span class='ocrx_word' id='word_1_731' title='bbox 2884 4192 3015 4231; x_wconf 89' lang='lat' dir='ltr'><strong>mss.</strong></span> <span class='ocrx_word' id='word_1_732' title='bbox 3050 4178 3247 4249; x_wconf 82' lang='lat' dir='ltr'><strong>nostri,</strong></span> <span class='ocrx_word' id='word_1_733' title='bbox 3282 4187 3335 4230; x_wconf 91' lang='lat' dir='ltr'><strong>et</strong></span> <span class='ocrx_word' id='word_1_734' title='bbox 3368 4176 3564 4249; x_wconf 41' lang='lat' dir='ltr'><strong>Hieroe</strong></span> 
     </span>
    </p>
   </div>
   <div class='ocr_carea' id='block_1_96' title="bbox 1989 4246 3565 4316">
    <p class='ocr_par' dir='ltr' id='par_1_96' title="bbox 1989 4246 3565 4316">
     <span class='ocr_line' id='line_1_98' title="bbox 1989 4246 3565 4316; baseline 0.001 -17"><span class='ocrx_word' id='word_1_735' title='bbox 1989 4263 2184 4316; x_wconf 84' lang='lat' dir='ltr'><strong>nymus</strong></span> <span class='ocrx_word' id='word_1_736' title='bbox 2220 4246 2380 4303; x_wconf 52' lang='lat' dir='ltr'><strong>libftt</strong></span> <span class='ocrx_word' id='word_1_737' title='bbox 2414 4249 2663 4301; x_wconf 76' lang='lat' dir='ltr'><strong>adversus</strong></span> <span class='ocrx_word' id='word_1_738' title='bbox 2707 4246 2981 4316; x_wconf 83' lang='lat' dir='ltr'><strong>Ruﬁnum,</strong></span> <span class='ocrx_word' id='word_1_739' title='bbox 3019 4256 3078 4299; x_wconf 92' lang='lat' dir='ltr'><strong>ut</strong></span> <span class='ocrx_word' id='word_1_740' title='bbox 3117 4247 3169 4299; x_wconf 91' lang='lat' dir='ltr'><strong>in</strong></span> <span class='ocrx_word' id='word_1_741' title='bbox 3229 4255 3400 4312; x_wconf 87' lang='lat' dir='ltr'><strong>textu,</strong></span> <span class='ocrx_word' id='word_1_742' title='bbox 3462 4248 3565 4300; x_wconf 84' lang='lat' dir='ltr'><strong>nisi</strong></span> 
     </span>
    </p>
   </div>
   <div class='ocr_carea' id='block_1_97' title="bbox 306 4317 3566 4389">
    <p class='ocr_par' dir='ltr' id='par_1_97' title="bbox 306 4317 3566 4389">
     <span class='ocr_line' id='line_1_99' title="bbox 306 4317 3566 4389; baseline -0.002 -16"><span class='ocrx_word' id='word_1_743' title='bbox 306 4317 362 4373; x_wconf 74' lang='lat' dir='ltr'><strong>et</strong></span> <span class='ocrx_word' id='word_1_744' title='bbox 393 4322 460 4375; x_wconf 89' lang='lat' dir='ltr'><strong>ab</strong></span> <span class='ocrx_word' id='word_1_745' title='bbox 496 4320 721 4376; x_wconf 88' lang='lat' dir='ltr'><strong>infantia</strong></span> <span class='ocrx_word' id='word_1_746' title='bbox 762 4317 935 4377; x_wconf 79' lang='lat' dir='ltr'><strong>sacris</strong></span> <span class='ocrx_word' id='word_1_747' title='bbox 964 4323 1159 4376; x_wconf 87' lang='lat' dir='ltr'><strong>litteris</strong></span> <span class='ocrx_word' id='word_1_748' title='bbox 1188 4323 1489 4385; x_wconf 91' lang='lat' dir='ltr'><strong>institutus,</strong></span> <span class='ocrx_word' id='word_1_749' title='bbox 1524 4338 1619 4389; x_wconf 89' lang='lat' dir='ltr'><strong>pro</strong></span> <span class='ocrx_word' id='word_1_750' title='bbox 1642 4321 1879 4375; x_wconf 79' lang='lat' dir='ltr'><strong>Curiosi-</strong></span> <span class='ocrx_word' id='word_1_751' title='bbox 1910 4321 1959 4380; x_wconf 91' lang='lat' dir='ltr'><strong>D</strong></span> <span class='ocrx_word' id='word_1_752' title='bbox 1986 4318 2131 4389; x_wconf 88' lang='lat' dir='ltr'><strong>quod</strong></span> <span class='ocrx_word' id='word_1_753' title='bbox 2166 4320 2525 4388; x_wconf 86' lang='lat' dir='ltr'><strong>Hieronymus</strong></span> <span class='ocrx_word' id='word_1_754' title='bbox 2555 4319 2756 4372; x_wconf 85' lang='lat' dir='ltr'><strong>habeat</strong></span> <span class='ocrx_word' id='word_1_755' title='bbox 2782 4320 2944 4371; x_wconf 87' lang='lat' dir='ltr'><strong>etiam</strong></span> <span class='ocrx_word' id='word_1_756' title='bbox 2964 4359 2979 4383; x_wconf 91' lang='lat'><strong>,</strong></span> <span class='ocrx_word' id='word_1_757' title='bbox 3028 4333 3120 4371; x_wconf 76' lang='lat' dir='ltr'><strong>sea:</strong></span> <span class='ocrx_word' id='word_1_758' title='bbox 3168 4317 3340 4369; x_wconf 80' lang='lat' dir='ltr'><strong>millia</strong></span> <span class='ocrx_word' id='word_1_759' title='bbox 3386 4328 3566 4370; x_wconf 87' lang='lat' dir='ltr'><strong>autem</strong></span> 
     </span>
    </p>
   </div>
   <div class='ocr_carea' id='block_1_98' title="bbox 309 4391 1875 4462">
    <p class='ocr_par' dir='ltr' id='par_1_98' title="bbox 309 4391 1875 4462">
     <span class='ocr_line' id='line_1_100' title="bbox 309 4391 1875 4462; baseline 0 -20"><span class='ocrx_word' id='word_1_760' title='bbox 309 4396 421 4462; x_wconf 88' lang='lat' dir='ltr'><strong>tate</strong></span> <span class='ocrx_word' id='word_1_761' title='bbox 447 4400 499 4445; x_wconf 89' lang='lat' dir='ltr'><strong>ct</strong></span> <span class='ocrx_word' id='word_1_762' title='bbox 534 4391 760 4447; x_wconf 88' lang='lat' dir='ltr'><strong>scientia</strong></span> <span class='ocrx_word' id='word_1_763' title='bbox 797 4392 1015 4462; x_wconf 86' lang='lat' dir='ltr'><strong>legisset</strong></span> <span class='ocrx_word' id='word_1_764' title='bbox 1041 4397 1239 4445; x_wconf 88' lang='lat' dir='ltr'><strong>aliena.</strong></span> <span class='ocrx_word' id='word_1_765' title='bbox 1270 4392 1423 4457; x_wconf 90' lang='lat' dir='ltr'><strong>Quod</strong></span> <span class='ocrx_word' id='word_1_766' title='bbox 1462 4407 1588 4462; x_wconf 72' lang='lat' dir='ltr'><strong>vero</strong></span> <span class='ocrx_word' id='word_1_767' title='bbox 1641 4392 1729 4445; x_wconf 89' lang='lat' dir='ltr'><strong>ille</strong></span> <span class='ocrx_word' id='word_1_768' title='bbox 1769 4406 1875 4444; x_wconf 90' lang='lat' dir='ltr'><strong>non</strong></span> 
     </span>
    </p>
   </div>
   <div class='ocr_carea' id='block_1_99' title="bbox 306 4461 1879 4532">
    <p class='ocr_par' dir='ltr' id='par_1_99' title="bbox 306 4461 1879 4532">
     <span class='ocr_line' id='line_1_101' title="bbox 306 4461 1879 4532; baseline 0 -19"><span class='ocrx_word' id='word_1_769' title='bbox 306 4461 548 4532; x_wconf 78' lang='lat' dir='ltr'><strong>scripsit,</strong></span> <span class='ocrx_word' id='word_1_770' title='bbox 597 4461 867 4530; x_wconf 82' lang='lat' dir='ltr'><strong>quomodo</strong></span> <span class='ocrx_word' id='word_1_771' title='bbox 923 4464 1022 4518; x_wconf 90' lang='lat' dir='ltr'><strong>iste</strong></span> <span class='ocrx_word' id='word_1_772' title='bbox 1054 4463 1232 4532; x_wconf 86' lang='lat' dir='ltr'><strong>legere</strong></span> <span class='ocrx_word' id='word_1_773' title='bbox 1262 4462 1470 4532; x_wconf 88' lang='lat' dir='ltr'><strong>potuit?</strong></span> <span class='ocrx_word' id='word_1_774' title='bbox 1517 4461 1753 4515; x_wconf 90' lang='lat' dir='ltr'><strong>Numera</strong></span> <span class='ocrx_word' id='word_1_775' title='bbox 1794 4462 1879 4532; x_wconf 36' lang='lat' dir='ltr'><strong>in:</strong></span> 
     </span>
    </p>
   </div>
   <div class='ocr_carea' id='block_1_100' title="bbox 306 4530 1880 4603">
    <p class='ocr_par' dir='ltr' id='par_1_100' title="bbox 306 4530 1880 4603">
     <span class='ocr_line' id='line_1_102' title="bbox 306 4530 1880 4603; baseline 0 -20"><span class='ocrx_word' id='word_1_776' title='bbox 306 4530 455 4603; x_wconf 76' lang='lat' dir='ltr'><strong>diees</strong></span> <span class='ocrx_word' id='word_1_777' title='bbox 482 4533 744 4587; x_wconf 89' lang='lat' dir='ltr'><strong>librorum</strong></span> <span class='ocrx_word' id='word_1_778' title='bbox 771 4533 908 4601; x_wconf 89' lang='lat' dir='ltr'><strong>ejus,</strong></span> <span class='ocrx_word' id='word_1_779' title='bbox 945 4535 1036 4603; x_wconf 92' lang='lat' dir='ltr'><strong>qui</strong></span> <span class='ocrx_word' id='word_1_780' title='bbox 1070 4530 1129 4586; x_wconf 74' lang='lat' dir='ltr'><strong>id</strong></span> <span class='ocrx_word' id='word_1_781' title='bbox 1164 4534 1324 4603; x_wconf 89' lang='lat' dir='ltr'><strong>tertio</strong></span> <span class='ocrx_word' id='word_1_782' title='bbox 1354 4531 1626 4586; x_wconf 90' lang='lat' dir='ltr'><strong>volumine</strong></span> <span class='ocrx_word' id='word_1_783' title='bbox 1662 4530 1880 4585; x_wconf 82' lang='lat' dir='ltr'><strong>Eusebii</strong></span> 
     </span>
    </p>
   </div>
   <div class='ocr_carea' id='block_1_101' title="bbox 306 4600 1883 4673">
    <p class='ocr_par' dir='ltr' id='par_1_101' title="bbox 306 4600 1883 4673">
     <span class='ocr_line' id='line_1_103' title="bbox 306 4600 1883 4673; baseline 0.001 -21"><span class='ocrx_word' id='word_1_784' title='bbox 306 4600 360 4652; x_wconf 87' lang='lat' dir='ltr'><strong>iu</strong></span> <span class='ocrx_word' id='word_1_785' title='bbox 406 4617 513 4669; x_wconf 86' lang='lat' dir='ltr'><strong>quo</strong></span> <span class='ocrx_word' id='word_1_786' title='bbox 553 4604 775 4671; x_wconf 86' lang='lat' dir='ltr'><strong>scripsit</strong></span> <span class='ocrx_word' id='word_1_787' title='bbox 802 4600 985 4657; x_wconf 16' lang='lat' dir='ltr'><strong>erlall&#39;I</strong></span> <span class='ocrx_word' id='word_1_788' title='bbox 1040 4602 1310 4673; x_wconf 80' lang='lat' dir='ltr'><strong>Pamphili</strong></span> <span class='ocrx_word' id='word_1_789' title='bbox 1340 4642 1355 4668; x_wconf 91' lang='lat'><strong>,</strong></span> <span class='ocrx_word' id='word_1_790' title='bbox 1404 4604 1793 4657; x_wconf 84' lang='lat' dir='ltr'><strong>continentur:</strong></span> <span class='ocrx_word' id='word_1_791' title='bbox 1827 4608 1883 4654; x_wconf 86' lang='lat' dir='ltr'><strong>et</strong></span> 
     </span>
    </p>
   </div>
   <div class='ocr_carea' id='block_1_102' title="bbox 306 4673 1882 4741">
    <p class='ocr_par' dir='ltr' id='par_1_102' title="bbox 306 4673 1882 4741">
     <span class='ocr_line' id='line_1_104' title="bbox 306 4673 1882 4741; baseline 0.003 -21"><span class='ocrx_word' id='word_1_792' title='bbox 306 4684 414 4724; x_wconf 90' lang='lat' dir='ltr'><strong>non</strong></span> <span class='ocrx_word' id='word_1_793' title='bbox 450 4673 571 4728; x_wconf 88' lang='lat' dir='ltr'><strong>dico</strong></span> <span class='ocrx_word' id='word_1_794' title='bbox 606 4689 703 4727; x_wconf 89' lang='lat' dir='ltr'><strong>sex</strong></span> <span class='ocrx_word' id='word_1_795' title='bbox 734 4674 923 4739; x_wconf 89' lang='lat' dir='ltr'><strong>millia,</strong></span> <span class='ocrx_word' id='word_1_796' title='bbox 950 4674 1043 4727; x_wconf 89' lang='lat' dir='ltr'><strong>sed</strong></span> <span class='ocrx_word' id='word_1_797' title='bbox 1074 4676 1288 4728; x_wconf 90' lang='lat' dir='ltr'><strong>tertiam</strong></span> <span class='ocrx_word' id='word_1_798' title='bbox 1319 4681 1526 4741; x_wconf 88' lang='lat' dir='ltr'><strong>partem</strong></span> <span class='ocrx_word' id='word_1_799' title='bbox 1571 4688 1677 4727; x_wconf 91' lang='lat' dir='ltr'><strong>non</strong></span> <span class='ocrx_word' id='word_1_800' title='bbox 1728 4686 1882 4741; x_wconf 83' lang='lat' dir='ltr'><strong>repe-</strong></span> 
     </span>
    </p>
   </div>
   <div class='ocr_carea' id='block_1_103' title="bbox 304 4741 1885 4814">
    <p class='ocr_par' dir='ltr' id='par_1_103' title="bbox 304 4741 1885 4814">
     <span class='ocr_line' id='line_1_105' title="bbox 304 4741 1885 4814; baseline 0.001 -22"><span class='ocrx_word' id='word_1_801' title='bbox 304 4741 444 4814; x_wconf 86' lang='lat' dir='ltr'><strong>ries._</strong></span> <span class='ocrx_word' id='word_1_802' title='bbox 488 4742 759 4800; x_wconf 86' lang='lat' dir='ltr'><strong>Habemus</strong></span> <span class='ocrx_word' id='word_1_803' title='bbox 805 4744 1086 4814; x_wconf 90' lang='lat' dir='ltr'><strong>epistolam</strong></span> <span class='ocrx_word' id='word_1_804' title='bbox 1123 4743 1419 4813; x_wconf 91' lang='lat' dir='ltr'><strong>supradicti</strong></span> <span class='ocrx_word' id='word_1_805' title='bbox 1468 4743 1780 4814; x_wconf 80' lang='lat' dir='ltr'><strong>pontificis,</strong></span> <span class='ocrx_word' id='word_1_806' title='bbox 1832 4743 1885 4795; x_wconf 93' lang='lat' dir='ltr'><strong>iu</strong></span> 
     </span>
    </p>
   </div>
   <div class='ocr_carea' id='block_1_104' title="bbox 305 4811 1879 4883">
    <p class='ocr_par' dir='ltr' id='par_1_104' title="bbox 305 4811 1879 4883">
     <span class='ocr_line' id='line_1_106' title="bbox 305 4811 1879 4883; baseline 0.001 -20"><span class='ocrx_word' id='word_1_807' title='bbox 305 4823 410 4877; x_wconf 90' lang='lat' dir='ltr'><strong>qua</strong></span> <span class='ocrx_word' id='word_1_808' title='bbox 432 4811 557 4867; x_wconf 91' lang='lat' dir='ltr'><strong>huic</strong></span> <span class='ocrx_word' id='word_1_809' title='bbox 570 4811 856 4869; x_wconf 68' lang='lat' dir='ltr'><strong>calumnizé</strong></span> <span class='ocrx_word' id='word_1_810' title='bbox 873 4824 997 4883; x_wconf 67' lang='lat' dir='ltr'><strong>tum,</strong></span> <span class='ocrx_word' id='word_1_811' title='bbox 1018 4816 1143 4870; x_wconf 91' lang='lat' dir='ltr'><strong>dum</strong></span> <span class='ocrx_word' id='word_1_812' title='bbox 1167 4811 1348 4869; x_wconf 76' lang='lat' dir='ltr'><strong>adhuc</strong></span> <span class='ocrx_word' id='word_1_813' title='bbox 1385 4811 1535 4868; x_wconf 69' lang='lat' dir='ltr'><strong>esses</strong></span> <span class='ocrx_word' id='word_1_814' title='bbox 1561 4814 1613 4866; x_wconf 94' lang='lat' dir='ltr'><strong>iu</strong></span> <span class='ocrx_word' id='word_1_815' title='bbox 1631 4813 1879 4873; x_wconf 85' lang='lat' dir='ltr'><strong>Oriente,</strong></span> 
     </span>
    </p>
   </div>
   <div class='ocr_carea' id='block_1_105' title="bbox 305 4883 1880 4955">
    <p class='ocr_par' dir='ltr' id='par_1_105' title="bbox 305 4883 1880 4955">
     <span class='ocr_line' id='line_1_107' title="bbox 305 4883 1880 4955; baseline 0 -20"><span class='ocrx_word' id='word_1_816' title='bbox 305 4884 621 4955; x_wconf 77' lang='lat' dir='ltr'><strong>respondet,</strong></span> <span class='ocrx_word' id='word_1_817' title='bbox 648 4894 702 4939; x_wconf 89' lang='lat' dir='ltr'><strong>et</strong></span> <span class='ocrx_word' id='word_1_818' title='bbox 731 4885 1133 4955; x_wconf 78' lang='lat' dir='ltr'><strong>apertissimum</strong></span> <span class='ocrx_word' id='word_1_819' title='bbox 1170 4884 1511 4941; x_wconf 88' lang='lat' dir='ltr'><strong>mendacium</strong></span> <span class='ocrx_word' id='word_1_820' title='bbox 1545 4883 1714 4939; x_wconf 89' lang='lat' dir='ltr'><strong>libera</strong></span> <span class='ocrx_word' id='word_1_821' title='bbox 1738 4884 1880 4936; x_wconf 89' lang='lat' dir='ltr'><strong>veri-</strong></span> 
     </span>
    </p>
   </div>
   <div class='ocr_carea' id='block_1_106' title="bbox 305 4951 989 5009">
    <p class='ocr_par' dir='ltr' id='par_1_106' title="bbox 305 4951 989 5009">
     <span class='ocr_line' id='line_1_108' title="bbox 305 4951 989 5009; baseline 0.007 -8"><span class='ocrx_word' id='word_1_822' title='bbox 305 4952 433 5003; x_wconf 88' lang='lat' dir='ltr'><strong>tatis</strong></span> <span class='ocrx_word' id='word_1_823' title='bbox 467 4951 644 5008; x_wconf 90' lang='lat' dir='ltr'><strong>fronte</strong></span> <span class='ocrx_word' id='word_1_824' title='bbox 674 4951 937 5009; x_wconf 73' lang='lat' dir='ltr'><strong>confutat.</strong></span> <span class='ocrx_word' id='word_1_825' title='bbox 970 4974 989 5006; x_wconf 75' lang='grc' dir='ltr'><strong>ι</strong></span> 
     </span>
    </p>
   </div>
   <div class='ocr_carea' id='block_1_107' title="bbox 375 5019 1886 5096">
    <p class='ocr_par' dir='ltr' id='par_1_107' title="bbox 375 5019 1886 5096">
     <span class='ocr_line' id='line_1_109' title="bbox 375 5019 1886 5096; baseline -0.003 -18"><span class='ocrx_word' id='word_1_826' title='bbox 375 5019 490 5096; x_wconf 78' lang='grc'>(55)</span> <span class='ocrx_word' id='word_1_827' title='bbox 516 5023 774 5096; x_wconf 82' lang='lat' dir='ltr'><strong>_Editi,_ne</strong></span> <span class='ocrx_word' id='word_1_828' title='bbox 797 5040 920 5096; x_wconf 86' lang='lat' dir='ltr'><strong>ergo</strong></span> <span class='ocrx_word' id='word_1_829' title='bbox 948 5026 1104 5096; x_wconf 85' lang='lat' dir='ltr'><strong>plura</strong></span> <span class='ocrx_word' id='word_1_830' title='bbox 1131 5041 1316 5081; x_wconf 88' lang='lat' dir='ltr'><strong>eorum</strong></span> <span class='ocrx_word' id='word_1_831' title='bbox 1336 5026 1485 5096; x_wconf 80' lang='lat' dir='ltr'><strong>furta</strong></span> <span class='ocrx_word' id='word_1_832' title='bbox 1508 5032 1886 5096; x_wconf 70' lang='lat' dir='ltr'><strong>cognoscantur</strong></span> 
     </span>
    </p>
   </div>
   <div class='ocr_carea' id='block_1_108' title="bbox 302 5092 1881 5169">
    <p class='ocr_par' dir='ltr' id='par_1_108' title="bbox 302 5092 1881 5169">
     <span class='ocr_line' id='line_1_110' title="bbox 302 5092 1881 5169; baseline 0 -23"><span class='ocrx_word' id='word_1_833' title='bbox 302 5092 418 5166; x_wconf 64' lang='lat' dir='ltr'><strong>quis</strong></span> <span class='ocrx_word' id='word_1_834' title='bbox 452 5092 551 5167; x_wconf 70' lang='lat' dir='ltr'><strong>(al.</strong></span> <span class='ocrx_word' id='word_1_835' title='bbox 591 5093 704 5165; x_wconf 86' lang='lat' dir='ltr'><strong>qui]</strong></span> <span class='ocrx_word' id='word_1_836' title='bbox 738 5092 1036 5165; x_wconf 62' lang='lat' dir='ltr'><strong>utique...&quot;</strong></span> <span class='ocrx_word' id='word_1_837' title='bbox 1082 5092 1416 5169; x_wconf 78' lang='lat' dir='ltr'><strong>nequaquam</strong></span> <span class='ocrx_word' id='word_1_838' title='bbox 1451 5092 1735 5153; x_wconf 69' lang='lat' dir='ltr'><strong>criminosa</strong></span> <span class='ocrx_word' id='word_1_839' title='bbox 1785 5092 1881 5165; x_wconf 84' lang='lat' dir='ltr'><strong>[aL</strong></span> 
     </span>
    </p>
   </div>
   <div class='ocr_carea' id='block_1_109' title="bbox 1986 4388 3566 4460">
    <p class='ocr_par' dir='ltr' id='par_1_109' title="bbox 1986 4388 3566 4460">
     <span class='ocr_line' id='line_1_111' title="bbox 1986 4388 3566 4460; baseline 0.001 -21"><span class='ocrx_word' id='word_1_840' title='bbox 1986 4388 2240 4460; x_wconf 79' lang='lat' dir='ltr'><strong>librorum</strong></span> <span class='ocrx_word' id='word_1_841' title='bbox 2273 4388 2462 4460; x_wconf 81' lang='lat' dir='ltr'><strong>legere.</strong></span> <span class='ocrx_word' id='word_1_842' title='bbox 2497 4389 2566 4442; x_wconf 88' lang='lat' dir='ltr'><strong>At</strong></span> <span class='ocrx_word' id='word_1_843' title='bbox 2593 4389 2688 4442; x_wconf 92' lang='lat' dir='ltr'><strong>lib.</strong></span> <span class='ocrx_word' id='word_1_844' title='bbox 2728 4404 2814 4460; x_wconf 83' lang='lat' dir='ltr'><strong>tu,</strong></span> <span class='ocrx_word' id='word_1_845' title='bbox 2844 4390 3185 4460; x_wconf 10' lang='lat' dir='ltr'><strong>inicontextu</strong></span> <span class='ocrx_word' id='word_1_846' title='bbox 3212 4402 3375 4456; x_wconf 91' lang='lat' dir='ltr'><strong>quem</strong></span> <span class='ocrx_word' id='word_1_847' title='bbox 3401 4403 3566 4457; x_wconf 89' lang='lat' dir='ltr'><strong>supra</strong></span> 
     </span>
    </p>
   </div>
   <div class='ocr_carea' id='block_1_110' title="bbox 1988 4458 3068 4526">
    <p class='ocr_par' dir='ltr' id='par_1_110' title="bbox 1988 4458 3068 4526">
     <span class='ocr_line' id='line_1_112' title="bbox 1988 4458 3068 4526; baseline 0 -16"><span class='ocrx_word' id='word_1_848' title='bbox 1988 4459 2292 4526; x_wconf 84' lang='lat' dir='ltr'><strong>attulimus,</strong></span> <span class='ocrx_word' id='word_1_849' title='bbox 2325 4458 2515 4524; x_wconf 84' lang='lat' dir='ltr'><strong>habet,</strong></span> <span class='ocrx_word' id='word_1_850' title='bbox 2546 4474 2639 4511; x_wconf 76' lang='lat' dir='ltr'><strong>sex</strong></span> <span class='ocrx_word' id='word_1_851' title='bbox 2672 4458 2847 4511; x_wconf 78' lang='lat' dir='ltr'><strong>millia</strong></span> <span class='ocrx_word' id='word_1_852' title='bbox 2885 4459 3068 4511; x_wconf 81' lang='lat' dir='ltr'><strong>libros.</strong></span> 
     </span>
    </p>
   </div>
   <div class='ocr_carea' id='block_1_111' title="bbox 2055 4528 3567 4599">
    <p class='ocr_par' dir='ltr' id='par_1_111' title="bbox 2055 4528 3567 4599">
     <span class='ocr_line' id='line_1_113' title="bbox 2055 4528 3567 4599; baseline -0.001 -18"><span class='ocrx_word' id='word_1_853' title='bbox 2055 4528 2168 4598; x_wconf 80' lang='lat'><strong>(56)</strong></span> <span class='ocrx_word' id='word_1_854' title='bbox 2200 4528 2276 4583; x_wconf 88' lang='lat' dir='ltr'><strong>lta</strong></span> <span class='ocrx_word' id='word_1_855' title='bbox 2305 4545 2406 4583; x_wconf 90' lang='lat' dir='ltr'><strong>ms.</strong></span> <span class='ocrx_word' id='word_1_856' title='bbox 2439 4528 2657 4598; x_wconf 77' lang='lat' dir='ltr'><strong>Regius.</strong></span> <span class='ocrx_word' id='word_1_857' title='bbox 2682 4529 3025 4599; x_wconf 61' lang='lat' dir='ltr'><strong>Cmterivero</strong></span> <span class='ocrx_word' id='word_1_858' title='bbox 3058 4543 3189 4583; x_wconf 90' lang='lat' dir='ltr'><strong>mss.</strong></span> <span class='ocrx_word' id='word_1_859' title='bbox 3213 4529 3374 4595; x_wconf 90' lang='lat' dir='ltr'><strong>alius,</strong></span> <span class='ocrx_word' id='word_1_860' title='bbox 3415 4528 3567 4599; x_wconf 72' lang='lat' dir='ltr'><strong>Sufﬁ-</strong></span> 
     </span>
    </p>
   </div>
   <div class='ocr_carea' id='block_1_112' title="bbox 1984 4597 3567 4668">
    <p class='ocr_par' dir='ltr' id='par_1_112' title="bbox 1984 4597 3567 4668">
     <span class='ocr_line' id='line_1_114' title="bbox 1984 4597 3567 4668; baseline 0.003 -18"><span class='ocrx_word' id='word_1_861' title='bbox 1984 4609 2119 4651; x_wconf 86' lang='lat' dir='ltr'><strong>ceret</strong></span> <span class='ocrx_word' id='word_1_862' title='bbox 2141 4602 2251 4653; x_wconf 69' lang='lat' dir='ltr'><strong>haec</strong></span> <span class='ocrx_word' id='word_1_863' title='bbox 2276 4602 2345 4653; x_wconf 84' lang='lat' dir='ltr'><strong>ad</strong></span> <span class='ocrx_word' id='word_1_864' title='bbox 2372 4597 2821 4654; x_wconf 84' lang='lat' dir='ltr'><strong>ostendendum...</strong></span> <span class='ocrx_word' id='word_1_865' title='bbox 2841 4597 2909 4650; x_wconf 85' lang='lat' dir='ltr'><strong>Et</strong></span> <span class='ocrx_word' id='word_1_866' title='bbox 2929 4609 3054 4666; x_wconf 87' lang='lat' dir='ltr'><strong>puto</strong></span> <span class='ocrx_word' id='word_1_867' title='bbox 3090 4601 3254 4668; x_wconf 86' lang='lat' dir='ltr'><strong>quod,</strong></span> <span class='ocrx_word' id='word_1_868' title='bbox 3280 4611 3389 4654; x_wconf 91' lang='lat' dir='ltr'><strong>etc.</strong></span> <span class='ocrx_word' id='word_1_869' title='bbox 3421 4597 3527 4654; x_wconf 81' lang='lat' dir='ltr'><strong>Alii</strong></span> <span class='ocrx_word' id='word_1_870' title='bbox 3552 4642 3567 4665; x_wconf 89' lang='lat'><strong>,</strong></span> 
     </span>
    </p>
   </div>
   <div class='ocr_carea' id='block_1_113' title="bbox 1987 4669 3568 4738">
    <p class='ocr_par' dir='ltr' id='par_1_113' title="bbox 1987 4669 3568 4738">
     <span class='ocr_line' id='line_1_115' title="bbox 1987 4669 3568 4738; baseline 0.003 -17"><span class='ocrx_word' id='word_1_871' title='bbox 1987 4669 2233 4737; x_wconf 75' lang='lat' dir='ltr'><strong>Suﬂ‘icere</strong></span> <span class='ocrx_word' id='word_1_872' title='bbox 2273 4673 2386 4723; x_wconf 78' lang='lat' dir='ltr'><strong>lucc</strong></span> <span class='ocrx_word' id='word_1_873' title='bbox 2422 4670 2684 4723; x_wconf 84' lang='lat' dir='ltr'><strong>credimus</strong></span> <span class='ocrx_word' id='word_1_874' title='bbox 2717 4671 2785 4720; x_wconf 85' lang='lat' dir='ltr'><strong>ad</strong></span> <span class='ocrx_word' id='word_1_875' title='bbox 2817 4671 3313 4724; x_wconf 80' lang='lat' dir='ltr'><strong>ostendendum.....</strong></span> <span class='ocrx_word' id='word_1_876' title='bbox 3348 4669 3413 4723; x_wconf 84' lang='lat' dir='ltr'><strong>Et</strong></span> <span class='ocrx_word' id='word_1_877' title='bbox 3439 4681 3568 4738; x_wconf 85' lang='lat' dir='ltr'><strong>puto</strong></span> 
     </span>
    </p>
   </div>
   <div class='ocr_carea' id='block_1_114' title="bbox 1985 4738 3565 4809">
    <p class='ocr_par' dir='ltr' id='par_1_114' title="bbox 1985 4738 3565 4809">
     <span class='ocr_line' id='line_1_116' title="bbox 1985 4738 3565 4809; baseline 0.003 -18"><span class='ocrx_word' id='word_1_878' title='bbox 1985 4742 2145 4809; x_wconf 83' lang='lat' dir='ltr'><strong>quod,</strong></span> <span class='ocrx_word' id='word_1_879' title='bbox 2180 4751 2286 4793; x_wconf 84' lang='lat' dir='ltr'><strong>etc.</strong></span> <span class='ocrx_word' id='word_1_880' title='bbox 2318 4741 2455 4794; x_wconf 80' lang='lat' dir='ltr'><strong>Editi</strong></span> <span class='ocrx_word' id='word_1_881' title='bbox 2478 4780 2493 4804; x_wconf 94' lang='lat'><strong>,</strong></span> <span class='ocrx_word' id='word_1_882' title='bbox 2528 4738 2773 4809; x_wconf 63' lang='lat' dir='ltr'><strong>Suiﬁcere</strong></span> <span class='ocrx_word' id='word_1_883' title='bbox 2797 4746 2908 4793; x_wconf 77' lang='lat' dir='ltr'><strong>Itth</strong></span> <span class='ocrx_word' id='word_1_884' title='bbox 2956 4740 3025 4792; x_wconf 89' lang='lat' dir='ltr'><strong>ad</strong></span> <span class='ocrx_word' id='word_1_885' title='bbox 3069 4742 3565 4796; x_wconf 78' lang='lat' dir='ltr'><strong>ostendendum.....</strong></span> 
     </span>
    </p>
   </div>
   <div class='ocr_carea' id='block_1_115' title="bbox 1986 4813 2503 4879">
    <p class='ocr_par' dir='ltr' id='par_1_115' title="bbox 1986 4813 2503 4879">
     <span class='ocr_line' id='line_1_117' title="bbox 1986 4813 2503 4879; baseline 0.006 -19"><span class='ocrx_word' id='word_1_886' title='bbox 1986 4817 2113 4878; x_wconf 85' lang='lat' dir='ltr'><strong>puto</strong></span> <span class='ocrx_word' id='word_1_887' title='bbox 2148 4826 2165 4863; x_wconf 93' lang='lat'><em>:</em></span> <span class='ocrx_word' id='word_1_888' title='bbox 2200 4813 2365 4879; x_wconf 82' lang='lat' dir='ltr'><strong>quod,</strong></span> <span class='ocrx_word' id='word_1_889' title='bbox 2396 4821 2503 4865; x_wconf 90' lang='lat' dir='ltr'><strong>etc.</strong></span> 
     </span>
    </p>
   </div>
   <div class='ocr_carea' id='block_1_116' title="bbox 2056 4879 3567 4951">
    <p class='ocr_par' dir='ltr' id='par_1_116' title="bbox 2056 4879 3567 4951">
     <span class='ocr_line' id='line_1_118' title="bbox 2056 4879 3567 4951; baseline 0.004 -20"><span class='ocrx_word' id='word_1_890' title='bbox 2056 4879 2168 4951; x_wconf 74' lang='lat'><strong>(57)</strong></span> <span class='ocrx_word' id='word_1_891' title='bbox 2197 4881 2325 4936; x_wconf 83' lang='lat' dir='ltr'><strong>Mss.</strong></span> <span class='ocrx_word' id='word_1_892' title='bbox 2366 4880 2569 4947; x_wconf 90' lang='lat' dir='ltr'><strong>nostri,</strong></span> <span class='ocrx_word' id='word_1_893' title='bbox 2599 4879 3188 4951; x_wconf 76' lang='lat' dir='ltr'><strong>hujuscemodierroris</strong></span> <span class='ocrx_word' id='word_1_894' title='bbox 3207 4882 3567 4947; x_wconf 79' lang='lat' dir='ltr'><strong>incurrimus;</strong></span> 
     </span>
    </p>
   </div>
   <div class='ocr_carea' id='block_1_117' title="bbox 1987 4950 3397 5022">
    <p class='ocr_par' dir='ltr' id='par_1_117' title="bbox 1987 4950 3397 5022">
     <span class='ocr_line' id='line_1_119' title="bbox 1987 4950 3397 5022; baseline -0.001 -15"><span class='ocrx_word' id='word_1_895' title='bbox 1987 4953 2081 5007; x_wconf 87' lang='lat' dir='ltr'><strong>sed</strong></span> <span class='ocrx_word' id='word_1_896' title='bbox 2115 4951 2400 5022; x_wconf 84' lang='lat' dir='ltr'><strong>legendum</strong></span> <span class='ocrx_word' id='word_1_897' title='bbox 2443 4951 2658 5008; x_wconf 88' lang='lat' dir='ltr'><strong>videtur</strong></span> <span class='ocrx_word' id='word_1_898' title='bbox 2691 4966 2824 5022; x_wconf 17' lang='lat' dir='ltr'><strong>cum,</strong></span> <span class='ocrx_word' id='word_1_899' title='bbox 2847 4950 3011 5022; x_wconf 84' lang='lat' dir='ltr'><strong>editis</strong></span> <span class='ocrx_word' id='word_1_900' title='bbox 3039 4953 3184 5006; x_wconf 88' lang='lat' dir='ltr'><strong>utin</strong></span> <span class='ocrx_word' id='word_1_901' title='bbox 3217 4961 3397 5008; x_wconf 82' lang='lat' dir='ltr'><strong>textu.</strong></span> 
     </span>
    </p>
   </div>
   <div class='ocr_carea' id='block_1_118' title="bbox 2044 5020 3566 5103">
    <p class='ocr_par' dir='ltr' id='par_1_118' title="bbox 2044 5020 3566 5103">
     <span class='ocr_line' id='line_1_120' title="bbox 2044 5020 3566 5103; baseline 0.002 -27"><span class='ocrx_word' id='word_1_902' title='bbox 2044 5020 2496 5103; x_wconf 69' lang='grc' dir='ltr'><strong>⁵(58ῘΔιὸιϐολος,</strong></span> <span class='ocrx_word' id='word_1_903' title='bbox 2554 5040 2588 5080; x_wconf 89' lang='lat' dir='ltr'><strong>a</strong></span> <span class='ocrx_word' id='word_1_904' title='bbox 2640 5020 2964 5091; x_wconf 79' lang='grc' dir='ltr'><strong>Διαϐάλλω,</strong></span> <span class='ocrx_word' id='word_1_905' title='bbox 3020 5022 3312 5091; x_wconf 82' lang='lat' dir='ltr'><strong>criminor,</strong></span> <span class='ocrx_word' id='word_1_906' title='bbox 3365 5022 3566 5079; x_wconf 84' lang='lat' dir='ltr'><strong>calum-</strong></span> 
     </span>
    </p>
   </div>
   <div class='ocr_carea' id='block_1_119' title="bbox 1994 5107 2132 5147">
    <p class='ocr_par' dir='ltr' id='par_1_119' title="bbox 1994 5107 2132 5147">
     <span class='ocr_line' id='line_1_121' title="bbox 1994 5107 2132 5147; baseline 0.014 -2"><span class='ocrx_word' id='word_1_907' title='bbox 1994 5107 2132 5147; x_wconf 88' lang='lat' dir='ltr'><strong>mor.</strong></span> 
     </span>
    </p>
   </div>
   <div class='ocr_carea' id='block_1_120' title="bbox 3778 222 3802 1185">
    <p class='ocr_par' dir='ltr' id='par_1_120' title="bbox 3778 222 3802 1185">
     <span class='ocr_line' id='line_1_122' title="bbox 3796 222 3801 323; baseline 0 -28"><span class='ocrx_word' id='word_1_908' title='bbox 3796 222 3801 295; x_wconf 61' lang='grc' dir='ltr'><strong>ι</strong></span> 
     </span>
     <span class='ocr_line' id='line_1_123' title="bbox 3790 338 3802 583; baseline 0 0"><span class='ocrx_word' id='word_1_909' title='bbox 3790 338 3802 583; x_wconf 75' lang='lat' dir='ltr'><strong>l</strong></span> 
     </span>
     <span class='ocr_line' id='line_1_124' title="bbox 3778 626 3802 1185; baseline 0 -429"><span class='ocrx_word' id='word_1_910' title='bbox 3778 626 3802 1185; x_wconf 53' lang='grc' dir='ltr'><strong>ἱ</strong></span> 
     </span>
    </p>
   </div>
  </div>
