1935 3110
221 130 274 158 6'55

856 131 888 159 Ρ.
909 131 1066 159 DANIELIS
1085 130 1202 159 IiUETI'I

1804 124 1858 152 επ

224 187 432 215 administrante
454 187 602 215 Eleuthcro
630 188 719 224 papa‘,
744 188 851 216 Triario
872 189 1013 222 Materno,
1029 191 1052 220 Α
1066 197 1126 216 rum
1151 189 1201 216 deo
1220 186 1371 214 derivalam
1397 183 1605 220 appellationem
1625 182 1856 214 tilio-indidisse;

226 233 261 261 Μ.
277 231 358 261 Atilio
378 233 483 261 Bradua
502 241 572 261 coss.
593 233 662 262 Cum
678 235 749 261 enim
775 235 910 262 decimum
928 235 1012 269 septi-

226 287 301 306 mum
320 284 409 306 aetatis
431 286 531 305 animm
558 279 646 313 egisse
670 286 732 306 eum
759 280 861 307 scribat
883 280 1013 308 Eusebius

226 324 299 351 Hist.
312 324 375 352 uel.
403 324 449 351 lib.
463 332 500 356 νι,
517 332 576 359 cap.
591 324 623 356 2,
640 332 696 358 quo
713 329 835 359 tempore
854 326 1013 361 martyrium

225 371 355 406 expetivit
378 375 455 405 pater
478 371 537 405 ejus
564 371 715 403 Leonides,
741 370 790 406 (2)
815 379 886 399 anno
917 379 1015 407 nempe

228 416 321 443 Severi
347 416 462 447 decimo,
479 415 557 449 plane
581 416 614 442 ab
633 423 678 448 eo,
697 423 777 451 quem
794 416 868 449 dixi,
893 418 1014 450 cardine,

227 462 290 489 vitae
324 461 429 488 initium
459 462 565 488 videtur
594 461 713 489 duxisse.
741 462 854 490 Biennio
880 462 1015 497 juniorem

228 508 331 535 I'aciunt
346 508 419 535 Fasti
438 508 538 542 Siculi,
564 508 673 543 aliique,
687 515 715 536 et
739 509 765 536 in
784 517 884 537 annum
901 511 945 545 qui
968 511 1018 539 fuit

227 553 322 580 Clodio
347 552 487 588 Crispino,
511 558 538 580 et
563 552 675 588 Papirio
699 553 809 582 Atiliano
832 563 904 583 coss.
927 560 1016 583 ortum

227 599 287 633 eius
303 599 455 626 conferunt.
470 599 569 627 Eadem
585 594 691 628 videtur
708 601 821 628 Mariani
838 602 912 629 Scoti
936 605 1016 637 ratio,

229 651 292 671 nam
310 645 336 671 in
358 652 457 671 annum
483 644 583 673 Chrisﬁ
606 647 675 679 204,
702 646 830 674 Leonidae
857 648 1017 684 martyrium

229 690 351 725 coniicit.
370 691 438 719 Toto
461 699 526 720 vero
554 693 674 720 triennio
699 693 878 721 recentiorem
905 695 1020 722 credidit

230 737 373 772 Origenem
398 737 569 766 Hermannns
584 738 749 767 Contractus
763 747 771 766 :
788 740 910 767 nonnulli
937 741 1019 767 etiam

230 784 417 818 quadriennio.
443 784 498 812 Nos
522 784 633 813 Eusebii
656 786 793 820 sequimur
815 786 1019 822 ἐπιλογισμούς.

230 831 313 859 Pater
334 830 372 857 illi
388 831 438 858 fuit
453 831 487 864 is,
509 839 589 866 quem
607 832 680 865 dixi,
706 832 849 864 Leonides.
873 834 947 860 omni
967 834 1021 860 vir-

232 881 318 903 tutum
334 883 432 911 genere
447 877 570 911 insignis,
582 881 610 903 et
624 877 710 905 sacris
729 878 881 912 disciplinis
896 879 1019 913 apprime
1037 865 1057 893 Β

231 921 381 954 institutus,
397 921 436 956 (5)
458 923 617 958 episcopatu
638 924 731 954 etiam,
752 928 781 950 ut
797 924 893 951 scribit
910 924 1018 956 Suidas,

231 966 370 1000 przeditus.
390 966 484 995 Matris
502 975 600 995 nomen
632 968 740 996 silentio
763 972 890 997 auctores
910 977 1019 1005 presse-

232 1015 305 1039 runt.

268 1057 300 1084 Il.
321 1057 451 1092 Origenes
468 1058 616 1093 appellatus
637 1063 702 1087 est:
723 1059 802 1093 cujus
825 1061 944 1088 nominis
962 1066 1021 1096 ety-

234 1109 298 1129 mon
319 1110 334 1129 a
358 1103 448 1129 multis
474 1103 645 1137 disquisitnm
666 1108 718 1130 est.
742 1103 920 1138 Theophanes
938 1103 1022 1131 Cera-

236 1155 312 1174 mcns
332 1148 404 1175 hom.
418 1148 463 1179 22,
484 1148 623 1184 Ὠριγένην
639 1148 689 1180 τῆς
709 1148 792 1184 ὀργῆς
813 1149 956 1184 ἐπώνυμον
976 1157 1023 1184 ap-

235 1192 336 1227 pellat:
354 1194 400 1221 sed
424 1202 478 1221 non
507 1200 579 1226 tam,
597 1198 626 1221 ut
650 1194 767 1227 videtur,
790 1195 822 1222 ad
850 1196 1021 1222 indicandam

235 1238 353 1266 nominis
367 1239 510 1274 originem,
524 1246 604 1274 quam
620 1239 652 1265 ad
670 1240 865 1274 suggillaudum
879 1240 1022 1275 Origeuem

234 1285 347 1319 quaesita
361 1293 394 1312 ex
411 1286 485 1313 vocis
506 1293 573 1313 sono
598 1287 752 1314 occasione.
778 1287 919 1320 Erasmus,
942 1287 1022 1314 Cani-

235 1329 307 1364 nius,
333 1330 501 1358 Haaschelius
528 1337 555 1358 et
572 1332 714 1365 Schottus,
731 1333 781 1359 viri
798 1332 901 1359 Graecis
925 1331 1025 1360 litteris

236 1376 386 1404 luculenter
401 1377 511 1409 exculti,
531 1379 705 1414 nonnullique
722 1385 863 1413 prmterea,
884 1379 1024 1415 Ὠριγένην

237 1422 338 1449 dictum
350 1427 455 1457 putant,
471 1424 548 1458 quasi
564 1424 652 1461 ὅρειον
664 1424 694 1451 τὸ
709 1424 797 1459 γένος,
818 1424 983 1460 Ὀρειγενὴν,
995 1425 1026 1451 ὲν

236 1467 295 1503 ῦρει
313 1469 485 1504 γεννηθέντα.
507 1470 624 1498 Joannes
640 1470 768 1503 Tarinus,
785 1475 813 1497 et
829 1470 885 1502 alii,
910 1471 945 1497 ita
964 1477 1024 1497 eum

237 1514 395 1541 existimant
420 1515 602 1550 appellatum,
627 1517 703 1551 quasi
729 1516 820 1552 ὥριον,
846 1524 892 1543 seu
921 1516 1026 1552 ὥριμον

238 1561 412 1596 γεννηθέντα,
434 1567 536 1589 mature
568 1564 692 1597 genitum.
720 1563 812 1597 Inepte
838 1563 953 1595 Badius,
980 1563 1026 1597 qni

239 1606 340 1633 dictum
356 1607 433 1642 ﬁngit
447 1608 481 1635 ab
502 1608 575 1644 ὀρόν,
592 1609 662 1643 quod
679 1609 748 1636 idem
763 1613 805 1636 est
826 1616 858 1635 ac
881 1609 953 1644 ὅρον.
972 1608 1027 1643 Ego

240 1651 276 1679 ab
289 1652 353 1686 Oro,
376 1654 421 1687 qui
450 1653 638 1689 Egyptiorum
666 1655 731 1682 deus
756 1660 812 1687 est,
838 1662 934 1682 nomen
962 1655 1026 1682 illud

242 1696 402 1731 proﬂuxisse
428 1699 564 1730 existimo,
590 1699 815 1733 quemadmodum
841 1705 855 1725 a
870 1698 947 1730 Jove,
964 1699 1027 1725 Dio-

242 1749 356 1777 genem;
373 1751 388 1770 a
403 1743 547 1776 Mercurio,
566 1743 775 1779 Hermogenem.
792 1744 883 1779 Neque
896 1752 960 1771 vero
978 1744 1028 1771 mi-

243 1794 319 1815 retur
340 1790 481 1824 quisquam
502 1790 674 1818 Christianos
698 1795 824 1825 parentes
847 1791 881 1818 ab
902 1791 1027 1819 ethnico-

306 1874 367 1898 Act.
383 1878 436 1898 xvn
447 1890 455 1903 ,
471 1870 516 1898 3‘.

281 1942 320 1976 (2i
339 1942 415 1968 Anno
435 1950 524 1976 nempe
544 1942 632 1969 Severi
647 1942 756 1968 decimo.
780 1940 912 1972 Eusebius
936 1940 1029 1967 millibi

246 1979 273 2006 in
291 1977 411 2004 Historia
430 1985 477 2004 sua
489 1977 669 2012 ecclesiastica
690 1977 757 2012 dicit
770 1984 840 2002 anno
862 1976 957 2002 Severi
982 1976 1030 2012 def

246 2014 318 2041 cimo
341 2019 447 2046 passum
470 2019 530 2039 esse
554 2010 698 2039 Leonidem
719 2011 843 2046 Origcnis
866 2016 978 2046 patrem.
1001 2009 1029 2046 Id

246 2054 330 2075 unum
341 2044 442 2073 'narrat
462 2046 508 2076 lib.
523 2055 559 2077 vi.
576 2054 634 2080 cap.
648 2046 675 2077 2,
692 2044 821 2073 δενθῐυηι
837 2053 908 2072 anno
923 2044 1029 2079 imperii

246 2083 288 2110 sui
304 2081 420 2112 decimo,
434 2081 508 2108 Laeto
523 2082 690 2108 Alexandriae.
704 2086 730 2108 et
747 2081 826 2108 totius
837 2080 945 2115 Egypti
961 2087 1029 2114 prae-

247 2118 315 2149 side,
330 2116 478 2143 Ecclesiam
511 2116 711 2144 Catholicorum
737 2116 763 2142 in
787 2123 817 2143 ea
844 2116 911 2142 urbe
930 2117 1029 2149 guber-

247 2157 329 2179 nante
351 2151 487 2178 Demetrio
510 2152 646 2185 episcopo,
669 2151 871 2178 acerbissimam
889 2151 1031 2185 excitasse

248 2186 464 2227 persecutionem
482 2186 509 2212 in
522 2194 573 2220 qua
589 2184 745 2227 martyrium
761 2185 875 2213 subierit
888 2184 1030 2227 Leonides.

248 2220 290 2249 λη
313 2226 401 2248 autem
424 2221 511 2256 primo
533 2220 739 2256 persecutionis,
752 2228 833 2252 anno,
855 2228 887 2247 an
913 2220 1030 2256 secundo

249 2264 346 2295 passus
360 2256 405 2295 sit.
416 2254 441 2283 id
455 2254 707 2295 silentio‘praaterit.
716 2255 776 2295 “Non
789 2263 852 2295 ergo
866 2254 1029 2295 in_l_listoria

249 2292 437 2322 ecclesiastica,
453 2292 500 2318 sed
518 2291 544 2317 in
564 2291 693 2318 Chronico
707 2292 807 2318 diserte
823 2291 947 2317 Leonida:
960 2297 1030 2316 mar-

251 2327 349 2361 tyrium
361 2333 432 2361 anno
445 2326 537 2353 Severi
551 2326 656 2353 decimo
667 2326 776 2353 ascribit
791 2325 937 2357 Eusebius;
950 2332 1029 2359 quem

251 2360 373 2396 sequitur
388 2360 567 2395 Hieronymus
581 2362 608 2388 in
620 2361 734 2396 Catalog.
748 2361 837 2393 script.
853 2361 954 2396 eadem,
970 2367 1031 2396 cap.

250 2395 300 2427 55,
320 2396 376 2431 ubi_
387 2397 445 2422 ait:
463 2396 586 2431 Origenes
608 2397 652 2430 qui
674 2402 697 2422 et
713 2395 911 2428 Adamantius,
933 2395 1033 2421 decimo

251 2431 342 2458 Seueri
358 2429 597 2458 Pertinacis'anno
613 2429 755 2458 adversum
769 2431 933 2457 Christianos
947 2438 1035 2464 perse-

252 2467 355 2493 cutione
377 2471 515 2498 commata,
529 2475 545 2492 a
564 2466 676 2493 Leonida
695 2472 779 2501 patre,
794 2465 893 2493 Christi
905 2465 1033 2499 martyrio

253 2506 389 2532 coronato,
404 2508 461 2526 cum
479 2509 525 2527 sex
542 2500 668 2535 fratribus
690 2500 714 2528 et
737 2506 821 2528 matre
838 2501 917 2527 vidua
936 2508 1035 2535 pauper

252 2535 408 2570 relinquitur
426 2543 508 2562 annos
525 2542 601 2562 natus
612 2537 713 2564 circiter
733 2538 818 2563 decem
834 2540 858 2570 et
875 2540 981 2570 septem.

288 2570 326 2605 (5)
346 2570 505 2605 Episcopatu
520 2571 608 2604 etiam,
626 2575 653 2598 ut
667 2571 757 2599 scribit
771 2571 881 2603 Suidas,
894 2571 1034 2604 prtcditus.

254 2604 320 2633 I)uo'
333 2605 395 2632 item
416 2604 522 2633 cedices
540 2604 661 2634 Vaticani
677 2615 742 2634 mss.
758 2607 784 2633 in
805 2606 965 2640 Hieronymo
981 2605 1034 2632 Ca-

254 2640 340 2677 tulogo
355 2641 477 2677 scriptor.
491 2642 593 2672 eadem,
612 2650 671 2677 cap.
683 2642 728 2673 54,
744 2642 852 2676 legunt:
872 2639 1033 2674 Origenes...

253 2684 271 2702 (ι
293 2675 406 2711 [Atiniae
421 2676 539 2709 episcopo
554 2675 781 2711 patre,'martyri6
793 2682 930 2707 coronato,
943 2681 996 2702 etc.

292 2710 331 2746 (ι)
351 2709 408 2746 ﬂet:
421 2710 551 2745 ejusmodi
568 2713 674 2738 nomina
687 2709 841 2745 abjiciebaut
856 2711 1034 2738 cutecltumeni

254 2745 324 2773 cum'
347 2745 445 2781 Christi
475 2746 552 2780 ﬁdem
584 2748 817 2781 amplectabuutur.
846 2746 1034 2773 Verumtamen

255 2780 389 2809 Eusebius
404 2780 623 2816 Deimartyribus
642 2782 807 2814 Palaestram.
832 2788 892 2814 cap.
907 2781 952 2812 II,
973 2788 1033 2816 pag.

254 2816 318 2848 557,
335 2816 418 2856 refert
431 2815 575 2857 [Egyptios
599 2817 697 2857 fratres
712 2817 745 2857 ad
769 2821 912 2857 tyrannum
931 2815 1035 2857 perdu-

255 2858 324 2882 ctos.
338 2851 446 2880 nomina
471 2850 600 2880 idolorum
626 2852 676 2881 sibi
699 2852 733 2881 ab
759 2850 820 2880 ortu
842 2850 966 2887 imposita
986 2852 1033 2879 ab-

1063 235 1089 262 id
1102 234 1173 261 enim
1189 238 1246 260 tum
1259 237 1321 260 erat
1336 239 1385 259 usu
1401 234 1585 266 pervagatum,
1599 229 1638 265 (4)
1652 237 1703 256 nec
1718 229 1858 264 ejusmodi

1064 281 1174 308 nomina
1190 278 1356 314 abjiciebant
1370 277 1560 306 catcchumcni
1575 284 1636 303 cum
1649 276 1751 303 Christi
1775 275 1859 303 [idem

1065 325 1322 361 amplectebantur;
1349 329 1431 359 atque
1450 323 1514 350 hinc
1540 322 1685 357 Dionysius
1707 322 1754 349 ille
1770 321 1861 349 Areo—

1064 373 1154 408 pagita
1173 372 1193 404 ',
1211 371 1321 406 Apollos
1342 369 1542 397 Alexandrinus
1554 369 1575 400 ²,
1590 368 1702 400 Phoebe,
1729 367 1861 398 Hermas,

1066 418 1179 445 Hermes
1192 417 1212 450 ⁸,
1228 416 1332 444 Nereus
1347 420 1358 436 δ
1372 421 1399 443 et
1417 415 1586 449 Diotrephes,
1602 413 1690 445 Lucae,
1722 413 1809 440 Paulo
1831 417 1863 440 et

1066 462 1163 489 Joanni
1188 462 1258 489 inter
1276 462 1446 489 Christianos
1468 460 1690 491 commemorati;
1708 459 1772 486 hinc
1792 459 1863 485 Am-

1067 508 1168 539 monii,
1192 507 1364 541 Serapiones,
1386 507 1578 539 Athenagorae.
1602 503 1783 538 Apollinarii,
1807 503 1862 530 De-

1068 553 1167 584 metrii,
1185 553 1300 580 Isidori:
1318 552 1355 588 (5)
1371 552 1428 587 quis
1451 552 1536 584 enim.
1550 551 1588 577 ait
1603 550 1788 578 Tertullianus
1807 548 1859 584 (6),

1068 600 1203 625 nominum
1219 599 1328 625 reatus?
1343 598 1419 631 Quod
1444 602 1533 625 autem
1549 596 1630 631 obiici
1647 600 1737 630 potest
1752 596 1789 623 ab
1804 594 1860 622 Oro

1068 643 1218 678 Orogenem
1247 643 1331 670 fuisse
1358 643 1519 674 dicendum,
1553 649 1606 669 non
1635 642 1799 676 Origenem,
1827 640 1861 668 de

1070 690 1154 717 nihilo
1171 694 1230 721 est;
1250 697 1311 716 nam
1330 689 1446 722 primum
1473 688 1630 722 responderi
1647 691 1736 721 potest
1753 686 1795 714 sic
1811 693 1860 721 pro

1070 736 1248 772 ἀργοῳόντης,
1264 735 1424 763 Mercurium
1442 735 1624 771 ἀργειφόντην
1639 734 1723 760 fuisse
1739 733 1859 766 dictum;

1071 783 1110 811 sic
1134 782 1305 817 chltisidoro
1330 789 1428 808 nomen
1455 782 1539 808 fuisse
1572 780 1679 808 cuidam
1703 779 1862 806 Aristotelis

1071 829 1236 861 adversario,
1262 829 1307 862 qui
1332 827 1526 861 Cephisodorus
1552 826 1640 853 luerat
1664 825 1861 860 appellandus;

1073 883 1122 902 usu
1146 882 1253 910 quoque
1275 874 1492 909 receptissimum
1509 880 1570 900 esse
1594 872 1665 907 apud
1688 871 1802 898 Latinos
1825 871 1863 898 ita

1073 921 1182 948 nomina
1196 919 1332 952 conﬂare;
1357 920 1397 946 sic
1419 918 1629 954 Dionysipolitas
1653 917 1805 952 appellasse
1819 916 1865 944 Ci-

1074 974 1214 998 ceronem,
1238 973 1306 1000 quos
1330 965 1373 992 alii
1397 965 1626 1000 Dionysopolitas;
1653 965 1691 991 sic
1719 963 1865 998 Demipho-

1074 1021 1133 1039 nem
1166 1017 1193 1038 et
1208 1011 1384 1045 Clitipltonem
1406 1018 1421 1037 a
1438 1010 1551 1037 comicis
1566 1010 1663 1041 dictos,
1678 1009 1723 1043 qui
1744 1008 1780 1035 ab
1803 1007 1868 1035 aliis

1074 1059 1240 1091 Demophoon
1270 1063 1296 1084 et
1321 1057 1475 1091 Clitoplton;
1502 1057 1542 1084 sic
1558 1055 1741 1091 Phoebigenam
1766 1063 1782 1082 a
1803 1054 1867 1081 Vir-

1075 1106 1148 1140 gilio.
1163 1105 1206 1139 qui
1228 1103 1391 1139 Pltaebogena
1411 1103 1463 1130 dici
1479 1103 1629 1130 debuisset.
1646 1102 1679 1129 Et
1695 1106 1724 1128 ut
1743 1101 1866 1128 simlem

1076 1152 1214 1179 nominum
1229 1150 1488 1184 coagumntationem
1509 1147 1633 1182 proferre
1650 1147 1750 1182 nullam
1769 1154 1869 1182 posse—

1076 1204 1151 1230 mus,
1178 1196 1239 1231 quis
1267 1200 1422 1223 accnratam
1458 1194 1612 1221 hellenismi
1648 1193 1808 1220 munditiem
1837 1193 1868 1220 in

1075 1241 1256 1269 Alexandrina
1281 1240 1403 1275 requirat
1425 1240 1554 1270 Dialecto,
1570 1239 1608 1274 (7)
1631 1246 1691 1273 qua:
1707 1246 1724 1265 a
1740 1238 1869 1265 Macedo-

1076 1288 1136 1314 nica
1151 1286 1271 1321 proiecta
1284 1291 1337 1319 est,
1351 1286 1468 1312 barbara
1486 1286 1544 1319 ipsa
1561 1284 1677 1319 primum
1695 1289 1723 1311 et
1744 1284 1869 1318 impura,
1917 1311 1920 1319 ⁴

1076 1337 1104 1360 et
1126 1337 1203 1359 extra
1228 1331 1384 1359 Graecarum
1410 1338 1519 1358 censum
1537 1334 1690 1362 numerata,
1713 1334 1752 1357 tot
1768 1330 1870 1356 deinde

1077 1380 1196 1414 gentium
1223 1378 1386 1405 commercio
1406 1378 1557 1412 inquinata,
1570 1382 1597 1404 et
1617 1378 1649 1404 ab
1664 1376 1798 1411 [Egyptiis
1822 1377 1870 1403 de-

1079 1432 1162 1457 ntom,
1188 1425 1259 1452 inter
1281 1432 1348 1459 quos
1375 1424 1515 1457 consedit,
1538 1424 1652 1451 distorta
1668 1428 1695 1451 et
1717 1423 1869 1457 corrupta?

1079 1471 1142 1499 Inde
1168 1471 1197 1499 Iit
1221 1476 1251 1498 ut
1274 1471 1519 1499 Alexandrinorum
1547 1471 1682 1504 loquelam
1710 1474 1765 1496 tam
1794 1475 1870 1503 saepe

1079 1522 1191 1552 carpant
1216 1518 1304 1545 critici
1330 1517 1446 1550 antiqui,
1470 1516 1639 1552 Plirynicus,
1665 1515 1784 1543 Thomas
1807 1523 1869 1542 ma-

1080 1564 1165 1598 gisler
1191 1568 1219 1590 et
1233 1562 1370 1590 Helladius
1386 1562 1573 1589 Besantinons.
1587 1563 1685 1589 Verum
1701 1562 1742 1588 his
1757 1561 1870 1588 omissis

1081 1611 1196 1644 genuina
1216 1611 1355 1644 responsio
1378 1619 1412 1638 ex
1436 1609 1614 1644 sequentibus
1640 1608 1718 1635 facile
1736 1607 1868 1635 exstabit.

1081 1656 1153 1683 Orns
1171 1655 1357 1691 {Egyptiorum
1375 1657 1441 1683 deus
1462 1656 1485 1682 is
1508 1659 1549 1682 est
1569 1653 1684 1682 Osiridis
1698 1658 1724 1680 et
1742 1653 1822 1680 Isidis
1837 1652 1871 1679 ἢν

1082 1701 1144 1735 lius,
1161 1710 1239 1736 quem
1254 1702 1402 1736 Apollinem
1417 1709 1477 1729 esse
1499 1706 1526 1729 et
1541 1701 1631 1728 Solem
1646 1705 1753 1727 veteres
1767 1705 1870 1734 magna

1082 1756 1215 1775 consensu
1245 1749 1421 1776 tradiderunt.
1445 1748 1529 1776 Orum
1559 1755 1607 1775 seu
1641 1746 1742 1774 Horum
1764 1746 1871 1773 dictum

1082 1793 1249 1821 existimavit
1265 1794 1353 1822 Horus
1367 1795 1474 1829 Apollo,
1488 1793 1561 1829 quod
1574 1793 1649 1821 horis
1662 1792 1770 1827 pra-sit;
1787 1791 1873 1819 horas

564 1871 575 1887 ⁸
595 1871 656 1898 Act.
672 1878 763 1903 ,xvnt,
779 1870 824 1898 2i.
863 1869 978 1897 ’“Rom.-
995 1877 1048 1902 xvt,
1069 1870 1094 1903 I,
1110 1870 1155 1902 II,
1172 1870 1215 1898 I5.
1256 1870 1267 1886 ⁸
1285 1870 1317 1897 III
1336 1869 1414 1899 Joan.
1428 1870 1456 1897 9.

1077 1939 1193 1974 iecisse.
1219 1944 1245 1966 et
1275 1940 1475 1975 prophetarum
1498 1939 1606 1975 nomina
1636 1938 1716 1975 Bibe.
1744 1938 1875 1969 Ieremia

1081 1981 1162 2008 atque
1186 1973 1281 2007 Isaiae,
1305 1980 1333 2002 et
1357 1974 1492 2002 Samuelis
1515 1982 1547 2001 ac
1574 1973 1693 2001 Danielis
1714 1974 1766 2002 sibi
1793 1976 1867 2003 asci-

1082 2017 1165 2037 VISSC.

1118 2044 1157 2080 (5)
1175 2045 1239 2078 Quis
1253 2046 1335 2076 enim,
1350 2045 1386 2071 ait
1402 2044 1595 2076 'I‘ertullianns,
1615 2045 1748 2080 nominum
1759 2047 1874 2080 reatus!

1085 2078 1345 2113 Sic‘Athenagoras
1380 2079 1515 2113 Leqation.
1543 2087 1589 2112 pro
1618 2078 1793 2112 Christianis,
1820 2089 1873 2107 nou

1083 2115 1161 2149 longe
1181 2116 1215 2141 ah
1240 2115 1334 2142 initio:
1354 2115 1436 2141 Οὐδὲν
1452 2114 1480 2140 δὲ
1504 2115 1588 2147 δνομα
1605 2115 1646 2147 ἐφ’
1659 2113 1757 2140 ἑαυτοῦ
1774 2116 1824 2141 καὶ
1839 2116 1873 2141 δι’

1083 2149 1165 2185 αὑτοῦ
1191 2150 1220 2176 οὺ
1238 2150 1367 2185 πονηρὸν,
1384 2149 1444 2176 οὐδὲ
1465 2149 1587 2185 χρηστὸν
1606 2149 1761 2185 νομίζεταγ
1775 2149 1822 2176 διὰ
1845 2151 1874 2177 δὲ

1083 2184 1346 2221 τὰςμὺἓπρκειμένᾴς,
1366 2185 1382 2220 ἢ
1406 2184 1516 2218 ἀγαθὰς
1537 2184 1664 2219 πράξεις,
1681 2184 1698 2219 ἢ
1721 2184 1833 2221 φλαυρὰ
1857 2186 1873 2220 ῆ

1083 2220 1115 2253 ἀγ
1122 2219 1174 2246 αθὰ
1189 2219 1271 2246 δοκεῖ.
1286 2219 1389 2246 Nomen
1402 2221 1486 2254 ipsum
1501 2228 1545 2252 per
1557 2228 1583 2246 se
1597 2224 1620 2246 et
1635 2224 1766 2253 quatenus
1780 2219 1872 2247 nomen

1082 2260 1134 2286 est,
1158 2256 1252 2281 bonum
1277 2256 1404 2281 malumne
1423 2256 1590 2281 existimatur
1607 2254 1708 2280 nullum
1720 2262 1730 2281 .‘
1748 2255 1795 2281 sed
1824 2256 1873 2282 tale

1082 2290 1197 2325 profecto
1210 2290 1386 2325 judicandum
1408 2289 1623 2325 unumquodque,
1645 2289 1731 2325 qualis
1755 2298 1797 2316 res
1818 2291 1872 2325 ipsa

1084 2329 1130 2353 aut
1146 2324 1216 2351 actio
1230 2326 1261 2352 de
1275 2333 1328 2358 qua
1347 2324 1518 2358 pra'dicatur,
1531 2324 1622 2358 fuerit.

1122 2360 1161 2396 (6)
1182 2360 1285 2396 Tertul.
1300 2359 1430 2396 Apol..p.
1442 2359 1489 2396 28.

1123 2394 1161 2431 (7)
1183 2395 1248 2428 Qum
1270 2403 1287 2422 a
1308 2394 1479 2431 Macedonica
1504 2394 1694 2431 profectae“.
1710 2394 1874 2423 Plutarchus

1085 2435 1112 2462 in
1128 2429 1252 2457 ‘Antonio
1274 2434 1367 2457 narrat
1386 2429 1562 2465 Cleopatram
1582 2429 1726 2465 multarum
1752 2432 1872 2465 gentium

1083 2465 1348 2501 linguas‘didicisse,
1363 2464 1417 2501 τῷν
1432 2464 1485 2500 πρὸ
1501 2465 1586 2501 αὐτῆς
1604 2464 1736 2501 βᾳσιλέων
1751 2466 1814 2492 οὐδὲ
1827 2467 1873 2501 τὴν

1084 2499 1239 2536 Alio-trtin
1255 2499 1447 2536 ἀνασχομένων
1464 2500 1618 2536 περιλαϐεῖν
1633 2500 1782 2536 διάλεκτον,
1797 2499 1873 2527 svum

1084 2540 1113 2567 δὲ
1125 2535 1181 2563 ⁷καὶ
1200 2535 1231 2562 τὸ
1251 2535 1444 2568 Μακεδονιζειν
1470 2535 1645 2562 ἐκλιπόντων.
1669 2535 1735 2561 Cum
1758 2542 1874 2562 anteces-

1085 2580 1156 2601 sores
1183 2571 1237 2605 ejus
1266 2579 1336 2605 reges
1363 2579 1393 2597 ne
1419 2569 1572 2605 zEgyptiam
1605 2570 1707 2604 quidem
1732 2570 1873 2597 dialectnm
1916 2582 1920 2590 ι

1085 2607 1224 2644 percipere
1247 2606 1450 2644 sustinuissent,
1474 2605 1604 2644 nonnulli‘
1622 2605 1704 2644 _etiam_
1735 2606 1873 2644 dedissent

1087 2639 1293 2671 Macedonicam.
1319 2641 1464 2667 Barbaraln
1487 2646 1573 2667 autem
1592 2639 1675 2667 fuisse
1697 2640 1768 2667 hane
1786 2648 1803 2667 e
1823 2640 1875 2667 Ma-
1919 2665 1920 2674 η

1087 2677 1215 2706 cedonica
1250 2680 1341 2703 natam
1369 2675 1580 2702 Alexandrinam
1608 2675 1754 2702 dialectnm
1787 2675 1875 2702 innuit

1088 2714 1186 2741 Sextus
1212 2711 1364 2745 Empiricus
1385 2710 1515 2737 Aduersus
1546 2710 1715 2743 Mathemat.,
1743 2718 1806 2744 pag.
1831 2710 1873 2737 Ii.

1085 2748 1153 2775 Vide
1170 2744 1278 2781 insuper
1293 2746 1372 2781 Alex.
1393 2745 1497 2781 Morem
1518 2746 1543 2781 in
1563 2744 1651 2771 Causa
1674 2745 1732 2775 Dei,
1751 2749 1823 2779 part.
1839 2753 1873 2781 Il,

1085 2787 1180 2818 quaest.
1194 2779 1304 2818 ὕβρειςΖ
1327 2780 1388 2818 I58.
1403 2781 1439 2807 At
1462 2779 1723 2818 Vossius_.I_dversrts
1748 2781 1809 2806 erit.

1087 2814 1179 2850 monii,
1198 2814 1260 2852 pag.
1273 2814 1316 2848 i6,
1334 2816 1449 2852 linguam
1469 2814 1713 2843 Alexandrinorum
1736 2814 1872 2849 pertendit
1919 2827 1920 2847 ;

1087 2854 1169 2881 fuisse
1181 2852 1310 2880 Atticam.
