1935 3110
53 143 109 173 επ

581 144 848 173 οιιιαΕΝιΑΝθιιω

900 145 948 173 .IB.
967 145 990 178 ι,
1008 144 1085 172 CAP.
1106 145 1126 172 I.
1620 143 1672 172 653

53 209 153 232 contra
169 211 269 232 nomen
283 204 318 232 ab
331 211 364 233 eo
381 204 507 238 traxisse,
522 210 550 233 et
563 210 680 240 quatuor
694 207 757 233 anni
774 212 841 233 tem-
852 208 877 237 Α
891 206 1122 242 Elymologiarum
1154 211 1247 233 auctor
1280 204 1352 232 aliud
1385 212 1446 232 esse
1456 225 1469 238 ,.
1499 204 1673 240 Ὀρειγενής,

55 253 177 284 pestates
197 248 272 285 ὧρας
294 249 413 277 indidem
435 249 533 283 dictas,
555 255 582 277 et
599 258 710 283 annum,
724 257 751 278 et
767 251 842 278 Grae-

57 300 152 321 corum
174 293 295 326 annales,
317 298 345 321 et
368 301 462 321 eorum
481 294 627 329 scriptores
651 295 840 331 ὠρογράφους,

57 338 172 366 tradunt
189 338 343 367 Macrobius
358 339 405 367 lib.
420 347 428 367 l
444 339 568 371 Saturn.,
583 348 644 375 cap.
658 340 690 368 2t
703 348 711 372 ;
728 345 755 367 et
771 340 841 368 Cen-

58 384 168 412 sorinus
185 392 246 419 cap.
261 384 304 413 l9.
321 384 423 419 .lnepte
442 384 532 412 Horus
557 385 654 419 Apollo
671 395 678 413 :
694 386 772 421 Ἐμοὶ
793 386 842 421 μὲν

58 427 108 458 οὖν
129 425 275 464 Αἰγύπτιού
311 431 452 466 φαίνεται,
475 432 522 458 καὶ
547 431 671 467 οὐδαμῶς
691 431 842 467 Ἑλληνικὸν

58 475 146 510 δνομα
158 473 242 511 Ὦρος
265 473 352 509 εἶναι,
378 476 465 511 inquit
491 476 639 504 Pausanias
663 477 690 504 in
717 477 841 505 Corinth.

59 527 135 548 vere.
160 520 325 554 Salmasius,
347 522 427 556 epist.
449 522 493 553 78.
513 521 596 549 Orutn
618 530 716 549 nomen
744 523 843 549 habere

59 570 155 594 censet
173 574 187 593 a
202 567 302 594 veteris
319 567 416 603 linguae
431 567 564 604 Aﬂgyptiaa
583 569 716 596 vocabulo
736 568 841 604 πιουρό,

57 612 104 639 vel
130 613 231 647 absque
247 612 363 640 articulo
384 613 458 649 οὑρὸ,
482 614 553 648 quod
580 622 664 649 regem
695 619 783 641 sonat.
803 615 842 640 lta

58 662 135 686 certe
156 658 266 693 quidem
287 666 358 694 saepe
380 660 492 694 exponit
517 659 585 687 lbno
604 659 690 686 Gabar
715 660 740 686 in
763 658 842 687 Scala

57 711 169 738 magna,
186 711 267 738 quam
283 704 367 731 edidit
387 704 543 732 Kircherus.
569 705 638 732 Sunt
651 705 695 740 qui
720 705 843 733 derivent

58 754 162 781 δῦτε,
179 749 204 776 id
224 754 266 777 est
292 749 356 781 Sol.
380 750 414 778 ad
435 759 503 785 quos
523 751 635 778 minime
652 750 760 786 quidem
783 758 843 785 pos-

58 801 122 821 sum
138 795 266 822 accedere
280 804 287 821 :
301 793 385 830 Ὧρος
400 797 471 822 enim
488 795 587 823 factum
603 801 643 823 est
666 803 698 822 ex
716 794 843 830 Egyptio

57 841 109 872 0r,
125 841 168 868 cui
186 848 200 867 a
219 840 320 868 Graecis
343 842 434 869 addita
457 842 611 868 terminatio
626 846 667 868 est
696 840 730 868 0r
746 849 842 868 nomen

890 252 972 285 aliud,
994 252 1144 288 Ὠριγένης.
1157 252 1195 288 (9)
1208 253 1246 280 Ac
1257 252 1310 279 alio
1322 252 1415 279 itidem
1427 251 1492 286 loco
1499 251 1606 278 nomina
1619 250 1674 282 illa,

897 298 1046 334 Ὦριγένης,
1058 303 1086 325 et
1104 298 1209 334 Ὠρίων,
1227 298 1412 333 patronymica
1431 304 1492 324 esse
1516 296 1605 329 docet,
1626 304 1675 324 nec

891 344 1003 379 proinde
1019 343 1130 371 ἀπὸτοῦ
1147 343 1244 379 ὥρους,
1262 345 1308 371 sed
1330 344 1384 371 ἀπὸ
1403 343 1449 370 τοῦ
1465 342 1536 378 ὢρου
1556 342 1587 369 τὸ
1605 343 1675 377 Ὠριμ

891 389 972 425 γένης
987 390 1114 417 derivari.
1134 390 1229 425 Ὠρίων
1244 395 1335 418 autem
1353 390 1483 417 usitatum
1507 389 1576 415 inter
1592 387 1676 422 (Egy-

892 436 961 470 ptios
984 435 1125 463 multorum
1143 443 1240 463 nomen
1262 436 1323 463 fuit.
1339 435 1458 463 Duorum
1475 434 1532 467 eius
1557 433 1675 460 nominis

892 482 1128 517 grammaticorum
1153 483 1276 510 meminit
1292 482 1400 513 Snidas,
1424 481 1533 508 Thebaei
1552 480 1674 511 alterius,

892 527 1002 555 alterius
1020 527 1206 555 Alexandrini.
1229 527 1271 554 Ab
1294 526 1348 555 Oro
1368 527 1487 559 scilicet,
1513 533 1567 561 quo
1593 526 1675 552 etiam

892 573 1001 600 nomine
1022 572 1186 608 complures,
1201 577 1230 600 ut
1251 573 1324 607 dixi,
1346 573 1430 607 gavisi
1453 576 1525 599 sunt.
1548 571 1608 605 Ipse
1629 578 1676 596 ve-

892 623 973 646 nator
987 618 1080 651 Orion,
1103 621 1149 654 qui
1167 619 1236 646 inter
1252 624 1324 646 astra
1342 619 1445 646 relatus
1459 623 1509 648 est,
1527 625 1579 644 non
1596 615 1673 650 quasi

896 665 1012 700 οὐριων,
1034 665 1105 699 quod
1129 669 1237 700 etymon
1263 664 1364 692 Graecia
1388 663 1501 691 mendax
1525 662 1673 695 conﬁnxit,

893 711 939 737 sed
955 710 989 737 ab
1013 709 1125 737 Hebrzeo
1140 709 1227 744 potius
1247 714 1315 742 1m,
1341 710 1417 744 quasi
1439 704 1524 741 dicas,
1547 708 1674 740 Lucidus,

893 762 989 782 nomen
1015 755 1124 787 habuit;
1142 756 1185 783 hic
1200 759 1242 782 est
1262 756 1333 782 enim
1356 763 1425 782 unus
1443 755 1600 782 asterismus
1618 761 1676 781 om-

894 801 966 827 nimu
994 801 1187 828 lucidissimus.
1212 801 1373 829 Hebraicum
1391 806 1481 828 autem
1507 808 1604 828 nomen
1626 800 1676 826 ha-

894 846 985 874 buisse
1007 848 1092 882 ipsum
1117 855 1150 874 eo
1172 847 1329 875 credibilius
1351 852 1407 880 est,
1422 847 1493 882 quod
1519 847 1546 874 in
1572 845 1676 873 Boeotia

60 886 112 913 fuit
138 886 241 921 pastori
260 887 367 913 cuidam
390 887 516 922 Egyptio
537 887 664 922 Telegoni
688 887 775 921 patri,
797 887 842 921 qui

900 893 972 925 vixit,
985 893 1076 920 itidem
1092 899 1121 920 ut
1143 893 1261 921 Cadmus
1278 894 1386 921 Orionis
1412 898 1491 921 senile
1516 900 1567 919 non
1593 891 1677 918 multo

58 933 192 967 septimus
207 932 241 960 ab
265 932 364 960 Inacho
381 932 489 968 (Egypti
513 940 622 968 regnum
650 933 744 959 tenuit.
760 932 844 967 llujus

58 978 184 1005 meminit
209 977 391 1014 Hieronymus
414 979 440 1005 in
466 979 589 1006 Chronici
610 979 752 1006 Eusebiani
777 979 845 1006 libro

58 1024 222 1059 posteriore,
235 1029 263 1052 et
278 1025 389 1051 alterius
404 1024 441 1051 0r
459 1024 486 1051 in
505 1024 617 1058 epistola
634 1025 666 1050 ad
684 1024 845 1058 Ctesiphon-

59 1074 117 1097 tem
140 1070 269 1097 adversus
284 1070 439 1105 Pelagium,
462 1070 568 1103 cap..2,
586 1069 774 1105 Egyptiorum
799 1071 847 1097 ab-

58 1116 155 1142 batum
176 1117 287 1143 dttorum
302 1116 385 1143 vitam
412 1116 521 1150 scripsit
537 1115 671 1142 Palladius
688 1115 714 1142 in
731 1115 845 1142 Lausia-

59 1161 112 1194 eis,
126 1169 240 1197 quorum
255 1162 334 1189 alteri
350 1161 388 1190 0r
405 1169 502 1189 nomen
520 1162 579 1194 luit,
597 1162 674 1188 alteri
691 1161 763 1194 Pior,
781 1169 847 1196 pra:-

59 1207 118 1235 ﬁxo
131 1207 256 1234 nimirum
268 1207 395 1243 Egyptio
408 1208 522 1235 articulo
535 1208 694 1235 masculino.
708 1206 779 1235 ldem
794 1208 846 1235 alio

59 1253 123 1281 loco
150 1254 273 1281 meminit
304 1253 417 1289 virginis
441 1254 514 1281 Taor
548 1253 649 1280 nomini
676 1253 714 1281 Οι·
738 1254 847 1288 praellxo

61 1299 158 1327 itidem
186 1300 300 1327 articulo
326 1299 455 1326 feminino
478 1299 615 1334 Egyptio.
638 1298 676 1326 0r
699 1299 845 1334 genuinum

60 1350 108 1373 est
127 1345 170 1372 dei
195 1345 275 1379 hujus
299 1345 448 1381 Egyptiaei
466 1352 574 1377 nomen,
590 1347 660 1372 unde
672 1342 756 1380 Ὧρος
776 1344 848 1371 Grat-

59 1398 138 1424 cum,
152 1391 256 1426 adjecta
278 1391 478 1419 terminatione.
501 1390 735 1424 Quemadmodum
757 1395 846 1418 autem

60 1437 94 1465 in
124 1436 254 1464 honorent
294 1436 336 1464 dei
368 1436 438 1463 illius
469 1444 522 1464 non
562 1443 632 1463 unus
670 1435 848 1471 appellatione

60 1483 221 1511 Gmcanica
232 1480 314 1519 Ὧρος
326 1482 413 1510 dictus
425 1482 492 1516 l'uit;
508 1482 543 1509 ita
556 1487 583 1510 et
596 1481 784 1516 Egyptiacum
795 1479 848 1517 Ὧρ

60 1528 144 1556 multi
168 1529 195 1555 in
209 1535 308 1556 nomen
325 1528 487 1555 asciverunt.
503 1527 579 1561 Quod
596 1528 619 1554 si
636 1521 697 1561 quis
725 1535 790 1562 ergo
811 1528 846 1554 ita

61 1576 155 1603 dictus
169 1574 329 1609 reperiatur,
344 1581 395 1601 non
418 1581 466 1609 per
481 1573 685 1608 metaplasmum
702 1581 750 1608 pro
763 1571 847 1609 Ὦρος

62 1622 103 1648 ita
122 1626 230 1654 putetur
248 1625 427 1655 nuncupatus,
441 1624 470 1646 ut
490 1619 625 1654 coniectat
646 1619 781 1654 Scaliger;
799 1620 847 1646 sed

61 1664 150 1702 ’Ὧρος
162 1674 176 1693 e
194 1666 330 1694 contrario
343 1673 357 1692 a
377 1665 536 1700 primigenio
552 1665 602 1700 Ὠρ
617 1664 722 1691 inducta
743 1664 849 1692 Graeca-

63 1713 129 1740 nica
145 1712 231 1739 l'orma
245 1712 379 1739 detortum
392 1711 572 1738 existimetur.
582 1710 634 1746 Ὠρ
646 1714 736 1738 autem
752 1718 848 1745 purum

63 1764 162 1793 putum
174 1756 336 1785 Hebraicum
351 1762 392 1785 est
407 1761 465 1790 Tm,
475 1757 546 1792 quod
560 1756 643 1784 lucem
662 1756 806 1791 signillcat,
821 1761 850 1784 et

65 1812 119 1839 pro
132 1804 190 1839 ipso
202 1804 283 1831 etiam
297 1803 354 1831 sole
367 1807 512 1837 usurpatur
524 1801 583 1830 Jobi
598 1810 675 1835 xxxi,
686 1801 731 1833 26,
744 1809 848 1830 necnon

64 1855 112 1878 est
137 1849 195 1878 Jobi
221 1857 316 1882 xxxvt,
341 1848 393 1881 30;
417 1854 445 1876 et
468 1849 543 1876 Isaia:
563 1856 589 1881 v,
607 1848 659 1881 '50,
683 1850 758 1883 juxta
780 1856 848 1883 quo-

66 1895 193 1923 rumdam
206 1895 385 1930 interpretum
400 1894 609 1930 expositionem.
626 1893 685 1922 Iam
700 1901 764 1921 vero
781 1895 851 1926 unde

65 1941 187 1969 manarit
209 1940 332 1976 Origenis
354 1948 451 1968 nomen
475 1940 501 1968 in
521 1944 645 1975 promptu
661 1944 722 1973 est;
744 1940 778 1966 ab
800 1940 851 1975 Ὠρ

64 1988 199 2015 nimirum
233 1987 290 2014 ﬁeri
315 1987 406 2014 debuit
427 1986 585 2022 Ὠριγένης,
613 1993 665 2013 non
691 1985 849 2021 Ὠρογένης,

65 2033 295 2069 quemadmodum
310 2033 343 2060 ab
361 2030 409 2068 ἦρ,
433 2032 573 2068 ἠριγένεια
591 2031 657 2067 ἠώς,
680 2039 732 2058 non
755 2032 853 2066 ὴρογέ-

66 2087 147 2107 νεια-
171 2087 186 2106 a
204 2079 269 2115 πῦρ,
300 2079 465 2115 πυριγενής,
490 2078 588 2106 Bacchi
618 2078 758 2112 epitheton
783 2078 852 2112 apud

67 2125 209 2153 Nonnum.
229 2124 360 2160 Origenes
382 2125 463 2159 igitur
484 2124 554 2151 idem
576 2123 658 2151 fuerit
678 2124 749 2159 quod
774 2122 853 2150 Phat-

67 2172 173 2203 biqena,
190 2178 242 2197 non
257 2170 327 2204 quod
344 2169 507 2204 Manligena.
529 2169 680 2202 Erasmum,
696 2170 851 2202 Caninium,

66 2219 238 2250 umerosque
261 2216 287 2242 in
309 2207 430 2243 fraudem
455 2215 598 2243 illexerunt
621 2216 677 2243 hu
704 2215 852 2250 Elgmologi

67 2262 180 2288 verba:
204 2261 253 2296 (8)
284 2261 314 2288 El
343 2262 391 2297 μὲν
424 2262 529 2296 φωνῆεν
566 2261 745 2296 ἐπιφέρηται,
777 2260 793 2296 ἢ
824 2260 853 2288 ἓν

68 2306 176 2334 ἁπλοῦν
212 2307 370 2343 σύμφωνον,
407 2307 567 2342 φυλάττεται
594 2308 611 2342 ὴ
641 2315 667 2334 ει
698 2306 851 2341 δίφθογγος.

70 2351 149 2386 Οἶον,
166 2353 238 2389 ὄρει,
255 2353 402 2389 ὀρείαυλος,
419 2353 568 2389 ὀρειγενὴς,
585 2354 599 2379 ὁ
618 2353 646 2379 ὲν
661 2352 700 2388 τῷ
716 2352 773 2388 ὄρει
793 2361 854 2387 γεν-

68 2399 175 2434 νηθείς.
200 2399 261 2426 Haec
278 2400 378 2426 rectius
391 2399 587 2426 intellexissent
615 2399 746 2432 profecto,
772 2400 794 2426 si
819 2399 853 2426 ad

69 2446 213 2480 sequentia
231 2446 408 2472 attendissent
425 2454 432 2472 :
449 2445 486 2471 Τὸ
509 2445 561 2481 γὰρ
587 2445 679 2481 κύριον
702 2445 787 2480 lii/opai
809 2445 856 2471 καὶ

70 2490 234 2528 βαρύνεται,
258 2492 305 2518 καὶ
325 2491 369 2517 διὰ
381 2490 428 2517 τοῦ
448 2500 469 2517 ω
492 2491 608 2526 μεγάλου
635 2492 784 2527 γράφεται,
810 2491 857 2518 καὶ

69 2540 119 2567 διὰ
144 2539 191 2566 τοῦ
214 2548 239 2566 ι·
258 2547 308 2567 nec
332 2539 404 2566 enim
430 2541 551 2574 apertius
577 2540 730 2573 signiﬁcare
753 2543 859 2573 poterat

111 2619 152 2656 (8)
165 2619 280 2656 Etyntol.
292 2627 380 2656 magn.
444 2618 593 2653 Ὀρίγανον.

112 2654 152 2690 (9)
167 2655 238 2690 ldetu
260 2655 285 2681 iu
309 2654 456 2690 Ἀτρείδηςἴ

111 2686 168 2725 (ίῦ)
200 2689 266 2716 Hinc
287 2686 573 2723 refellitur-Erasmus.
603 2686 732 2725 Equidem
748 2686 858 2725 Ain_hoc

71 2721 170 2753 errore
184 2721 356 2755 versabatur,
383 2732 442 2751 cum
467 2724 592 2759 Origenis
607 2723 689 2749 vitam
702 2721 855 2759 scribebat;

73 2761 123 2787 sed
139 2759 212 2786 aliud
239 2759 314 2786 docet
342 2759 368 2786 in
397 2756 634 2792 Adagiixfdictum
658 2764 755 2791 nempe
774 2756 857 2784 fuisse

72 2794 266 2823 Adamantiutn
291 2793 325 2821 ob
347 2791 533 2822 incredibilem
557 2800 700 2821 numerum
726 2791 856 2819 librorum

72 2837 147 2865 quos
160 2829 299 2863 scripsisse
312 2828 420 2857 dicitur.

100 2865 124 2900 (l
133 2862 222 2901 l)Siré
233 2864 433 2900 συντακτήριος,
445 2864 495 2893 sive
507 2863 681 2895 συντακτικός
692 2862 743 2891 diri
753 2862 855 2891 meruit.

893 940 1026 973 superior,
1045 939 1089 974 qui
1113 939 1271 966 Plimnicunt
1298 938 1417 973 linguam
1439 938 1465 964 in
1486 937 1617 965 Gratciam
1634 936 1677 962 in—

894 984 964 1011 tulit.
976 985 1056 1011 Addit
1072 984 1239 1012 llmsehelius
1253 985 1279 1011 in
1295 984 1405 1019 Origen.
1427 989 1518 1010 contra
1532 983 1613 1014 σεῖε..
1628 981 1676 1009 lib'.

894 1038 915 1062 ι,
929 1038 977 1065 pro
997 1031 1137 1066 Ὁριγενής
1159 1029 1258 1057 factum
1280 1029 1430 1065 Ὠριγενής,
1452 1027 1676 1063 quemadmodum

894 1083 942 1110 pro
965 1076 1153 1111 Ὁρεσίτροφος
1175 1081 1261 1109 poetae
1286 1075 1473 1111 Ὠρεσίτρςθος
1495 1073 1632 1101 dixerunt.
1650 1073 1678 1100 Id

895 1122 991 1150 nollem
1014 1123 1120 1149 erudito
1143 1122 1201 1149 viro
1223 1121 1374 1153 excidisse;
1401 1121 1472 1156 quod
1499 1119 1569 1147 enim
1597 1119 1676 1146 metri

895 1168 1055 1195 necessitate
1079 1167 1186 1195 adducti
1210 1167 1268 1194 ausi
1292 1172 1355 1194 sunt
1379 1171 1464 1201 poetae
1480 1165 1633 1200 aliquando,
1651 1165 1678 1192 id

896 1214 922 1240 in
947 1214 1034 1247 legem
1055 1218 1101 1240 aut
1117 1213 1269 1247 exemplum
1288 1213 1396 1240 trahere
1419 1220 1472 1239 non
1501 1211 1601 1239 debuit.
1623 1210 1679 1238 Nec

896 1259 1000 1286 felicior
1030 1258 1144 1285 aliorutn
1176 1259 1347 1293 conjectura,
1372 1258 1417 1293 qui
1445 1257 1553 1293 Origeni
1579 1264 1679 1284 nomen

897 1305 994 1332 lactmn
1012 1306 1114 1336 volunt,
1138 1305 1208 1339 quod
1234 1304 1393 1339 tempestive
1410 1304 1515 1337 genitus
1539 1303 1590 1335 sit;
1616 1310 1678 1329 nam

896 1351 935 1378 sic
949 1351 1123 1382 scriberetur,
1142 1349 1299 1385 Horigenu,
1318 1357 1370 1376 non
1389 1349 1526 1383 Origenes.
1541 1348 1624 1376 lnane
1639 1351 1680 1375 est

896 1400 985 1422 autem
1002 1396 1071 1430 quod
1086 1395 1144 1430 ejus
1159 1396 1301 1423 sententia!
1322 1394 1514 1422 conﬁrmanda:
1529 1394 1615 1429 gratia
1630 1394 1678 1420 ad-

894 1441 961 1477 jecit
976 1442 1019 1468 vir
1030 1441 1161 1474 eruditus,
1176 1448 1205 1468 se
1220 1441 1247 1468 in
1265 1441 1378 1468 vetustis
1401 1440 1540 1467 codicibus
1553 1439 1679 1475 Origenis

898 1494 995 1515 nomen
1012 1494 1073 1514 cum
1093 1487 1256 1521 aspiratione
1278 1487 1407 1521 scriptum
1421 1486 1568 1521 saepissime
1584 1493 1646 1520 repe
1668 1501 1682 1508 —

900 1533 969 1560 risse
984 1544 989 1560 :
1003 1538 1105 1560 certum
1127 1533 1224 1567 quippe
1243 1537 1284 1559 est
1306 1532 1383 1567 longe
1407 1532 1488 1559 etiam
1512 1531 1681 1566 frequentius

898 1579 1061 1612 aspiratione
1074 1586 1166 1606 carere
1180 1588 1187 1605 :
1199 1578 1232 1605 ab
1245 1578 1315 1606 Horo
1329 1578 1456 1605 nimirum
1470 1577 1613 1612 appellatio
1628 1583 1680 1608 est,

899 1625 944 1659 qni
972 1625 1162 1658 aspirationem
1188 1624 1238 1651 sibi
1268 1623 1388 1651 vindicat
1413 1623 1568 1658 aliquando,
1584 1623 1682 1657 saepius

899 1671 979 1698 etiam
995 1670 1105 1704 respuit.

935 1715 977 1743 ll.
995 1715 1023 1742 ld
1037 1723 1102 1751 ergo
1120 1715 1235 1743 nominis
1249 1722 1263 1742 a
1281 1722 1364 1749 puero
1378 1714 1470 1741 habuit
1485 1714 1635 1749 Origenes;
1654 1718 1685 1741 at

899 1763 978 1789 annis
995 1761 1107 1788 subinde
1126 1761 1320 1796 prodeuntibus
1340 1760 1517 1787 Adamantius
1540 1759 1682 1794 coguonii-
1725 1766 1729 1770 ί

901 1813 980 1835 natus
1001 1811 1053 1837 est,
1081 1807 1121 1833 ὅτι
1153 1805 1354 1841 Ἀδαμαντένοτς
1369 1805 1476 1841 δεσμοῖς
1493 1804 1614 1840 ἐῴκεσαν
1635 1804 1686 1838 οὓς

900 1854 933 1880 ἂν
947 1854 1033 1888 aqua:
1050 1852 1153 1885 λόγους,
1171 1852 1257 1886 inquit
1269 1851 1382 1879 Photius
1397 1852 1458 1879 cod.
1473 1852 1536 1883 ll8,
1556 1851 1597 1878 vel
1620 1859 1684 1886 pro-

901 1904 960 1933 pter
978 1898 1074 1924 mentis
1086 1897 1287 1923 adamantinum
1301 1897 1390 1928 robur,
1405 1903 1465 1930 quae
1480 1895 1560 1923 nullis
1574 1895 1600 1923 in
1619 1895 1682 1922 illu«

902 1944 1011 1971 stranda
1028 1943 1180 1977 Scriptura,
1195 1948 1223 1970 et
1239 1942 1266 1969 in
1280 1942 1423 1970 scribendo
1434 1941 1571 1969 laboribus
1586 1941 1685 1968 delati-

902 1993 1019 2023 garctur,
1035 1987 1261 2022 quemadmodum
1283 1987 1309 2014 in
1335 1987 1449 2022 epistola
1472 1987 1505 2013 ad
1530 1986 1684 2013 Marcellam

902 2034 990 2069 prodit
1014 2033 1214 2068 Hieronymus;
1245 2032 1287 2060 vel
1316 2033 1387 2068 quod
1412 2037 1542 2067 tanquam
1569 2032 1686 2060 invictus

902 2080 1012 2107 adamas
1026 2078 1133 2106 fortiter
1150 2086 1220 2105 vene
1241 2077 1303 2105 lidei
1325 2085 1403 2113 opem
1425 2077 1519 2109 ferret,
1537 2077 1685 2110 omniaque

903 2127 932 2153 in
943 2133 971 2153 se
985 2125 1067 2153 missa
1085 2125 1273 2152 haereticorum
1290 2124 1343 2152 tela
1359 2124 1477 2151 veritate
1489 2123 1545 2157 ipsa
1557 2123 1686 2149 retunde-

904 2176 952 2199 ret.
970 2171 1056 2205 Atque
1070 2170 1096 2197 id
1115 2175 1324 2205 cognomentum
1346 2169 1396 2197 sibi
1420 2169 1490 2196 hunc
1510 2168 1684 2203 ipsumasci-

868 2231 889 2258 ι)
904 2218 974 2244 visse
997 2216 1079 2243 tradit
1093 2216 1257 2250 Epiphanius
1277 2215 1344 2242 haar.
1362 2215 1407 2247 64,
1429 2222 1454 2241 c.
1478 2214 1523 2242 75.
1537 2213 1594 2249 (l0)
1618 2212 1686 2240 Hinc

906 2262 1038 2289 refellitur
1053 2262 1184 2289 Erasmus
1200 2261 1226 2289 in
1248 2261 1307 2288 Vita
1327 2260 1449 2295 Origenis
1461 2281 1468 2292 ,
1485 2260 1547 2286 illud
1569 2259 1617 2293 ipsi
1629 2259 1685 2293 jam

906 2315 920 2334 a
933 2308 995 2334 vita:
1009 2311 1118 2337 exortu,
1135 2313 1187 2333 non
1203 2313 1236 2333 ex
1253 2306 1373 2333 moribus
1387 2306 1499 2332 inditum
1516 2304 1685 2331 existimans.

905 2353 946 2379 Ab
958 2352 1058 2386 ingenti
1073 2351 1155 2378 etiam
1169 2350 1312 2384 librorum,
1328 2358 1396 2385 quos
1410 2349 1519 2376 assidue
1541 2348 1687 2381 scribebat,

907 2399 981 2433 copia
1001 2398 1161 2434 συντὰχτης,
1181 2397 1236 2433 (Η)
1252 2398 1310 2424 sive
1325 2397 1519 2431 συντακτήριος
1529 2415 1536 2427 ,
1553 2396 1611 2422 sive
1624 2402 1688 2421 συν-

908 2445 1034 2477 τακτικός
1045 2445 1098 2472 dici
1115 2445 1223 2473 Ineruit.
1241 2444 1412 2471 Glialcenteri
1431 2444 1512 2469 etiam
1529 2441 1688 2468 attributum

909 2495 951 2517 est
965 2491 989 2518 ei
1003 2492 1035 2518 ab
1047 2491 1210 2527 Hieronymo
1220 2495 1440 2525 cognomentum,
1454 2489 1486 2516 ad
1499 2488 1604 2524 Didymi
1619 2487 1689 2515 illius

910 2537 1085 2564 Alexandrini
1102 2536 1271 2572 grammatici
1291 2535 1461 2571 exemplum,
1483 2534 1529 2569 qui
1554 2534 1589 2562 ob
1612 2533 1690 2560 inde-

909 2615 1113 2648 Συντάττεσθαι,
1129 2614 1231 2642 Graecis
1241 2618 1283 2641 est
1294 2613 1446 2640 valedicere.
1465 2613 1616 2648 Hesychius
1630 2620 1692 2648 suv-

908 2651 1049 2683 τάξασθαι,
1078 2647 1262 2676 ἁάπάσασοαι.
1289 2648 1355 2675 Hinc
1379 2648 1473 2676 Oratio
1493 2647 1615 2683 Gregorii
1643 2647 1692 2674 Na-

908 2687 1030 2712 zinuzcni
1045 2706 1051 2714 .
1071 2686 1162 2712 habita
1179 2686 1205 2711 in
1220 2691 1353 2710 consensu
1379 2689 1486 2710 centum
1512 2689 1539 2710 et
1559 2683 1692 2717 quinqua-

909 2722 982 2753 ginta
996 2722 1194 2755 episcoporum,
1215 2719 1409 2754 συντακτήριος
1433 2718 1509 2752 λόγος,
1525 2716 1691 2748 inscribitur.

909 2757 979 2790 quod
1009 2756 1078 2782 idem
1107 2760 1147 2782 est
1168 2763 1200 2781 ac
1219 2755 1405 2785 συντακτικός.
1427 2755 1613 2790 Quamobrem
1630 2761 1690 2778 cum

912 2787 949 2817 ait
976 2791 1073 2819 Snidas
1099 2789 1242 2825 Origenem
1268 2790 1371 2825 dictum
1398 2796 1458 2825 esse
1483 2787 1689 2822 συντακτήριον,

912 2826 989 2861 longe
1018 2826 1137 2858 l‘nllitur;
1153 2825 1304 2861 συντάκτης
1326 2824 1397 2851 enim
1424 2824 1512 2850 dictus
1537 2827 1597 2852 cst,
1622 2826 1694 2861 teste

913 2857 1070 2897 Epiphanio,
1085 2857 1135 2890 non
1148 2857 1350 2896 συντακτήριος,
1367 2866 1454 2894 neque
1469 2857 1653 2888 συντακτικός.
