1935 3110
251 149 302 178 659

884 147 915 175 P.
933 144 1090 174 DANELIS
1108 144 1225 173 HUETII

1824 141 1868 171 610

251 209 353 236 fessum
370 208 505 236 scribendi
521 207 651 240 studium,
670 212 697 235 et
715 207 853 235 assrduam
869 208 943 235 circa
954 208 1040 235 libros
1054 209 1077 237 Α
1092 207 1237 234 maximam
1253 204 1335 233 etiam
1350 203 1490 239 colligeret
1508 202 1666 230 memoriam
1687 203 1868 238 antiquitatis,

251 263 377 289 moram,
407 256 531 283 eamdem
551 255 763 290 appellationem
790 260 955 282 consecuttts
977 259 1039 287 est;

251 308 332 337 supra
355 301 406 328 tria
429 301 561 336 siquidem
581 301 713 328 librorttm
729 301 814 327 millia
836 305 864 328 et
880 302 1041 336 quingentos

250 346 429 381 conscripsit,
446 355 507 374 cum
525 347 611 374 multo
629 347 721 381 plures
736 347 881 381 Origenem
899 346 1041 381 scripsisse

250 393 388 427 proditttm
405 394 453 426 sil,
467 393 579 420 ntinitne
592 398 682 420 autent
699 392 762 419 duttt
782 392 884 419 viveret
906 391 1041 418 Adaman-

252 440 306 467 tius
327 445 420 468 noster
446 439 622 467 Cltalcenteri
647 446 744 466 nomen
771 438 862 474 gessit.
883 437 995 465 Paribus
1007 437 1042 465 de

250 488 343 515 causis
365 487 452 522 Apion
471 486 687 521 grammaticus,
712 492 744 511 ac
768 484 859 511 itidem
881 483 1039 519 Egyptius,

252 539 366 569 propter
382 533 539 560 inusitatam
559 532 585 559 in
604 531 745 559 litterariis
758 530 897 558 laboribus
913 535 1041 557 constan-

252 580 329 614 tiam,
351 579 450 619 μόχθος
467 579 630 615 cognomine
652 579 741 606 dictus
760 582 812 605 est.
829 576 883 604 Sed
899 577 1040 604 redeamus

251 627 284 654 ad
297 627 476 662 propositum.

288 672 333 700 IV.
352 672 409 708 (12)
419 672 471 699 Sex
481 676 580 706 praeter
586 671 727 707 Origenem
736 670 804 697 ﬁlios
811 670 928 704 suscepit
941 668 1040 696 Leoni-

250 720 299 748 des
316 727 324 747 :
341 724 369 746 at
399 727 460 746 cntn
485 719 511 746 in
536 719 583 746 illo
605 718 751 745 admodum
771 716 852 744 etiam
873 721 928 743 tum
956 723 1041 751 puero

250 772 348 800 magna
363 765 397 792 ad
417 765 543 792 virtutem
568 763 688 791 eluceret
706 763 811 790 indoles
825 782 833 795 ,
852 770 962 789 omnent
983 762 1040 789 fere

250 811 336 846 patris
354 818 476 838 amorem
502 818 535 837 ac
557 811 678 838 studium
697 810 730 837 ad
752 816 782 837 se
800 809 943 837 convertit.
963 807 1040 836 lluuc

250 856 344 891 itaque
358 856 410 883 sibi
427 856 575 884 dontestica
592 856 772 887 institutione,
789 855 961 889 assiduisque
974 862 1040 889 pric-

249 903 335 938 ceptis
352 902 524 930 formandum
545 902 665 936 suscepit
689 901 843 932 Leonides,
863 901 1040 934 animumque

249 949 343 978 rudem
363 949 459 984 primis
476 949 574 976 imbuit
597 948 760 976 Christiana:
789 948 910 983 pietatis,
933 947 1038 975 divina-

249 1003 364 1031 rumque
379 995 459 1022 simul
473 1000 501 1022 et
521 995 692 1022 exoticarum
716 994 900 1022 doctrinarum
919 996 1039 1021 clemen-

249 1042 284 1069 tis
299 1051 306 1069 :
321 1041 368 1069 sed
384 1041 420 1067 ita
440 1045 528 1067 tamen
544 1045 573 1067 ut
592 1040 618 1067 in
644 1040 812 1075 quotidianis
834 1039 1039 1067 exercitationi-

248 1088 311 1120 bus,
324 1088 503 1115 humanarum
518 1087 670 1114 litterarum
682 1086 779 1114 studiis
792 1095 877 1114 sacra:
890 1087 1039 1121 disciplinae

248 1135 388 1170 praeirent.
406 1134 472 1161 Erat
485 1134 599 1162 omnino
614 1133 641 1160 in
657 1141 744 1168 puero
769 1133 906 1168 ingenium
927 1140 1040 1168 peracre

248 1185 276 1208 et
293 1179 436 1211 fervidum,
456 1179 601 1214 singularis
614 1179 758 1211 memoria,
773 1179 893 1214 ﬂagrans
906 1183 933 1206 ct
946 1180 1036 1206 incre-

248 1226 332 1253 dibile
350 1226 471 1253 studium
484 1246 492 1259 ,
517 1230 547 1252 ut
571 1225 703 1260 quidquid
723 1224 776 1251 sibi
797 1224 951 1259 impositum
967 1229 1040 1253 esset

249 1273 284 1299 ad
298 1272 458 1299 discendum
477 1279 530 1298 non
548 1276 601 1298 tant
619 1271 776 1305 exciperet,
793 1278 875 1305 quam
893 1272 1037 1304 arriperet,

249 1319 448 1353 ducentemque
459 1322 569 1352 patrem
585 1316 714 1344 discendo
735 1322 763 1343 et
782 1317 930 1351 quaerendo
943 1317 1040 1344 defati-

248 1369 337 1399 garet.
362 1364 428 1392 Cum
449 1365 521 1392 eniut
550 1363 646 1391 selecti
662 1371 677 1391 e
699 1363 842 1398 Scriptura
865 1369 958 1391 sancta
987 1364 1038 1392 loci

249 1410 363 1446 singulis
382 1410 537 1445 quibusque
555 1410 653 1437 diebus
672 1410 811 1437 memoria:
828 1410 1039 1438 commendandi

249 1457 300 1492 ipsi
314 1461 549 1491 proponerentur,
571 1455 683 1490 proclivi
708 1456 852 1483 verborum
880 1463 961 1483 sensu
986 1462 1039 1482 non

249 1506 405 1535 contentus,
420 1501 564 1535 satagebat
580 1500 675 1528 subire
693 1500 726 1527 ad
742 1500 886 1532 interiora,
902 1506 930 1527 et
947 1507 1040 1527 recou-

249 1548 321 1576 ditas
338 1547 488 1575 sententias
506 1547 645 1579 evolvere,
665 1550 828 1581 patremque
851 1546 961 1573 assidua
977 1553 1039 1581 per-
1052 1558 1073 1588 ο

249 1594 404 1622 conlatione
422 1594 582 1622 lacessebat.
596 1593 635 1620 Ac
649 1600 765 1627 puerum
784 1592 892 1627 quidem
908 1593 1039 1620 immode-

249 1647 308 1668 rata
324 1641 439 1675 quadam
463 1640 562 1675 ingenii
579 1639 703 1666 ubertate
722 1638 939 1673 superﬁuentem
959 1646 1037 1665 coer-

249 1688 338 1719 cebat,
354 1686 500 1723 palamque
520 1686 689 1721 castigabat;
704 1686 752 1714 sed
770 1685 876 1712 felicem
898 1684 1039 1712 nihilomi-

249 1742 300 1762 nus
311 1734 395 1761 animi
415 1734 534 1761 calorem
551 1733 650 1760 tacitus
669 1733 808 1760 admirans
823 1732 941 1759 futttrum
955 1740 1039 1767 augu-

250 1781 363 1808 rabatttr
378 1785 408 1808 ut
427 1782 461 1808 ad
478 1779 582 1814 majora
597 1779 734 1814 aspiraret
746 1778 892 1814 aliquando
905 1799 913 1811 ,
930 1778 1040 1813 ﬁlioque

250 1827 368 1854 nondum
386 1826 480 1861 puberi
496 1833 601 1853 summa
615 1826 705 1853 omnia
716 1825 818 1860 judicio
832 1832 881 1853 suo
895 1825 1038 1852 tribttebat.

250 1872 304 1900 Sed
318 1880 386 1907 quas
404 1872 522 1899 interdiu
536 1871 684 1899 blanditias
705 1870 853 1906 prudentia
872 1876 901 1898 et
920 1872 1040 1905 gravitas

250 1920 454 1951 continuerunt,
470 1926 518 1946 eas
536 1923 616 1946 noctu
633 1917 737 1952 patrius
754 1924 833 1944 amor
848 1917 1038 1951 exprimebat;

250 1965 344 1993 ferunt
366 1966 498 2000 siquidem
515 1964 678 1992 dormientis
695 1963 849 1991 cubiculum
867 1963 943 1997 ptteri
968 1971 1040 1998 saepe

250 2011 404 2046 ingressum
420 2011 540 2043 Patrem,
568 2011 698 2038 nudatum
721 2009 767 2036 ﬁlii
787 2013 898 2043 pectus,
914 2009 953 2036 sic
978 2014 1040 2036 tan-

252 2064 335 2092 quam
356 2056 466 2091 aliquod
496 2056 615 2092 Spiritus
639 2054 725 2083 sancti
752 2053 921 2081 dottticilium
953 2054 1039 2082 fuisse

253 2102 458 2136 exosculatum,
484 2103 593 2138 Deoque
615 2108 706 2139 grates
732 2103 832 2138 egisse,
859 2104 905 2139 qui
930 2111 960 2132 se
985 2109 1039 2131 tam

252 2152 327 2181 felici
341 2153 416 2188 prole
431 2153 562 2180 auxisset.

287 2199 322 2227 V.
358 2198 414 2234 (15)
440 2198 587 2233 Postquam
616 2198 778 2226 domesticis
808 2198 1037 2234 prteceptionibus

250 2245 396 2273 roboratus
413 2245 521 2272 animus
543 2244 679 2279 publicam
696 2244 784 2272 lucem
803 2252 926 2279 quaerere
945 2245 1037 2280 coepit,

251 2291 308 2327 (M)
333 2290 467 2318 Clementi
490 2290 686 2323 Alexandrino,
709 2291 755 2325 qui
773 2290 896 2318 Pantmni
917 2290 1037 2318 scholam

250 2337 394 2372 regendam
411 2340 584 2372 susceperat,
611 2336 638 2363 in
660 2335 831 2371 disciplinam
853 2336 969 2363 traditus
985 2341 1037 2369 est,

250 2390 305 2418 quo
318 2383 449 2417 magistro
463 2386 568 2409 tantum
591 2382 678 2409 valuit
697 2382 830 2417 ingeniosi
854 2382 1036 2409 adolescentis

249 2429 424 2461 exercitatio,
448 2433 479 2456 ut
502 2432 601 2463 praeter
621 2428 721 2455 artium
748 2435 890 2455 sacrarum
915 2427 1036 2462 discipli-

250 2482 325 2509 nam,
347 2475 381 2502 ad
395 2482 477 2510 quant
495 2474 688 2502 meditationes
701 2473 759 2502 fere
773 2473 911 2501 referebat
929 2480 1033 2505 omnes,

284 2555 342 2663 312i
358 2554 552 2596 Euseb.,_Hiu.
564 2556 669 2587 eccles..
682 2554 729 2583 lib.
747 2563 787 2589 vt,
801 2562 863 2590 cap.
879 2554 893 2582 1
910 2558 937 2582 et
949 2554 976 2582 2.

298 2591 330 2618 15
362 2591 445 2624 Idem,
456 2592 504 2618 ltb.
520 2599 560 2623 νι,
579 2599 638 2625 cap.
654 2591 681 2620 6.

298 2626 330 2654 11
365 2626 492 2663 Clementi
515 2626 708 2663 Alexandrino,
728 2629 781 2663 etc.
796 2624 911 2663 Videtur
926 2626 958 2663 in

362 2591 445 2624 Idem,
456 2591 504 2618 lib.
520 2599 560 2623 νι,
579 2599 638 2625 cap.
654 2591 681 2620 6.

298 2624 342 2658 ﬂ)
365 2626 492 2654 Clementi
515 2624 708 2658 Alexandrino,
728 2629 781 2652 etc.
796 2624 911 2652 Videtur
930 2626 958 2653 in
984 2626 1036 2654 hac

250 2660 398 2691 Cletnentis
418 2661 509 2689 schola
525 2661 742 2696 condiscipulum
760 2660 890 2688 habuisse
917 2661 1038 2689 Alexan—

250 2699 339 2730 drum,
351 2696 608 2732 Jerosolymitanum
633 2700 727 2731 postea
751 2696 908 2732 episcopum
921 2715 929 2728 ,
946 2697 1036 2723 virum

250 2730 465 2764 sanctissimum,
480 2740 560 2767 quem
578 2730 744 2767 acerrimum
764 2730 862 2767 deinde
885 2732 926 2767 sui
940 2732 1034 2759 defen-

250 2775 339 2796 sorem
364 2766 497 2800 expertus
514 2772 566 2794 est.
581 2768 669 2794 Ambo
692 2766 764 2794 enim
791 2766 862 2800 apud
889 2766 1034 2794 Eusebium

250 2804 325 2832 Iltu.
351 2800 496 2830 ecclesiast.
523 2802 569 2829 lib.
595 2810 633 2834 vr,
655 2809 716 2836 cap.
743 2800 788 2828 M.
817 2800 986 2829 Clementem
1008 2806 1038 2828 ut

252 2843 413 2874 parentem,
431 2843 458 2865 et
475 2837 626 2874 conciliata:
649 2838 721 2864 inter
740 2844 770 2864 se
795 2836 923 2874 amicitia:
943 2842 1038 2864 aucto-

252 2872 309 2902 i'cm
328 2878 485 2909 agnoscunt.
502 2873 600 2902 Eodem
616 2874 718 2901 honore
743 2876 771 2899 ut
788 2872 948 2904 magistrum
978 2880 1037 2900 uro-

1093 257 1120 281 et
1134 250 1344 279 mathematicas
1358 250 1391 277 ad
1408 250 1466 277 haec
1496 253 1569 277 artes
1585 248 1797 284 facultatemque
1812 257 1870 276 ora-

1093 297 1190 325 toriam
1216 296 1385 331 adjuugeret.
1404 293 1558 329 Applicavit
1573 292 1670 321 deinde
1684 300 1745 320 sese
1762 293 1795 320 ad
1811 293 1872 320 Am-

1092 344 1224 377 monium,
1242 346 1421 378 cognomento
1447 340 1575 371 Saccam,
1596 345 1623 367 et
1639 341 1665 366 in
1679 340 1737 375 ejus
1750 339 1873 367 exhedris

1093 391 1227 426 insignem
1256 388 1434 425 philosophiae
1460 387 1586 422 peritiant
1613 386 1794 421 comparavit,
1827 386 1871 413 sed

1094 436 1243 465 Platonica!
1260 435 1422 470 praesertim,
1438 440 1498 469 quae
1511 437 1565 460 tam
1584 432 1653 460 altas
1666 431 1693 459 in
1708 432 1766 467 ejus
1785 431 1873 459 animo

1092 483 1199 511 radices
1213 482 1279 517 egit,
1296 486 1326 509 ut
1341 484 1548 509 succresceules
1568 479 1732 506 Christiana:
1746 478 1873 505 doctrinae

1090 528 1183 564 fruges
1201 528 1386 560 interﬁceret;
1411 534 1472 554 nam
1485 525 1618 553 Ecclesia:
1631 525 1699 552 scita
1716 524 1771 552 fere
1784 524 1876 558 exige-

1090 576 1138 603 bat
1155 576 1189 603 ad
1205 582 1328 602 norntaut
1341 573 1473 605 Platonis,
1485 577 1511 600 et
1521 572 1627 599 sittcera
1639 570 1739 598 Christi
1751 571 1873 605 dogmata

1090 621 1249 655 Platenicis,
1267 627 1295 648 ut
1309 621 1345 647 ita
1362 620 1469 651 dicam,
1494 618 1632 646 coloribus
1655 617 1802 644 obliuebat.
1826 616 1873 644 Est

1090 669 1159 703 apud
1173 668 1335 696 Wernerum
1352 668 1377 694 in
1397 665 1536 692 Fascicqu
1553 670 1712 699 temporum,
1729 663 1871 691 Alexandri

1091 713 1118 740 in
1132 713 1359 749 Jerosolymitano
1369 711 1526 747 episcopatu
1539 710 1706 737 decessorem
1718 707 1869 735 Narcissum
1916 722 1920 730 π

1090 761 1216 796 Origettis
1227 760 1311 787 fuiSse
1326 759 1496 793 magistrum.
1513 756 1578 784 Tale
1589 756 1698 791 quidem
1713 755 1779 783 nihil
1794 756 1873 782 habet

1090 806 1240 837 Eusebius;
1256 812 1341 840 neque
1353 808 1428 832 certe
1439 804 1509 831 unde
1521 804 1547 831 id
1559 802 1705 837 sumpserit
1719 802 1874 834 Wernerus,

1090 851 1261 879 comminisci
1295 857 1416 885 possum.
1444 848 1582 875 llalloxius
1608 847 1752 882 Origenem
1782 845 1876 874 scribit

1054 890 1076 917 Β
1091 899 1251 927 Pantaanunt
1270 904 1378 932 quoque
1392 899 1586 932 praeceptorem
1599 894 1734 921 audivisse
1751 901 1758 926 ;
1777 893 1820 920 cui
1837 892 1876 919 uti

1091 943 1273 971 assentiamur
1290 942 1361 969 nulla
1383 949 1433 969 nos
1455 941 1593 968 adducunt
1608 944 1731 966 veterunt
1755 937 1876 965 testimo-

1091 991 1152 1022 nia;
1176 989 1231 1016 imo
1247 996 1311 1015 vero
1329 987 1462 1022 refragari
1486 986 1568 1013 etiam
1580 985 1705 1012 videntur
1719 993 1725 1010 :
1741 982 1878 1010 memoria:

1091 1036 1190 1071 quippe
1209 1035 1300 1070 prodit
1325 1034 1458 1061 Eusebius
1478 1032 1623 1067 Origenent
1637 1031 1717 1059 etiam
1736 1035 1790 1056 tum
1813 1036 1878 1063 pue-

1091 1091 1150 1110 rum
1174 1081 1321 1110 Clementis
1341 1080 1492 1107 auditorent
1516 1079 1616 1111 fuisse;
1640 1081 1701 1113 post
1720 1076 1876 1103 Pantzenum

1091 1134 1181 1157 autent
1197 1128 1391 1156 Alexandrina:
1412 1126 1514 1154 scholae
1539 1125 1709 1152 Clementem
1727 1122 1876 1157 pra-fuisse.

1091 1176 1209 1204 Ducendi
1223 1175 1305 1209 igitur
1317 1181 1409 1201 curam
1426 1177 1490 1200 tunc
1504 1171 1635 1207 abiecerit
1647 1170 1799 1201 l’autzcnus,
1815 1175 1876 1195 cum

1090 1222 1206 1257 primum
1222 1220 1359 1256 magistris
1373 1227 1439 1247 usus
1450 1223 1492 1246 est
1507 1218 1651 1253 Origenes.
1673 1216 1791 1243 Narrant
1804 1223 1874 1247 quo-

1090 1275 1143 1302 que
1158 1266 1403 1302 lliagdeburgcnses
1419 1264 1493 1291 Cent.
1508 1271 1549 1297 ιιι,
1567 1270 1591 1290 c.
1613 1261 1657 1294 10,
1684 1261 1756 1288 inter
1777 1267 1880 1295 praece-

1091 1318 1183 1349 ptores
1204 1312 1329 1347 Origcnts
1359 1310 1475 1337 lluillurn
1500 1308 1636 1336 rccenseri
1658 1308 1692 1335 ab
1713 1306 1878 1341 Hieronymo

1091 1361 1117 1387 in
1139 1359 1266 1393 Apologia
1280 1359 1306 1384 in
1324 1357 1456 1391 lin/inuiti.
1474 1356 1514 1383 Ab
1526 1354 1614 1382 llttillo
1629 1353 1737 1389 quidem
1748 1352 1879 1380 nonnulla

1091 1406 1223 1432 monitum
1237 1403 1320 1430 fuisse
1349 1402 1507 1436 Origenem,
1523 1409 1583 1436 qua:
1603 1400 1637 1427 ad
1650 1399 1783 1426 veriorem
1807 1398 1881 1426 Scri-

1091 1457 1178 1486 ptura:
1205 1449 1458 1484 interpretationem
1476 1447 1656 1482 pertinerent,
1670 1451 1764 1472 narrat
1783 1443 1879 1471 Hiero-

1090 1504 1189 1533 nymus
1205 1497 1251 1524 lib.
1269 1504 1289 1530 ι,
1306 1503 1365 1530 cap.
1382 1495 1410 1522 5.
1433 1494 1511 1527 Quod
1537 1493 1558 1521 si
1576 1497 1726 1528 praeceptor
1748 1491 1881 1519 dicendus

1090 1548 1151 1576 est,
1180 1543 1225 1577 qui
1251 1546 1390 1569 errantem
1417 1539 1528 1566 meliora
1556 1546 1604 1573 pro
1633 1542 1754 1572 tempore
1791 1536 1878 1563 amice

1091 1590 1256 1620 subntonet,
1295 1587 1417 1621 profecto
1454 1585 1610 1620 quicunque
1644 1583 1742 1610 litteris
1781 1581 1879 1610 damus

1090 1643 1200 1671 operam
1222 1634 1306 1661 nostri
1323 1632 1437 1660 invicem
1459 1635 1641 1666 prmceptores
1655 1636 1759 1660 sumus,
1780 1629 1880 1663 quitth

1091 1682 1136 1717 qui
1163 1689 1211 1709 nos
1231 1682 1346 1708 invicem
1373 1678 1483 1706 monitis
1501 1677 1630 1711 juvamus
1645 1678 1672 1703 et
1693 1674 1828 1707 consiliis,
1853 1678 1881 1701 et

1121 1730 1192 1754 Hanc
1203 1727 1298 1754 veniam
1308 1724 1465 1758 petimusque,
1477 1723 1609 1755 damusque
1623 1720 1731 1747 uicissim
1745 1720 1806 1751 (15).

1127 1776 1170 1803 Vl.
1184 1775 1241 1802 Duo
1255 1780 1336 1809 porro
1350 1772 1394 1799 hic
1407 1770 1522 1798 videnda
1544 1773 1624 1801 sunt,
1650 1773 1739 1796 utruut
1766 1768 1883 1794 Ammo-

1092 1822 1165 1850 niutn
1179 1817 1473 1853 audiveritOrigenes;
1489 1821 1545 1844 tum
1557 1816 1683 1851 plurestte
1695 1813 1775 1848 hujus
1791 1813 1883 1840 nomi-

1092 1869 1135 1896 nis
1163 1874 1196 1895 ex
1220 1864 1359 1894 Ammonii
1381 1863 1473 1891 scitula
1494 1860 1739 1897 prodierintzhaec
1766 1859 1842 1886 enim
1867 1866 1884 1885 a

1091 1914 1160 1942 viris
1174 1911 1290 1941 eruditis
1303 1911 1330 1938 itt
1353 1914 1499 1943 utramque
1522 1911 1628 1943 partem
1647 1906 1784 1941 disputata
1805 1909 1884 1931 sunt.

1093 1962 1213 1989 Priorem
1239 1957 1416 1994 quaestionem
1445 1957 1532 1991 agitat
1555 1953 1688 1981 Baronius
1713 1952 1748 1979 ad
1776 1959 1884 1978 artuum

1091 2007 1193 2035 Christi
1205 2005 1269 2037 254,
1286 2003 1437 2038 mirarique
1453 2009 1482 2029 se
1502 2001 1567 2028 dicit
1582 1999 1627 2034 qui
1650 1998 1744 2026 audire
1763 1999 1882 2025 Ammo-
1915 1995 1920 2006 ‘

1091 2054 1166 2081 nittnt
1175 2051 1293 2087 potuerit
1306 2050 1436 2084 Origenes
1446 2047 1590 2074 Ammonio
1601 2046 1658 2073 fere
1668 2049 1749 2073 zelate
1763 2051 1881 2078 suppar,

1091 2105 1119 2128 et
1133 2099 1247 2126 aliorum
1264 2096 1323 2131 ipse
1339 2093 1503 2122 institutioni
1528 2096 1593 2119 ante
1608 2099 1708 2118 annum
1725 2090 1813 2117 aetatis
1830 2089 1885 2116 tri-

1090 2145 1224 2174 cesimum
1240 2141 1393 2177 praefectus.
1415 2138 1498 2173 Quasi
1522 2145 1575 2166 non
1598 2137 1641 2164 his
1662 2143 1733 2171 saepe
1750 2135 1887 2170 tempori-

1091 2193 1152 2223 bus,
1176 2194 1206 2217 ut
1228 2188 1351 2224 pluribus
1372 2185 1547 2221 probabimus
1569 2184 1654 2215 infra,
1678 2182 1735 2217 jam
1759 2183 1886 2217 grandes

1091 2243 1156 2266 natu
1172 2236 1222 2263 viri
1238 2234 1344 2262 scholas
1358 2231 1571 2266 frequentarint;
1583 2234 1611 2257 et
1626 2229 1705 2263 hujus
1716 2229 1800 2263 ipsius
1813 2229 1885 2255 Am-

1092 2282 1177 2311 monii
1195 2279 1343 2315 discipulus
1362 2277 1496 2309 Plotinus,
1512 2275 1545 2303 ad
1562 2282 1624 2303 eum
1645 2274 1811 2301 audiendum
1833 2281 1885 2300 an-

1091 2337 1140 2358 nos
1156 2327 1249 2364 viginti
1267 2331 1328 2354 octo
1356 2330 1436 2352 natus
1465 2331 1518 2351 non
1546 2325 1703 2354 accesserit,
1731 2328 1884 2355 annosque

1090 2383 1151 2404 eum
1169 2373 1292 2401 undecim
1318 2371 1451 2400 audiverit
1468 2379 1475 2397 :
1495 2369 1574 2404 quasi
1590 2367 1797 2397 catechumenis
1811 2367 1881 2394 ﬁdei

1090 2421 1250 2449 Christiana:
1279 2418 1430 2445 rudintenta
1461 2416 1584 2449 tradere,
1616 2419 1645 2442 et
1667 2413 1883 2450 grammaticam

1094 2469 1203 2505 publice
1214 2464 1335 2501 proﬁteri
1349 2471 1402 2491 non
1415 2463 1534 2499 potuerit
1548 2461 1696 2496 Origenes;
1716 2461 1774 2495 ipse
1790 2460 1886 2488 succi-

1089 2548 1388 2588 sequttntur_Pan_num.
1411 2546 1451 2588 id
1466 2545 1492 2588 id
1504 2548 1607 2588 autent
1618 2544 1689 2578 quod
1711 2542 1807 2588 objicit
1821 2541 1885 2588 cla-

1089 2579 1215 2617 rissimus
1233 2584 1345 2612 Huctius
1362 2590 1395 2609 ex
1413 2580 1530 2617 Eusebio
1550 2579 1694 2617 Origenem
1719 2579 1803 2617 etiam
1821 2583 1881 2604 tum

1089 2613 1204 2660 puerum
1225 2617 1372 2660 Clementis
1392 2613 1885 2660 auditorem4lfuissejmpostfmntf—

1086 2649 1152 2687 riunt
1173 2661 1263 2684 autem
1287 2652 1478 2680 Alexandrinae
1495 2650 1594 2687 schola;
1617 2649 1882 2687 Clementeutprae-

1086 2682 1352 2725 lii-isseirespondet
1370 2686 1560 2725 Tillemon_tius
1577 2684 1734 2725 Pantaenuiit
1753 2682 1827 2725 quid
1835 2690 1882 2725 em

1091 2717 1400 2760 iii—Indiamprofectu‘m
1413 2729 1475 2749 esse
1487 2721 1564 2760 circa
1577 2727 1677 2760 annum
1696 2718 1798 2760 Christi
1815 2717 1882 2750 189,

1090 2753 1328 2798 cuin-quadrimus
1343 2758 1432 2798 adhuc
1452 2760 1520 2798 erat
1545 2754 1765 2798 Ot‘igencs,"_sed
1789 2753 1883 2798 ipsum

1091 2788 1185 2834 postea
1203 2794 1395 2834 Alexandriam
1413 2792 1536 2834 rediisse,
1553 2795 1582 2817 ut
1595 2788 1675 2834 docet
1693 2788 1883 2824 Hieronymus

1093 2825 1119 2862 in
1132 2825 1257 2866 rCatalag.
1277 2830 1367 2866 script.
1379 2827 1536 2857 ecclesiast.,
1550 2832 1616 2866 cap:
1627 2825 1672 2866 :56.

1129 2868 1185 2902 (lii)
1202 2860 1294 2896 Horat.
1315 2860 1352 2893 De
1367 2869 1406 2891 art
1420 2867 1501 2898 poet.,
1516 2868 1586 2890 vers.
1606 2860 1649 2887 11.
