3870 6220
133 343 236 399 641

1163 336 1738 395 ORIGENIANORUM
1778 336 1907 393 LIB.
1950 338 1989 407 I,
2028 339 2181 397 CAP.
2226 338 2269 396 I.

3296 339 3403 395 642

136 461 274 518 sivis
321 459 475 516 horis
516 458 814 528 sepositum
869 456 938 512 ad
985 459 1318 513 audiendum
1366 459 1714 513 Ammonium
1748 464 1793 520 Α
1822 459 2149 530 simpliciter
2181 458 2313 515 dicti
2340 477 2354 525 ;
2385 459 2619 516 alterum
2651 458 3114 532 Origenistarum,
3145 460 3238 529 qui
3269 460 3401 515 ﬁndi

137 564 352 622 tempus
376 552 600 606 habere.
625 550 813 619 Neque
841 565 970 606 vero
995 560 1113 621 post
1138 550 1444 623 Porphyrii,
1476 552 1716 614 Eusebii,

134 646 428 717 Nicephori
470 655 526 700 et
564 645 746 699 Suidae
789 645 1186 711 testimonium,
1254 646 1384 717 quin
1428 645 1717 700 Atntuonio

136 738 404 805 magistro
440 751 567 791 usus
591 736 682 803 sit,
713 744 895 805 potest
915 734 1171 793 dubitari.

211 830 324 886 VII.
380 830 624 900 Spissior
672 839 757 884 est
802 838 855 884 et
895 828 1234 883 reconditior
1263 827 1432 883 altera
1463 828 1711 896 quarstio,

134 922 294 992 cujus
313 930 567 977 accurate
591 920 959 991 pertractandi
982 920 1323 974 commodum
1346 921 1491 974 nacti
1515 921 1712 984 locum,

135 1028 247 1069 non
310 1013 715 1083 disputabimus
771 1022 981 1066 tantum
1025 1011 1285 1081 pluresne
1335 1011 1596 1082 Origenes
1646 1028 1712 1067 ex

129 1105 409 1162 Ammonii
454 1105 636 1161 schola
669 1104 774 1159 orti
826 1105 956 1166 sint,
997 1104 1093 1158 sed
1137 1105 1204 1157 ab
1251 1118 1430 1158 unone
1463 1104 1625 1157 ctiam
1660 1113 1713 1159 et

130 1198 327 1253 eodem
363 1196 598 1267 Origene
627 1197 827 1267 duplex
856 1194 1290 1265 Origenistarum
1327 1196 1711 1252 haereticorum

131 1300 282 1347 secta
342 1290 585 1359 profecta
636 1291 734 1355 sit;
781 1298 897 1343 tum
936 1290 1096 1343 etiam
1141 1287 1494 1357 multiplexne
1553 1287 1713 1343 fuerit

129 1380 519 1434 Adamantius.
546 1378 653 1433 Per
681 1378 811 1432 mihi
854 1390 985 1431 sane
1029 1376 1205 1445 placet
1251 1376 1466 1431 I-lenrici
1511 1374 1709 1431 Valesii

131 1473 427 1537 sententia,
454 1473 555 1527 viri
585 1471 975 1527 ecclesiasticae
996 1472 1150 1543 juxta
1186 1481 1241 1524 et
1275 1469 1521 1539 profana.-
1566 1470 1709 1521 anti-

129 1565 359 1635 quitatis
386 1564 624 1620 litterate
647 1566 830 1635 periti.
879 1564 929 1620 Is
966 1568 1018 1620 in
1047 1564 1340 1635 luculentis
1378 1564 1443 1618 ad
1492 1564 1708 1619 Eusebii

129 1654 434 1709 Historiam
463 1656 906 1711 adnotationibus
936 1658 1212 1727 geminum
1252 1654 1547 1725 Origenem
1577 1656 1709 1709 Am-

129 1748 316 1802 Inonio
334 1762 551 1816 operam
576 1750 642 1803 ad
662 1750 989 1803 audiendum
1009 1750 1223 1805 dedisse
1240 1750 1455 1813 scribit.
1481 1751 1707 1805 alterum

127 1839 516 1894 Adamantium
572 1854 854 1908 nostrum;
913 1842 1148 1897 alterum
1229 1842 1380 1897 illum
1436 1843 1527 1912 qui
1585 1859 1707 1897 cum

127 1929 405 1987 Herennio
421 1930 701 1999 etgPIOtino
724 1948 753 1985 a
783 1933 1213 2004 condiscipulatu
1243 1933 1532 2001 conjuncte
1558 1935 1707 1999 vixit,

124 2031 183 2077 et
210 2022 364 2092 cujus
401 2024 656 2092 frequens
701 2025 942 2078 occurrit
972 2029 1179 2080 mentio
1222 2026 1276 2080 in
1343 2024 1461 2079 Vita
1504 2026 1710 2079 Plotini

125 2130 156 2168 a
183 2113 491 2186 Porphyrio
513 2117 846 2187 conscripta,
872 2117 1000 2171 etin
1028 2117 1155 2173 libri
1184 2119 1261 2172 De
1283 2117 1386 2187 ﬁne
1406 2133 1433 2171 a
1465 2118 1709 2189 Longino

127 2206 399 2263 Iucubrati
428 2207 754 2277 fragmento,
804 2208 947 2277 quod
978 2208 1103 2264 huic
1147 2210 1247 2279 ipsi
1298 2207 1432 2263 Vita:
1466 2208 1709 2281 Porphy-

124 2301 247 2355 rius
277 2301 531 2356 intexuit.
561 2301 824 2358 Rationes
849 2301 1047 2372 quibus
1077 2302 1132 2357 id
1162 2303 1357 2358 astruit
1394 2303 1478 2356 vir
1516 2304 1708 2359 doctus

121 2392 280 2450 brevi
320 2395 673 2465 complectar.
697 2396 1083 2449 Adamantium
1110 2396 1400 2466 Origenem
1430 2396 1705 2451 Ammonii

123 2487 432 2542 auditorem
455 2488 675 2542 multam
698 2504 762 2543 ex
796 2489 1017 2558 scriptis
1042 2488 1181 2557 apud
1208 2496 1456 2557 posteros
1478 2489 1706 2559 gloriam

120 2579 299 2637 fuisse
320 2591 675 2638 consecutum
706 2600 735 2637 a
769 2580 1073 2653 Porphyrio
1110 2588 1253 2652 apud
1302 2586 1502 2641 Euseb.
1558 2585 1699 2642 Hist.

119 2672 223 2727 lib.
255 2687 329 2737 vt,
364 2688 486 2743 cap.
517 2674 607 2738 l9,
648 2676 904 2731 traditum
929 2685 1013 2730 est
1043 2694 1059 2745 ;
1087 2686 1142 2730 at
1169 2676 1454 2747 Origenem
1478 2678 1704 2734 alterum

120 2765 323 2821 Plotini
355 2767 600 2823 sodalem
654 2769 788 2822 nihil
822 2778 1021 2838 prteter
1050 2769 1290 2825 libellum
1346 2772 1422 2827 De
1457 2775 1707 2828 dwmoni-

119 2858 219 2911 bus
242 2858 508 2927 scriptum
547 2860 834 2929 reliquisse
860 2860 1056 2915 docent
1084 2862 1248 2916 iidem
1277 2862 1606 2936 Porphyrius
1652 2876 1708 2922 et

115 2945 425 3020 Longinits.
480 2950 885 3021 Imperantibus
924 2964 1195 3022 praeterea
1247 2954 1406 3011 Gallo
1449 2968 1504 3011 et
1546 2957 1706 3011 Volu-

117 3052 281 3105 siano
309 3047 596 3118 Origenem
632 3064 754 3103 eum
779 3089 793 3114 ,
831 3050 920 3119 qui
981 3048 1337 3105 Adamantius
1387 3063 1699 3122 usurpatur,

1818 552 2186 621 cognominati
2241 561 2403 617 sunt,
2433 552 2737 621 principem
2766 561 2822 607 et
2858 551 3301 618 antesignanum.
3336 549 3396 605 Id

1818 643 1991 698 miror
2026 654 2232 699 temere
2265 643 2556 700 nonnullos
2593 645 2900 711 aﬁlrmare,
2958 644 3102 714 quod
3146 643 3403 714 ignorare

1818 750 1877 791 se
1910 744 2143 791 testatur
2173 737 2510 807 Epiphanius
2534 738 2773 804 scriptor
2807 736 3303 806 locupletissimus,
3346 744 3404 789 ct

1816 830 2100 901 proximus
2134 840 2441 899 temporum
2485 829 2724 884 illorum.
2770 828 3059 899 Epiphanii
3102 829 3270 883 verba
3300 841 3399 897 pa-

1816 939 1935 976 rum
1970 921 2186 976 sincere
2220 922 2456 976 reddidit
2501 922 2885 991 Augustinus.:
2919 935 3043 974 cum
3094 919 3239 972 enim
3272 934 3403 972 con-

1816 1016 1988 1086 ceptis
2022 1017 2202 1070 verbis
2235 1016 2450 1069 nescire
2494 1030 2552 1068 se
2587 1014 2865 1082 professus
2913 1014 3112 1069 fuisset
3156 1011 3399 1081 Epipha-

1814 1106 1940 1162 nius
1984 1107 2118 1163 lmr.
2147 1108 2239 1171 65,
2271 1122 2390 1176 cap.
2432 1107 2485 1170 ‘l,
2531 1116 2585 1160 et
2621 1107 2750 1160 liter.
2797 1106 2886 1167 64,
2938 1120 3059 1174 cap.
3094 1105 3149 1169 3,
3208 1120 3276 1159 an
3329 1107 3400 1160 ab

1813 1200 2141 1254 Adamantio
2165 1199 2422 1270 Origene,
2474 1214 2544 1251 an
2586 1197 2654 1252 ab
2689 1198 2795 1251 alio
2838 1197 3034 1267 impuri
3077 1197 3401 1268 Origenistte

1814 1294 2096 1363 propagati
2146 1294 2279 1357 sint,
2328 1293 2443 1347 haec
2480 1295 2551 1347 ita
2603 1292 2839 1347 reddidit
2894 1292 3255 1362 Augustinus,
3296 1290 3393 1346 lib.

1815 1383 1894 1439 De
1944 1387 2099 1448 ham,
2161 1401 2298 1461 cap.'
2327 1385 2420 1449 49,
2468 1386 2775 1456 Origeniani
2814 1402 2847 1437 a
2892 1385 3121 1456 quodam
3172 1383 3399 1455 Origene

1814 1478 1946 1531 dicti
1975 1488 2136 1541 sunt,
2177 1494 2279 1531 non
2314 1478 2378 1530 ab
2425 1478 2518 1531 illo
2550 1478 2641 1548 qui
2674 1478 2782 1546 fere
2819 1477 3061 1530 omnibus
3105 1485 3261 1531 notus
3295 1486 3395 1540 est,

1813 1570 1904 1623 sed
1932 1569 1998 1622 ab
2026 1569 2134 1623 alio
2168 1571 2340 1623 nescio
2378 1586 2502 1640 quo,
2532 1570 2595 1623 de
2642 1586 2746 1638 quo
2785 1568 2861 1622 vel
2895 1567 3245 1622 sectatoribus
3282 1568 3396 1636 ejus

1814 1661 2147 1730 Epiphanius
2205 1662 2446 1731 loquens,
2481 1673 2590 1717 etc.
2650 1660 2908 1715 Vilialam
2966 1661 3036 1713 ab
3091 1660 3397 1730 Augustino

1813 1749 2149 1802 sententiam
2232 1764 2366 1803 nova
2438 1748 2756 1804 accessione
2820 1748 3046 1804 foedavit
3109 1748 3395 1818 Augustini

1813 1840 2006 1897 simius
2037 1838 2411 1895 Pra'destinati
2451 1850 2663 1905 auctor,
2714 1856 2872 1909 quem
2930 1841 3103 1895 edidit
3146 1839 3397 1895 Sirmou-

1813 1937 1911 1991 dus
1938 1952 1952 2001 ;
1982 1937 2060 1991 sic
2088 1936 2233 1990 enim
2267 1935 2506 2004 scripsit,
2538 1935 2670 1991 htBl’.
2705 1935 2775 1989 42
2801 1953 2813 1989 :
2843 1933 3319 2003 Quadragesimam
3342 1941 3391 1986 et

1810 2027 2095 2081 secundum
2132 2027 2371 2081 ltwresim
2410 2024 2719 2095 Origeniani
2752 2024 3151 2085 inchoaverunt,
3186 2040 3219 2075 a
3255 2036 3392 2091 quo-

1811 2119 1937 2173 dam
1990 2116 2237 2188 Origene,
2285 2135 2390 2172 non
2415 2117 2507 2171 illo
2555 2117 2647 2187 qui
2679 2118 2789 2186 fere
2821 2116 3065 2169 erunibus
3091 2123 3247 2168 notus
3292 2121 3391 2175 est.

1808 2213 1900 2267 sed
1954 2211 2060 2265 alio
2095 2210 2239 2281 Syro
2276 2213 2510 2280 quodam
2555 2210 2986 2264 sceleratissimo.
3042 2207 3220 2262 Verba
3281 2206 3396 2261 ιιωο

1807 2303 2118 2371 Augustini,
2149 2302 2258 2357 Sed
2287 2303 2351 2355 ab
2381 2302 2491 2355 alio
2517 2303 2691 2356 nescio
2716 2318 2842 2373 quo,
2885 2300 3101 2355 videtur
3130 2298 3263 2353 falsa
3292 2297 3397 2352 hac

1807 2395 2048 2450 lectione
2074 2395 2403 2463 depravasse
2436 2412 2449 2448 :
2481 2393 2589 2449 Sed
2624 2395 2729 2447 alio
2771 2394 2909 2463 Syro
2944 2393 3193 2460 quodam.
3246 2389 3393 2445 Idem

1808 2488 1988 2556 capite
2036 2469 2287 2556 sequenti
2333 2486 2501 2541 alium
2540 2485 2698 2541 nobis
2725 2484 2967 2539 obtrudit
2990 2481 3282 2551 Origenem
3325 2477 3397 2534 ab

1805 2577 2131 2633 Adamantio
2164 2585 2356 2631 nostro
2388 2576 2686 2640 diversum,
2739 2574 3052 2641 dogmatum
3078 2584 3266 2625 eorum
3300 2582 3397 2620 au-

1806 2679 2011 2725 ctorem
2037 2683 2271 2736 quorum
2298 2666 2675 2720 Adamantium
2716 2662 3050 2732 Epiphanius
3093 2655 3394 2714 accusavit.

1807 2758 2151 2828 Sophronius
2178 2755 2672 2825 Jerosolymitanus
2695 2754 2763 2807 ab
2790 2752 3097 2821 Epiphanio
3118 2750 3394 2814 inductus,

1806 2852 2081 2923 geminum
2118 2865 2336 2920 quoque
2369 2848 2702 2917 Origeuem‘,
2738 2846 2971 2900 alterum
3002 2842 3393 2912 antiquiorem.

1804 2941 2197 2994 Adamantium
2225 2939 2459 2993 alterum
2508 2943 2907 2992 commemorat
2958 2936 3012 2989 in
3057 2931 3289 3003 epistola
3326 2932 3395 2987 ad

1808 3032 2062 3103 Sergium
2102 3051 2117 3087 :
2160 3033 2305 3102 quod
2336 3031 2719 3086 observatione
2759 3044 2857 3084 sua
2890 3029 3112 3097 dignum
3156 3024 3385 3079 Photius

114 3116 429 3197 εισι-διπηιηᾶ
462 3140 729 3197 clausisse
760 3116 903 3196 die—In
939 3142 1120 3211 ρι-οάίι
1151 3141 1459 3210 Eusebius;
1513 3116 1704 3216 brige-
1734 3163 1775 3220 ο
1808 3125 2148 3179 existimavit
2176 3124 2298 3179 cod.
2335 3123 2464 3177 2'51.
2514 3120 2571 3175 In
2625 3122 2814 3176 eadem
2850 3134 3012 3173 causa
3043 3128 3126 3172 est
3148 3116 3391 3171 Joannes

118 3258 249 3298 nam
282 3257 410 3297 vero
451 3242 681 3295 alterum
726 3240 831 3295 sub
872 3238 1126 3294 Gallieno
1166 3240 1364 3294 librum
1414 3243 1704 3310 quemdam

115 3335 433 3390 elaborasse
458 3333 511 3385 in
544 3333 732 3387 eadem
774 3328 978 3385 Plotini
997 3330 1140 3403 IVita
1168 3332 1429 3402 scriptum
1458 3332 1705 3405 Porphy-

116 3423 238 3477 rius
296 3421 539 3491 reliquit.
592 3420 801 3486 Quibus
858 3420 1078 3474 tertium
1148 3420 1278 3475 illud
1326 3431 1703 3491 argumentum

117 3514 282 3569 addo.
314 3511 603 3583 Origenem
636 3511 1020 3567 Adamantium
1050 3512 1336 3567 sibi-valde
1374 3513 1701 3569 adolescenti

117 3609 401 3680 cognitum
457 3608 752 3678 aliquando
822 3605 991 3661 fuisse
1052 3605 1389 3678 Porphyrius
1443 3608 1698 3673 tradidit;

115 3701 267 3773 quod
309 3716 415 3756 non
450 3701 681 3755 dixisset
724 3699 991 3770 profecto,
1047 3700 1093 3753 si
1146 3700 1399 3752 diuturna
1438 3700 1537 3753 sibi
1578 3714 1701 3754 cum

113 3794 213 3852 ilo
238 3802 293 3849 et
332 3801 591 3848 constans
636 3789 1045 3844 intercessisset
1090 3787 1433 3842 necessitudo
1466 3803 1479 3837 :
1514 3786 1706 3857 Orige-

118 3887 213 3943 nis
239 3895 425 3940 autem
464 3883 693 3937 alterius
731 3881 921 3935 Romae
967 3877 1396 3949 condiscipulum
1435 3889 1491 3933 et
1521 3892 1703 3946 aequa-

112 3982 226 4038 Iem
250 3980 418 4035 fuisse
442 3977 806 4049 Porphyrium
834 3975 1108 4030 memoriae
1139 3972 1376 4044 prodidit
1402 3972 1697 4042 Eunapius.

111 4072 265 4129 Sane
294 4071 586 4141 imperium
630 4077 848 4125 tenente
891 4067 1145 4137 Philippo
1177 4067 1281 4121 iter
1304 4064 1534 4120 Romam
1567 4078 1696 4118 neu-

114 4165 330 4235 tiquam
366 4163 673 4233 suscepisse
701 4159 988 4231 Origenem
1014 4159 1420 4226 Adamantium,
1442 4166 1497 4211 et
1531 4157 1698 4212 Roma

110 4258 345 4315 omnino
374 4273 472 4329 per
518 4257 570 4312 id
619 4266 830 4326 tempus
873 4252 1112 4309 abfuisse
1166 4251 1530 4308 certissimum
1566 4258 1696 4316 est;

109 4366 219 4407 nec
244 4352 389 4405 enim
425 4360 532 4402 tam
558 4347 775 4418 longam
812 4345 1303 4415 peregrinationem
1330 4341 1590 4398 credibile
1616 4349 1700 4396 est

108 4443 336 4499 silentio
380 4440 549 4497 fuisse
579 4439 1046 4510 przetermissuros
1079 4436 1373 4492 Eusebium
1408 4444 1463 4491 et
1490 4433 1685 4489 Hiero-

1811 3217 2180 3271 Damascenus
2213 3217 2266 3270 in
2302 3215 2428 3270 libr.
2471 3214 2549 3268 De
2583 3213 2825 3267 hwresib.
2876 3211 3149 3280 geminum
3182 3211 3393 3276 ﬁngens

1809 3310 2126 3380 Origenem,
2152 3312 2299 3365 unde
2329 3309 2575 3379 duplices
2603 3308 2710 3362 orti
2744 3305 2854 3359 sint
2887 3304 3211 3372 Origenistte
3237 3301 3389 3364 ﬁndi,

1807 3412 1861 3457 et
1897 3403 2211 3458 Adamantii
2244 3410 2567 3457 sectatores.
2598 3398 2778 3467 Atque
2800 3397 2931 3450 item
2976 3392 3153 3449 Guido
3180 3404 3393 3447 carme-

1806 3497 1925 3561 lita,
1954 3496 2204 3551 Elnensis
2226 3495 2539 3562 episcopus,
2566 3491 2659 3560 qui
2694 3491 3010 3560 ﬁgmentum
3048 3487 3191 3541 idem
3241 3483 3383 3537 arri—

1803 3591 1923 3661 puit
1948 3590 2000 3643 in
2035 3588 2257 3644 Summa
2285 3588 2348 3642 de
2368 3587 2557 3641 lueres.
2604 3587 2787 3654 Atque
2819 3582 2895 3636 ita
2940 3580 3119 3636 duone
3154 3578 3391 3632 exstite—

1803 3684 1917 3737 rint
1947 3681 2216 3752 Origenes
2258 3678 2696 3750 Origenistarum
2727 3673 3007 3745 principes
3051 3666 3392 3724 addubitavit

1802 3771 2172 3842 Epiphanius;
2216 3776 2608 3825 asseverarunt
2647 3764 3006 3836 Augustinus,
3050 3758 3388 3828 Sophronius

1800 3876 1857 3920 et
1896 3865 2135 3920 Joannes
2177 3862 2595 3928 Damascenus;
2640 3869 2751 3913 tres
2788 3866 2969 3911 autem
3012 3853 3171 3908 ﬁnxit
3193 3862 3389 3907 auctor

1802 3956 2206 4020 Prwdestinati,
2243 3955 2485 4022 scriptor
2516 3967 2748 4021 nequam
2772 3991 2788 4016 ,
2824 3961 2884 4003 ut
2908 3949 2990 4002 vel
3014 3962 3081 4003 ex
3106 3960 3172 4001 eo
3208 3943 3382 4016 conji-

1800 4053 1915 4107 cias
1969 4051 2113 4119 quod
2174 4048 2364 4102 eodem
2418 4046 2597 4115 capite
2650 4040 2991 4110 Pamphilum
3048 4050 3382 4109 martyrem.

1798 4145 2115 4215 episcopum
2180 4142 2473 4211 aliquando
2517 4138 2686 4192 fuisse
2743 4136 2927 4190 tradit.
2980 4133 3136 4201 Quod
3193 4142 3381 4187 autem

1800 4237 2139 4294 asseveravit
2165 4234 2521 4305 Augustinus,
2556 4229 2774 4301 negavit
2805 4229 2857 4282 id
2887 4229 3089 4283 diserte
3114 4225 3381 4279 Batonius

1800 4332 1867 4387 ad
1918 4346 2008 4385 an.
2052 4328 2181 4391 256,
2216 4336 2273 4381 et
2316 4340 2515 4380 causas
2542 4339 2640 4378 cur
2668 4319 2865 4392 duplex
2906 4320 3200 4390 ﬁngeretur
3259 4320 3382 4371 Ori-

1800 4438 1965 4494 genes
2023 4430 2181 4475 acute
2232 4416 2643 4488 pervestigavit.
2700 4413 3032 4466 Memoratus
3089 4423 3252 4479 porro
3311 4407 3381 4461 ah

106 4552 336 4609 nymum
370 4554 385 4591 :
420 4544 475 4589 at
502 4500 792 4599 Origenem
822 4529 1054 4585 alterum
1101 4531 1164 4584 ad
1197 4528 1465 4585 Plotinum
1507 4526 1692 4581 Roma:
1723 4525 1767 4581 D
1796 4514 2043 4609 EUIIan‘)
2074 4512 2133 4609 ill
2171 4509 2287 4609 “id
2323 4506 2370 4561 Ρ
2375 4506 2615 4609 afﬁgi“
2643 4505 2906 4609 Orige'les
2929 4502 3019 4609 ille
3054 4516 3217 4609 ξιιξεω
3238 4500 3380 4609 dm:

109 4638 229 4683 tum
290 4626 344 4681 in
404 4625 609 4683 scholis
678 4623 890 4693 publice
967 4624 1326 4678 disserentem
1392 4618 1691 4673 accessisse

105 4728 306 4775 auctor
343 4727 427 4773 est
461 4717 601 4771 idem
628 4713 990 4785 Porphyrius.
1043 4713 1096 4766 ld
1138 4710 1182 4766 si
1217 4706 1692 4763 animadvertisset

106 4812 381 4868 Baronius
406 4809 541 4884 (16),
577 4824 752 4880 neque
796 4819 987 4863 contra
1037 4802 1256 4861 Eusebii
1288 4801 1451 4857 ﬁdem
1492 4799 1689 4869 Orige-

104 4920 235 4960 nem
283 4901 690 4965 Adamantium,
742 4912 901 4969 quem
955 4897 1024 4950 ab
1076 4895 1183 4950 alio
1243 4908 1350 4949 non
1418 4891 1687 4957 distinxit,

104 4997 353 5053 secundo
388 4994 619 5049 Romam
650 4992 851 5048 abiisse
888 4989 954 5045 ad
988 4988 1289 5045 Fabianum
1333 5000 1526 5057 papam
1560 5000 1690 5055 pur-

103 5089 274 5159 gandi
305 5089 387 5144 sui
422 5102 589 5143 causa
631 5084 1023 5156 excogitasset,
1079 5094 1255 5151 neque
1290 5079 1585 5134 Possevino
1632 5084 1689 5130 et

102 5179 354 5236 llalloxio
400 5178 542 5234 idem
595 5187 653 5232 ut
713 5176 1005 5231 crederent
1050 5187 1276 5229 causam
1320 5170 1685 5241 praebuisset:

102 5276 213 5329 hoc
268 5273 414 5328 enim
444 5285 583 5326 unus
633 5270 725 5325 ille
782 5266 1069 5339 Porphyrii
1125 5266 1277 5319 locus
1321 5263 1438 5316 viro
1492 5274 1686 5329 magno

98 5362 395 5435 persuasit.
423 5360 892 5429 Quemadmodum
943 5366 1124 5412 autem
1154 5355 1288 5409 duos
1329 5351 1592 5423 Origenes
1627 5349 1683 5404 in

101 5473 276 5513 unum
308 5455 669 5512 confuderunt
696 5452 968 5518 nonnulli,
1028 5451 1103 5504 ita
1153 5463 1219 5502 ex
1256 5460 1362 5501 uno
1393 5455 1450 5500 et
1492 5444 1682 5498 eodem

99 5553 346 5623 Origene
385 5548 645 5605 Leonidae
694 5546 805 5603 ﬁlio
838 5547 974 5602 duos
1025 5543 1285 5613 Origenes
1327 5539 1419 5593 alii
1464 5536 1685 5592 elﬁnxe—

100 5653 253 5710 runt,
281 5657 469 5699 verum
502 5641 765 5707 alterum,
802 5653 833 5693 a
884 5652 997 5710 quo
1042 5636 1148 5693 orti
1193 5642 1319 5691 sunt
1360 5628 1683 5700 Origenistte

186 5822 292 5897 ⁸16)
328 5821 523 5880 Baron.
559 5821 625 5878 ad
654 5836 743 5877 an.
772 5817 916 5891 248..

1798 4620 1943 4672 mus,
1975 4602 2261 4674 Porphyrii
2302 4610 2359 4654 ct
2387 4598 2581 4654 Amelii
2610 4594 3039 4664 condiscipulus,
3065 4592 3281 4648 idemne
3307 4591 3379 4645 sit

1797 4714 1862 4754 ac
1904 4696 2108 4753 sodalis
2154 4693 2247 4748 ille
2272 4691 2499 4757 Plotini,
2550 4705 2619 4744 an
2644 4690 2801 4753 alius,
2832 4702 2938 4743 non
2970 4686 3108 4743 satis
3155 4693 3376 4752 exstat;

1798 4805 1923 4846 nam
1958 4788 2051 4859 qui
2082 4802 2207 4842 cum
2246 4783 2457 4839 Plotino
2481 4780 2830 4836 Ammonium
2858 4778 3066 4833 audivit
3087 4776 3375 4847 Origenes,

1798 4881 1997 4939 Plotini
2035 4878 2260 4950 aequalis
2292 4874 2397 4931 fuit
2441 4884 2496 4930 et
2528 4875 2757 4937 amicus,
2805 4887 2906 4927 nec
2946 4870 3193 4925 doctrina
3237 4867 3378 4924 infe-

1800 4976 1928 5038 rior,
1961 4982 2021 5028 ut
2045 4974 2092 5027 ei
2120 4972 2185 5027 ad
2204 4984 2263 5024 se
2286 4967 2615 5023 audiendum
2636 4966 2775 5019 forte
2792 4963 3030 5019 venienti
3046 4963 3377 5018 erubescens

1794 5073 2104 5134 assurgeret
2154 5062 2421 5129 Plotinus,
2485 5074 2586 5114 nec
2621 5072 2805 5112 coram
2856 5071 2921 5111 eo
2975 5056 3142 5109 verba
3194 5051 3377 5108 facere

1794 5158 2095 5212 sustineret
2132 5173 2145 5209 :
2177 5164 2234 5208 at
2271 5153 2521 5207 laudatus
2553 5150 2626 5205 ab
2654 5148 2903 5217 Eunapio
2948 5144 3215 5215 Origenes
3241 5142 3377 5199 alter

1796 5249 1991 5304 Plotini
2029 5246 2271 5303 scholam
2311 5245 2527 5299 videtur
2575 5243 2958 5313 frequentasse
2985 5278 3000 5303 ,
3042 5236 3243 5307 quippe
3282 5237 3375 5307 qui

1792 5340 2084 5412 Porphyrii
2138 5350 2193 5394 et
2249 5337 2444 5393 Amelii
2500 5334 2684 5389 Roma:
2724 5328 3131 5399 condiscipulus
3189 5328 3372 5388 fuerit,

1795 5449 2027 5502 quorum
2052 5441 2346 5500 utrumque
2369 5426 2569 5483 Plotini
2597 5424 2907 5481 doctrinam
2936 5421 3123 5475 Roma:
3142 5419 3377 5487 capessi-

1792 5527 1939 5582 visse
1972 5534 2208 5581 constat.
2239 5523 2297 5578 Id
2323 5523 2368 5577 si
2403 5522 2492 5581 sit.
2528 5518 2795 5589 Origenes
2834 5516 2971 5570 duos
3000 5513 3191 5568 iisdem
3237 5520 3347 5563 tem

1792 5619 2017 5692 poribus
2054 5632 2177 5675 cum
2215 5615 2428 5673 Plotino
2455 5612 2642 5671 Roma:
2687 5605 3133 5680 coniunctissime
3170 5603 3376 5657 vixisse
