3870 6220
534 315 646 371 643

1794 320 1853 374 ι).
1898 319 2210 375 DANIELIS
2251 320 2482 377 llUETll
3494 316 3505 325 ’
3658 335 3749 392 sit

544 434 831 490 dicendum
876 443 979 497 est,
1043 433 1273 489 alterum
1307 435 1423 505 ejus
1462 437 1916 504 condiscipulum,
1944 439 2108 493 disci-
2135 442 2182 499 Α
2212 449 2344 495 tusze
2388 453 2535 496 sunt.
2568 443 2892 499 Christianis
2941 444 3161 500 favebat
3198 447 3536 505 Alexandriae
3581 452 3751 508 nobilis

544 529 725 598 pulum
757 528 1007 582 alterum.
1049 526 1308 593 Quartum
1368 532 1433 583 ad
1477 533 1589 584 ltzec
1636 531 1952 599 Origenctn,
1999 531 2103 585 ᾸΞ-

543 620 781 689 gyptium
816 629 868 672 et
905 620 1099 688 'rpsnm,
1162 632 1323 688 atque
1376 622 1561 674 itidem
1608 626 2007 693 presbyterum,
2051 633 2106 679 et

540 709 812 765 Ammonii
843 710 1062 763 alterius
1096 711 1351 776 sodalem,
1395 728 1582 766 verum
1622 714 1949 769 Adamantio
1976 714 2102 771 Ori-

542 818 676 872 gene
709 804 1089 866 recentiorem,
1124 811 1179 856 et
1221 804 1521 859 Athanasio
1564 805 1933 861 Alexandrino
1986 809 2104 877 epi-

541 909 706 962 scopo
724 910 984 957 co:evum,
1008 909 1036 946 a
1060 893 1295 946 Palladio
1319 895 1369 948 in
1394 888 1673 965 Lausiaci's
1728 908 1782 951 et
1801 898 2103 969 Nicephoro

542 984 751 1040 Callisti
811 994 1296 1039 commemoratum
1346 988 1541 1040 addam
1594 1004 1607 1040 :
1656 988 1890 1057 reliquos
1944 991 2101 1057 hujus

540 1076 775 1130 nominis
801 1076 1159 1129 litteratorum
1190 1076 1477 1147 diligentia:
1516 1080 1915 1147 investigandos
1941 1083 2103 1136 relin-

538 1182 722 1235 quam.
757 1166 1071 1221 Cautionetn
1096 1178 1354 1234 prasterea
1380 1184 1410 1221 a
1448 1172 1703 1226 studiosis
1732 1174 1974 1227 adhiberi
2008 1190 2099 1227 ve-

538 1260 654 1328 lim,
689 1276 755 1316 ne
780 1260 1209 1331 quotiescunque
1232 1264 1539 1319 Adamantii
1566 1267 1767 1319 mentio
1792 1266 1843 1318 itt
1870 1266 2101 1334 scripto-

536 1355 690 1410 ribus
734 1355 1125 1411 ecclesiasticis
1155 1357 1392 1423 incidet,
1435 1360 1682 1413 eumdem
1733 1363 1912 1414 statim
1957 1362 2101 1415 hunc

537 1449 871 1501 arbitrentur
908 1464 1029 1503 esse
1076 1465 1141 1503 ae
1179 1449 1470 1521 Origenem
1502 1470 1516 1507 :
1547 1453 1599 1504 id
1648 1453 1789 1505 enim
1841 1453 2096 1517 nominis,

535 1550 732 1606 praeter
770 1539 923 1603 alios,
958 1541 1169 1593 auctori
1201 1542 1413 1594 cuidam
1441 1542 1754 1597 Christiano
1786 1543 1904 1608 fuit,
1938 1561 2097 1613 quem

536 1629 605 1683 ab
633 1628 867 1698 Origene
906 1640 1063 1685 caute
1099 1631 1440 1700 distinguens
1473 1631 1868 1697 Theodoretus,
1897 1638 2099 1691 utrius-

534 1736 639 1790 que
684 1722 901 1789 scriptis
941 1722 1008 1775 ad
1042 1724 1433 1777 contexendam
1467 1723 1843 1779 btereticarum
1884 1725 2098 1779 fabula-

535 1828 653 1866 rum
683 1812 951 1881 epitomen
979 1827 1131 1867 usum
1160 1827 1219 1867 se
1246 1828 1350 1867 non
1382 1814 1547 1867 semel
1585 1816 1887 1883 profitetur.

596 1905 713 1958 Vlll
771 1904 882 1974 (Π)
920 1903 1194 1960 Decimum
1231 1904 1345 1960 fere
1384 1914 1439 1960 et
1473 1906 1760 1973 septimum
1791 1908 1966 1962 aetatis
1996 1922 2098 1961 an--

531 2010 661 2049 num
711 2006 962 2067 exegerat
1007 1996 1305 2067 Origenes,
1356 2013 1478 2053 cum
1531 1999 1733 2055 Christi
1799 2000 2098 2056 Ecclesiam

532 2087 708 2141 modis
730 2089 982 2143 omnibus
1006 2103 1217 2145 vexare
1235 2106 1519 2162 aggressus
1550 2101 1635 2147 est
1665 2093 1896 2147 Severus
1928 2093 2098 2163 impe-

531 2191 700 2237 rator.
733 2182 866 2236 Cum
894 2183 1038 2237 enim
1072 2199 1170 2253 per
1199 2193 1366 2238 totum
1412 2186 1597 2239 orbem
1643 2200 1763 2241 sese
1787 2187 2096 2242 Christiana

527 2273 665 2328 ﬁdes
692 2273 1011 2340 eﬁ‘underet,
1061 2276 1265 2329 veritus
1315 2277 1512 2345 quippe
1558 2287 1639 2331 est
1678 2279 1759 2330 vir
1806 2291 1997 2334 cautus
2031 2296 2097 2336 ac

529 2365 758 2434 diligens
791 2381 857 2418 ne
882 2366 1010 2421 hinc
1036 2366 1213 2435 aliqua
1241 2370 1525 2422 exsisteret
1558 2384 1734 2421 rerum
1790 2372 2092 2427 conversio.

524 2456 649 2512 Toti
681 2455 859 2527 itaque
911 2458 1167 2513 Ecclesiae
1202 2460 1396 2513 belhtm
1443 2472 1595 2515 atrox
1629 2462 1835 2515 indixit.
1864 2462 2095 2534 Egypto

528 2560 659 2605 tunc
694 2561 923 2619 prmerat
954 2568 1075 2605 cum
1104 2552 1332 2622 imperio
1356 2537 1558 2617 Laetus,
1577 2555 1666 2622 qui
1696 2565 1754 2608 ιιι
1783 2557 2093 2622 imperatori

527 2644 686 2697 ﬁdem
716 2659 867 2698 suam
895 2652 1179 2713 prmstaret
1208 2660 1269 2697 ac
1305 2645 1662 2714 diligentiam,
1698 2647 1751 2699 itt
1804 2645 2093 2718 Egyptios

525 2733 863 2788 Christianos
891 2776 907 2800 ,
958 2732 1049 2786 sed
1087 2735 1137 2787 itt
1170 2734 1566 2788 Alexandrinos
1606 2738 1873 2805 praecipue
1920 2738 2093 2792 ferino

524 2828 630 2881 ritu
659 2828 921 2881 desaeviit.
970 2827 1104 2881 Tum
1132 2843 1261 2883 vero
1291 2827 1580 2897 Origenem
1624 2830 1811 2898 ingens
1847 2832 2089 2902 martyrii

523 2922 719 2990 cupido
750 2922 1012 2985 incessit,
1045 2922 1134 2992 qui
1163 2937 1243 2987 se,
1271 2938 1391 2976 cum
1422 2923 1523 2976 hoc
1555 2922 1789 2988 fecisset,
1818 2925 2088 2993 egregium

523 3014 732 3070 scilicet
758 3017 881 3069 vitae
917 3014 1150 3068 fructum
1185 3016 1392 3083 cepisse
1430 3016 1816 3069 arbitrabatur.
1851 3016 2090 3071 Praesen-

2205 542 2256 585 et
2286 533 2534 599 opulenta
2568 535 2782 601 mulier,
2814 548 2867 590 et
2915 538 3261 592 facultatibus
3306 540 3417 593 suis
3462 540 3753 597 sublevabat

2202 622 2396 693 inopes
2422 666 2435 689 ,
2473 628 2566 681 sed
2597 628 2934 683 orthodoxos
2978 630 3044 682 ab
3094 629 3363 684 haereticis
3394 646 3578 701 parum
3610 641 3754 687 cauto

2205 715 2550 770 discernebat
2585 736 2598 771 :
2630 734 2751 771 nam
2778 718 3001 772 Paulum
3032 721 3320 788 quemdam
3352 720 3749 788 Antiochenum,

2204 806 2344 860 inter
2371 808 2768 864 Alexandrinos
2803 811 3083 864 haereticos
3111 811 3316 879 primas
3343 820 3631 879 tenentem,
3652 828 3756 867 non
3834 848 3839 855 ο

2202 900 2394 967 Opibus
2434 899 2604 953 solum
2644 900 2819 967 fovit,
2853 903 2946 956 sed
2991 903 3133 956 domi
3181 902 3342 957 etiam
3377 913 3653 974 exceptum
3699 906 3754 960 in

2203 989 2367 1044 ﬁlium
2399 990 2694 1059 adoptavit.
2725 990 2973 1061 Origenis
3003 992 3091 1045 illa
3127 1007 3344 1061 quoque
3379 1008 3559 1047 casum
3603 994 3757 1049 mise'

2202 1088 2315 1133 rata
2342 1119 2356 1143 ,
2386 1081 2536 1149 pueri
2590 1080 2936 1150 languescere
2984 1096 3089 1134 non
3121 1082 3250 1136 sivit
3301 1082 3617 1135 industriam
3641 1120 3657 1147 ,
3698 1091 3756 1135 et

2202 1171 2444 1223 animum
2479 1170 2684 1223 incultu
2724 1180 2939 1238 torpere
2962 1211 2977 1234 ,
3010 1172 3103 1224 sed
3148 1172 3314 1235 victu,
3341 1173 3648 1240 cteterisque
3674 1187 3755 1226 re-

2202 1260 2301 1314 bus
2347 1263 2629 1315 commode
2680 1274 2735 1316 et
2786 1263 3080 1317 liberaliter
3128 1263 3335 1317 habuit.
3392 1263 3518 1318 inde
3550 1264 3752 1331 Origeni

2201 1353 2375 1420 aliqua
2397 1368 2517 1406 cum
2549 1354 2715 1409 Paulo
2742 1356 3042 1411 intercessit
3069 1357 3433 1410 consuetudo:
3455 1356 3549 1410 sed
3572 1370 3751 1424 quam-

2199 1444 2282 1497 vis
2308 1445 2373 1496 ad
2408 1445 2547 1499 hunc
2580 1456 2801 1516 propter
2839 1448 3202 1518 eloquentiam
3239 1449 3483 1501 homines
3512 1463 3612 1501 non
3647 1448 3746 1501 hae-
3838 1450 3839 1454 “

2199 1538 2353 1590 retici
2390 1537 2589 1600 modo,
2645 1540 2738 1593 sed
2786 1540 3070 1595 orthodoxi
3119 1540 3283 1594 etiam
3334 1550 3750 1604 concurrerent,

2200 1643 2471 1697 nunquam
2517 1630 2711 1685 adduci
2761 1631 2938 1701 potuit
2988 1630 3249 1702 Origenes
3287 1640 3346 1684 ut
3390 1632 3747 1699 preeationuut

2202 1736 2324 1774 cum
2355 1737 2421 1777 eo
2453 1724 2797 1777 consociaret
2827 1738 2982 1776 usum
3012 1763 3028 1789 ,
3075 1722 3216 1789 quod
3267 1721 3520 1777 Ecclesiae
3558 1722 3754 1792 legibus

2132 1786 2178 1843 Β
2204 1813 2427 1866 vetitum
2457 1828 2575 1868 esse
2608 1814 2947 1867 meminerat.
3000 1813 3114 1868 Non
3161 1813 3355 1868 leviter
3384 1814 3472 1867 hic
3499 1814 3566 1867 ab
3592 1811 3755 1867 Euse-

2198 1904 2312 1967 bio,
2336 1920 2496 1974 quem
2530 1919 2707 1959 tamen
2734 1915 3035 1960 assectatur
3062 1906 3258 1974 palam,
3290 1906 3386 1960 sed
3416 1907 3520 1960 hoc
3550 1905 3679 1965 loco,
3698 1916 3755 1959 ιιι

2198 1996 2432 2060 videtur,
2481 1996 2742 2050 intellexit
2789 2012 3015 2065 parum,
3066 1996 3318 2052 dissentit
3368 1994 3749 2064 Nicephorus:

2195 2086 2421 2140 Paulum
2451 2088 2653 2156 quippe
2675 2088 2855 2142 divitis
2891 2088 3051 2156 hujus
3077 2091 3292 2141 feminae
3315 2088 3563 2140 maritum
3591 2086 3756 2141 fuisse

2196 2176 2384 2231 scribit
2417 2177 2511 2230 lib.
2549 2192 2598 2241 v,
2634 2193 2753 2245 cap.
2785 2177 2854 2244 ὃς
2894 2177 3183 2247 Origenem
3232 2178 3521 2246 adoptione
3549 2176 3755 2232 ﬁlium:

2196 2270 2337 2338 quod
2367 2285 2433 2324 ex
2459 2270 2599 2324 male
2628 2270 2868 2338 acceptis
2893 2270 3105 2324 Eusebii
3136 2270 3317 2324 verbis
3344 2271 3581 2325 sensisse
3606 2269 3755 2324 illum

2195 2360 2382 2414 statim
2430 2360 2729 2430 intelliget,
2764 2364 2854 2429 qui
2902 2364 3061 2415 verba
3100 2362 3217 2427 ejus
3263 2361 3601 2416 contenderit
3628 2377 3753 2416 cum

2193 2450 2517 2506 Eusebianis
2539 2491 2554 2514 ,
2588 2450 2669 2504 vel
2702 2450 2880 2505 Ruﬁni
2927 2451 3425 2520 interpretationem
3456 2465 3576 2505 cum
3607 2460 3756 2506 utro-

2193 2561 2298 2614 que
2324 2544 2632 2601 contulerit.

2262 2635 2354 2690 ιιι.
2414 2639 2707 2708 Acceptum
2762 2637 3160 2693 incommodum
3221 2637 3495 2707 diiigentia
3551 2638 3758 2692 sarcire

2191 2733 2415 2800 cupiens
2443 2729 2727 2799 Origenes,
2754 2741 2806 2785 et
2837 2731 3106 2784 fortunam
3142 2732 3405 2784 industria
3440 2731 3757 2796 sublevare,

2192 2823 2446 2877 traditam
2482 2821 2583 2876 sibi
2618 2838 2647 2876 a
2679 2821 2839 2875 Patre
2868 2820 3244 2875 humaniorum
3280 2820 3650 2875 doctrinarum
3674 2837 3760 2876 co-

2190 2917 2487 2987 gnitionem
2516 2916 2799 2970 acerrimis
2823 2915 3014 2971 studiis
3047 2913 3285 2969 excoluit
3309 2951 3325 2976 ,
3359 2922 3648 2983 tantosque
3674 2914 3758 2969 fe-

2190 3010 2264 3062 cit
2309 3008 2362 3061 in
2417 3006 2788 3077 grammaticis
2833 3005 3135 3075 disciplinis
3180 3018 3540 3074 progressus,
3571 3015 3631 3059 ut
3663 3020 3759 3059 eas

522 3107 595 3160 sit
629 3106 680 3160 id
711 3115 902 3170 mater,
935 3115 989 3159 et
1024 3105 1277 3175 precibus
1326 3121 1387 3159 ac
1436 3107 1741 3161 rationibus
1767 3110 2085 3179 εχοοεῑωαε
2113 3128 2154 3185 c
2190 3099 2404 3170 publice
2450 3098 2720 3153 docendas
2766 3097 3085 3166 susciperet.
3135 3094 3271 3149 Hinc
3327 3094 3506 3164 largus
3562 3095 3641 3150 illi
3687 3097 3753 3149 ad

520 3199 610 3250 vix
639 3196 731 3251 ﬁlii
764 3197 1096 3267 propositum
1130 3197 1412 3264 repressit.
1459 3196 1609 3261 Quod
1644 3198 1894 3253 omnibus
1924 3214 2084 3267 porro

520 3287 659 3341 votis
691 3287 1073 3355 concupiverat
1105 3287 1244 3341 ﬁlius
1265 3329 1279 3352 ,
1310 3288 1362 3341 id
1395 3299 1613 3356 repente
1643 3291 1782 3358 patri
1812 3292 2082 3360 objectum

517 3386 604 3433 est
631 3396 645 3432 :
675 3379 765 3447 qui
803 3379 853 3432 in
889 3379 1103 3433 vincula
1136 3380 1331 3434 Christi
1368 3381 1584 3436 nomine
1601 3381 1896 3449 eonjectus,
1923 3387 2081 3439 morti

521 3469 840 3524 destinatur.
878 3469 1122 3539 Sopitum
1156 3472 1404 3542 martyrii
1442 3472 1768 3526 desiderium
1811 3475 1861 3528 in
1893 3475 2085 3545 Orige-

519 3562 606 3616 Itis
630 3563 807 3615 animo
840 3564 1095 3616 excitavit
1125 3562 1374 3617 Leonidae
1406 3564 1708 3617 constantia
1737 3605 1753 3631 ,
1789 3574 1847 3618 ιιι
1883 3568 2084 3635 qumvis

517 3655 620 3709 sibi
654 3656 835 3723 potius
892 3656 1174 3707 subeunda
1216 3664 1481 3710 tormenta
1510 3695 1526 3719 ,
1578 3672 1738 3725 quam
1790 3674 1818 3711 a
1864 3670 2079 3727 sperata

517 3733 765 3814 martyi'ii
791 3744 958 3814 gloria
990 3744 1371 3797 discedendum
1399 3756 1629 3813 putaret.
1668 3748 1737 3800 At
1768 3757 1960 3811 mater,
1988 3750 2081 3803 ad-

516 3835 705 3889 hibitis
739 3836 937 3888 frustra
971 3836 1208 3898 fletibus,
1244 3836 1337 3889 filii
1390 3837 1647 3906 impetum
1682 3838 1911 3894 tardavit
1943 3851 2076 3906 arte,

517 3934 573 3978 et
599 3926 824 3980 occultis
854 3927 1021 3994 ipsius
1039 3929 1373 3982 vesﬁmentis
1409 3930 1633 3983 invitum
1664 3932 1804 3985 domi
1839 3934 2074 3989 retinuit.

516 4014 706 4085 Itaque
736 4017 877 4084 quod
910 4018 1024 4086 ipse
1054 4017 1235 4072 facere
1266 4034 1370 4072 non
1405 4021 1596 4089 potuit,
1626 4020 1768 4075 Patri
1799 4035 1856 4078 ut
1879 4024 2079 4079 faceret

515 4108 816 4162 litterarum
844 4111 1307 4165 adhortationibus
1338 4122 1527 4167 auctor
1553 4113 1655 4167 fuit
1684 4130 1699 4167 :
1733 4117 1925 4184 quibus
1948 4134 2077 4173 con-

2190 3207 2319 3246 usus
2367 3191 2492 3245 vita
2541 3190 2879 3244 necessarios
2924 3199 3235 3256 proventus.
3285 3187 3547 3241 Ethnicos
3573 3197 3754 3241 autem

2187 3284 2323 3337 adeo
2356 3283 2601 3337 illexerat
2630 3282 2829 3336 Christi
2863 3279 3083 3349 religio,
3119 3289 3177 3332 ut
3221 3291 3364 3332 metu
3417 3278 3617 3348 fugatis
3656 3280 3758 3333 Ec-

2185 3377 2366 3430 clesia:
2397 3375 2705 3429 doctoribus
2757 3372 3115 3427 iconﬁuerent
3155 3372 3223 3425 ad
3268 3373 3550 3441 Origenetn
3578 3374 3759 3427 adhuc

2185 3466 2580 3521 adolescentem
2607 3506 2623 3531 ,
2653 3465 2746 3519 sed
2776 3464 3019 3517 doctrina
3048 3464 3099 3516 in
3131 3461 3491 3518 adolescentia
3539 3472 3598 3516 et
3638 3466 3759 3515 vir-

2186 3569 2299 3612 tute
2332 3559 2703 3627 conspicuum,
2730 3556 2797 3610 ab
2820 3570 2990 3625 coque
3016 3570 3170 3608 saera
3207 3554 3310 3607 sibi
3355 3556 3608 3624 dogmata
3659 3570 3760 3609 ex—

2184 3651 2308 3719 poni
2358 3650 2577 3704 vellent.
2630 3649 2796 3718 Cujns
2842 3648 3184 3702 sermonibus
3234 3646 3410 3700 allecti
3464 3647 3763 3715 plerique,

2183 3743 2384 3797 Christi
2421 3753 2672 3810 suscepta
2712 3741 2834 3806 fide,
2884 3742 2936 3793 itt
2972 3742 3213 3793 intimam
3242 3739 3357 3804 ejus
3406 3739 3762 3793 familiarita-

2186 3841 2291 3887 tem
2316 3847 2433 3887 sese
2457 3832 2842 3900 adjunxcrunt.
2877 3832 3060 3900 Itaque
3088 3829 3465 3884 Alexandrinae
3488 3828 3764 3885 Ecclesia:

2183 3926 2473 3994 episcopus
2520 3923 2867 3985 Demetrius.
2914 3940 3019 3977 non
3067 3923 3277 3978 felicius
3317 3922 3763 3976 Christianorum

2181 4032 2270 4071 res
2319 4017 2372 4070 in
2420 4014 2655 4086 Egypto
2703 4031 2956 4085 reparare
3004 4031 3063 4071 se
3093 4030 3249 4086 posse
3309 4012 3537 4069 credidit
3573 4054 3589 4077 ,
3636 4014 3761 4085 (18)

2178 4124 2340 4179 quam
2367 4109 2415 4163 si
2464 4110 2974 4164 catechunteuorum
3005 4123 3187 4163 curant
3241 4107 3329 4160 uni
3382 4105 3604 4176 Origeni
3662 4123 3765 4162 oc-

515 4188 778 4257 ﬁrniatior
808 4201 1028 4257 eﬁectus
1059 4201 1328 4258 Leonides
1354 4206 1548 4272 capitis
1581 4206 1902 4274 supplicium
1932 4209 2097 4276 tulit,‘
2178 4201 2408 4256 todecim
2478 4215 2648 4254 annos
2706 4210 2833 4255 nato
2887 4201 3254 4255 demandaret.
3327 4197 3599 4268 Utrasque
3665 4202 3764 4255 hic

515 4307 678 4358 anno,
716 4300 774 4345 ut
801 4293 931 4354 dixi,
970 4290 1155 4346 Severi
1188 4293 1421 4357 decimo,
1452 4294 1517 4347 ad
1549 4310 1580 4349 x
1616 4294 1845 4349 Kalend.
1883 4295 2072 4362 Maias,

512 4381 579 4435 ad
607 4395 764 4449 quem
798 4382 936 4435 diem
970 4398 1114 4436 mors
1143 4382 1260 4453 ejus
1305 4382 1539 4439 refertur
1571 4385 1624 4438 in
1657 4384 1899 4439 Romano
1934 4386 2075 4439 Mar-

2177 4292 2343 4363 igitur
2393 4292 2701 4348 sustinebat
2759 4302 2982 4362 partes,
3030 4290 3350 4347 litteratoris
3398 4300 3453 4345 et
3503 4293 3763 4347 catechi-

512 4469 796 4539 tyrologio.
828 4469 972 4524 Bona
1008 4471 1146 4540 ejus,
1193 4472 1387 4541 quibus
1426 4472 1684 4527 familiam
1717 4475 1841 4529 dum
1873 4479 2073 4532 viveret
2104 4469 2149 4524 D
2245 4476 2390 4531 Nova
2423 4476 2640 4532 interim
2671 4475 2876 4545 Aquilae
2905 4474 3243 4530 Alexandriae
3275 4477 3509 4546 praefecti
3553 4477 3607 4530 in
3647 4476 3761 4531 Ec-

510 4561 740 4615 honeste
791 4563 1157 4627 toleraverat,
1189 4564 1321 4619 ﬁsco
1352 4575 1476 4619 sunt
1508 4566 1718 4620 addicta
1752 4586 1767 4624 :
1803 4579 1965 4637 atque
1999 4572 2073 4625 ita

509 4651 758 4722 Origenis
780 4695 794 4719 ,
824 4666 948 4706 cum
1001 4664 1173 4709 matre
1207 4670 1268 4710 ac
1316 4671 1409 4711 sex
1446 4658 1684 4726 parvulis
1730 4660 1985 4715 fratribus
2019 4662 2071 4716 itt

507 4757 718 4797 summa
745 4754 989 4814 egestate
1026 4754 1079 4799 et
1107 4744 1253 4801 luctu
1300 4747 1517 4814 relicti,
1555 4764 1685 4819 opes
1716 4766 1906 4807 omnes
1933 4768 2069 4808 con-

578 4970 691 5109 (Πζ
720 4971 937 5037 Euset).,
967 4970 1107 5026 Hist.
1138 4972 1314 5026 eccles.
1343 4973 1436 5031 lib.
1473 4988 1546 5040 γι,
1575 4989 1693 5041 cap.
1725 4973 1777 5040 Ξ,
1806 4975 1867 5028 5.

579 5044 669 5109 (18
723 5042 895 5103 Quam
934 5045 977 5096 si
1015 5046 1501 5097 catcchumenorum
1548 5061 1749 5105 curam,
1780 5057 1866 5097 etc

579 5042 689 5113 (18)
723 5042 895 5103 Quam
934 5045 977 5113 si
1015 5046 1501 5097 catcchumenorum
1548 5061 1749 5105 curam,
1780 5057 1885 5099 etc.
1919 5042 2060 5098 Hue-

507 5108 615 5193 tius
648 5114 889 5193 statuitur
914 5112 1223 5193 ,Eusebiutn
1250 5156 1265 5179 ,
1303 5118 1391 5193 qui
1430 5114 1568 5166 Hist.
1601 5115 1816 5193 libxvt,
1853 5131 1971 5193 cap.
1994 5116 2057 5193 Εὖ,

502 5186 583 5238 ait
611 5200 627 5237 :
657 5184 813 5246 Ἔτος
837 5183 880 5235 δ’
912 5180 1043 5252 ἦγεν
1098 5183 1577 5247 ὀκτωκαιδέκατον,
1617 5182 1735 5236 καθ’
1761 5183 1791 5235 ὃ
1839 5180 1933 5236 τοῦ
1961 5183 2060 5252 τῆς

2179 4568 2399 4623 clesiam
2426 4569 2669 4623 detonuit
2696 4568 3019 4638 persecutio,
3059 4567 3114 4621 in
3150 4582 3325 4636 eaque
3350 4567 3615 4637 Origenes
3649 4568 3762 4621 sin-

2178 4661 2455 4730 gularibus
2487 4660 2632 4725 ﬁdei,
2668 4661 2884 4729 pietatis
2912 4674 2975 4714 ac
3013 4662 3329 4713 constantia:
3358 4659 3763 4728 speciminibus

2177 4752 2338 4807 editis
2373 4766 2619 4821 magnam
2646 4750 2749 4806 sibi
2780 4752 2923 4806 inter
2954 4749 3293 4806 Christianos
3322 4750 3520 4806 famam
3544 4761 3602 4805 et
3622 4765 3765 4820 gra-

2163 4991 2473 5048 aggressum
2498 4975 2664 5030 fuisse
2692 4991 2706 5034 ;
2734 4973 2826 5029 sed
2855 4980 3047 5048 sponte
3066 4969 3441 5048 etnecduma
3463 4969 3766 5048 Demetrio

2161 5039 2499 5116 praafeetum,
2514 5048 2711 5115 quippe
2727 5039 3214 5116 Qttetnlpetnetritts
3230 5039 3442 5116 nonnisi
3471 5053 3683 5116 postea.
3695 5044 3764 5116 _in

2161 5110 2225 5172 eo
2256 5132 2475 5171 munere
2496 5110 2849 5170 confirmavit.
2883 5112 2982 5164 Hic
3001 5153 3015 5176 ,
3045 5110 3237 5178 inquit,
3264 5110 3611 5162 Alexandria!
3643 5112 3769 5165 dis-

2161 5204 2309 5256 persa
2334 5186 2592 5249 Ecclesia,
2616 5184 2812 5238 decimo
2861 5192 3040 5235 octavo
3065 5184 3236 5256 amatis
3260 5194 3556 5256 sumamto,
3579 5196 3768 5256 κατη-
3836 5226 3839 5233 .

2162 5248 2370 5328 ἀήσεων
2403 5273 2532 5328 opus
2557 5248 2851 5328 aggressus,
2884 5261 3062 5328 postea
3092 5268 3123 5302 α
3152 5249 3413 5328 pemetrio
3445 5248 3567 5315 ejus
3598 5248 3763 5328 urbis

2161 5320 2396 5394 Episcopo
2428 5320 2483 5379 in
2516 5320 2687 5397 locum
2727 5322 3008 5397 Clementis
3040 5320 3397 5397 conﬁrmatus,
3425 5321 3765 5397 permultos

2160 5387 2341 5449 annos
2375 5397 2577 5463 ﬂoruit.
2626 5395 2753 5461 Quae
2810 5393 3047 5446 narratio
3079 5387 3443 5463 _verisitnilior
3490 5387 3763 5463 videtur,

2162 5458 2459 5537 magisque
2488 5458 2707 5537 Eusebii
2759 5463 2926 5537 ipsius
2974 5460 3151 5537 ordini
3186 5468 3575 5537 consentanea.
3635 5458 3763 5511 Nec

2158 5525 2300 5589 enim
2353 5525 2643 5589 verisimile
2685 5525 3145 5607 est'Demetrium
3196 5530 3290 5581 uni
3346 5525 3590 5607 Origeni
3634 5537 3759 5607 tam

2155 5620 2355 5674 paucos
2403 5620 2575 5660 annos
2619 5612 2743 5661 nato
2776 5602 3286 5658 catechumenorum
3316 5611 3505 5652 curant
3544 5602 3758 5652 statim

2156 5677 2526 5732 detnaudasse.

505 5255 857 5324 κατηχήσεως
915 5254 1151 5324 προέστη
1206 5253 1592 5306 διδασκαλείου.
1652 5255 1859 5307 Αηιιιιηι
1900 5270 2058 5320 porro

504 5328 676 5378 (matis
706 5336 942 5375 octavum
970 5324 1224 5376 decimum
1267 5326 1468 5391 agebat,
1496 5335 1620 5376 tunc
1646 5339 1765 5375 cum
1808 5327 2057 5376 catechu-

500 5395 665 5446 ntem's
698 5394 1027 5446 instituendis
1080 5392 1351 5461 prwfectus
1396 5403 1492 5447 est.
1542 5392 1644 5446 Sed
1702 5392 2055 5461 Hieronymus

499 5462 740 5530 (iatalog.
795 5464 1035 5528 scriptor.
1080 5464 1284 5521 πειτα..
1310 5477 1431 5531 cap.
1466 5463 1534 5517 54
1565 5503 1577 5524 ,
1629 5473 1811 5530 aperte
1842 5462 2050 5528 innuit,

500 5534 752 5586 omnibus
778 5532 848 5586 ob
880 5532 1266 5599 persecutionis
1310 5544 1507 5586 metum
1535 5534 1703 5598 pulsis
1738 5548 1798 5584 ac
1834 5532 2048 5600 fugatis,

502 5618 624 5655 cum
681 5617 837 5654 nemo
884 5612 1184 5670 superesset
1243 5602 1578 5657 Alexandria:
1634 5603 1721 5669 qui
1779 5602 2052 5656 tradendis

501 5672 624 5726 ﬁdei
655 5672 933 5725 catholicae
962 5672 1280 5728 rudimentis
1305 5687 1526 5741 operam
1557 5674 1731 5728 daret.
1760 5671 2044 5741 Origenem

499 5741 714 5811 quidem
744 5741 1041 5799 octodecim
1090 5757 1259 5800 annos
1294 5754 1478 5799 natum
1521 5743 1872 5814 κατηχήσεων
1906 5754 2043 5813 opus
