3870 6220
182 349 292 403 11Ᾱῦ

1180 347 1754 406 ORIGENIANORUM
1795 347 1918 403 LIB.
1964 348 2008 412 1.
2047 349 2197 405 CAP.
2238 347 2282 403 1.

3346 349 3452 405 6‘46

182 465 318 518 tiam
384 461 620 533 peperit.
672 461 805 519 Cum
860 463 1004 519 enim
1062 465 1404 519 traherentur
1453 466 1521 519 ad
1584 478 1768 518 necem
1796 465 1845 524 Α
1872 464 2341 531 terpretationem,
2374 478 2403 518 a
2435 462 2649 520 Iuliana
2674 464 2964 537 Origenem
3002 467 3301 537 accepisse,
3329 484 3453 539 quae

183 566 453 629 martyres
476 556 680 612 Christi
709 596 725 621 ,
764 557 955 611 obvios
988 557 1438 625 amplectebatur,
1468 556 1759 612 affectaba-

184 660 277 702 tur
306 656 534 712 euntes,
585 646 949 702 morientibus
1003 647 1225 715 aderat,
1275 660 1328 706 et
1369 658 1760 704 tormentorum

182 741 444 795 saevitiam
494 738 918 795 allocutionibus
971 748 1023 795 et
1069 740 1277 795 solatiis
1326 743 1558 798 levabat.
1610 742 1761 799 Unde

181 830 585 886 circumstantis
619 829 801 901 populi
834 846 1096 886 conversa
1141 832 1194 886 in
1229 847 1289 886 se
1335 833 1612 888 iracundia
1637 875 1652 897 ,
1686 835 1761 887 la-

183 920 397 988 pidibus
427 920 697 988 appetitus
724 959 739 985 ,
787 935 911 974 cum
969 920 1302 977 nefariorqu
1356 923 1636 978 hominum
1668 925 1758 979 vix

182 1010 458 1083 eﬂ‘ugisset
486 1027 697 1077 manus,
726 1014 910 1068 statim
937 1013 1133 1070 domus
1161 1015 1299 1085 ejus,
1321 1030 1479 1084 quam
1511 1016 1760 1085 frequen-

173 1102 289 1154 ‘ta‘ri
317 1102 718 1157 catechumenis
765 1102 1156 1169 adverterant,
1193 1106 1419 1160 armatis
1453 1107 1759 1164 hominibus

182 1195 545 1250 circumsessa
592 1205 697 1251 est.
748 1195 873 1250 Mihi
938 1198 1204 1266 imprimis
1258 1214 1442 1253 eorum
1502 1203 1759 1267 probatur

181 1287 368 1355 Opinio
392 1327 406 1350 ,
450 1288 541 1357 qui
577 1290 879 1356 tempestati
913 1290 1037 1343 huic
1069 1292 1346 1360 egregium
1397 1290 1646 1360 Origenis
1678 1293 1760 1347 fa-

183 1378 359 1443 cinus,
402 1378 469 1433 ab
511 1378 812 1449 Epiphanio
838 1382 971 1435 hmr.
1007 1382 1095 1447 64,
1122 1396 1243 1450 cap.
1284 1385 1337 1449 1,
1372 1399 1760 1443 commemora-

1864 571 1925 611 ea
1964 570 2124 625 porro
2166 554 2292 624 jure
2336 557 2707 611 successionis
2739 558 2808 611 ab
2844 558 2963 627 ipso
2992 557 3321 630 Symmacho
3352 561 3453 614 ba-

1861 647 2022 703 bebat
2047 687 2063 713 ,
2102 646 2228 701 inde
2276 646 2494 716 collegit
2524 646 2785 701 Baronius
2817 663 2883 702 ex
2919 649 2985 701 iis
3018 648 3330 718 Symmachi
3380 648 3453 703 li-

1865 739 1978 793 bris
2004 737 2320 791 memoratis
2351 738 2417 793 al)
2450 738 2680 792 Eusebio
2706 754 2868 792 unum
2902 753 3025 792 eum
3064 741 3250 807 fuisse,
3280 757 3444 812 quem

1863 846 2023 885 tnauu
2059 828 2308 898 Origenis
2341 838 2587 883 notatum
2633 830 2770 883 vidit
2803 829 3110 898 Palladiu's;
3151 834 3229 886 vel
3283 832 3446 887 Com-

1860 924 2155 978 meutarios
2184 931 2375 991 nempe
2409 923 2462 975 in
2509 922 2818 976 Matthmum
2849 966 2862 988 ,
2904 925 2988 978 vel
3030 925 3444 995 interpretatio—

1859 1029 1980 1067 nem
2018 1014 2186 1081 ipsam
2217 1008 2528 1081 Scripturee.
2564 1013 2833 1069 Praeterea
2870 1031 2977 1069 non
3007 1017 3113 1070 alia
3154 1018 3442 1088 Origenem

1860 1107 1927 1162 de
1977 1123 2144 1163 causa
2177 1107 2403 1163 latuisse
2433 1110 2571 1175 apud
2615 1107 2884 1162 Julianam
2916 1111 3150 1176 censuit,
3188 1127 3348 1181 quam
3379 1121 3438 1168 ut

1861 1198 2096 1267 aliquam
2126 1199 2468 1253 ethnicorum
2505 1199 2766 1255 adversus
2815 1201 3153 1257 Christianos
3178 1218 3438 1273 perseeu-

1860 1290 2056 1344 tionem
2094 1289 2377 1355 devitaret,
2426 1289 2507 1343 vel
2540 1288 2726 1345 Severi
2758 1292 2987 1356 scilicet,
3022 1293 3106 1347 vel
3138 1293 3439 1363 Maximini,

1856 1381 1943 1435 vel
1985 1382 2129 1437 Decii
2170 1402 2183 1437 :
2225 1400 2346 1438 cum
2384 1383 2659 1437 Maximini
2704 1395 2880 1438 autem
2909 1385 2989 1440 vel
3023 1386 3166 1441 Decii
3197 1396 3355 1441 aetate
3383 1388 3439 1443 hi

184 1480 297 1523 tum
327 1469 641 1539 adjungunt,
675 1472 890 1541 quando
915 1487 1042 1526 eum
1077 1474 1270 1529 adraso
1309 1480 1537 1545 vertice,
1573 1479 1757 1550 quales
1852 1471 1960 1542 jam
1999 1473 2309 1544 Symmachi
2335 1473 2455 1527 libri
2486 1475 2747 1528 exiissent
2782 1474 2834 1528 in
2871 1474 3046 1530 lucem
3074 1514 3089 1540 ,
3123 1486 3176 1532 et
3220 1478 3285 1531 ad
3321 1477 3439 1533 Ori-

183 1558 558 1631 Egyption
588 1562 810 1617 deorum
852 1563 1091 1619 ministri
1138 1580 1259 1622 esse
1289 1567 1466 1624 solent
1494 1610 1510 1635 ,
1542 1573 1743 1642 profau

1859 1564 2012 1633 genis
2042 1565 2268 1633 proinde
2301 1567 2546 1619 notitiam
2580 1566 2900 1630 venissent,
2954 1575 3065 1620 tum
3100 1578 3248 1623 certe
3275 1570 3344 1623 ab
3371 1585 3438 1624 eo

185 1650 464 1722 Serapidis
492 1656 750 1722 gradibus
803 1666 1108 1714 statuentes
1161 1659 1416 1726 Ethnici,
1451 1663 1743 1730 palmarum

1856 1653 2025 1709 fuisse
2070 1655 2319 1710 inventos
2347 1696 2362 1721 ,
2414 1656 2543 1710 dum
2596 1656 2782 1711 Severi
2815 1657 3014 1713 bellum
3048 1659 3099 1713 in
3134 1658 3435 1716 Ecclesiam

182 1758 365 1798 ramos
389 1744 628 1814 praebere
679 1746 959 1816 jusserunt
1004 1750 1402 1816 sacerdotibus,
1439 1754 1529 1822 qui
1557 1756 1623 1808 ad
1655 1746 1755 1810 ἀι)-
1792 1813 1826 1822 _
1858 1744 2107 1802 ferveret.
2164 1745 2470 1803 Halloxium
2525 1749 2689 1803 traxit
2719 1749 2770 1803 in
2802 1764 3083 1805 assensum
3121 1767 3182 1806 ea
3216 1750 3435 1808 Barouii

179 1834 360 1889 eunda
412 1850 569 1890 sacra
595 1838 980 1903 ascendebant,
1013 1855 1121 1909 quo
1148 1857 1297 1897 more
1325 1859 1511 1898 eorum
1544 1850 1752 1916 gravis-
1788 1813 1831 1870 Β
1857 1836 1995 1890 Γειίο
2019 1876 2034 1901 ι
2066 1852 2230 1906 quam
2281 1838 2591 1894 accuralius
2641 1849 2819 1894 lamen
2854 1842 3225 1895 EXCUliamuso
3259 1838 3431 1906 Quem

180 1928 332 1979 siina:
382 1930 719 1984 caeremoniae
770 1932 1133 1988 continentur.
1183 1934 1440 2004 Acceptis
1498 1937 1591 1993 ille
1636 1939 1754 2009 ρει-
1855 1929 2049 1983 librum
2079 1929 2329 2000 Origenis
2361 1948 2519 1985 manu
2544 1941 2788 1986 notatum
2819 1932 3020 1987 vidisse
3056 1948 3116 1987 se
3143 1932 3215 1986 ait
3252 1931 3432 1987 Palla-

182 2031 391 2070 marum
443 2018 675 2074 surculis
701 2060 718 2087 ,
766 2024 1023 2090 praesenti
1073 2025 1255 2080 animo
1303 2035 1359 2081 et
1399 2041 1581 2082 erecto
1604 2070 1619 2095 ,
1668 2045 1756 2086 as.
1854 2021 1995 2087 dius,
2015 2021 2063 2075 is
2090 2033 2211 2076 erat
2235 2022 2648 2091 antiquissimus
2682 2041 2695 2077 :
2732 2023 2878 2091 alqui
2908 2021 3205 2077 Palladium
3234 2023 3433 2078 ducen-

182 2114 358 2161 tantes
400 2108 509 2163 alta
539 2125 673 2165 voce
699 2112 780 2166 sic
809 2113 1077 2170 allocutus
1104 2124 1185 2171 est
1216 2135 1231 2172 :
1261 2118 1452 2172 Adeste
1472 2159 1488 2183 ,
1535 2121 1743 2189 accipite

1855 2112 1924 2167 tis
1965 2113 2185 2169 circiter
2231 2116 2389 2169 annis
2423 2113 2781 2184 Symmachus
2814 2114 3126 2169 antecessit.
3178 2113 3291 2185 (20)
3341 2115 3423 2169 Au

178 2214 409 2265 ramum,
458 2218 560 2256 non
608 2205 785 2273 templi
834 2206 991 2260 idolis
1037 2211 1352 2276 consecrati,
1399 2219 1486 2265 sed
1534 2212 1750 2270 Christi.

178 2288 387 2357 Quibus
432 2292 714 2361 gentilium
766 2296 819 2349 in
867 2310 927 2352 se
976 2300 1262 2356 concitatis
1311 2304 1550 2371 animis,
1597 2305 1751 2377 fuge-

176 2397 266 2447 re,
298 2381 514 2438 latitare
537 2424 553 2452 ,
588 2393 643 2440 et
672 2385 908 2444 latebras
934 2391 1126 2447 crebro
1161 2408 1499 2451 commutare
1527 2409 1753 2455 coactus

168 2482 281 2530 est.

249 2565 318 2621 Χ.
346 2567 674 2624 Alexandria
700 2570 801 2626 sub
831 2570 969 2626 idem
992 2581 1203 2644 tempus
1228 2579 1531 2635 excessisse
1553 2580 1746 2650 ipsum.

174 2668 237 2713 et
266 2660 571 2717 Caesaream
607 2663 961 2733 Cappadocia:
1009 2666 1319 2738 confugisse
1361 2685 1547 2730 censet
1578 2674 1747 2729 Baro-

178 2755 303 2809 nius
335 2755 402 2810 ad
430 2771 519 2811 an.
553 2756 659 2812 205
683 2798 699 2822 ,
737 2774 793 2812 n.
823 2758 856 2812 6
883 2799 898 2822 ,
931 2759 1152 2817 Palladii
1187 2768 1510 2823 auctoritate
1535 2784 1750 2839 permo-

181 2856 293 2912 tus,
328 2848 418 2915 qui
442 2864 562 2919 cap.
606 2849 730 2915 M7,
764 2851 1049 2923 Origenem
1078 2856 1287 2920 scribit,
1315 2874 1434 2913 cum
1465 2861 1745 2931 gentilium

174 2940 520 2995 vexationem
551 2940 777 3012 fugeret,
802 2943 1064 3002 Caesarea;
1093 2950 1232 3018 apud
1263 2948 1534 3006 Julianam
1578 2954 1745 3024 virgi-

167 3045 304 3084 nem
353 3030 631 3087 delituisse
674 3033 892 3090 biennio
919 3078 935 3103 ,
982 3048 1035 3092 et
1065 3039 1116 3093 in
1147 3040 1343 3095 litteris
1377 3043 1615 3097 animum
1644 3045 1743 3098 ha-

1852 2219 1982 2259 vero
2027 2206 2380 2259 ducentorum
2437 2218 2700 2260 annorutn
2753 2207 2919 2261 codex
2951 2247 2967 2272 ,
3020 2207 3432 2275 antiquissimus

1851 2296 1956 2352 dici
1983 2299 2167 2367 possit,
2196 2299 2508 2353 existiment
2527 2298 2745 2363 eruditi,
2766 2299 2855 2368 qui
2874 2300 3063 2357 sciunt.
3078 2310 3204 2368 quot
3233 2300 3428 2353 sacula

1858 2386 2120 2456 ejusmodi
2157 2389 2373 2445 codices
2400 2389 2646 2444 durando
2674 2390 2890 2445 vincere
2939 2389 3077 2446 soliti
3103 2390 3231 2444 sint.
3267 2388 3427 2459 Sym-

1852 2481 2099 2534 machum
2124 2495 2253 2549 ergo
2281 2481 2420 2535 liber
2446 2481 2551 2535 iste
2578 2490 2860 2535 auctorem
2891 2496 2999 2534 non
3033 2478 3240 2534 habuit.
3280 2479 3429 2546 Quos

1850 2582 2029 2626 autem
2064 2588 2094 2627 a
2128 2569 2338 2627 Juliana
2370 2572 2681 2644 Symmachi
2713 2572 2878 2627 libros
2922 2573 3199 2642 accepisse
3234 2571 3427 2643 Orige-

1850 2681 1971 2721 nem
2022 2665 2198 2735 prodit
2229 2665 2490 2720 Eusebius
2517 2708 2530 2731 ,
2565 2664 2631 2718 ab
2663 2664 2779 2733 ipso
2829 2663 3046 2718 fuerunt
3098 2661 3427 2735 Symmacho

1849 2758 2131 2814 elaborati.
2166 2759 2246 2812 Ad
2276 2758 2388 2811 inec
2419 2756 2521 2811 fuit
2552 2757 2809 2826 στιχηρὸς
2836 2754 2923 2808 ille
2956 2755 3122 2809 codex
3156 2770 3314 2823 quem
3339 2756 3423 2810 vi-

1848 2850 1925 2903 dit
1981 2850 2252 2906 Palladius
2303 2868 2316 2903 :
2373 2857 2431 2902 at.
2481 2862 2660 2917 neque
2715 2846 3025 2917 Symmachi
3074 2846 3423 2901 Commenta-

1848 2944 1983 3007 rios,
2016 2942 2128 3011 (21)
2179 2955 2353 3011 neque
2401 2939 2694 3008 Scriptum
2726 2937 3219 3007 lnterpretatiouem
3244 2978 3258 3003 ,
3312 2954 3424 2992 cm—

1847 3035 2033 3108 χηρῶς
2062 3036 2227 3089 fuisse
2260 3033 2462 3103 scripta
2494 3034 2742 3101 cuiquam
2792 3031 2928 3084 bene
2959 3045 3096 3085 sano
3126 3030 3423 3099 persuade-

166 3122 377 3178 ‘bltisse-
414 3124 614 3180 Deinde
652 3126 766 3182 haec
799 3129 1068 3187 subnectit
1101 3150 1114 3186 :
1153 3128 1324 3204 Εὗρον
1351 3136 1407 3189 δὲ
1437 3137 1610 3191 ταῦτα
1638 3138 1747 3207 ἐγὼ
1774 3157 1816 3214 C
1851 3132 2014 3183 bitur.
2048 3126 2197 3181 Alius
2240 3139 2370 3194 ergo
2404 3124 2506 3179 fuit
2553 3123 2641 3179 ille
2688 3122 2932 3178 Palladio
2966 3132 3422 3177 commemoratus

169 3216 533 3287 γεγραμμένα
587 3219 644 3272 ὲν
684 3220 1031 3294 παλαιοτάτῳ
1069 3225 1255 3298 βιϐλίῳ
1291 3229 1549 3300 στιχηρῷ,
1610 3232 1747 3303 ὅπερ

171 3304 507 3377 ἐγέγραπτο
536 3311 679 3382 χειρὶ
719 3312 1041 3383 Ὠριγὲνους·
1077 3316 1235 3370 τοῦτο
1280 3320 1341 3373 τὸ
1365 3320 1565 3389 βιϐλίον
1590 3315 1746 3393 εὗρον

172 3398 287 3466 ἐγὼ
348 3401 499 3471 παρὰ
554 3402 811 3477 Ἰουλιανῇ
861 3408 1111 3479 παρθένῳ
1142 3411 1200 3463 ὲν
1242 3412 1565 3484 Καισαρείᾳ,
1610 3430 1745 3485 κρυ-

166 3492 440 3562 πτόμενος
492 3495 646 3564 κάγὼ
692 3502 818 3570 παρ’
843 3500 1002 3572 αὐτῇ,
1035 3502 1157 3572 ἥτις
1197 3503 1348 3572 ἔλεγε
1403 3507 1532 3577 παρ’
1581 3507 1744 3561 αὐτοῦ

173 3586 471 3658 Συμμάχου
522 3590 615 3643 τοῦ
652 3592 932 3663 ἑρμηνέως
968 3594 1074 3647 τῶν
1113 3595 1375 3650 Ἰουδαίων
1422 3599 1552 3652 αὐτὸ
1602 3600 1745 3672 εἰλη-

174 3678 354 3745 φέναι.
379 3681 667 3736 Manifesto
692 3684 805 3737 hch
842 3684 941 3737 sibi
961 3697 1294 3756 repugnant:
1321 3704 1442 3742 nam
1478 3691 1521 3743 si
1548 3690 1743 3744 librum

172 3768 323 3822 illum
352 3786 511 3825 manu
543 3787 638 3827 sua
664 3776 905 3829 exaravit
927 3776 1207 3846 Origenes,
1240 3782 1508 3848 quomodo
1540 3782 1685 3835 illum
1713 3798 1741 3836 a

160 3859 506 3929 Symmacho
556 3864 759 3920 habere
805 3867 981 3935 potuit
1025 3866 1233 3921 Juliana
1265 3869 1288 3921 ?
1325 3873 1595 3938 quomodo
1619 3887 1740 3925 eum

167 3951 313 4020 apud
341 3950 605 4008 Julianam
639 3954 900 4024 Origenes
928 3959 1168 4028 reperire
1192 3960 1215 4013 ἲ
1264 3958 1426 4030 Lege,
1452 3961 1596 4034 ᾇπερ
1621 3963 1743 4032 ὲγέ-

170 4058 409 4113 γραπτο,
445 4046 699 4113 proclivia
732 4048 859 4102 fient
884 4051 1085 4104 omnia.
1123 4049 1254 4104 Sese
1286 4051 1338 4105 in
1366 4051 1743 4121 antiquissimo

160 4133 317 4188 libro
337 4134 502 4190 verba
528 4136 642 4191 haec
668 4153 827 4191 manu
853 4138 1106 4210 Origenis
1137 4141 1339 4211 scripta
1367 4143 1635 4211 reperisse
1669 4144 1743 4198 ait

156 4222 443 4278 ‘Palladius
481 4242 495 4279 :
529 4225 684 4280 Ilunc
719 4227 910 4283 librum
958 4232 1133 4284 inveni
1165 4232 1303 4300 apud
1331 4230 1606 4287 Julinnam
1637 4235 1743 4288 vir-

170 4315 369 4383 ginem,
394 4317 448 4369 in
481 4314 722 4372 Caesarea
741 4321 969 4386 civitate,
993 4321 1119 4375 dum
1138 4323 1278 4390 apud
1308 4325 1475 4385 ipsam
1504 4326 1737 4391 laterem,

167 4422 291 4476 quia
332 4407 481 4462 illum
518 4411 580 4463 ab
609 4412 725 4480 ipso
760 4411 1083 4483 Symmacho
1123 4415 1397 4483 interprete
1431 4416 1739 4471 Judworum

1849 3221 2009 3286 liber,
2038 3219 2127 3274 alii
2157 3218 2408 3272 Eusebio.
2439 3214 2549 3269 Nec
2584 3214 2778 3269 mirum
2813 3229 2944 3268 sane
2978 3224 3239 3282 utrosque
3267 3229 3296 3267 a
3325 3211 3422 3267 Ju-

1847 3311 1986 3366 liana
2015 3309 2288 3378 accepisse
2320 3306 2605 3376 Origeuem
2637 3346 2652 3372 ,
2698 3322 2821 3361 cum
2851 3306 3146 3361 verisimile
3189 3308 3261 3360 sit
3294 3306 3420 3360 uni-

1845 3420 2056 3459 versam
2094 3402 2405 3473 Symmachi
2437 3400 2817 3453 bibliothecam
2850 3399 2915 3453 ad
2943 3397 3213 3452 Julianam
3246 3400 3420 3454 haere-

1846 3497 2041 3552 ditario
2072 3497 2191 3564 jure
2221 3494 2534 3563 pervenisse
2559 3532 2574 3557 ,
2605 3492 2761 3560 cujus
2800 3492 2911 3559 ipsa
2953 3491 3146 3545 deinde
3202 3492 3416 3561 Origeni

1845 3594 2052 3661 copiam
2091 3590 2296 3643 fecerit.
2328 3586 2462 3642 Hinc
2501 3602 2630 3657 ergo
2682 3586 2886 3639 frustra
2933 3584 3206 3638 concludit
3251 3582 3418 3636 Baro-

1844 3686 1962 3738 nius
1992 3682 2304 3752 Symmachi
2356 3677 2859 3748 lnterpretatiouem
2894 3685 2948 3729 et
2985 3675 3417 3731 Commentarios

1845 3786 1971 3828 tunc
1998 3775 2067 3827 ab
2094 3770 2327 3840 Origene
2354 3771 2520 3824 fuisse
2553 3770 2822 3831 inventus,
2860 3782 2984 3822 cum
3019 3768 3303 3836 imperium
3335 3778 3413 3821 te—

1843 3874 1996 3920 neret
2025 3865 2280 3924 Severus,
2305 3871 2360 3917 et
2394 3860 2685 3915 Ecclesiam
2721 3859 2860 3913 male
2883 3859 3126 3919 haberet,
3157 3869 3408 3927 propter-

1842 3971 1902 4011 ea
1931 3955 2071 4024 quod
2125 3954 2240 4024 jam
2301 3964 2411 4007 tum
2459 3953 2512 4007 in
2544 3950 2829 4021 Origenis,
2880 3951 3227 4019 omniumque
3280 3952 3413 4005 adeo

1840 4062 2032 4102 manus
2059 4057 2335 4109 venerant,
2366 4061 2486 4100 cum
2524 4044 2865 4107 Maximinus,
2897 4052 2989 4095 aut
3019 4043 3214 4096 Decius
3246 4040 3411 4096 Chri-

1839 4140 2071 4195 stianam
2108 4138 2491 4208 rempublicam
2522 4144 2913 4206 Oppugnaruut.
2956 4134 3066 4203 (2:2)
3091 4135 3173 4188 Ac
3200 4134 3245 4187 si
3289 4135 3409 4189 tieri

1841 4246 1947 4287 non
1979 4231 2234 4301 potuerit,
2262 4238 2342 4295 ut,
2385 4227 2635 4298 quamvis
2680 4226 2792 4295 jam
2830 4226 3192 4279 innotuissent
3226 4224 3413 4280 multis

1839 4323 1921 4377 ha:
1953 4321 2354 4376 lucubrationes
2388 4316 2698 4389 Symmachi
2731 4356 2746 4379 ,
2778 4317 2950 4384 ipsum
2987 4324 3164 4370 tamen
3209 4311 3405 4383 Orige-

1841 4429 1961 4468 nem
1995 4414 2117 4468 aliis
2141 4413 2445 4467 districtum
2472 4411 2633 4464 rebus
2660 4408 2972 4479 effugerint.
3001 4409 3256 4463 Eamdcm
3289 4408 3409 4478 ejus

155 4513 228 4550 .se
259 4501 514 4567 accepisse
536 4502 806 4570 referebat.
837 4504 949 4575 (l9)
980 4505 1245 4571 Quoniam
1278 4515 1456 4562 autem
1487 4508 1613 4561 alibi
1651 4509 1738 4561 do-
1770 4503 1813 4558 D
1842 4502 2193 4558 latitationem
2244 4512 2428 4556 narrat
2480 4500 2745 4556 Eusebius
2793 4500 2932 4555 libro
2959 4516 3011 4554 v1
3041 4540 3057 4565 ,
3085 4514 3203 4569 cap.
3233 4501 3298 4564 5,
3329 4500 3409 4569 ip-

167 4596 262 4640 cet
297 4587 556 4644 l-lttsebius
580 4591 893 4662 Symmachi
917 4592 1343 4650 Commentarios
1385 4597 1439 4673 in
1488 4597 1735 4666 Evangeo

155 4677 300 4733 «lium
332 4679 591 4748 Matthzei,
626 4693 680 4739 et
711 4685 778 4740 ab
808 4700 874 4740 eo
909 4688 1285 4753 concinnatam
1324 4677 1614 4759 Scfipturte
1645 4687 1732 4743 ln-

241 4882 353 4953 (19)
380 4882 603 4953 Euseb.,
630 4884 770 4941 Hist.
803 4886 987 4942 eccles.
1026 4888 1123 4943 lib.
1150 4904 1225 4952 vt.
1254 4903 1304 4945 c.
1344 4888 1432 4943 17.

234 4952 353 5033 ’(211)
399 4955 482 5007 Αη
504 4952 635 5033 θεέ-ο
669 4957 1023 5033 ducentorum
1062 4974 1320 5033 annorum
1344 4959 1570 5033 eadem)
1598 4960 1735 5033 anti-

164 5025 450 5088 quissimus
480 5025 587 5078 dici
612 5026 791 5089 possit.
829 5027 1025 5092 Quidni
1063 5028 1087 5081 ?
1137 5026 1297 5083 Certe
1329 5028 1499 5083 Aulus
1524 5029 1728 5084 Gellius

165 5091 264 5168 qui
300 5094 527 5168 necdum
557 5095 806 5168 ducentis
832 5091 989 5168 annis
1015 5099 1081 5151 ab
1106 5098 1256 5168 obitu
1278 5096 1485 5167 Virgilii
1531 5099 1730 5168 elapsis

164 5162 272 5217 sub
309 5162 776 5237 Adrianorﬂoruit,
806 5166 1005 5237 ait_liib.
1036 5183 1072 5220 ll
1104 5166 1260 5237 Noict.
1292 5162 1479 5231 Attia,
1520 5162 1639 5237 cap'.
1669 5169 1726 5234 '5,

165 5243 446 5287 ostensum
503 5234 602 5287 sibi
659 5233 825 5289 fuisse
876 5235 1090 5290 Librum
1137 5236 1399 5291 IEueidos
1448 5233 1732 5291 secundum

167 5302 427 5377 miranda:
444 5305 720 5377 vetustatis
747 5341 765 5369 ,
790 5314 1016 5373 emptum
1045 5309 1098 5359 in
1128 5307 1400 5377 sigillariis
1425 5323 1493 5359 xx
1520 5310 1693 5377 aureis
1717 5348 1732 5370 ,

166 5374 321 5440 quem
368 5374 758 5447 grammaticus
793 5377 883 5445 qui
928 5374 1271 5444 ostendebat,
1304 5377 1472 5446 ipsius
1528 5375 1733 5447 Virgilii

167 5456 281 5495 esse
303 5442 560 5496 credebat.

241 5509 387 5586 (νέξ),
436 5511 617 5586 Neque
678 5512 1500 5586 Scriptumlnterpretatiouem
1548 5514 1735 5586 στικη-

170 5579 469 5654 ρῶς-Ῑιιὶεεε
492 5579 687 5654 scripta
716 5586 959 5654 cuiquam
984 5585 1109 5638 bene
1146 5579 1274 5654 sano
1311 5579 1726 5652 persuadebitur.

170 5655 234 5704 l).
272 5648 671 5707 Bernardus'de
698 5648 1035 5710 Mon'tfaucon
1064 5654 1115 5708 iu
1168 5648 1622 5709 Przeliminaribus
1670 5656 1723 5710 in

169 5711 415 5788 Hexapla
460 5720 742 5789 Origenis,
791 5734 971 5779 monet
1020 5724 1071 5779 in
1131 5724 1236 5778 line
1280 5734 1482 5780 catenae
1526 5726 1577 5779 in
1623 5723 1725 5781 Job

163 5791 226 5848 in
273 5789 464 5859 Anglia
507 5789 664 5850 editae
690 5832 706 5863 ,
753 5794 938 5853 haberi
974 5803 1139 5852 totum
1171 5794 1366 5852 librum
1409 5794 1506 5855 Job
1539 5811 1716 5862 στιχη·

1840 4608 2068 4662 sumque
2097 4595 2172 4647 ait
2204 4608 2271 4649 ex
2300 4595 2507 4649 aedibus
2541 4593 2594 4647 in
2621 4595 2762 4649 aedes
2789 4592 3083 4663 fugientem
3115 4593 3403 4662 migrasse,

1844 4704 1949 4743 non
1987 4704 2054 4743 ex
2085 4687 2309 4742 urbibus
2343 4686 2396 4741 in
2428 4687 2624 4754 urbes;
2661 4696 2715 4741 et
2763 4696 2870 4741 tota
2920 4686 3052 4740 urbe
3094 4688 3405 4756 neutiquam

1837 4888 1949 4960 ρῶς
2004 4888 2265 4959 scriptum
2322 4887 2389 4943 ad
2442 4888 2600 4943 ﬁdem
2653 4888 2854 4943 veteris
2914 4886 3192 4957 cujusdam
3244 4888 3405 4944 codi-

1834 4975 1924 5015 (318.

1905 5028 2015 5099 (22)
2047 5028 2120 5081 Ac
2141 5029 2188 5081 si
2207 5026 2323 5099 ﬁeri
2350 5044 2451 5081 non
2468 5029 2714 5099 potuerit,
2738 5038 2817 5091 ut,
2842 5030 3074 5099 quamvis
3093 5029 3211 5098 jam
3244 5027 3403 5083 inno-

1832 5098 2254 5170 tuissentAmultis
2298 5098 2379 5150 Ita:
2424 5098 3161 5170 lucubrationesSymmachi
3187 5139 3201 5163 ,
3230 5099 3401 5170 ipsum

1831 5178 2003 5221 tamen
2035 5167 2335 5237 Origenem,
2364 5179 2466 5222 etc.
2502 5187 2521 5219 ς
2565 5168 2873 5221 Verisimile
2903 5167 3024 5222 'non
3057 5169 3286 5237 videtur,
3320 5169 3402 5222 itt-

1830 5236 2352 5309 quiti'li‘illetnontius
2404 5239 2457 5291 in
2482 5237 2631 5307 Orig.
2672 5249 2782 5292 not.
2820 5254 2893 5301 Ix,
2922 5238 3207 5309 Origenem
3241 5236 3400 5309 Sym-

1832 5308 2008 5361 machi
2052 5308 2358 5362 versionem
2401 5323 2465 5360 ιχ
2494 5348 2509 5369 ,
2558 5314 2683 5361 ante
2711 5322 2883 5361 annos
2917 5308 3246 5363 elaboratam
3286 5319 3395 5362 tam

1832 5390 1978 5441 sero,
2009 5378 2060 5431 id
2086 5387 2166 5431 est
2238 5390 2380 5430 anno
2406 5378 2513 5431 235
2536 5419 2551 5441 ,
2584 5377 2683 5431 sub
2716 5376 2990 5432 Maximini
3022 5378 3268 5447 imperio,
3303 5394 3396 5429 na-

1833 5455 1978 5500 ctum
2015 5460 2133 5502 esse
2168 5462 2183 5500 :
2217 5456 2498 5515 potestque
2526 5448 2823 5502 commode
2860 5446 3122 5505 Eusebius
3170 5446 3395 5515 intelligi

1836 5527 1929 5588 aut
1976 5518 2041 5571 de
2088 5518 2203 5588 ipso
2233 5517 2542 5588 Symmachi
2595 5519 2971 5588 autographo,
3005 5531 3230 5588 names
3276 5516 3395 5582 ipso

1838 5583 2305 5656 Symmaelioilluil
2324 5585 2532 5640 Juliana
2564 5583 2882 5656 acceperat;
2912 5596 3002 5642 aut
3027 5589 3093 5642 de
3118 5586 3397 5656 Commen-

1835 5655 1973 5709 tario
2002 5658 2230 5725 quodam
2257 5656 2569 5726 Symmachi
2596 5658 2648 5710 in
2676 5655 3030 5727 Scripturam,
3049 5671 3157 5711 non
3185 5655 3252 5708 de
3277 5655 3394 5727 ejus

1832 5726 2099 5849 rersioge.
2138 5744 2156 5779 ι
2192 5724 2323 5783 Vide
2352 5740 2470 5796 quae
2503 5727 2734 5783 dicimus
2762 5724 2903 5783 intra
2938 5724 3033 5783 lib.
3068 5740 3152 5795 tu,
3179 5738 3298 5793 cap.
3329 5724 3388 5791 4,

1848 5812 1976 5849 tum.
3300 5836 3305 5841 η

1829 5810 1976 5851 num.
2012 5810 2049 5849 2
3300 5836 3305 5841 .
