3870 6220
479 325 580 382 6L7

1752 330 1814 387 P.
1852 329 2171 387 DANIELIS
2211 334 2449 393 llUETlI

3629 348 3721 406 3l8

479 442 725 515 potuisse
757 441 1057 507 occultari.
1113 460 1219 500 non
1266 458 1393 501 vero
1441 446 1823 505 Alexandrinis
1871 450 2066 505 finibus
2095 458 2141 511 Α
2170 453 2294 509 liinc
2326 458 2642 516 imminutos
2681 461 2756 517 rei
2801 462 3085 519 familiaris
3130 463 3342 520 fructus
3370 476 3427 520 ut
3475 470 3723 536 sarciret,

475 537 796 593 excessisse.
835 537 971 591 Tum
1005 540 1265 595 continuo
1300 539 1519 608 subiicit
1558 551 1636 597 tot
1667 541 1784 611 ejus
1810 544 2061 614 exemplo

475 630 543 685 ad
578 628 780 683 Christi
829 639 1009 700 partes
1041 630 1210 687 fuisse
1246 632 1510 687 adductos
1539 674 1553 697 ,
1586 644 1644 688 ut
1687 647 1972 695 crescente
2004 636 2058 691 in

477 722 598 777 dies
633 723 1147 778 catechumenorum
1180 738 1428 789 numero,
1462 740 1599 794 quos
1636 726 1735 796 ipsi
1767 729 1865 784 soli
1903 729 2061 784 insti-

472 817 701 872 tuendos
731 818 1079 871 commiserat
1128 818 1434 873 Demetrius
1489 819 1891 876 Alexandrinus
1937 822 2059 889 epi-

472 921 670 977 scOpus
698 948 713 971 .
748 907 1119 977 grammaticae
1151 907 1285 963 artis
1317 908 1653 978 professione
1683 926 1742 968 se
1769 913 2055 969 abdicave-

471 999 564 1054 rit.
616 998 821 1066 Quibus
875 1001 947 1054 ita
1000 999 1067 1054 ab
1119 1000 1356 1055 Eusebio
1401 1002 1743 1071 conjunctis,
1798 1006 1919 1074 quis
1948 1018 2054 1061 tam

470 1088 844 1162 longinquum,
886 1103 1103 1161 tamque
1133 1092 1447 1147 diuturnum
1480 1093 1586 1147 iter
1614 1105 1765 1164 putet
1792 1095 2054 1152 interces-

470 1185 655 1241 sisse?
689 1186 823 1241 Cum
873 1185 1001 1240 illud
1037 1199 1169 1256 ergo
1204 1185 1433 1255 tempori
1484 1184 1616 1241 huic
1666 1188 1891 1243 minime
1923 1207 2051 1261 pos-

469 1276 543 1332 sit
593 1277 810 1349 aptari,
860 1277 1201 1334 commodius
1228 1276 1371 1333 aliud
1406 1276 1545 1333 infra
1576 1280 1816 1350 reperire
1841 1284 2054 1339 conabi-

469 1383 616 1427 mur.

537 1525 633 1583 XI.
671 1527 785 1597 (25)
819 1526 1138 1583 Confluente
1167 1526 1217 1581 in
1246 1526 1362 1582 dies
1390 1528 1456 1582 ad
1486 1528 1796 1600 Origenem,
1834 1539 1890 1585 ut
1916 1531 2046 1602 dixi,

466 1622 778 1679 auditorum
836 1636 1067 1676 numero
1090 1662 1103 1683 ,
1133 1636 1267 1690 quos
1301 1623 1500 1690 partim
1532 1624 1903 1693 grammaticae
1936 1636 2050 1681 stu.

465 1716 637 1779 dium,
672 1715 867 1784 partim
903 1712 1231 1769 Christiana:
1265 1713 1527 1767 doctrina:
1562 1715 1921 1785 percipienda:
1948 1732 2047 1771 cu-

2163 546 2498 614 prol'essorio
2550 552 2762 607 muneri
2796 553 2955 608 utiles
3007 552 3213 620 libros,
3246 569 3474 624 quorum
3506 559 3724 625 pretiosa

2164 636 2263 707 ipsi
2296 638 2537 708 supellex
2568 651 2705 707 erat,
2737 643 2992 698 distraxit
3021 658 3235 710 omnes,
3264 658 3328 698 ac
3354 644 3559 699 diurnae
3593 661 3724 712 qua-

2161 736 2288 783 tuor
2334 730 2620 785 obolorum
2660 734 2937 801 pensionis
2970 734 3145 803 pretio
3198 735 3459 798 vendidit,
3511 735 3616 807 (24)
3660 750 3724 792 ne

2159 820 2311 891 operi
2342 837 2438 877 suo
2467 822 2800 879 destinatum
2834 824 3147 881 domesticas
3191 826 3269 881 rei
3317 826 3612 882 sollicitudo
3638 840 3723 882 re-

2160 913 2427 971 traheret.

2230 1050 2342 1106 XII.
2371 1049 2487 1119 (25)
2533 1050 2613 1105 Ad
2648 1066 2832 1106 rerum
2881 1050 3187 1105 divinarum
3234 1052 3471 1107 studium
3503 1056 3721 1113 accessit

2155 1142 2320 1198 etiam
2352 1144 2615 1197 virtutum
2647 1146 2913 1211 omnium,
2941 1161 3062 1217 quae
3090 1156 3276 1201 essent
3309 1146 3613 1204 Christiano
3639 1153 3721 1206 di-

2156 1248 2278 1303 gnte
2300 1273 2315 1297 ,
2344 1250 2475 1290 usus
2499 1235 2773 1290 assiduus.
2813 1236 2938 1291 Dies
2964 1238 3207 1292 docendo
3232 1277 3247 1303 ,
3281 1252 3468 1295 noctes
3507 1240 3716 1311 legendo

2155 1326 2489 1382 conterebat.
2519 1326 2730 1397 Jejunia
2768 1328 2948 1399 longa,
2968 1332 3141 1384 somni
3174 1330 3390 1396 breves,
3424 1347 3557 1402 quos
3576 1335 3713 1392 humi

2155 1427 2362 1472 tantum
2388 1457 2406 1483 ,
2448 1418 2532 1471 vel
2578 1420 2633 1473 in
2671 1430 2851 1475 storea
2904 1421 3147 1491 abjectus
3179 1424 3447 1492 capiebat.
3488 1423 3527 1479 F
3534 1425 3716 1495 rigoris

2151 1511 2220 1564 ad
2252 1511 2365 1565 haec
2399 1512 2863 1581 patientissimus;
2906 1515 3016 1568 vini
3044 1555 3059 1578 ,
3088 1514 3191 1570 olei
3220 1558 3234 1583 ,
3268 1516 3601 1587 aliarumque
3629 1532 3715 1572 re-

2150 1617 2291 1668 rum,
2321 1605 2518 1673 quibus
2549 1606 2795 1659 irritatur
2827 1608 2970 1677 gula,
3002 1616 3057 1662 et
3084 1608 3149 1661 ad
3176 1607 3415 1663 laborem
3445 1608 3713 1666 ferendum

2150 1696 2538 1752 remollescunt
2596 1699 2888 1762 homines,
2949 1699 3495 1767 abSIinentissimus,
3555 1718 3717 1771 usque

464 1809 665 1879 piditas
715 1806 1032 1870 alliciebat,
1084 1822 1275 1876 parum
1327 1806 1429 1861 sibi
1481 1808 1773 1862 convenire
1820 1810 2020 1863 credidi

2149 1786 2283 1841 adeo
2314 1797 2371 1840 ut
2405 1798 2707 1843 tentaretur
2760 1791 3103 1856 valetudine,
3150 1801 3205 1846 et
3251 1794 3534 1849 stomacho
3576 1793 3717 1848 labo-

465 1902 682 1955 tradere
726 1898 989 1953 elementa
1022 1898 1330 1953 litterarum
1357 1938 1373 1963 ,
1400 1900 1492 1967 qui
1536 1902 1702 1955 verbo
1737 1899 1830 1954 Dei
1866 1902 2043 1957 homi-

462 2008 591 2046 num
625 2001 835 2046 mentes
883 1999 1067 2061 posset
1114 1990 1378 2046 imbuere.
1417 1989 1778 2057 Quamobrem
1807 1994 2043 2064 abroga-

460 2084 540 2137 vit
566 2084 668 2139 sibi
714 2084 983 2138 tradendae
1033 2083 1402 2154 grammaticae
1435 2098 1630 2138 munus
1656 2123 1671 2149 ,
1710 2096 1766 2140 et
1803 2086 1870 2141 ad
1900 2087 2041 2141 cele-

458 2173 695 2230 brandas
752 2173 1004 2230 meliores
1074 2173 1351 2230 doctrinas
1404 2189 1463 2231 se
1520 2176 1807 2231 convertit.
1860 2178 2043 2248 Atque

529 2505 643 2573 (2'5)
671 2506 890 2566 u.useb.,
915 2504 1052 2558 Hist.
1079 2503 1205 2558 eccl.
1242 2502 1337 2557 lib.
1369 2517 1446 2568 vt,
1475 2520 1597 2572 cap.
1631 2505 1685 2560 5.

532 2576 646 2647 (‘24)
685 2575 765 2628 Ne
786 2577 928 2641 aperi
962 2592 1057 2647 su_o
1102 2575 1420 2647 destinatum
1444 2577 1847 2647 domesticterei
1890 2576 2039 2629 solli-

459 2644 635 2700 citudo
663 2647 968 2698 retraheret.
1000 2644 1386 2716 Eusebiusait
1421 2647 1501 2699 sic
1531 2648 1709 2713 egisse
1741 2646 2035 2716 Origenem

455 2716 926 2787 prudenticonsilio
945 2731 1120 2779 usum,
1141 2730 1204 2768 ne
1222 2714 1394 2768 alieno
1412 2716 1643 2769 subsidio
1658 2732 1787 2783 opus
1803 2714 2032 2772 haberet.

531 2786 647 2858 (25)
674 2786 753 2837 Ad
790 2801 967 2858 rerum
1006 2787 1303 2838 divinarum
1327 2788 1561 2858 studium
1588 2826 1604 2849 ,
1631 2789 1845 2858 accessit
1877 2787 2036 2840 etiam

456 2855 715 2911 virtutum
758 2857 1011 2917 onmiunt,
1037 2871 1153 2923 qua:
1188 2866 1355 2908 essent
1380 2855 1680 2909 Christiano
1713 2857 1904 2925 dignm,
1927 2867 2034 2910 etc.

456 2927 796 2981 Christianas
841 2926 1095 2993 Origeuis
1126 2926 1358 2979 virtutes
1407 2927 1599 2979 leviter
1627 2926 1913 2980 admodum
1946 2927 2034 2980 hic

420 3031 425 3035 -
454 2997 674 3066 attingit
702 2995 948 3057 lluctius,
991 3010 1131 3066 quas
1166 3004 1344 3048 tamen
1372 2996 1640 3050 Eusebius
1672 3005 1729 3049 et
1756 2997 1846 3048 alii
1876 2995 2035 3065 longe

453 3063 627 3120 fusius
655 3066 985 3119 describunt.
1018 3063 1343 3134 Hujusntodi
1370 3066 1649 3132 disciplina
1675 3105 1689 3127 ,
1733 3067 1907 3134 inquit
1937 3063 2035 3120 Eu-

452 3135 637 3191 sebius
667 3137 761 3191 lib.
797 3152 846 3189 v1
867 3176 882 3200 ,
916 3151 1034 3203 cap.
1064 3136 1097 3189 5
1119 3174 1134 3199 ,
1168 3147 1214 3189 et
1242 3137 1395 3204 plane
1432 3135 1789 3204 philosophica
1830 3137 2033 3190 ratione

451 3208 679 3271 vivendi,
720 3206 955 3273 pluribus
977 3206 1215 3274 deinceps
1240 3208 1391 3258 annis
1423 3206 1501 3258 uti
1531 3207 1894 3273 perseveravit,
1925 3223 2031 3259 om-

452 3293 542 3330 nes
592 3277 904 3345 juvenilium
947 3277 1290 3345 cupiditatum
1335 3276 1605 3329 illecebras
1639 3278 1869 3343 undique
1914 3280 2032 3329 sub-

450 3360 676 3401 movens.
702 3346 775 3399 Ac
801 3347 989 3398 diurno
1013 3347 1223 3415 quidem
1248 3358 1473 3414 tempore
1494 3347 1828 3415 gravissimos
1850 3348 2030 3415 cujus—

450 3418 693 3485 quemodi
739 3418 1175 3470 exercitationum
1224 3416 1428 3468 labores
1493 3417 1752 3469 tolerabat
1794 3431 1813 3469 :
1860 3419 2028 3471 noctis

451 3502 569 3539 vero
599 3488 885 3540 maximam
910 3497 1111 3554 partem
1144 3486 1446 3539 divinarum
1491 3485 1891 3553 Scripturarum
1920 3499 2030 3540 stu-

448 3557 554 3609 diis
587 3557 915 3625 impendebat
941 3598 956 3623 ,
984 3557 1325 3609 severissima:
1351 3559 1522 3625 quoad
1554 3570 1755 3623 poterat
1801 3557 2029 3625 philoso-

447 3626 585 3691 phia:
654 3626 854 3696 legibus
921 3627 1281 3694 institutisque
1353 3627 1685 3694 semetipsum
1763 3644 2025 3680 coercens.

451 3696 653 3767 Quippe
681 3695 913 3749 interdiu
955 3698 1169 3767 quidem
1202 3695 1535 3766 jejunierum
1563 3698 2026 3755 exercitationibus

446 3765 728 3819 insudabat
764 3783 781 3820 :
815 3765 975 3820 noctu
1001 3782 1119 3820 vero
1159 3765 1328 3819 somni
1367 3769 1597 3834 spatium
1634 3768 2025 3833 dimetiebatur,

446 3851 668 3904 eumque
702 3854 803 3890 non
827 3838 882 3889 in
904 3848 1091 3902 strato,
1111 3843 1201 3890 sed
1233 3852 1389 3905 super
1411 3839 1551 3890 nudo
1581 3836 1691 3889 salo
1716 3854 1898 3903 capere
1920 3851 2029 3890 sat-

446 3908 651 3973 agebat.
704 3907 937 3960 Maxime
960 3922 1078 3961 vero
1125 3907 1425 3976 evangelica
1452 3907 1545 3959 illa
1578 3906 1874 3960 Servatoris
1927 3924 2024 3961 no—

446 3978 544 4028 stri
573 3987 832 4045 praecepta
862 3978 1186 4031 observanda
1218 3994 1329 4030 esse
1353 3978 1574 4029 ducebat
1600 4018 1615 4041 ,
1639 3978 1827 4046 quibus
1857 3995 2025 4031 mone-

446 4062 583 4107 mur,
630 4059 742 4100 tunt
781 4064 843 4101 ne
896 4051 1023 4101 tluas
1067 4047 1271 4100 tunicas
1305 4050 1617 4113 habeamus,
1661 4064 1783 4101 neve
1831 4049 2027 4100 calcea-

446 4118 633 4170 mentis
660 4127 902 4183 utamur;
935 4130 1058 4170 tunc
1090 4136 1152 4171 ne
1183 4118 1246 4170 de
1272 4118 1507 4171 crastino
1556 4120 1776 4170 nimium
1809 4118 2025 4170 solliciti

445 4192 788 4255 nosmetipsos
819 4190 1197 4240 excruciemus.
1243 4186 1344 4242 Sed
1379 4196 1429 4241 et
1451 4186 1675 4255 majore,
1709 4204 1869 4254 quam
1893 4199 2023 4242 aetas

443 4256 663 4323 ferebat,
685 4258 849 4311 animi
878 4258 1088 4321 ardore,
1112 4259 1169 4310 in
1196 4257 1391 4327 frigore
1420 4273 1482 4310 ac
1510 4257 1743 4312 nuditate
1760 4270 2018 4326 perstans,

443 4336 494 4397 et
517 4328 586 4377 ad
612 4343 871 4380 sumntum
893 4328 1201 4397 evangelica:
1227 4330 1550 4395 paupertatis
1569 4329 1771 4381 culnten
1793 4339 2019 4395 evectus,

447 4396 743 4461 familiares
802 4415 926 4452 suos
979 4396 1175 4466 ingenti
1231 4398 1583 4452 admiratione
1642 4400 1881 4465 perculit.
1945 4399 2020 4453 Ac

443 4468 634 4520 multos
656 4469 870 4538 quidem
898 4484 961 4522 ea:
988 4470 1116 4537 ipsis
1145 4467 1440 4521 incredibili
1477 4470 1657 4520 dolore
1687 4468 1893 4535 a/fecit,
1928 4471 2019 4537 qui

2149 1886 2317 1931 raret.
2345 1876 2708 1932 Christianum
2730 1882 3106 1951 pliilos0p|iuni
3140 1897 3267 1936 vere
3287 1883 3541 1938 dixisses.
3558 1883 3716 1952 Cujus

2149 1978 2295 2023 tanta
2349 1968 2451 2024 fuit
2487 1971 2627 2024 inter
2663 1974 2891 2042 gentiles
2942 1974 3295 2044 philosophos
3351 1986 3406 2031 et
3464 1976 3718 2030 Christia-

2146 2078 2243 2117 nos
2274 2062 2672 2150 admirabilitas
2700 2103 2714 2126 ,
2754 2076 2812 2118 ut
2835 2068 2901 2119 ad
2947 2066 3067 2137 ejus
3108 2068 3461 2123 imitationem
3492 2079 3629 2124 totos
3657 2084 3717 2122 se

2148 2167 2580 2226 componerent,
2642 2159 2923 2229 ipsiusque
2983 2160 3453 2216 adhortationibus
3515 2162 3716 2217 incensi

2140 2500 2339 2569 primas
2365 2499 2519 2569 vobis
2555 2498 2846 2569 relinquere
2890 2498 2979 2568 qui
3018 2508 3228 2566 propter
3279 2497 3371 2551 Dei
3408 2500 3460 2552 in
3505 2497 3714 2553 Christo

2138 2567 2469 2631 charitatem,
2495 2567 2738 2635 fallacem
2768 2578 2813 2620 et
2838 2567 3111 2630 quwsitam
3142 2586 3173 2621 α
3194 2570 3453 2637 plerisque
3469 2570 3713 2638 gloriam,

2139 2651 2189 2694 et
2222 2642 2572 2707 possessiones
2608 2647 2784 2691 tantas
2809 2650 2855 2691 et
2878 2639 3173 2692 naturalem
3198 2641 3251 2691 in
3276 2640 3464 2693 liberos
3485 2656 3715 2693 amorem

2139 2711 2481 2764 conculcatis.
2530 2710 2639 2762 Sed
2687 2709 2936 2777 quamvis
2961 2710 3028 2763 ad
3076 2725 3345 2763 summum
3392 2712 3717 2778 evangeliea:

2139 2782 2471 2850 paupertatis
2497 2820 2511 2841 ,
2549 2779 2600 2831 in
2638 2795 2739 2844 qua
2777 2790 3024 2833 mortuus
3060 2789 3142 2833 est
3166 2818 3181 2842 ,
3218 2781 3430 2833 culmen
3467 2793 3713 2845 evectus,

2141 2853 2367 2905 necdum
2396 2859 2574 2903 tamen
2607 2864 2667 2903 se
2700 2850 2833 2902 satis
2859 2865 3149 2919 pauperem
3185 2851 3487 2919 reperiebat
3520 2865 3534 2902 :
3565 2850 3718 2904 Chri-

2139 2933 2221 2974 tus
2266 2919 2525 2973 Dominus
2572 2930 2770 2983 noster,
2802 2920 2973 2988 inquit
3030 2920 3215 2973 lioniil.
3271 2920 3337 2975 16
3392 2922 3445 2973 in
3497 2920 3715 2986 Cenes.,

2138 3006 2263 3060 pag.
2297 2990 2420 3054 104,
2442 2990 2565 3053 105,
2602 2992 2959 3044 sacerdotibus
2984 2992 3093 3045 suis
3110 2992 3235 3059 quid
3260 2992 3498 3059 praecepit
3515 2992 3713 3045 audia-

2138 3078 2276 3114 mus.
2298 3080 2315 3111 r
2339 3060 2445 3124 Qui
2475 3077 2577 3112 non
2616 3061 3077 3122 abrenuntiaverit,
3114 3062 3303 3129 inquit,
3338 3062 3717 3131 amnibusque

2136 3131 2388 3201 possidet,
2418 3147 2521 3183 non
2546 3141 2706 3197 potest
2739 3147 2883 3183 meus
2901 3131 3009 3184 esse
3031 3132 3324 3201 discipulus
3349 3150 3390 3186 ι,
3416 3132 3566 3201 ιιλιιο.
3597 3151 3712 3200 xw,

2134 3199 2660 3271 55).»’Contremisco
2684 3202 2793 3254 haec
2822 3201 3023 3255 dicens.
3049 3200 3199 3254 Meus
3231 3203 3367 3254 enim
3392 3199 3563 3270 primo
3593 3199 3713 3259 om?

2132 3273 2278 3325 nium
2301 3286 2496 3335 ;meus,
2519 3272 2758 3337 inquam,
2774 3273 2881 3339 ipse
2898 3281 3176 3324 accusator
3192 3275 3405 3335 exsisto,
3419 3289 3565 3327 meas
3587 3291 3720 3328 con-

2130 3341 2487 3395 damnationes
2499 3341 2701 3409 loquor.
2719 3340 2893 3410 Negat
2918 3340 3157 3395 Christus
3173 3359 3328 3395 suum
3344 3359 3456 3396 esse
3477 3346 3720 3410 discipu-

2130 3413 2261 3475 tum,
2283 3427 2431 3481 quem
2463 3411 2649 3463 viderit
2672 3409 2875 3479 aliquid
2900 3412 3266 3479 possidentem,
3290 3426 3336 3465 et
3356 3430 3470 3465 eum
3490 3418 3583 3480 qui
3610 3409 3720 3467 non

2130 3483 2397 3553 renuntiat
2426 3482 2667 3534 omnibus
2698 3497 2815 3549 qua:
2840 3484 3088 3547 possidet.
3158 3481 3224 3534 Et
3280 3484 3407 3551 quid
3453 3488 3669 3553 agimus
3694 3488 3720 3540 1'

2133 3552 2405 3617 Quomodo
2444 3554 2553 3603 hinc
2575 3563 2663 3603 aut
2708 3553 2809 3616 ipsi
2839 3553 3078 3621 legimus,
3110 3563 3203 3604 aut
3240 3554 3447 3621 papulis
3485 3552 3720 3616 exponi-

2130 3640 2263 3680 mus.
2288 3623 2387 3693 qui
2405 3638 2505 3673 non
2524 3622 2693 3674 solum
2722 3638 2821 3674 non
2846 3636 3207 3676 renuntiamus
3235 3625 3316 3676 his
3340 3640 3457 3693 qua:
3476 3627 3723 3691 posside-

2129 3708 2267 3755 mus,
2297 3691 2388 3745 sed
2418 3702 2467 3745 et
2508 3692 2774 3761 acquirere
2803 3694 3045 3746 volumus
3085 3709 3144 3746 ea
3171 3710 3288 3762 quia
3311 3691 3579 3762 nunquam
3615 3697 3720 3748 ha-

2130 3763 2335 3815 buimus
2382 3772 2660 3830 antequant
2714 3766 3004 3816 veniremus
3065 3768 3133 3815 ad
3189 3763 3501 3817 Christum?
3556 3763 3723 3818 Nun-

2129 3835 2400 3899 quittnam,
2455 3832 2583 3899 quia
2620 3848 2712 3885 nos
2752 3833 3022 3902 redarguit
3059 3834 3404 3896 conscientia,
3441 3846 3618 3904 tegere
3667 3848 3719 3889 et

2129 3918 2232 3955 non
2270 3906 2500 3969 proferre
2536 3918 2653 3972 qua!
2687 3906 2882 3970 scripta
2917 3915 3037 3972 sunt
3068 3906 3386 3969 possumus?
3433 3904 3573 3958 Nolo
3604 3909 3718 3958 du—

2125 3973 2307 4041 plicati
2329 3971 2563 4025 criminis
2586 3972 2702 4040 ﬁeri
2734 3989 2872 4026 reus.
2921 3971 3205 4043 Conﬁteor,
3231 3986 3277 4027 et
3311 3974 3486 4040 palam
3511 3976 3719 4043 populo

2126 4045 2376 4096 audiente
2401 4044 2648 4110 conﬁteor
2679 4044 2788 4097 [nec
2835 4047 3031 4112 scripta
3061 4062 3197 4108 esse,
3224 4046 3429 4096 etiamsi
3470 4052 3719 4099 nondum

2125 4113 2367 4180 implesse
2391 4129 2469 4165 me
2501 4114 2637 4165 novi.
2669 4114 2773 4167 Sed
2798 4116 2977 4167 exhoc
3007 4116 3194 4168 saltem
3225 4119 3531 4167 commoniti
3563 4116 3722 4183 festi—

2126 4198 2305 4251 nemus
2337 4184 2572 4247 implere,
2640 4186 2941 4251 festinemus
2993 4186 3231 4239 transire
3270 4202 3303 4237 a
3339 4187 3718 4240 sacerdotibus

2124 4250 2444 4323 Pharaonis,
2462 4250 2649 4322 quibus
2670 4266 2877 4307 terrena
2910 4259 3164 4323 possessio
3185 4268 3281 4320 est,
3307 4257 3375 4307 ad
3404 4259 3719 4317 sacerdotes

2124 4322 2356 4394 Domini,
2394 4327 2579 4390 quibus
2619 4327 2671 4377 in
2709 4335 2852 4377 terra
2880 4322 3001 4391 pars
3041 4342 3146 4379 non
3170 4337 3268 4390 est,
3316 4326 3504 4394 quibus
3532 4333 3718 4390 portio

2127 4392 2382 4448 Dominus
2410 4407 2502 4448 est.
2530 4395 2813 4455 Eusebius.
2842 4395 3007 4457 llist.,
3036 4397 3129 4449 lib.
3160 4411 3233 4459 vi,
3256 4392 3370 4463 cap.
3402 4396 3467 4449 δε
3503 4396 3719 4451 Multos

2123 4464 2248 4515 item
2292 4481 2383 4532 per
2432 4482 2626 4527 annos,
2677 4468 2832 4519 nudis
2869 4469 3098 4535 vestigiis
3141 4467 3439 4519 ambulasse
3477 4468 3717 4533 dicitur,

445 4539 580 4589 bona
602 4534 698 4591 sua
728 4554 849 4591 cum
878 4541 989 4606 ipso
1008 4534 1210 4607 partiri
1243 4538 1512 4605 optabant,
1551 4555 1669 4591 cum
1711 4534 1862 4591 illum
1885 4534 2021 4593 divi-
2049 4539 2095 4597 1)
2123 4536 2268 4607 (tullo
2298 4537 2501 4601 penitus
2531 4538 2883 4588 calceantento
2915 4534 3060 4592 usus.
3094 4534 3226 4589 Vino
3258 4553 3479 4607 quoque,
3521 4540 3719 4592 omni-

444 4621 528 4677 ate
569 4610 959 4677 prwdicationis
1001 4611 1177 4677 gratia
1217 4617 1391 4660 tantos
1420 4607 1623 4661 labores
1677 4612 2017 4662 sustinentem

442 4675 694 4732 viderent.
733 4675 1098 4732 Verumtamen
1126 4679 1189 4732 de
1215 4680 1384 4747 vigore
1430 4679 1725 4732 tolerantia:
1759 4680 1888 4731 nihil
1921 4696 2018 4732 utt-

443 4762 602 4819 guam
638 4749 859 4802 remisit.
914 4750 1169 4819 Triginta
1211 4760 1397 4818 postea
1427 4750 1583 4803 annis
1615 4764 1735 4803 sese
1770 4751 2017 4819 ipse_ad-

444 4814 619 4889 liucin
646 4833 940 4889 pauperum
956 4814 1237 4873 nuinermit
1265 4814 2013 4889 rel'erebat,queinadinodum

444 4834 619 4870 tiucin
646 4834 746 4886 pau
825 4835 940 4872 rum
956 4834 1237 4873 numerum
1265 4834 2011 4889 relereuat,queinauinouum

442 4884 712 4960 liquetia:
741 4834 1124 4960 Ehortatjone
1161 4904 1256 4943 sua
1293 4892 1357 4940 ad
1387 4893 1725 4960 martyrium,
1761 4891 1847 4960 ubi
1893 4904 2011 4956 pag.

438 4954 568 5030 ξδέι2
597 4958 673 5010 ait
704 4976 717 5011 :
759 4958 940 5022 ’Ἄξιον
963 4955 1055 5012 οὖν
1084 4959 1274 5030 ὥσπερ
1300 4962 1412 5022 τοῖς
1450 4954 1925 5030 μὴ’ὲξετασθεῖτιᾶι
1954 4954 2014 5011 ἐν

442 5026 691 5102 βασᾴινοις
715 5030 1011 5102 κᾳὶτ-πόνοις
1034 5026 1381 5102 παραχώρείν
1414 5026 1695 5102 sapio-csle
1721 5029 1858 5102 πρὸς
1888 5030 2014 5102 τοὺς

439 5099 497 5148 ὲν
534 5097 925 5171 ᾁρθρεμὸόλοις
980 5101 1074 5153 καὶ
1114 5097 1376 5162 multa;
1426 5097 1876 5171 σίτρεόλωτηρίοις
1922 5100 2014 5152 καὶ

440 5168 575 5250 πιέρὶ
619 5168 1062 5251 ξπιόειξαξένους
1097 5168 2012 5251 riiv_brtopovi1_v'_tibiamtibiam»;

437 5239 550 5314 τοῖς
573 5240 786 5314 πένῃσι,
834 5239 936 5296 κᾶν
980 5239 1511 5314 μαρτορήσωμενηο
1533 5242 1688 5308 λόγος
1724 5239 2012 5314 ὑποϐάλλοι

437 5306 1073 5399 ἐξίςτέσρξκι9πρωτείὶυν’
1107 5306 1255 5393 ὑεξῖιὲ,
1283 5306 1529 5399 τιὸῖςιδιὰ
1572 5306 1668 5399 ’ξὴν
1704 5312 2011 5399 ξχνΧριστιξ

438 5378 573 5453 πρὸς
588 5380 720 5453 Θεὸν
750 5378 990 5453 ἁγᾶπην,
1009 5378 1238 5437 πατοῦσι
1269 5386 1367 5453 τὴν
1401 5378 1683 5453 ἀπατηλὴν
1711 5378 1867 5447 adiuv
1916 5378 2011 5435 καὶ

436 5450 545 5524 τῷν
578 5452 785 5524 πολλῶν
800 5450 1063 5507 ’καθίκνου
1072 5455 1260 5524 μένην,
1286 5450 1380 5506 κὰ).
1394 5457 1492 5522 τὴν
1510 5450 1782 5524 -τοσάύτην
1802 5454 2007 5524 κτῆσιν,

439 5522 533 5575 καὶ
558 5523 658 5593 τὴν
692 5524 827 5595 πρὸς
853 5526 1018 5578 τέκνα
1062 5522 1464 5595 φιλοστοργίαν.
1503 5522 1565 5577 Ut
1607 5522 1772 5593 igitur
1804 5522 2010 5589 mquam

434 5601 513 5645 est
537 5608 625 5647 eos
649 5611 736 5665 qui
764 5596 1031 5649 tormentis
1072 5605 1120 5649 et
1175 5595 1441 5650 laboribus
1468 5595 1677 5665 probati
1714 5610 1816 5647 non
1845 5604 1962 5648 sunt
1992 5634 2009 5661 ,

436 5666 635 5732 primas
663 5666 737 5718 eis
772 5667 961 5737 cedere
999 5670 1088 5736 qui
1128 5667 1360 5737 equuleis
1429 5678 1479 5721 et
1526 5668 1684 5719 variis
1725 5675 2011 5719 tormento-

434 5749 553 5786 rum
581 5736 855 5802 generibus
876 5774 890 5799 ,
921 5747 969 5789 et
1007 5745 1127 5807 igne
1165 5736 1478 5808 patientiam
1504 5738 1851 5790 exhibueruut
1883 5752 1901 5789 :
1933 5738 2009 5787 sic

432 5816 479 5860 et
520 5821 613 5860 uos
640 5822 917 5877 pauperes,
956 5811 1053 5865 etsi
1116 5819 1372 5874 martyres
1402 5810 1617 5876 erimus,
1650 5809 1785 5861 ratio
1822 5811 2006 5861 suadet

2125 4604 2228 4657 bus
2264 4608 2538 4670 animatis,
2571 4617 2615 4658 et
2651 4610 2774 4658 aliis
2818 4609 2969 4660 rebus
3019 4624 3136 4676 qua:
3175 4610 3242 4659 ad
3268 4604 3479 4660 'rtctum
3529 4610 3719 4663 minus

2124 4678 2436 4728 necessaria?
2465 4686 2610 4737 sunt,
2636 4678 2931 4730 diutissime
2958 4679 3209 4730 abstinuit
3234 4691 3250 4728 :
3286 4694 3448 4745 usque
3477 4682 3618 4731 adeo
3655 4693 3719 4732 ut

2123 4754 2300 4806 pectus
2356 4746 2518 4813 ipsius
2582 4748 2636 4798 in
2708 4748 3074 4814 gravissimam
3140 4748 3489 4802 subverstonis
3539 4748 3723 4802 labis-

2124 4830 2225 4881 que
2287 4817 2570 4869 discrimen
2639 4816 2886 4889 incideret
2960 4818 3146 4889 (Gteg.
3234 4819 3487 4884 Tliauui.,
3542 4818 3716 4872 Orat.

2122 4901 2395 4958 panegyr.,
2445 4896 2585 4957 part.
2634 4888 2737 4958 tu.)
2773 4887 3195 4958 Discipulos‘ad
3251 4889 3506 4943 virtutem
3573 4905 3723 4958 ope-

2123 4956 2274 5027 ribus
2304 4956 2497 5026 magis,
2544 4956 2931 5027 quain'verbis
2962 4960 3240 5023 incitabat,
3297 4959 3572 5027 talemque
3617 4956 3723 5015 Se-

2123 5024 2296 5094 ipsum
2335 5024 2931 5099 pi'aabererconabatur,
2967 5034 3179 5098 qualem
3232 5030 3416 5083 verbis
3443 5024 3572 5083 eum
3612 5032 3720 5099 qui

2121 5109 2271 5171 recte
2294 5101 2535 5171 victurus
2556 5098 2644 5171 sit,
2678 5100 3039 5161 describebat,
3057 5104 3359 5171 exemplum
3390 5098 3724 5169 proponens

2120 5168 2399 5239 sapientis.
2431 5168 2641 5222 Eximia
2672 5172 2787 5237 ejus
2810 5181 2925 5224 erat
2955 5168 3237 5233 sanctitas}
3268 5179 3406 5224 teste
3433 5168 3551 5239 ipSo
3575 5171 3725 5239 Epi-

2121 5238 2340 5305 phanio,
2378 5240 2568 5295 haeres.
2594 5239 2681 5299 64.
2711 5255 2763 5307 p.
2796 5239 2920 5293 525.
2973 5241 3237 5296 Eusebius
3272 5238 3531 5308 prieterea
3571 5242 3665 5295 ait
3705 5261 3721 5295 :

2122 5308 2433 5371 Quotidiani
2469 5310 2583 5378 ejus
2620 5323 2790 5373 actus,
2824 5312 3108 5365 verissima:
3144 5312 3421 5378 cujusdam
3469 5312 3729 5379 philoso-

2118 5379 2255 5449 phia:
2300 5390 2348 5433 et
2384 5380 2717 5433 admirabilis
2752 5381 3045 5449 disciplina:
3087 5382 3483 5445 absolutissima
3537 5398 3727 5447 opera

2118 5448 2455 5521 videbantur.
2486 5450 2770 5521 Atquc,ut
2820 5454 2973 5521 vulgo
3030 5452 3228 5505 dicitur
3272 5451 3448 5506 aualis
3498 5453 3725 5513 oratio,

2118 5519 2241 5571 talis
2273 5521 2387 5590 ejus
2412 5520 2744 5590 vita:qualis
2782 5519 2922 5586 vita,
2967 5522 3085 5590 talis
3131 5521 3297 5575 oratio
3324 5522 3437 5589 ejus
3472 5522 3604 5589 fuit.
3650 5522 3726 5574 Ει

2117 5581 2427 5660 ρουιοῇοει
2480 5581 2622 5646 idem
2665 5581 2945 5654 Eusebius,
2981 5581 3151 5655 Hist.,
3190 5593 3280 5644 lib.
3303 5581 3375 5655 vi,
3406 5581 3530 5660 cap.
3555 5591 3669 5643 5-5
3702 5608 3721 5643 :

2119 5658 2443 5728 Hujusmodi
2480 5677 2601 5731 ergo
2617 5662 2987 5732 philosOphica’
3013 5664 3131 5715 vita:
3164 5663 3394 5729 exempla
3433 5658 3720 5729 pi-a'beus,

2116 5748 2233 5783 cum
2255 5733 2429 5784 divina
2462 5734 2622 5786 virtus
2659 5740 2774 5785 eum
2800 5736 3098 5802 adjuvat-et,
3123 5734 3295 5799 plures
3319 5748 3382 5784 ea:
3419 5733 3720 5802 discipulis

2118 5806 2185 5856 ad
2214 5804 2559 5860 imitationem
2598 5806 2680 5859 sui
2720 5800 2905 5860 merito
2949 5805 3239 5874 provocavit
3273 5820 3291 5858 :
3332 5805 3405 5856 ita
3452 5814 3507 5855 ut
3544 5800 3717 5856 multi
