3870 6220
262 308 371 367 649

1330 310 1906 371 ORIGENIANORUM
1947 315 2076 373 LIB.
2121 316 2161 380 Ι,
2200 316 2351 371 CAP.
2395 315 2437 369 l.

3426 325 3530 381 650

263 431 498 503 palmam
558 427 803 500 martyrii
855 437 1341 497 consequerentur.
1404 430 1518 503 (26)
1582 431 1721 487 Hinc
1776 435 1851 488 illi
1883 441 1927 496 Α
2029 436 2220 491 Causa:
2244 449 2345 490 cur
2384 434 2436 487 id
2474 435 2703 499 faceret,
2748 434 3055 505 complures
3105 436 3321 508 Origeni
3358 438 3527 494 fuere.

264 520 565 584 Plutarchi,
600 518 933 583 Heraclides,
978 519 1171 575 Sereni
1202 561 1217 587 ,
1276 519 1539 578 ﬂeraides
1591 532 1647 578 et
1680 523 1851 579 Ilero-

263 629 362 668 nes
387 655 403 678 ,
429 629 660 684 quorum
691 622 865 668 morte
905 611 1217 669 Christiana
1261 629 1348 669 res
1380 615 1534 670 valde
1580 616 1847 673 illustrata

264 722 322 762 es
331 718 366 762 ι.

335 798 475 855 XIII.
529 799 735 853 Interea
784 799 908 853 dum
967 798 1081 853 haec
1128 809 1388 867 geruntur
1437 815 1636 870 corpus
1686 818 1845 856 suum

264 895 479 948 evirare
509 891 775 963 Origenes
804 908 972 947 ausus
1014 903 1118 958 est,
1145 892 1260 947 sive
1304 892 1452 947 ferro
1491 893 1730 949 exsectis
1755 910 1850 963 ge-

264 987 550 1049 nitalibus.
592 997 649 1039 ut
699 986 1049 1039 crediderunt
1091 984 1455 1055 Hieronymus
1487 984 1600 1056 (‘27)
1653 994 1707 1041 et
1754 985 1850 1039 Ni-

263 1079 534 1148 cephorus
559 1075 699 1144 (28),
729 1078 846 1132 sive
885 1078 1286 1131 medicamento
1313 1076 1620 1142 exsiccatis,
1648 1090 1707 1132 ut
1726 1078 1849 1133 aliis

264 1186 586 1241 persuasum
637 1181 764 1225 est:
803 1186 916 1225 rem
959 1171 1105 1223 enim
1164 1170 1498 1239 Epiphanius
1546 1172 1597 1225 in
1638 1170 1848 1226 incerto

265 1263 488 1333 reliquit
532 1262 665 1317 baer.
696 1263 786 1326 64,
822 1276 947 1330 cap.
978 1261 1035 1314 5.
1069 1260 1182 1330 (29)
1218 1260 1540 1331 Quanquam
1570 1263 1839 1317 verisimi-

272 1355 385 1409 lius
413 1364 498 1410 est
529 1354 887 1409 medicamine
908 1353 1161 1422 imposito
1204 1352 1530 1408 exstinxisse
1559 1355 1846 1424 genitalem

262 1447 394 1511 vim,
428 1462 587 1515 quam
645 1446 825 1516 gladio
871 1446 1107 1501 verenda
1161 1454 1472 1515 amputasse
1504 1464 1521 1501 :
1550 1462 1656 1501 non
1704 1445 1848 1515 quod

261 1540 588 1604 existimem,
612 1538 664 1591 id
699 1538 745 1593 si
778 1536 1013 1604 fecisset,
1044 1537 1331 1592 laevitatem
1371 1539 1483 1593 oris
1510 1538 1845 1606 prodituram

262 1631 433 1686 fuisse
466 1629 690 1693 factum,
737 1631 881 1700 quod
930 1646 1140 1685 summa
1171 1645 1302 1685 cura
1329 1629 1599 1685 occultum
1637 1630 1840 1685 habere

262 1723 474 1791 voluit;
508 1732 717 1779 certum
748 1732 833 1778 est
862 1724 1007 1780 enim
1039 1724 1264 1779 barbam
1295 1724 1342 1778 ei
1376 1738 1480 1777 non
1515 1722 1768 1788 defluere,
1796 1723 1842 1777 si

258 1817 384 1885 quis
424 1816 535 1886 jam
569 1815 841 1885 vesticeps
895 1825 988 1869 aut
1039 1816 1299 1870 barbatus
1349 1814 1715 1871 exseclionem
1756 1830 1846 1885 pa-

260 1907 428 1961 tiatur
460 1923 474 1961 :
502 1904 595 1960 sed
636 1915 857 1976 pr0pter
886 1906 1169 1960 horrorem
1204 1905 1377 1972 facti;
1430 1921 1552 1960 nam
1597 1907 1723 1975 quis
1767 1909 1843 1961 ita

259 1997 316 2051 in
367 2013 427 2052 se
460 1999 679 2053 saevisse
729 2009 882 2067 putet
915 2000 1189 2053 hominem
1244 2013 1350 2053 non
1400 1999 1670 2064 insanum,
1720 2012 1842 2053 cum

257 2090 596 2145 mollioribus
625 2091 699 2145 uti
729 2101 906 2160 posset
942 2090 1215 2154 remediis,
1249 2091 1390 2144 unde
1429 2090 1570 2145 idem
1596 2104 1840 2146 commo-

254 2184 385 2237 dum
419 2183 708 2251 capiebat?
746 2181 907 2238 Certe
948 2182 991 2236 si
1055 2182 1184 2251 quid
1233 2181 1466 2251 amplius
1514 2181 1843 2250 conjectum

256 2276 605 2331 tribuendum
639 2285 743 2339 est,
768 2276 1003 2329 cicutam
1040 2273 1366 2342 genitalibus
1395 2273 1635 2329 illevisse
1667 2274 1842 2329 credi-

253 2368 468 2433 derim,-
504 2382 665 2437 quam
713 2366 1076 2420 Athenienses
1130 2364 1518 2432 hierophantas
1574 2364 1642 2418 ad
1691 2379 1841 2418 com-

254 2461 579 2529 pescendam
622 2458 900 2513 libidinem
928 2457 1191 2512 adhibere
1220 2456 1408 2512 solitos
1440 2458 1557 2526 ipse
1606 2458 1841 2526 prodidit

251 2551 380 2607 libr.
444 2567 515 2605 vn
564 2562 729 2605 contr.
778 2550 937 2614 Cels.,
970 2566 1117 2603 num.
1162 2550 1231 2605 48
1269 2549 1425 2605 εΚαὶ
1472 2544 1551 2613 εἷς
1582 2550 1680 2620 μέν
1706 2553 1837 2612 ’που,

251 2643 459 2713 inquit,
490 2644 616 2714 παρ’
660 2643 962 2713 Ἀθηναίοις
996 2643 1337 2713 ἱεροφάντης,
1370 2642 1491 2695 οὐδὲ
1538 2660 1837 2695 πεπιστευ-

253 2732 417 2803 μένος
442 2730 636 2785 ὲαυτοῦ
660 2731 761 2795 τὰς
782 2732 1075 2802 ἀρσενικὰς
1103 2732 1330 2803 ὀρέξεις,
1349 2731 1422 2793 ὡς
1441 2731 1629 2802 κύριος
1659 2732 1837 2785 αὐτῶν

249 2820 391 2878 εἶναι
418 2825 732 2894 δυνάμενος,
751 2825 846 2877 καὶ
875 2827 1096 2893 κρατεῖν
1120 2824 1299 2877 αὐτῶν
1324 2827 1381 2886 ἐς
1414 2824 1537 2876 ὅσον
1568 2823 1832 2893 βούλεται,

249 2917 603 2979 κωνειασθεὶς
661 2916 730 2969 τὰ
799 2916 1063 2986 ἀρσενικὰ
1140 2916 1317 2987 μέρη,
1388 2915 1624 2987 καθαρὸς
1695 2912 1832 2970 εἶναι

249 3004 531 3076 νομίζεται
608 3007 746 3079 πρὸς
825 3007 924 3078 τὴν
1011 3008 1400 3078 νενομισμένην
1490 3010 1621 3077 παρ’
1673 3007 1830 3078 Ἀθη-

248 3095 422 3159 valor;
475 3097 751 3165 ἁγιστείαν
786 3113 798 3125 ’
834 3098 884 3150 id
943 3106 1063 3161 est,
1112 3098 1286 3150 oblitis
1340 3098 1515 3148 cicuta
1578 3096 1828 3151 masculis

248 3189 486 3254 partibus
511 3230 527 3255 ,
577 3190 894 3243 cohibendaz
922 3188 1119 3258 quippe
1149 3190 1360 3242 veneris
1390 3189 1562 3256 gratia
1591 3187 1826 3241 cicutam

246 3280 383 3336 locis
435 3280 539 3334 illis
574 3279 851 3335 admoveri
919 3279 1139 3333 tradunt
1187 3277 1565 3344 Dioscorides,
1623 3276 1714 3331 lib.
1754 3293 1828 3339 tv,

244 3385 377 3439 Cap.
438 3370 507 3424 79
544 3380 600 3425 et
643 3369 865 3435 Plinius,
912 3369 1005 3423 lib.
1032 3383 1156 3431 xxv,
1188 3383 1307 3437 cap.
1344 3369 1428 3431 15,
1465 3384 1569 3423 non
1598 3368 1826 3432 sorberi,

246 3463 325 3515 uti
357 3461 555 3516 factum
606 3462 674 3516 ab
708 3460 1081 3529 hierophantis
1132 3471 1395 3515 memorat
1440 3456 1824 3530 Hieranymus,

244 3551 370 3607 libr.
401 3569 418 3606 ι
451 3554 570 3606 adv.
594 3551 950 3607 Iovinianum.

319 3646 341 3678 ⁸
374 3644 562 3701 Matth.
601 3662 710 3710 tux,
740 3646 831 3701 12.

238 3758 307 3796 ea:
332 3743 605 3811 gentilibus
633 3751 741 3796 tum
771 3743 823 3795 in
850 3741 994 3796 omni
1034 3757 1220 3811 genere
1265 3741 1550 3806 doctrina),
1596 3751 1705 3793 tum
1756 3743 1811 3795 in

238 3814 566 3881 pltilosolihia
613 3813 1061 3883 praestantissimi,
1098 3811 1210 3879 ejus
1253 3828 1305 3864 se
1346 3812 1644 3878 magisterio
1684 3813 1809 3883 sub-

238 3885 520 3936 mitterent.
548 3882 649 3949 Qui
681 3901 799 3937 cum
827 3882 983 3949 ﬁdem
1028 3882 1223 3935 Christi
1258 3883 1459 3934 sincere
1486 3892 1642 3950 atque
1680 3882 1812 3933 inti-

240 3970 327 4005 mo
363 3956 548 4007 mentis
575 3955 769 4022 a/fectu
803 3955 865 4005 ab
900 3955 1010 4019 ipso
1045 3953 1384 4015 accepissent,
1436 3952 1812 4016 persecutionis

238 4023 382 4076 illius
428 4034 653 4090 tempore
693 4024 1051 4077 inclaruerunt
1086 4036 1107 4075 .°
1149 4038 1311 4091 usque
1349 4022 1478 4073 adeo
1511 4032 1564 4073 ut
1594 4022 1811 4091 quidam

235 4109 302 4146 ex
324 4095 450 4162 ipsis
476 4089 846 4161 comprehensi,
875 4094 1130 4162 martyrio
1163 4089 1423 4159 perfuncti
1448 4093 1571 4144 sint.
1606 4089 1814 4162 Horum

235 4109 302 4146 ex
324 4110 450 4162 ipsis
476 4109 846 4161 comprehensi,
875 4109 1011 4145 mart
1056 4109 1130 4145 rio
1163 4109 1423 4159 periuucu
1448 4109 1571 4144 sint.
1606 4109 1814 4143 norum

234 4166 436 4230 primus
472 4167 569 4233 fuit
597 4165 937 4217 Plutarchus.
989 4109 1128 4216 ll’uic
1165 4162 1233 4213 ad
1263 4172 1478 4214 mortem
1507 4161 1672 4233 eunti,
1699 4160 1815 4233 Ori-

234 4250 387 4302 genes
420 4236 487 4288 ad
525 4245 811 4287 extremum
846 4250 1007 4302 usque
1033 4233 1151 4287 vita:
1181 4233 1459 4284 terminum
1508 4232 1812 4283 individuus

233 4306 532 4367 adhaerens,
555 4322 744 4375 parum
770 4305 938 4371 abfuit
972 4305 1096 4372 quin
1114 4305 1177 4354 ab
1197 4302 1337 4375 illius
1355 4302 1813 4375 occidereturcivi-

235 4376 350 4444 bus,
375 4369 654 4444 utpbte'gui
682 4377 818 4427 necis
840 4369 1185 4426 illiusauctor
1203 4374 1410 4438 fuisset.
1429 4369 1618 4444 Verum
1638 4371 1813 4444 diuina

235 4438 587 4499 Providentia
605 4456 726 4497 tunc
756 4460 957 4514 quoque
985 4444 1134 4495 illum
1152 4444 1490 4514 conseruauit.
1524 4440 1651 4494 Post
1682 4438 1813 4514 Plu-

235 4490 841 4591 tarchum'secundusvex
862 4490 1119 4582 1Origenis
1160 4512 1437 4589 discipulis
1467 4520 1671 4580 martyr
1697 4510 1810 4591 fuit
1844 4490 1886 4543 D

235 4586 485 4649 Serenus,
514 4587 602 4656 qui
642 4587 823 4654 ﬁdem,
858 4600 1015 4651 quam
1070 4591 1363 4656 acceperat,
1387 4582 1507 4656 igne
1534 4582 1808 4656 examinu-

233 4663 342 4706 tam
387 4672 446 4708 ac
480 4651 751 4722 probatam
791 4656 1045 4708 exhibuit.
1087 4651 1295 4705 Tertius
1325 4668 1392 4705 ea;
1414 4654 1593 4703 eadem
1616 4651 1806 4722 scitula

232 4736 438 4795 martyr
459 4720 655 4779 exstitit
690 4725 1024 4788 Heraclides,
1053 4739 1114 4776 ac
1132 4724 1574 4795 deindequartns
1605 4720 1805 4787 Heron,

231 4794 387 4847 ambo
427 4800 597 4850 securi
637 4798 909 4863 percussi:
936 4797 1082 4861 prior
1111 4794 1238 4845 dum
1266 4794 1445 4863 adhuc
1484 4799 1614 4844 esset
1658 4800 1805 4843 cate-

227 4868 534 4930 chumenus,
571 4861 704 4919 alter
731 4882 849 4918 vero
889 4864 1197 4932 neopltytus.
1256 4861 1454 4915 Prwter
1478 4864 1569 4914 hos
1589 4862 1804 4930 quintus

226 4950 293 4985 ea:
319 4937 496 4989 eodem
521 4937 785 4989 auditorio
814 4935 1127 4987 Christiana:
1168 4933 1373 4997 pietatis
1403 4932 1618 4993 athleta,
1646 4933 1807 4983 victor

228 5008 564 5059 renuntiatus
596 5015 672 5059 est
713 5003 939 5058 Serenus
984 5005 1150 5072 priori
1203 5004 1284 5055 illi
1320 5002 1685 5071 cognominis:
1713 5002 1804 5071 qui

225 5090 348 5144 cum
387 5077 640 5144 plurimos
688 5078 949 5128 cruciatus
994 5074 1283 5141 fortissime
1340 5072 1655 5144 pertulisset,
1692 5084 1805 5144 tan-

224 5143 343 5195 dem
383 5142 552 5213 capite
586 5158 861 5199 truncatus
899 5147 1062 5210 fuisse
1096 5144 1312 5196 dicitur.
1370 5143 1474 5197 Sed
1521 5158 1585 5194 ea:
1618 5142 1804 5193 mulie-

224 5228 353 5266 rum
392 5233 606 5269 numero
653 5214 844 5268 Herats
885 5217 1125 5283 qumdam
1181 5213 1351 5266 adhuc
1401 5218 1800 5274 ratechumena,

222 5298 317 5348 per
345 5289 535 5355 ignem,
568 5299 620 5338 ut
671 5289 779 5354 ipse
816 5286 1009 5337 alicubi
1051 5285 1203 5344 dicit,
1236 5286 1545 5350 baptismum
1583 5284 1798 5349 adepta,

222 5368 291 5425 ex
320 5354 417 5409 hac
444 5358 557 5409 luce
595 5357 854 5425 migravit.
884 5356 1163 5425 Septimus,
1184 5354 1438 5425 inter_lios
1472 5361 1804 5425 recensentur

220 5420 569 5491 Basilides,is
585 5420 685 5497 qui
700 5426 1086 5479 celeberrimam
1129 5424 1276 5475 illam
1308 5421 1691 5476 Potamiwnam
1730 5422 1799 5473 ad

222 5498 535 5560 supplicium
572 5500 816 5550 abduxit.

297 5567 407 5634 (36)
440 5568 659 5632 Euseb"
680 5567 822 5620 Hist.
852 5566 1004 5630 eccl.,
1026 5565 1118 5617 lib.
1153 5579 1226 5629 vt,
1258 5578 1378 5633 cap.
1409 5563 1465 5628 ri,
1500 5563 1551 5615 8.

296 5638 408 5707 (27)
435 5637 681 5701 llieron.,
714 5653 800 5706 ep.
826 5637 912 5691 65.

298 5705 409 5776 (‘28)
447 5708 694 5775 Niceph.,
724 5705 816 5759 lib.
852 5723 896 5765 ν,
930 5722 1049 5773 cap.
1079 5705 1131 5759 8.

302 5772 406 5849 (19)
444 5772 759 5844 Quanquam
791 5772 1119 5829 verisimilius
1154 5786 1250 5841 est,
1308 5786 1413 5831 etc.
1473 5772 1616 5842 Milli
1643 5787 1797 5828 secus

420 5871 690 5933 Ριτιιοι.
734 5869 851 5929 Gn.
900 5870 1100 5930 XVII.

1956 529 2304 583 Ventitabant
2338 528 2407 582 ad
2428 543 2552 583 eum
2584 524 2795 594 puellae,
2827 527 2949 582 fidei
2999 527 3322 584 Christiana!
3349 542 3402 585 et
3420 543 3530 586 stn-

1953 620 2164 674 diorum
2194 619 2368 687 gratia
2408 633 2607 688 :quam
2648 619 2923 673 hominum
2956 630 3134 672 autem
3180 621 3452 690 ingenium
3499 640 3523 675 2

1956 710 2141 765 labore
2184 708 2424 780 proclive
2453 720 2600 763 esset
2626 711 2692 763 ad
2723 709 2998 765 libidinem
3026 712 3230 779 optime
3271 713 3513 780 intellige

1952 803 2065 866 bat,
2102 800 2504 871 verebaturque
2554 815 2619 855 ne
2652 816 2717 855 ex
2763 800 3037 871 frequenti
3086 804 3353 873 virginum
3402 822 3546 865 con,

1952 894 2123 949 sorlio
2154 908 2353 962 corpus
2380 893 2433 947 in
2465 895 2583 964 ipso
2605 892 2913 961 iuventutis
2938 893 3079 948 flexu
3106 898 3245 949 male
3274 897 3355 951 sui
3385 912 3504 951 com

1953 1000 2049 1055 pos
2089 987 2155 1039 ad
2188 985 2514 1053 voluptatein
2558 985 2951 1054 impelleretur.
2985 985 3437 1042 Commovebatur
3465 991 3531 1044 ad

1952 1079 2069 1131 haec
2098 1074 2262 1131 ell‘ato
2286 1075 2513 1140 Christi,
2546 1091 2654 1145 quo
2684 1090 2743 1131 se
2774 1079 2919 1145 ipsos
2951 1088 3172 1147 prapter
3194 1079 3414 1134 caeleste
3447 1095 3532 1137 re-

1951 1184 2115 1238 gnum
2144 1169 2384 1224 evirasse
2418 1168 2706 1225 nonnullos
2744 1171 3188 1237 pronuntiaverat
3220 1173 3264 1230 ⁵.
3313 1172 3367 1226 ld
3407 1188 3529 1227 cum
3551 1173 3567 1196 '

1951 1269 2150 1330 praeter
2181 1276 2496 1330 germanam
2522 1262 2846 1315 sententiam
2879 1262 3201 1331 accepisset,
3236 1264 3444 1333 pravis,
3473 1274 3533 1319 ut

1951 1353 2165 1422 Opinor,
2197 1354 2456 1422 deceptus
2485 1352 2823 1409 Valesiorum
2883 1354 3267 1411 haereticorum
3307 1358 3527 1427 exposi-

1952 1445 2212 1508 tionibus,
2239 1444 2329 1513 qui
2350 1452 2565 1498 aetatem
2591 1446 2709 1515 ejus
2730 1458 3140 1516 praecesserant,
3157 1449 3367 1519 sibique
3386 1449 3529 1506 soliti

1950 1535 2165 1590 fuerant
2204 1535 2383 1589 virilia
2421 1550 2700 1602 exsecare,
2745 1552 2881 1593 nova
2932 1540 3195 1595 isthaacin
3236 1557 3300 1596 eo
3342 1543 3529 1613 religio

1950 1625 2193 1681 incessit.
2228 1625 2297 1680 Et
2328 1625 2441 1693 jam
2476 1625 2597 1680 aliis
2640 1628 2893 1684 inductus
2914 1629 3114 1686 Christi
3144 1635 3346 1701 verbis,
3384 1651 3413 1688 a
3446 1636 3526 1691 le-

1949 1719 2141 1789 gitimo
2173 1734 2336 1774 sensu
2371 1718 2618 1785 detortis,
2649 1721 2862 1775 unicam
2911 1724 3012 1778 sibi
3054 1734 3259 1779 tantum
3295 1727 3525 1783 habebat

1877 1787 1918 1843 Β
1950 1787 2209 1878 tunicam,
2232 1811 2460 1881 ahjectis
2501 1812 2909 1883 calceamentis,
2944 1818 3103 1874 nudis
3133 1818 3412 1875 incedebat
3440 1836 3527 1890 pe-

1957 1902 2133 1966 dibus,
2171 1917 2275 1958 nec
2308 1903 2419 1957 ullo
2449 1903 2609 1959 modo
2646 1904 2733 1959 vel
2763 1892 3159 1975 incrastinum,
3199 1910 3283 1966 vel
3320 1912 3371 1966 in
3413 1912 3525 1968 lon-

1954 1992 2256 2060 gitudinem
2309 1994 2647 2052 consulebat.
2692 1997 2868 2050 Aliam
2920 2009 3179 2068 praeterea
3223 2002 3291 2057 de
3332 2004 3430 2058 hac
3464 2019 3525 2061 re

1944 2082 2165 2153 Origeni
2215 2084 2379 2141 fuisse
2414 2102 2637 2141 causam
2709 2090 2904 2145 scribit
2966 2091 3249 2158 Eusebius,
3304 2096 3397 2152 lib.
3435 2113 3512 2163 vr,

1943 2189 2067 2244 cap.
2100 2176 2153 2241 8,
2187 2192 2255 2232 ne
2302 2179 2510 2234 scilicet
2548 2196 2614 2235 ex
2653 2183 2861 2237 crebris
2887 2185 3190 2252 puellarum
3220 2188 3285 2240 ad
3318 2205 3375 2242 se
3400 2190 3522 2244 itio-

1947 2267 2111 2323 nibus
2137 2278 2191 2322 et
2223 2269 2476 2339 alloquiis
2527 2271 2869 2328 obtrectandi
2907 2276 3247 2331 occasionem
3297 2276 3523 2334 haberet

1945 2357 2341 2416 malevolentia.
2389 2361 2462 2415 At
2529 2373 2794 2432 repugnat
2850 2366 2995 2434 quod
3047 2382 3171 2423 mox
3218 2371 3519 2441 subiungit,

1941 2463 2161 2518 operam
2190 2452 2409 2508 dedisse
2439 2453 2751 2526 Origenem,
2807 2466 2867 2511 ut
2914 2445 3118 2514 factum
3167 2460 3296 2515 illud
3333 2465 3518 2517 occul-

1943 2551 2192 2597 taretur:
2230 2559 2354 2597 nam
2389 2546 2432 2600 si
2472 2547 2785 2616 occultavit,
2846 2552 3115 2618 quomodo
3145 2567 3390 2610 rumores
3423 2556 3519 2610 ho-

1942 2633 2145 2687 minum
2173 2634 2473 2705 ignorabile
2506 2637 2714 2693 factum
2747 2641 2925 2709 sopire
2958 2642 3153 2709 potuit,
3197 2646 3339 2713 quod
3370 2648 3519 2700 evul-

1943 2726 2181 2794 gandum
2214 2740 2332 2782 erat
2362 2729 2428 2782 ad
2461 2730 2893 2787 maledicentiam
2943 2743 2997 2787 et
3041 2734 3305 2791 obscenos
3338 2753 3517 2795 rumo—

1938 2831 2025 2872 res
2069 2822 2531 2889 compescendos?
2604 2823 2688 2877 Ad
2741 2838 2941 2878 annum
3003 2825 3188 2883 Severi
3246 2830 3515 2888 decimum

1937 2920 2189 2981 quartum
2238 2915 2511 2983 pertinere
2543 2915 2660 2971 haec
2711 2915 3020 2984 suspicatur
3052 2918 3352 2976 Baronius:
3385 2940 3517 2993 quo-

1937 3018 2055 3058 rum
2091 3013 2301 3073 tempus
2332 3008 2649 3077 neutiquam
2686 3008 2954 3064 Eusebius
2993 3011 3312 3082 designavit.
3367 3015 3421 3071 Ital
3464 3018 3510 3073 si

1934 3093 2026 3158 sit,
2061 3108 2264 3148 annum
2314 3104 2443 3151 tunc
2490 3096 2664 3167 egerit
2706 3094 2968 3166 Origenes
3022 3103 3343 3157 vicesimum
3397 3105 3509 3174 pri-

1930 3199 2099 3238 mum.

2000 3275 2197 3347 Magna
2226 3292 2357 3333 vero
2406 3272 2496 3333 hic
2526 3279 2814 3335 doctorum
2849 3284 3128 3338 hominum
3174 3287 3510 3342 concertatio

1926 3378 2031 3434 est,
2053 3368 2280 3424 laudene
2304 3369 2570 3437 ejusmodi
2601 3371 2833 3440 facinus,
2862 3376 2975 3447 (30)
3015 3392 3082 3429 an
3112 3380 3511 3447 vituperatione

1926 3459 2151 3529 dignum
2194 3463 2285 3515 sit.
2314 3464 2516 3532 Aperte
2566 3466 2788 3521 damnat
2827 3467 3109 3532 Baronins,
3143 3471 3210 3525 ad
3245 3487 3336 3525 an.
3378 3471 3507 3536 9.30,

1925 3549 2214 3619 multisque
2249 3554 2576 3607 sententiam
2618 3569 2770 3609 suam
2798 3558 3136 3625 argumentis
3183 3568 3382 3623 tuetur,
3411 3557 3508 3615 sed

1920 3740 2135 3795 videtur
2157 3740 2227 3813 ob
2251 3740 2467 3795 Eusebii
2512 3742 2808 3808 silentium,
2831 3745 2921 3813 qui
2950 3754 3100 3800 certe
3126 3746 3506 3802 medicaminis

1919 3827 2096 3873 usuin,
2154 3812 2199 3865 si
2262 3828 2445 3866 revera
2522 3813 2795 3885 adhibitus
2850 3812 2920 3867 ab
2987 3814 3222 3885 Origene
3287 3817 3502 3884 fuisset,

1918 3895 2425 3954 commemorasset,
2445 3898 2553 3954 quo
2586 3883 2785 3936 factum
2824 3886 2995 3954 magis
3024 3883 3330 3941 excusaret.

1992 3950 2103 4021 (50)
2138 3953 2219 4023 An
2244 3950 2623 4019 vituperatione
2647 3955 2863 4023 dignum
2886 3950 2973 4008 sit.
2998 3955 3229 4023 Legibus
3252 3957 3499 4015 civilibus

1923 4022 1975 4095 ._d
2007 4022 2338 4095 prohibitum
2372 4034 2513 4095 erat,
2572 4022 2718 4077 teste
2758 4025 3021 4095 Suetonio
3076 4022 3129 4078 in
3171 4026 3499 4095 Domitiano,

1922 4092 2095 4167 Dione
2131 4093 2354 4167 Cassio,
2394 4093 2495 4167 lib.
2513 4108 2681 4167 μνη,
2737 4104 2791 4148 et
2835 4094 3045 4167 Justino
3092 4095 3349 4167 Martyre,
3408 4092 3498 4164 qui

1920 4162 2175 4230 Apologia
2209 4163 2262 4217 1.
2289 4179 2434 4218 inim.
2469 4164 2557 4220 29.
2611 4166 2748 4218 hanc
2804 4164 2969 4219 refert
3009 4162 3289 4221 liisroriaiti
3322 4186 3334 4221 :
3389 4162 3499 4222 Καὶ

1919 4231 2022 4307 ἤδη
2047 4249 2151 4307 Δτις
2194 4231 2313 4307 τῷν.
2345 4233 2645 4307 ἡμετέρων,
2687 4234 2825 4307 ὑπὲρ
2856 4234 2949 4307 τοῦ
2988 4240 3169 4307 πεῖσαι
3226 4236 3386 4307 ὑμᾶς,
3416 4239 3497 4292 ὅτι

1920 4300 2189 4393 (iungatur
2212 4305 2342 4393 mil":
2367 4300 2675 4393 ’ξιῇσῖήριλον
2699 4306 2757 4393 ’ἡ
2793 4300 2997 4393 ’δινέῇην
3032 4306 3195 4393 μξξις,
3244 4300 3496 4393 βιϐλίδιον

1921 4372 2188 4463 gregna?)
2379 4372 2756 4463 ’ξλεξὰζνδρείᾴ
2772 4445 2794 4463 θ
2815 4372 3004 4463 Ῠῄλιᾶιι
3033 4372 3043 4376 ⁷
3073 4372 3456 4463 ἠγεθονεύονξι
3477 4419 3492 4440 ,

1920 4442 2085 4523 aitth
2105 4442 2588 4523 extremi/atdath
2609 4442 3019 4523 jobéﬁtotipou;
3049 4442 3210 4523 αὖ)ξοῦ
3242 4448 3461 4523 ἀφελεῖν
3477 4466 3491 4480 ⁸

1915 4512 2040 4589 ᾄνευ
2064 4514 2173 4589 [die
2205 4512 2313 4589 si};
2333 4512 2426 4589 ’ςοῦ
2442 4512 3035 4589 γήῇεμόνος-ὲπιτροτζῇς
3057 4512 3494 4589 τοῦτογπράτέεειν

1913 4583 2316 4667 ᾴπειρῆσθξιιοὶ
2348 4583 2666 4667 ἐκείζξατροὶι
2692 4583 2927 4667 ἔλεγον..
2958 4583 3067 4667 lini
3101 4583 3342 4667 μεδόλὼς
3369 4588 3491 4667 βουτ

1911 4651 2163 4728 ληθέντος
2192 4651 2807 4728 Φήλικοςᾷΰποῒράψαιέ
2844 4658 2927 4724 ἐφ’
2979 4651 3172 4728 tauro:
3233 4651 3421 4728 μεινὰς
3463 4662 3491 4712 ὁ

1909 4723 2207 4787 νεανίσκος,
2244 4723 2488 4847 Epist-5601)
2522 4729 2587 4796 τῇ
2608 4723 2810 4779 causa?)
2845 4723 2938 4780 καὶ
2968 4726 3075 4779 τῶν
3098 4723 3491 4799 ὁμογνωμόνων

1912 4793 2231 4847 συνειδήσει.
2296 4811 2481 4847 amaue
2511 4806 2808 4847 nostrorum
2839 4800 3074 4847 auidum.
3115 4810 3166 4847 ut
3200 4801 3338 4847 nobis
3370 4818 3487 4847 iter.

1912 4793 2231 4867 συνειδήσει.
2257 4793 2486 4864 Jamque,
2511 4793 2808 4850 nostrorum
2839 4800 3074 4867 quidam,
3115 4810 3166 4850 ut
3200 4793 3338 4852 nobis
3368 4818 3487 4866 per-

1908 4865 2152 4937 suaderet
2200 4880 2303 4917 non
2335 4880 2447 4937 esse
2495 4865 2974 4937 mysterium_apud
3006 4885 3097 4920 nos
3130 4865 3487 4937 promiscuum

1909 4936 2262 5009 concubitum,
2298 4935 2481 4987 obtulit
2536 4935 2769 5009 libellum
2794 4935 2964 4989 Felici
2988 4935 3327 5009 Alexandria:
3350 4958 3489 5009 pra:-

1908 5003 2061 5071 fecto,
2105 5016 2384 5079 rogansut
2420 5009 2628 5079 medico
2678 5006 2953 5079 licentiam
2986 5007 3137 5060 daret
3185 5003 3358 5063 testes'
3385 5015 3488 5079 ipsi

1908 5077 2200 5127 resecandi.
2244 5075 2312 5127 Id
2344 5076 2482 5127 enim
2518 5078 2631 5128 sine
2665 5077 2899 5144 praefecti
2936 5077 3149 5131 licentia
3200 5081 3374 5146 facere
3405 5075 3487 5134 in-

1906 5145 2187 5214 terdictum
2256 5146 2353 5198 sibi
2412 5146 2555 5198 illius
2615 5147 2760 5214 urbis
2811 5148 2998 5199 medici
3049 5148 3310 5202 dicebant.
3379 5151 3483 5204 Sed

1907 5230 2024 5266 cum
2061 5213 2219 5267 Felix
2250 5216 2463 5268 omnino
2509 5217 2734 5270 scribere
2776 5217 3049 5280 noluisset,
3096 5220 3400 5273 adolescens
3430 5228 3482 5275 in

1905 5284 2226 5338 continentia
2271 5296 2319 5338 et
2375 5286 2677 5353 virginitate
2718 5303 3051 5353 permanens,
3087 5306 3185 5341 sua
3218 5299 3265 5341 et
3302 5308 3481 5344 eorum

1902 5356 1991 5422 qui
2034 5356 2170 5408 idem
2211 5372 2273 5408 ac
2326 5355 2433 5423 ipse
2467 5358 2777 5422 sentiebant,
2836 5360 3155 5412 conscientia
3211 5370 3481 5414 contentus

1903 5424 2024 5491 fuit.
2059 5424 2192 5479 Cum
2243 5427 2313 5479 ita
2347 5440 2405 5479 se
2445 5439 2532 5479 res
2568 5427 2838 5488 habuerit,
2894 5443 2992 5482 nec
3035 5430 3173 5483 ullus
3202 5430 3479 5483 dubitandi

1901 5494 2052 5549 locus
2090 5496 2181 5556 sit,
2219 5498 2349 5565 quin
2392 5496 2436 5567 is
2476 5508 2657 5565 peccet
2685 5498 2777 5566 qui
2817 5500 2985 5567 legem
3017 5499 3228 5553 civilem
3274 5500 3477 5567 justam

1901 5515 2052 5549 IOCUS
2090 5515 2181 5556 Sll,
2219 5515 2349 5565 quin
2392 5515 2436 5549 is
2476 5515 2657 5565 peccet
2685 5515 2777 5566 qui
2817 5515 2985 5567 regem
3017 5515 3228 5553 ctvnem
3304 5515 3477 5553 usum

1901 5566 2320 5637 spontegviolat,
2366 5565 2756 5637 vituperatione
2798 5568 3018 5637 dignum
3056 5568 3225 5623 fuisse
3268 5515 3479 5624 facinus

1902 5634 2149 5705 Origenis
2184 5636 2353 5689 libere
2400 5634 2675 5690 fatendum
2723 5634 2987 5702 e51,iicct
3027 5639 3169 5694 forte
3213 5637 3475 5705 ejusmodi

1898 5702 2286 5759 lex’Ecclesia:
2316 5720 2533 5773 ιιιιοιμιε
2595 5709 2894 5761 canonibus
2940 5711 3171 5762 nonduin
3212 5702 3272 5761 ea
3320 5718 3478 5763 aztate

1900 5774 2067 5829 luerit
2090 5776 2431 5843 continuata,
2468 5785 2525 5830 ut
2553 5777 2728 5847 colligi
2767 5793 2926 5846 posse
2962 5779 3170 5834 videtur
3202 5793 3269 5832 ex
3301 5778 3474 5835 histo-

3128 5870 3198 5928 21
