3870 6220
428 290 525 346 ﬁlii
1696 294 1757 350 P.
1819 295 1991 352 DANI]

2099 297 2137 353 S
2176 298 2411 355 HUETII
3580 310 3695 367 652

429 429 548 482 qua:
577 414 642 468 ad
673 426 792 468 eam
827 412 975 479 fere,'
1001 429 1124 485 quae
1156 414 1300 470 ferro
1347 415 1436 481 lit,
1460 415 1812 471 evirationem
1841 418 2003 487 perti-
2035 423 2078 479 Α
2107 436 2231 489 que,
2268 436 2333 474 ne
2380 421 2557 475 simile
2610 423 2737 491 quid
2790 422 2844 477 in
2890 438 2948 478 se
2982 422 3271 493 aliquando
3313 425 3685 493 conciperem,

427 518 576 562 nent.
607 506 807 562 Contra
854 521 918 561 ea
967 507 1266 573 Halloxius,
1300 524 1404 563 non
1440 522 1663 564 excusat
1697 510 1879 574 modo,
1914 512 2006 565 sed
2110 512 2459 567 vehementer
2486 516 2800 583 absterruit,
2837 531 2958 571 cum
2992 516 3111 571 aliis
3141 516 3294 578 locis,
3319 527 3432 573 tum
3455 534 3690 588 pra-sers

427 600 689 665 dilaudat,
739 599 836 656 lib.
874 616 930 654 tv
960 599 1110 670 Orig.
1135 600 1270 669 deli,
1316 609 1510 670 quiest.
1533 602 1603 656 5.
1636 601 1749 672 Ego
1796 601 2007 673 singula
2110 603 2203 657 tim
2230 604 2342 659 suis
2370 605 2423 659 in
2449 604 2757 660 Matthazum
2793 607 3219 663 Commentariis.
3255 606 3428 664 Locus
3456 611 3691 667 habetur

427 694 498 748 ab
524 702 757 762 utraque
798 703 951 761 parte
990 692 1216 748 collecta
1251 708 1355 748 non
1396 693 1667 759 referam;
1701 694 1843 763 quod
1890 695 2007 759 ipse
2111 705 2240 748 tom.
2297 710 2394 761 vv,
2420 712 2567 750 num.
2608 698 2659 764 l,
2684 697 2738 763 2,
2780 698 2836 762 ’5,
2867 698 2900 752 4
2938 708 2990 753 et
3021 700 3075 767 5,
3116 714 3275 770 quem
3305 701 3525 757 omnino
3551 716 3687 758 con-

427 782 623 846 sentio,
646 781 834 852 paucis
852 796 1138 850 exponam.
1170 783 1389 837 Certum
1421 791 1506 837 est
1535 784 1893 837 voluntariam
1922 784 2002 837 sui

428 871 599 942 ipsius
630 872 1017 937 exsectionem,
1072 884 1191 926 eam
1223 870 1345 926 dico
1372 884 1492 940 quae
1531 871 1591 924 ﬁt
1633 870 1832 942 gladio,
1872 872 2005 924 veti-

425 974 539 1020 tam
574 979 695 1021 esse
718 964 1034 1035 apcstolicis
1068 965 1371 1020 canonibus
1394 964 1465 1018 22
1493 974 1549 1019 et
1579 963 1671 1020 24.
1703 966 1776 1019 At
1812 978 2001 1019 eorum

425 1058 587 1113 dubia
614 1067 699 1113 est
731 1057 1051 1121 auctoritas,
1093 1066 1147 1111 et
1168 1056 1383 1125 penitus
1411 1056 1480 1111 ab
1519 1056 1764 1111 Halloxio
1795 1056 2004 1126 respui-

382 1136 536 1208 'tur.‘
588 1146 846 1203 Eamdem
898 1148 1175 1203 damnavit
1223 1149 1491 1205 exstincto
1524 1148 1727 1219 jamdiu
1772 1148 2004 1218 Origene

422 1236 699 1293 Nictenum
724 1237 1037 1304 concilium,
1062 1251 1186 1292 can.
1208 1237 1261 1304 I,
1290 1237 1565 1293 damnavit
1584 1250 1635 1294 et
1662 1240 2000 1305 Arelatense,

425 1346 549 1385 can.
592 1330 643 1386 7.
679 1329 783 1402 Ipsi
837 1346 1053 1402 quoque
1110 1330 1365 1395 Eusebio,
1412 1342 1671 1402 perpetuo
1714 1331 1841 1387 licet
1879 1330 2001 1387 Or’i—

424 1428 577 1497 genis
615 1425 911 1491 laudatori,
942 1426 1210 1482 vecordia:
1250 1424 1409 1494 hujus
1431 1425 1882 1494 vituperationem
1918 1425 1999 1480 vis

422 1514 667 1570 veritatis
701 1515 989 1585 expressit.
1065 1514 1173 1571 Sed
1211 1516 1339 1585 quid
1389 1515 1563 1569 aliena
1606 1515 1995 1585 conquirimus,

423 1622 545 1661 cum
574 1607 873 1662 domestica
920 1607 1267 1677 suppeditent
1316 1607 1665 1662 testimonia?
1704 1608 1999 1677 Utramque

421 1698 833 1761 castrationem,
878 1708 932 1753 et
977 1714 1096 1768 qua:
1128 1699 1457 1763 exsectione,
1498 1706 1552 1752 et
1591 1712 1710 1767 qua:
1755 1699 2000 1753 exsicca-

2106 786 2208 841 suli
2242 787 2422 841 velim.

2178 875 2483 945 Discipulos
2514 893 2643 934 suos
2667 887 2722 935 et
2773 880 3069 935 familiares
3100 882 3306 939 facinus
3339 900 3495 939 suum
3536 885 3681 941 cela-

2105 976 2258 1023 verat
2297 967 2581 1039 Origenes,
2615 972 2811 1027 dubius
2840 975 3009 1029 animi
3042 975 3259 1031 Iaudine
3304 977 3429 1042 sibi,
3460 993 3526 1031 an
3556 993 3679 1049 pro-

2104 1059 2204 1115 bro
2237 1060 2535 1116 ducendum
2578 1061 2736 1118 foret.
2783 1064 2918 1120 Rem
2963 1074 3142 1121 tamen
3178 1069 3443 1137 comperit
3486 1070 3678 1123 Deme-

2106 1155 2260 1219 trius,
2309 1170 2470 1225 quam
2511 1156 2860 1212 vehementer
2913 1158 3211 1215 admiratus
3250 1160 3503 1230 primum,
3561 1172 3675 1216 tum

2104 1245 2352 1303 laudibus
2382 1248 2546 1302 etiam
2598 1259 2939 1317 prosecutus,
2986 1252 3331 1306 conﬁrmavit
3365 1252 3674 1323 Origenem,

2102 1346 2427 1407 strenueque
2459 1349 2769 1410 susceptum
2798 1356 2993 1396 munus
3022 1342 3185 1411 jussit
3216 1343 3521 1399 traducere.
3538 1343 3674 1399 Tum

2102 1428 2190 1483 hic
2223 1430 2457 1499 denique
2487 1431 2707 1486 remetis
2748 1432 3162 1501 impedimentis,
3200 1436 3479 1489 universos
3524 1434 3592 1488 ad
3616 1449 3676 1489 sc

2099 1522 2383 1577 erudiendi
2438 1538 2601 1578 causa
2642 1523 2918 1579 venientes
2964 1525 3111 1579 nullo
3161 1540 3323 1582 sexus
3361 1527 3675 1582 discrimine

2099 1610 2337 1665 admisit.
2397 1610 2453 1665 In
2488 1626 2677 1667 eorum
2728 1622 2908 1666 autem
2965 1612 3306 1668 institutione
3354 1628 3565 1668 summa
3618 1628 3677 1669 sc

2102 1702 2363 1757 tractavit
2389 1702 2686 1773 diligentia,
2735 1718 3001 1774 omneque
3023 1718 3177 1759 suum
3201 1704 3372 1759 otium
3395 1704 3461 1757 ad
3486 1718 3675 1759 eorum

421 1797 566 1852 tione
595 1795 893 1867 perficitur,
943 1793 1220 1849 damnavit
1262 1793 1474 1849 demum
1516 1792 1797 1865 Origenes,
1832 1792 1998 1848 slios-
2030 1779 2074 1835 Β
2104 1794 2378 1863 negotium
2406 1795 2655 1851 contulit.

1747 2077 2127 2169 CAPUT
2202 2079 2335 2165 II.

419 2269 471 2326 1.-
497 2269 675 2327 Severi
701 2270 1037 2339 imperatoris
1074 2274 1267 2328 obitus.
1311 2272 1566 2343 Origenes
1603 2272 1825 2326 Romam
1869 2270 2338 2343 proﬁcisciturJl.
2384 2270 2762 2343 Alexandriam
2799 2272 2951 2326 redit.
2984 2270 3069 2325 III.
3104 2269 3417 2343 Hebraicam
3439 2270 3675 2343 linguam

489 2337 882 2398 condisciIQIV.
908 2343 1244 2397 Ambrosium
1273 2345 1340 2397 ad
1366 2337 1564 2397 Christi
1596 2344 1753 2411 ﬁdem
1803 2337 2077 2411 convertit.
2116 2342 2179 2395 V.
2230 2342 2534 2394 Accersitur
2578 2342 2632 2395 in
2670 2342 2940 2405 Arabiam,
2982 2343 3116 2395 redit
3159 2337 3557 2409 Alexandriam.
3585 2337 3673 2392 VI.

490 2412 830 2466 Palazstinam
853 2414 1001 2482 petit,
1033 2415 1412 2468 Alexandriam
1441 2410 1603 2468 redit.
1625 2413 1713 2465 VII
1793 2414 1833 2466 Α
1882 2410 2163 2465 Mammaea
2198 2413 2483 2482 accersitur
2516 2411 2898 2472 Antiochiam;
2947 2413 3323 2482 Alexandriam
3376 2412 3669 2482 revertitur.

492 2482 630 2536 VIII.
678 2479 1008 2549 Scripturam
1056 2501 1260 2537 sacram
1302 2483 1690 2537 commentariis
1723 2482 1989 2550 illustrare
2018 2482 2341 2550 aggreditur.
2386 2481 2474 2534 IX.
2509 2482 2929 2536 Commentarios
2973 2482 3027 2535 in
3050 2480 3356 2550 Joannem,
3385 2491 3431 2550 et
3456 2479 3507 2531 in
3539 2479 3674 2532 alios

488 2550 774 2621 Scriptura:
804 2553 963 2606 libros
994 2554 1227 2607 inchoat.
1258 2552 1327 2608 X.
1362 2554 1424 2605 In
1461 2553 1713 2605 Achaiam
1744 2568 1834 2621 per
1876 2549 2219 2604 Palwstinam
2248 2551 2623 2620 proﬁciscitur.
2658 2552 2751 2606 XI.
2783 2552 3009 2621 Athenis
3030 2553 3298 2603 discedens
3332 2549 3535 2621 Epheso
3574 2550 3675 2601 iter

486 2619 661 2676 «habet.
704 2621 817 2675 XII.
850 2621 1106 2677 Ca'sarea:
1138 2625 1406 2692 presbyter
1449 2623 1564 2690 jam
1588 2632 1713 2692 ante
1749 2620 1925 2692 [uerat
1971 2621 2247 2692 ordinatus
2274 2637 2293 2692 ς
2323 2620 2648 2674 Alexandria
2684 2621 2933 2692 pellitur.
2945 2619 3079 2692 XIII.
3132 2621 3286 2682 Cum,
3316 2637 3377 2671 ne
3400 2619 3675 2692 vitiantur

486 2695 553 2747 ab
584 2692 853 2760 Ethiope,
894 2694 1053 2747 idolis
1098 2688 1470 2761 sacriﬁcasset,
1532 2691 1674 2746 XIV.
1729 2688 2026 2761 Cwsaream
2064 2688 2375 2745 Palestina:
2431 2688 2694 2761 concedit.
2735 2689 2849 2745 XV.
2893 2690 3249 2759 Confutantur
3292 2689 3553 2761 nonnulli,
3586 2690 3673 2761 qui

486 2758 783 2832 Origene»:
796 2762 859 2813 ab
908 2761 1134 2816 Heracla
1173 2758 1497 2832 Alemandria
1534 2762 1814 2830 depulsum
1838 2760 2002 2825 fuisse
2025 2761 2371 2832 scripserunt.
2437 2758 2573 2832 XVI.
2609 2761 2981 2832 Ecclesiastica
3010 2758 3215 2832 munia
3248 2760 3392 2832 obit;
3436 2774 3468 2809 a
3494 2759 3673 2832 multis

489 2828 696 2899 fovetur
740 2830 1013 2886 Ecclesiis.
1042 2833 1202 2886 XVII.
1266 2828 1611 2886 Palwst'inant
1668 2832 1975 2899 perlustrat.
2050 2828 2236 2883 XVIII.
2271 2829 2464 2883 Utrum
2496 2831 2683 2899 viginti
2709 2840 2759 2883 et
2805 2842 2920 2883 octo
2969 2846 3137 2883 annos
3173 2828 3298 2898 Tyri
3339 2830 3671 2895 transegerit.

484 2898 626 2955 XIX.
667 2901 977 2972 Gregorium
1004 2903 1457 2969 Thaumaturgum
1493 2912 1547 2972 et
1580 2898 1973 2955 Athenodorum
2016 2899 2233 2969 fratres,
2266 2901 2502 2969 aliosque
2548 2898 2604 2955 in
2647 2899 2834 2957 litteris
2862 2901 3036 2955 sacris
3073 2911 3120 2955 et
3161 2898 3398 2969 profanis
3426 2899 3670 2952 instituit.

485 2972 688 3027 Isaiam
711 2986 758 3027 et
788 2971 1116 3028 Ezechielem
1139 2971 1530 3027 commentariis
1574 2972 1806 3042 exponit.

2017 3113 2083 3129 Ρ-

484 3241 659 3314 I.(3I)
684 3241 940 3299 Severum
963 3240 1199 3309 interim,
1219 3256 1340 3298 cum
1362 3242 1471 3313 jam
1492 3242 1779 3313 aliquoties
1807 3243 1978 3299 inter-
2005 3259 2050 3318 α
2085 3242 2339 3297 tiochiam
2368 3242 2467 3297 ivit
2502 3240 2809 3305 Mammaea,
2832 3252 2994 3308 quam
3014 3253 3139 3296 cum
3175 3237 3371 3293 Persas
3418 3235 3673 3295 Romanis

416 3333 579 3389 licere
641 3332 863 3389 adortus
912 3342 1056 3388 esset
1118 3331 1396 3388 Caracalla
1450 3332 1634 3397 ﬁlius,
1711 3348 1857 3389 mors
1919 3348 1985 3388 ex

412 3425 733 3494 agritudiue
778 3434 1070 3480 consecuta
1119 3434 1222 3491 est,
1257 3426 1474 3496 expleto
1515 3426 1724 3496 imperii
1781 3426 1991 3482 decimo

412 3526 605 3573 octavo
646 3530 810 3581 anno,
849 3515 1023 3570 artatis
1058 3515 1373 3571 vicesimum
1400 3525 1613 3571 sextum
1651 3528 1845 3588 agente
1865 3517 1989 3572 Ori-

411 3624 574 3682 gene.
623 3607 721 3663 Hic
750 3617 873 3679 post
940 3607 1145 3677 aliquot
1195 3607 1387 3663 deinde
1426 3623 1595 3663 annos
1644 3607 1869 3663 Romam
1913 3609 1992 3664 ire

408 3698 711 3763 contendit,
766 3698 1022 3753 Romanae
1066 3696 1327 3753 Ecclesia:
1379 3699 1614 3754 visenda:
1656 3700 1859 3764 studio,
1901 3701 1987 3754 cui

408 3802 542 3848 tunc
573 3800 804 3861 praeerat
846 3790 1181 3863 Zcpliyrinus
1217 3805 1375 3861 papa.
1412 3790 1646 3862 Tempus
1686 3792 1895 3847 itineris
1923 3794 1991 3848 ab

412 3882 649 3937 Eusebio
668 3882 1092 3950 praetermissum
1117 3880 1429 3949 conjectura
1452 3883 1667 3951 assequi
1693 3883 1875 3937 studet
1898 3882 1993 3935 Ba-

415 3975 621 4038 ronius,
655 3984 710 4027 et
747 3974 799 4027 in
844 3975 1078 4043 primum
1106 3974 1379 4042 Elagabali
1424 3973 1602 4042 reiicit
1643 3990 1868 4040 annum,
1899 3976 1990 4044 qui

413 4062 701 4134 Zephyrini
728 4064 967 4118 decimus
989 4072 1240 4130 octavus,
1277 4076 1331 4119 et
1362 4074 1669 4134 postremus
1697 4065 1828 4133 fuit;
1858 4082 1992 4122 cau-

413 4168 640 4226 samque
682 4154 1001 4226 profectioni
1048 4153 1380 4210 Mannmeatn
1417 4155 1709 4210 Alexandri
1764 4163 1990 4211 matrem

413 4251 628 4306 dedisse
662 4250 991 4320 suspicatur,
1051 4264 1172 4303 cum
1203 4258 1322 4319 post
1360 4250 1683 4304 accersitum
1709 4248 1775 4303 ad
1804 4265 1863 4305 se
1888 4249 1993 4304 An-

414 4339 669 4395 tiochiam
690 4338 1002 4410 Origenem,
1028 4338 1374 4410 Elagabalum
1408 4340 1690 4408 imperium
1716 4340 1988 4396 ineuntem

411 4428 643 4486 Romam
691 4441 834 4485 esset
871 4430 1149 4487 comitata.
1174 4430 1286 4502 ('52)
1319 4430 1513 4485 Verum
1544 4430 1661 4485 haec
1693 4430 1852 4485 aliter
1878 4430 1989 4484 Eu-

414 4525 565 4587 sebio
587 4524 920 4595 temporibus
954 4525 1122 4580 divisa
1146 4535 1274 4579 sunt
1298 4541 1309 4575 :
1331 4534 1460 4578 tunc
1477 4524 1621 4578 enim
1653 4538 1683 4577 a
1714 4523 1991 4579 Mammaea

2093 3336 2290 3390 finibus
2314 3334 2658 3389 imminentes
2682 3333 2820 3388 bello
2848 3332 3085 3387 refutare
3106 3345 3396 3402 aggressus
3418 3340 3525 3390 est.
3546 3328 3671 3386 Hac

2091 3426 2276 3482 multis
2297 3436 2418 3496 post
2440 3425 2735 3497 Zephyrini
2763 3423 2970 3479 obitum
2997 3422 3154 3478 annis
3188 3422 3510 3477 inciderunt.
3536 3423 3670 3477 Cum

2091 3528 2268 3573 autem
2300 3519 2597 3586 imperator
2625 3518 2966 3570 renuntiatus
2987 3522 3073 3571 est
3105 3513 3445 3584 Elagabalus,
3465 3513 3673 3569 Emesa:

2093 3608 2534 3666 commorabatur
2588 3608 2902 3673 Mammaaa,
2953 3622 3133 3678 neque
3186 3608 3242 3663 in
3294 3618 3442 3664 tanta
3488 3623 3669 3662 rerum

2092 3701 2445 3759 conversione
2492 3700 2725 3755 curiosis
2751 3699 3119 3755 auditionibus
3159 3712 3380 3769 Operam
3413 3699 3543 3753 dare
3577 3714 3675 3769 po-

2094 3795 2260 3849 tuisse
2284 3792 2579 3848 verisimile
2613 3801 2716 3845 est.
2754 3791 3081 3860 Ecquamam
3118 3806 3283 3860 porro
3313 3806 3478 3845 causa
3514 3792 3670 3845 fuerit

2093 3885 2346 3949 Baronio,
2382 3895 2482 3939 cur
2505 3882 2769 3937 incertam
2821 3880 3162 3951 Origeniana:
3208 3882 3264 3936 in
3299 3881 3503 3936 Italiam
3545 3895 3671 3951 pro-

2092 3976 2341 4032 fectiouis
2388 3974 2727 4030 occasionem
2775 3975 3320 4038 comminisceretur,
3367 3973 3663 4029 Mammaea:

2094 4082 2287 4136 nempe
2331 4066 2664 4122 assectandae
2690 4065 2951 4128 studium,
2976 4081 3099 4121 cum
3135 4081 3318 4121 veram
3347 4065 3674 4136 expresserit

2092 4159 2379 4226 Eusebius,
2404 4158 2548 4215 Hist.
2588 4157 2684 4212 lib.
2708 4173 2785 4223 vt,
2840 4172 2962 4227 cap.
2996 4159 3085 4222 14,
3124 4157 3379 4212 Romanae
3415 4156 3672 4211 nimirum

2092 4252 2369 4317 Ecclesiae,
2420 4252 2689 4317 omnium,
2740 4259 2799 4305 ut
2856 4252 2969 4320 ipse
3003 4250 3216 4315 scribit,
3262 4249 3674 4318 antiquissima,

2092 4345 2309 4414 penitus
2340 4343 2731 4415 cognoscenda:
2780 4343 3128 4410 desiderium,
3187 4358 3295 4397 non
3328 4342 3504 4400 video.
3559 4339 3677 4397 Hoc

2094 4452 2222 4508 ergo
2268 4439 2369 4491 iter
2412 4436 2598 4491 Severi
2644 4437 2787 4490 inter
2817 4435 3044 4501 obitum,
3079 4434 3169 4504 qui
3203 4449 3342 4489 anno
3381 4432 3674 4504 Zephyrini

2096 4529 2382 4583 undecimo
2426 4528 2686 4596 contigit,
2742 4527 3013 4597 ipsiusque
3067 4525 3356 4597 Zepliyrini
3416 4535 3672 4592 mortem,

411 4617 756 4673 Antiochiam
810 4618 1040 4672 accitum
1094 4615 1261 4671 fuisse
1296 4615 1582 4687 Origenem
1628 4616 1762 4671 satis
1804 4628 1987 4684 aperte
2022 4653 2065 4707 ο
2094 4633 2215 4687 qua:
2241 4617 2306 4671 ad
2337 4615 2871 4687 alterum'Elagabali
2902 4633 3099 4671 annum
3141 4616 3398 4684 pertinet,
3426 4614 3677 4669 conferre

414 4714 722 4783 significat,
750 4723 805 4768 et
843 4712 1064 4768 disertis
1094 4727 1308 4782 quoque
1333 4712 1515 4767 verbis
1540 4720 1656 4780 post
1685 4709 1833 4763 illum
1861 4708 1985 4763 Sui-

415 4806 512 4859 das
528 4802 662 4874 (35),
681 4820 803 4859 cum
828 4821 1008 4859 rerum
1042 4806 1304 4872 potiretur
1334 4804 1478 4858 Illius
1501 4802 1617 4871 ejus
1648 4799 1979 4856 Alexander.

416 4897 517 4964 Qui
543 4908 825 4967 postquam
864 4897 1146 4967 imperium
1182 4897 1404 4965 adeptus
1436 4906 1538 4951 est.
1568 4910 1674 4949 non
1706 4894 1839 4948 alias
1872 4895 1986 4946 Au-

416 5080 499 5135 ria
527 5091 652 5133 mox
704 5091 732 5129 a
788 5077 1001 5131 .Instmo
1037 5075 1268 5146 Martyre
1294 5081 1756 5146 commemorata.
1802 5070 1984 5146 Neque

416 5149 561 5203 enim
619 5146 912 5201 verisimile
985 5147 1115 5200 mihi
1175 5143 1259 5200 est
1287 5144 1536 5213 juvenem
1592 5144 1754 5197 istum
1804 5143 1855 5194 id
1919 5143 1984 5196 ab

415 5217 758 5273 Alexandria:
788 5216 1017 5287 prmside
1049 5217 1441 5283 postulaturum
1493 5214 1682 5287 fuisse,
1724 5213 1985 5287 quodcu-

417 5304 558 5344 nonc
576 5282 944 5342 ecclesiastico
977 5282 1199 5339 vetitum
1233 5288 1493 5341 novisset.
1553 5283 1818 5337 Caeterum
1858 5282 1985 5334 llieo

420 5373 699 5430 ronytnus,
734 5358 897 5410 etiam
939 5357 1157 5430 quando
1201 5356 1438 5430 Quintium
1498 5352 1763 5430 acerrime
1795 5351 1987 5420 Orige-

418 5420 542 5485 ποιιῖ
574 5420 894 5493 insectatur,
913 5420 1070 5495 epist.
1086 5426 1155 5479 65
1172 5428 1253 5495 ad,
1272 5425 1581 5495 Pannnaclt.
1601 5431 1656 5495 et
1685 5420 1982 5495 Oceanum,

419 5502 487 5555 de
531 5500 646 5569 ipso
702 5492 885 5569 tamen
915 5492 1142 5569 hincgait
1170 5494 1338 5569 :__Vult
1374 5492 1564 5569 aliquis
1608 5493 1824 5569 laudare
1854 5492 1987 5569 Cri-

420 5562 621 5641 genein,
654 5568 830 5641 laudet
847 5577 909 5641 _u_t
934 5567 1114 5641 laudo.
1171 5565 1396 5641 Magnus
1436 5562 1513 5641 vir
1564 5565 1629 5640 ab
1669 5562 1915 5641 infantia.
1940 5571 1986 5612 et

416 5632 531 5693 {vere
557 5632 799 5708 martyris
827 5638 991 5706 ﬁlius,
1020 5632 1358 5690 Alexandria:
1393 5632 1798 5708 ecclesiasticam
1839 5632 1992 5708 scito-

419 5711 526 5761 lant
584 5700 768 5768 tenuit,
827 5700 1119 5761 succedens
1166 5705 1520 5759 eruditissimo
1572 5704 1684 5755 viro
1737 5700 1988 5754 Clementi

420 5779 735 5848 presbytero.
779 5777 1080 5849 Voluptates
1125 5780 1178 5832 in
1207 5787 1410 5832 tantum
1436 5774 1592 5845 fugit,
1642 5781 1695 5826 ut
1726 5773 1835 5825 zelo
1873 5770 1990 5836 Dei,

2097 4710 2229 4764 satis
2287 4711 2685 4765 babeamus:a
2735 4717 2977 4779 tempore
3014 4716 3193 4762 autem
3242 4706 3472 4775 praecise
3527 4706 3675 4759 desi-

2095 4800 2326 4870 gnanda,
2376 4815 2497 4853 cum
2541 4815 2609 4855 ne
2662 4800 2991 4868 conjectura:
3020 4798 3241 4869 quidem
3291 4797 3461 4853 locum
3517 4796 3677 4851 nobis

2096 4903 2340 4949 veterum
2370 4900 2713 4948 monumenta
2749 4893 3047 4960 praebeant,
3079 4891 3471 4946 abstineamus.
3505 4887 3560 4941 Id
3622 4889 3674 4941 in

2091 5070 2180 5124 sed
2218 5078 2389 5123 tamen
2441 5086 2542 5123 non
2567 5069 2848 5122 secundum
2896 5067 3187 5130 scientiam,
3220 5068 3362 5134 ferro
3405 5074 3676 5119 truncam

2089 5139 2364 5208 genitalia.
2418 5140 2543 5203 Ubi,
2585 5149 2644 5192 ut
2677 5139 2847 5208 vides,
2903 5138 3111 5208 facinus
3164 5153 3269 5208 non
3314 5137 3523 5208 laudat,
3580 5141 3676 5190 sed

2089 5207 2234 5273 eum,
2265 5225 2372 5277 quo
2406 5210 2473 5265 ad
2519 5210 2574 5265 id
2618 5207 2883 5277 impulsus
2932 5207 3129 5268 fuerat,
3162 5207 3376 5261 eximite
3419 5208 3679 5275 puritatis

2090 5295 2353 5334 antorem.

2160 5348 2273 5418 (51)
2311 5349 2537 5413 Euseb.,
2563 5348 2657 5404 lib.
2683 5364 2761 5409 vt,
2790 5363 2908 5417 cap.
2941 5348 2995 5412 8,
3026 5346 3113 5411 I4,
3138 5347 3230 5400 2i.

2161 5414 2273 5488 (52)
2319 5419 2509 5474 Verum
2542 5420 2654 5472 Ita’c
2690 5414 3117 5471 aliter—Eusebio
3161 5416 3482 5488 temporibus
3493 5414 3677 5488 divisa

2093 5484 2234 5551 sunt,
2256 5484 2366 5543 'etc.
2405 5489 2538 5543 Vide
2565 5488 2723 5557 paulo
2748 5488 2885 5542 infra
2930 5498 3110 5542 nolam
3143 5487 3205 5540 ad
3240 5502 3387 5557 num.
3422 5484 3531 5548 VII,
3584 5486 3676 5539 ubi

2087 5559 2347 5629 refellitur
2379 5554 2760 5627 lIueliibpiuio
2794 5558 2860 5614 de
2888 5569 3130 5629 tempore
3177 5571 3285 5627 quo
3333 5554 3677 5610 Mammaeam

2090 5629 2222 5683 adiit
2248 5628 2525 5697 Origenes.

2162 5700 2271 5767 (55)
2318 5700 2498 5764 Suid.,
2523 5697 2701 5753 Lexic.
2728 5698 2792 5753 Ω.
