1935 3110
112 156 165 184 653

618 157 903 186 ORIGENIANORUM
924 157 987 186 LIB.
1006 158 1027 191 Ι,
1047 158 1127 187 CAP.
1148 159 1170 187 ll

1678 164 1730 191 65A

112 217 218 245 decimo
246 217 325 245 tertio
352 217 497 254 Zephyrini
535 226 606 246 anno
637 218 758 246 historici
785 219 893 253 quidam
912 221 933 248 A
948 218 1073 254 Origenis
1089 220 1173 254 ipsius
1193 223 1316 246 naturam
1338 220 1472 254 interpres
1495 221 1610 254 pessime
1628 222 1729 250 retulit.

112 261 292 295 constituunt,
305 264 376 298 quod
387 265 420 292 ab
433 264 543 291 Eusebii
560 265 709 293 rationibus
725 273 778 292 non
794 265 896 292 discre-

112 312 206 341 pat,et
222 308 289 335 mihi
309 309 376 337 satis
393 309 533 344 probatur.

147 353 179 381 ll.
192 354 247 389 (54)
258 354 374 389 Propere
385 356 545 390 perlustrata
563 356 658 388 Roma.
673 357 763 384 statim
779 357 897 384 Alexan-

111 400 199 428 driam
216 400 346 435 Origenes
363 401 483 435 repetiit,
499 402 648 436 traditaque
663 403 687 429 ei
701 410 808 429 rursum
825 407 867 429 est
881 410 896 429 a

112 448 250 475 Demetrio
282 449 537 476 catecltumenorum
571 448 730 476 Christianis
765 448 897 484 dogmatis

113 494 315 522 imbuendorum
328 502 405 522 cura.
416 495 477 528 Quo
497 503 559 523 cum
578 495 604 522 in
622 495 830 529 opere,omissis
843 502 897 523 ca:-

113 539 180 567 teris
195 539 301 572 studiis,
316 540 374 568 dies
389 548 421 568 ac
437 545 531 568 noctes
551 544 704 574 urgeretur.
726 547 774 567 nec
797 540 848 567 sibi
862 540 896 566 ad

112 584 259 619 Scriptura:
287 585 492 620 divinarumque
526 593 616 613 rerum
642 585 897 620 pervestigationem

113 629 209 664 reliqui
231 630 377 664 quidquam
408 630 497 657 facere
522 636 629 664 posset,
656 630 768 657 docendi
800 637 896 657 munus

111 683 174 703 cum
195 675 320 710 Her-acia,
346 676 390 710 qui
407 680 462 703 tum
483 675 589 703 cteteris
614 675 672 710 ejus
699 674 843 710 praestabat
858 676 897 702 di-

112 721 234 755 scipulis,
259 722 294 748 ita
315 721 430 756 partitus
451 725 503 755 est,
520 726 549 749 ut
575 722 727 750 rudioribus
744 722 829 756 prima
849 722 897 749 do-

112 767 208 794 ctrinae
223 766 381 794 Christianae
396 767 531 794 elementa
547 767 592 794 hic
609 767 738 799 traderet,
766 766 896 794 maturio-

114 820 159 840 res
176 812 221 840 ille
244 817 271 840 et
296 813 352 848 jam
380 820 429 841 usu
453 813 557 847 peritos
588 812 735 840 reconditis
763 812 896 847 dogmatis

114 862 269 884 Instrueret.

148 902 191 929 lll.
217 903 284 930 Hinc
304 903 469 937 aliquantum
500 902 620 929 lucratus
642 902 701 935 otii,
718 909 751 929 eo
769 902 802 929 ad
827 909 893 930 eno-

112 948 216 976 dandas
235 948 383 983 Scriptura:
407 948 579 975 obscuriores
618 948 808 983 intelligentias
832 955 895 975 usus

112 1000 165 1026 est,
180 1001 293 1030 seseque
314 994 341 1021 in
352 1001 384 1022 eo
396 994 486 1021 studio
505 994 670 1029 quotidianis
687 994 895 1021 commentatio-

113 1041 192 1068 nibus
208 1040 351 1075 diligenter
367 1040 480 1074 subegit.
502 1039 602 1066 Verum
622 1047 683 1067 cum
697 1046 806 1074 operam
818 1046 894 1066 suam

114 1086 218 1120 absque
232 1085 369 1112 Hebraicae
381 1085 478 1120 lingua:
490 1085 584 1112 notitia
602 1084 702 1111 frustra
716 1084 838 1112 consumi
853 1084 894 1111 in-

116 1130 274 1162 tellexisset,
294 1131 320 1158 id
333 1138 439 1165 quoque
459 1135 648 1158 ornamentum
667 1129 699 1157 ad
715 1130 832 1164 reliquas
848 1130 895 1157 do-

115 1176 211 1203 ctrinae
225 1183 280 1203 sua:
301 1176 391 1203 laudes
401 1176 533 1211 adjunxit.
552 1174 669 1203 Joannes
687 1174 852 1202 Tritltemius
868 1176 894 1202 in

114 1222 184 1249 libro
203 1222 239 1249 De
260 1222 430 1256 scriptoribus
450 1222 631 1249 ecclesiasticis
649 1228 692 1248 res
709 1220 834 1256 Origenis
849 1220 894 1247 lit-

114 1268 180 1295 teris
195 1274 370 1302 prosequens,
384 1268 470 1302 ipsum
486 1268 524 1294 ait
537 1268 595 1302 jam
608 1275 695 1294 senem
717 1272 808 1293 contra
819 1274 894 1293 suam

112 1318 217 1340 atatem
247 1312 362 1347 linguam
399 1311 558 1339 Hebraicam
594 1312 727 1338 didicisse.
752 1312 894 1346 Perperam

114 1366 213 1393 nempe
244 1358 347 1392 accepit
373 1358 425 1385 ista
451 1357 607 1393 ilieronymi
628 1357 683 1393 (55)
707 1365 713 1384 :
736 1356 849 1384 Tantum
867 1357 895 1384 in

114 1405 260 1439 Srripturis
283 1405 376 1431 divinis
392 1405 481 1431 habuit
498 1404 589 1436 studii,
605 1409 632 1430 ut
656 1405 736 1430 etiam
758 1404 894 1431 Ilebrwam

112 1451 231 1485 linguam
257 1455 349 1477 contra
365 1451 450 1477 wtatis
476 1450 608 1485 gentisque
630 1458 685 1477 sua:
702 1455 824 1477 naturam
840 1450 896 1477 edi-

111 1502 204 1525 sceret.
232 1497 296 1531 Quae
329 1498 370 1525 sic
401 1497 534 1533 intelligo,
568 1497 623 1531 jam
657 1497 760 1524 virilem
788 1502 894 1525 aetatem

949 266 1025 293 Unde
1044 265 1118 292 fraus
1139 265 1228 293 Suidze
1242 273 1274 292 ac
1287 265 1563 301 Mag-leburgensibus
1577 267 1657 295 facta.

983 308 1025 336 IV.
1042 309 1099 345 (56)
1114 309 1180 336 Erat
1195 316 1244 343 per
1261 309 1287 336 id
1304 313 1407 343 tempus
1420 308 1593 338 Alexandria:
1614 311 1655 337 vir
1672 311 1731 346 opi-

947 354 998 382 bus
1013 362 1044 382 ac
1060 355 1192 390 dignitate
1206 355 1315 388 ﬂorens,
1332 355 1441 390 ingenio
1455 355 1536 382 etiam
1552 360 1688 390 spectatus
1703 361 1731 384 et

948 399 1083 427 doctrina.
1100 399 1177 427 Hunc
1191 398 1327 426 Valentini
1341 407 1445 431 errore,
1460 400 1506 434 qui
1521 404 1585 427 tunc
1600 401 1625 428 in
1643 401 1729 437 Egy-

946 449 992 478 pto
1004 444 1122 479 vigebat,
1137 443 1284 471 Marcionis
1299 443 1344 471 alii
1358 462 1367 477 ,
1380 443 1539 478 implicitum
1555 443 1639 473 fuisse
1661 447 1731 473 scri-

946 493 1024 521 bunt.
1039 493 1187 521 Commode
1201 493 1310 527 utrique
1326 502 1333 520 :
1351 493 1467 520 maxima
1482 494 1613 529 siquidem
1630 496 1729 523 utrius-

947 546 1000 573 que
1018 539 1150 566 haareseos
1165 538 1283 566 atiinitas
1296 538 1365 571 fuit,
1382 539 1590 574 dogmatomque
1614 548 1729 568 consen-

947 591 1004 611 sus.
1023 583 1204 611 Sabellianum
1221 583 1304 610 fuisse
1318 584 1427 617 quidam
1444 584 1524 611 etiam
1538 586 1728 620 prodiderunt,

947 628 999 655 hoc
1014 633 1055 655 est
1068 627 1227 655 Noetianum
1244 638 1251 654 :
1270 627 1405 655 Sabellius
1430 629 1528 664 quippe
1551 631 1641 657 statim
1667 636 1729 665 post

947 672 1069 709 Origenis
1082 674 1185 701 obitum
1201 673 1278 701 Noeti
1292 674 1467 708 praeceptoris
1488 675 1530 702 sui
1551 676 1727 704 deliramenta

947 720 1097 747 renovavit.
1112 719 1214 748 Crebro
1230 720 1262 747 ad
1282 720 1427 754 Origenem
1444 722 1592 749 ventitabat
1611 723 1726 750 Ambro-

947 765 1002 793 sius
1020 772 1081 792 cum
1104 765 1164 793 aliis
1187 765 1285 799 partim
1303 764 1454 798 haereticis,
1483 767 1583 801 partim
1610 768 1728 796 ethnicis

946 810 1120 845 philosophis,
1138 810 1183 845 qui
1198 810 1248 837 viri
1265 810 1375 837 nomine
1391 818 1422 838 ac
1437 811 1559 839 doctrina
1585 813 1726 847 pertrahe-

948 858 1055 885 bantur.
1072 856 1138 884 Nam
1154 865 1243 885 rerum
1256 857 1409 885 divinarum
1426 859 1594 886 documentis
1610 860 1728 894 philoso-

912 887 1016 937 BpltitB
1046 909 1173 937 quoque,
1201 903 1450 930 mathematicarum
1487 908 1515 931 et
1547 887 1726 932 hunianarum

947 948 1150 984 disdplinarum
1178 953 1309 983 praecepta
1325 956 1472 983 aspergens
1485 969 1493 981 ,
1514 950 1650 978 auditores
1665 959 1727 978 ern-

949 995 1038 1022 diebat
1067 1002 1116 1030 pro
1139 994 1350 1029 uniuscujusque
1372 999 1448 1029 captu
1476 1005 1482 1022 :
1507 1003 1557 1023 nec
1578 1005 1670 1030 parum
1694 998 1727 1025 iis

946 1039 1077 1067 doctrinis
1092 1040 1181 1067 inesse
1195 1040 1326 1067 censebat
1341 1040 1375 1067 ad
1390 1048 1470 1067 sacra
1488 1042 1659 1076 percipienda
1676 1044 1726 1070 atl-

943 1078 1071 1113 iumenti.
1087 1085 1224 1113 Adversus
1237 1086 1309 1113 hunc
1327 1085 1362 1112 ita
1376 1085 1486 1114 allectus
1502 1093 1543 1115 est
1558 1084 1731 1123 Ambrosius,

945 1135 975 1158 ut
990 1131 1101 1166 ejuratis
1117 1132 1256 1158 erroribus
1271 1132 1373 1159 saniori
1392 1132 1514 1160 doctrinm
1532 1134 1725 1162 instituendum

945 1177 968 1203 ei
983 1184 1013 1204 se
1031 1177 1157 1210 traderet,
1176 1177 1209 1204 ad
1224 1177 1337 1213 ejusque
1353 1178 1511 1206 societatem
1537 1187 1596 1208 sese
1616 1181 1723 1214 penitus

946 1221 1102 1256 applicaret.
1134 1221 1209 1249 'l'unc
1237 1222 1385 1257 imperasse
1409 1223 1576 1251 Caracallam
1601 1226 1725 1260 agnoscit

945 1265 1075 1294 Baronius
1090 1266 1157 1301 (37).
1172 1274 1234 1294 cum
1250 1268 1282 1294 ad
1299 1267 1402 1295 Christi
1423 1270 1499 1296 ﬁdem
1521 1277 1667 1298 conversus
1684 1277 1725 1299 est

945 1311 1114 1339 Ambrosius.
1137 1312 1207 1340 ldetn
1234 1317 1324 1340 tamen
1341 1313 1484 1349 Origenem
1508 1314 1592 1342 Roma
1606 1316 1724 1343 Alexan-

945 1356 1031 1384 driam
1055 1357 1167 1384 rediisse
1189 1357 1268 1385 docet
1290 1359 1433 1393 postremis
1459 1360 1603 1395 Zepltyrini
1622 1366 1725 1396 tempo-

946 1403 1040 1436 ribus,
1060 1411 1156 1430 recens
1184 1405 1281 1439 adepto
1309 1405 1451 1440 imperium
1478 1406 1620 1440 Elagabalo
1638 1415 1644 1432 τ
1663 1416 1723 1435 cum

945 1448 1082 1477 Ambrosii
1107 1450 1312 1478 conversionem
1340 1452 1511 1486 praacesserit
1530 1453 1585 1480 haec
1600 1453 1724 1489 Origenis

945 1494 1052 1522 reditio.
1072 1494 1155 1523 Plane
1168 1502 1217 1523 suo
1231 1496 1281 1523 sibi
1298 1496 1387 1530 gladio
1399 1496 1547 1533 jugulatur.

112 1544 239 1578 adeptum
254 1544 454 1577 Adamantium,
464 1551 524 1578 qua:
533 1547 600 1570 mtas
611 1543 801 1579 grammaticas
814 1544 894 1571 tricas
907 1552 928 1581 ο
980 1538 1013 1567 V.
1035 1539 1133 1566 Iisdem
1157 1539 1215 1567 fere
1241 1542 1407 1576 temporibus
1431 1542 1573 1569 militarent
1586 1542 1721 1570 hominem

111 1597 146 1617 ac
163 1590 323 1624 quisquilias
344 1589 485 1624 aspernari
501 1589 579 1622 solet,
605 1594 631 1616 et
662 1589 829 1623 gravioribus
840 1594 894 1616 stu-

111 1635 164 1663 diis
179 1635 317 1668 delectari,
328 1642 361 1662 eo
369 1639 456 1661 tamen
468 1634 608 1662 demisisse
619 1635 788 1666 animum,ut
803 1634 830 1661 in
842 1634 893 1662 hac

111 1686 173 1708 arte
193 1688 221 1708 se
236 1685 386 1709 exerceret.
401 1680 479 1707 Nulla
491 1680 546 1708 illic
559 1680 706 1708 senectutis
720 1680 890 1715 signiﬁcatio.

112 1727 356 1761 Magdeburgenses
371 1734 444 1758 vero,
465 1731 538 1753 cent.
559 1726 587 1759 5,
600 1733 659 1760 cap.
679 1725 723 1758 10,
739 1725 807 1752 idem
827 1733 891 1752 nar-

111 1778 172 1799 rant
187 1773 228 1799 his
242 1772 331 1799 verbis
347 1780 354 1798 :
371 1771 416 1799 Ita
429 1772 509 1806 igitur
523 1772 569 1798 otii
580 1771 770 1807 aliquantulum
788 1777 890 1804 nactus,

109 1820 144 1843 ad
153 1817 303 1844 discendam
316 1817 431 1852 linguam
446 1816 594 1849 Hebrwam,
607 1825 661 1844 sua;
677 1816 773 1851 alioqui
788 1821 891 1842 natura:

110 1863 255 1894 adversata,
268 1867 297 1889 ut
316 1862 415 1890 Suidaa
428 1862 476 1895 ait,
490 1863 608 1888 animant
630 1862 735 1894 adiecit.
753 1861 817 1895 Quae
837 1861 892 1889 illic

111 1911 192 1937 habet
211 1909 325 1941 Suidas,
346 1916 361 1935 e
385 1908 477 1935 Graeca
505 1907 641 1935 transtulit
668 1907 891 1942 interpretatione

111 1955 312 1990 Hieronymiani
333 1955 422 1989 operis
446 1953 484 1980 De
505 1953 675 1987 scriptoribus
694 1952 888 1986 ecclesiasticis,

110 2001 155 2028 ubi
179 2000 301 2034 proxime
318 2000 432 2027 adducta
457 1999 613 2034 Hieronymi
627 1998 709 2025 verba
728 1998 768 2026 sic
785 1998 890 2025 reddita

109 2052 172 2075 sunt
185 2057 191 2074 :
202 2048 280 2073 Ὥστε
291 2047 336 2073 καὶ.
344 2047 393 2083 τὴν
411 2045 556 2081 Ἐϐραῖκὴν
562 2043 676 2076 διάλεξιν
684 2043 889 2079 ἐναντιουμένην

107 2095 141 2129 τῇ
158 2102 187 2120 τε
205 2094 306 2129 ἡλικίᾳ,
322 2093 368 2120 καὶ
381 2094 413 2128 τῇ
435 2092 522 2127 οἰκείᾳ
546 2091 624 2126 φύσει
644 2089 783 2125 ἐκμαθεῖν.
813 2089 889 2122 Quod

108 2137 143 2164 de
161 2137 354 2164 Alexandrina:
372 2136 460 2171 gentis
488 2141 584 2163 natura
607 2135 674 2162 dixit
697 2135 887 2169 Hieronymus,

105 2190 168 2217 quae
180 2183 255 2217 juxta
281 2182 435 2209 Griecorum
461 2182 581 2209 omnium
600 2181 821 2208 consuetudinem
839 2180 889 2207 lin-

943 1585 1134 1613 Alexandriam
1150 1586 1232 1613 mittit
1245 1587 1351 1614 Arabia:
1370 1594 1483 1622 praeses,
1500 1595 1561 1614 cum
1576 1588 1675 1616 litteris
1688 1590 1724 1616 ad

943 1631 1110 1658 Demetrium
1124 1631 1279 1666 episcopum
1293 1651 1300 1665 ,
1321 1637 1349 1658 et
1369 1632 1402 1658 ad
1423 1631 1531 1667 Egypti
1555 1632 1722 1668 prtet’ectum,

943 1677 1040 1712 quibus
1055 1677 1229 1705 vehementer
1243 1678 1339 1705 orabat
1360 1677 1504 1713 Origenem
1529 1680 1562 1705 ad
1587 1685 1617 1706 se
1632 1679 1723 1706 conie-

942 1723 1004 1750 stim
1024 1724 1182 1756 mitterent;
1210 1723 1279 1751 velle
1301 1731 1331 1751 se
1346 1724 1380 1751 de
1404 1723 1484 1751 rebus
1498 1724 1600 1752 divinis
1612 1733 1672 1752 cuin
1690 1733 1723 1752 eo

942 1769 1152 1800 communicare,
1180 1770 1290 1804 ejusque
1320 1770 1449 1798 doctrina:
1477 1771 1534 1798 lieri
1551 1771 1722 1806 participem.

942 1813 1113 1848 :Equissima:
1127 1814 1301 1848 postulationi
1321 1815 1416 1842 annuit
1433 1819 1557 1850 uterque.
1574 1816 1722 1851 Ablegatus

942 1860 975 1887 ad
992 1868 1052 1887 emn
1068 1860 1196 1887 continuo
1209 1859 1349 1894 Origenes,
1366 1864 1392 1887 et
1405 1868 1434 1887 re
1448 1860 1562 1887 feliciter
1576 1862 1720 1896 explicata.

941 1904 1132 1932 Alexandriam
1148 1904 1207 1932 sine
1221 1912 1295 1932 mora
1312 1912 1438 1933 reversus
1459 1910 1512 1933 est.
1531 1906 1607 1938 Quod
1631 1913 1721 1934 autem

941 1950 1037 1977 asserit
1066 1949 1215 1981 Halloxius,
1246 1949 1359 1977 minimc
1387 1949 1499 1977 dubium
1526 1958 1586 1978 esse
1605 1952 1668 1985 quin
1687 1954 1721 1979 ad

940 1996 1101 2024 audiendum
1125 1996 1295 2032 Hippolytum
1322 1997 1350 2024 in
1376 1997 1488 2024 ecclesia
1501 1997 1615 2032 quadam
1637 1999 1719 2026 verba

939 2042 1082 2069 iacientem
1093 2049 1141 2076 per
1152 2042 1177 2068 id
1189 2046 1292 2076 tempus
1306 2041 1439 2069 accedens
1449 2041 1588 2077 Origenes,
1600 2043 1722 2077 designa—
1743 2064 1746 2070 .

940 2093 982 2116 tus
997 2089 1030 2115 ab
1045 2096 1087 2120 eo,
1100 2093 1128 2115 et
1142 2088 1253 2115 ltoaoris
1267 2088 1355 2122 gratia
1375 2088 1527 2115 astantibus
1542 2088 1623 2116 fuerit
1641 2097 1719 2116 mon-

940 2139 1054 2168 stratus,
1078 2139 1108 2161 ut
1129 2134 1228 2161 factum
1252 2132 1336 2161 refert
1366 2133 1545 2168 Hieronymus
1583 2134 1644 2161 libr.
1682 2135 1720 2161 De

939 2180 1029 2213 script.
1043 2179 1133 2214 eqcles.
1152 2180 1177 2206 in
1191 2179 1351 2215 Hippolyto,
1370 2179 1469 2213 indiget
1491 2180 1516 2206 id
1531 2180 1638 2214 quidem
1655 2188 1719 2215 prn-

106 2236 220 2262 guarum
239 2229 406 2256 exoticarum
434 2228 558 2256 notitiam
582 2227 784 2260 contemnebat,
810 2227 835 2254 id
853 2228 886 2255 ad
902 2225 924 2252 D
939 2228 1047 2255 batione
1063 2234 1069 2251 ε
1088 2225 1145 2262 (58)
1162 2233 1221 2253 cum
1243 2227 1314 2253 enim
1326 2233 1358 2253 ex
1373 2227 1472 2253 Arabia
1489 2226 1635 2253 excesserit
1656 2225 1719 2260 Hip-

142 2285 199 2321 (54)
213 2286 321 2317 Euseb,
336 2285 405 2312 Hist.
421 2285 494 2321 πει..
507 2285 552 2311 lib.
564 2292 600 2315 γι,
616 2292 674 2321 t-ap.
687 2284 779 2311 M-l6.

154 2319 199 2351 35)
215 2322 335 2352 Hieron.,
353 2321 399 2347 lib.
423 2320 461 2346 De
472 2319 658 2351 script.etcles.

154 2356 198 2390 56)
216 2357 324 2387 Euseb.,
344 2355 415 2381 llist.
434 2356 508 2384 eccl..
526 2355 569 2380 lib.
586 2362 621 2384 vt,
635 2353 756 2390 captis,
773 2354 817 2381 l9.

153 2388 198 2422 57‘)
210 2391 307 2417 Baron.
324 2392 355 2416 atl
374 2398 417 2416 an.
432 2391 495 2420 220,
512 2398 585 2416 Itum.
600 2390 616 2415 6
631 2394 657 2415 et
674 2388 716 2414 12.

141 2422 197 2460 (58)
212 2425 276 2452 Cum
293 2426 362 2452 enim
382 2433 414 2452 ea:
431 2425 530 2450 Arabia
549 2424 686 2460 excesserit
714 2422 882 2460 Hippolytus,

104 2467 130 2490 et
148 2462 175 2488 in
194 2460 276 2487 Italia
286 2462 389 2487 demum
406 2460 560 2494 martyrium
570 2459 680 2494 abierit,
690 2463 751 2494 etc:
759 2459 886 2494 _S_equitur

105 2496 218 2525 Huetius
233 2495 377 2522 Baronium
394 2495 438 2528 qui
456 2492 488 2521 ad
506 2501 604 2520 annum
620 2493 718 2520 Christi
738 2492 791 2528 2'29
811 2498 886 2526 putat

104 2539 231 2566 magnum
247 2527 416 2564 Hippolytum
430 2529 462 2555 de
476 2537 528 2566 quo
545 2529 589 2554 hic
607 2528 710 2566 agitur,
728 2534 761 2554 cx
779 2527 878 2566 Arabia

102 2562 262 2596 excéssisse,
281 2562 400 2591 Romam
423 2562 538 2595 venisse,
562 2567 588 2589 et
610 2571 625 2589 a
645 2562 748 2589 Calixto
761 2569 827 2596 papa
845 2562 878 2588 ad

102 2602 286 2636 episcopatum
308 2600 487 2636 rPortuensAem
514 2603 635 2636 evectum
654 2596 759 2636 fuisse.
788 2597 878 2636 ibique

103 2631 265 2670 martyrium
289 2635 397 2662 obiisse.
431 2633 528 2670 verum
554 2632 630 2666 cujus
654 2631 704 2670 loci
720 2631 877 2670 Hippolytus

104 2667 186 2698 interii.
210 2671 352 2704 episcopus
381 2676 430 2696 nec
455 2668 633 2704 Hieronymus
660 2667 748 2704 scivit,
766 2671 794 2704 ut
821 2667 877 2699 ipse

102 2701 234 2740 agnoscit'
249 2706 286 2740 fini
304 2701 434 2740 Vliatalogo
463 2701 618 2740 scriptorum
638 2701 880 2740 ecclesiasticarum,

102 2735 164 2774 cap.
183 2740 226 2766 6i.
241 2739 364 2775 Gelasius
380 2735 426 2766 lib.
445 2745 453 2764 t
477 2735 570 2775 contra
586 2735 882 2775 Eutyclten,"llippoly-

103 2770 160 2802 tuin
185 2780 263 2801 vocat
290 2774 409 2800 Arabum
432 2772 678 2806 metropolitanum.
696 2770 880 2806 AtEuseuius,

102 2810 152 2836 lib.
173 2817 199 2836 vt
218 2809 287 2835 llist.
301 2809 376 2840 eccl.,
388 2816 448 2842 cap.
460 2808 495 2835 20
506 2805 526 2838 ,ί
537 2806 616 2833 simul
638 2806 672 2842 de
693 2805 835 2842 Hippolyto
855 2810 882 2832 et

102 2846 137 2872 de
152 2844 254 2879 Beryllo
269 2840 429 2871 Bostroruui
449 2843 575 2876 episcopo
592 2840 724 2879 loquitur.
754 2840 881 2879 Bostrena

103 2881 169 2906 urbs
186 2875 289 2906 A'rabia:
309 2886 370 2906 tunc
387 2884 445 2905 erat
467 2875 634 2911 metropolis.
661 2875 728 2910 Ergo
744 2883 804 2902 cum
823 2875 879 2909 cpi~

941 2291 1051 2318 scopum
1065 2283 1187 2310 habuerit
1199 2282 1405 2318 Beryllnmtalia
1416 2282 1557 2317 quaerenda
1571 2280 1718 2318 estHippo-

939 2317 1160 2353 lyto'tnetropolis
1172 2325 1250 2353 quam
1278 2325 1326 2343 nec
1347 2317 1525 2353 Hieronymus
1552 2317 1644 2353 novit,
1668 2324 1718 2344 nec

938 2352 1080 2383 Eusebius,
1098 2361 1183 2386 neque
1201 2352 1395 2379 Tlteodoretus.
1419 2352 1483 2384 Quae
1508 2359 1568 2377 cmn
1598 2352 1632 2377 ita
1651 2352 1715 2384 sint,

937 2396 1029 2423 inquas
1045 2395 1133 2413 rerum
1150 2387 1299 2423 aestimator
1321 2387 1426 2423 iudicet
1446 2394 1567 2423 quaenam
1592 2386 1716 2423 habenda

937 2420 1049 2450 sitlides
1075 2421 1269 2449 recentioribus
1291 2421 1487 2455 scriptoribus.
1515 2420 1629 2455 Georgio
1652 2426 1715 2454 puta

937 2457 1060 2492 Syncello
1073 2457 1098 2483 in
1115 2456 1253 2492 Chronico,
1275 2456 1425 2492 Nicepltoro
1440 2456 1558 2492 rOallisto
1574 2476 1582 2487 ,
1603 2455 1717 2492 zonam

939 2490 966 2518 ei
987 2492 1127 2518 Anastasio
1139 2491 1344 2518 Bibliothecario
1358 2491 1383 2517 in
1398 2490 1577 2522 Collectaneis,
1590 2491 1635 2524 qui
1651 2490 1715 2525 Hip-

938 2527 1055 2562 polytum
1066 2527 1240 2562 Portuettsem
1251 2526 1404 2562 episcopum
1414 2524 1497 2562 fuisse
1506 2526 1636 2562 scribunt.
1646 2524 1717 2559 Quid

933 2560 996 2588 item
1010 2562 1052 2588 liel
1066 2563 1097 2588 de
1109 2561 1136 2587 ὃ.
1147 2560 1283 2587 Germano
1293 2560 1586 2594 Constantinopolitano
1602 2562 1717 2588 mentio-

933 2605 991 2623 nem
1004 2597 1117 2622 faciente
1126 2595 1259 2630 Hippolyti
1269 2597 1298 2621 (lc
1309 2596 1389 2621 lioma
1400 2595 1488 2628 ?Quid
1501 2596 1533 2622 de
1545 2594 1657 2622 Leontio
1666 2597 1716 2630 By-

931 2632 1020 2657 zantio
1032 2639 1076 2665 qut
1092 2635 1156 2657 toni.
1169 2629 1201 2655 XI
1210 2630 1335 2656 Biblioth.
1346 2629 1435 2660 Patr.,
1445 2637 1504 2664 pag.
1519 2630 1582 2661 505,
1592 2629 1714 2665 sanctum

930 2664 1093 2692 Clementem
1118 2670 1145 2692 et
1174 2665 1342 2699 Hippolytum
1373 2665 1514 2699 episcopos
1540 2665 1589 2700 τῆς
1606 2664 1715 2700 Ῥώμης

934 2702 1029 2728 vocat?
1046 2701 1124 2728 Certe
1139 2702 1233 2726 horum
1247 2701 1366 2726 omnium
1379 2707 1455 2726 error
1472 2700 1532 2726 inde
1547 2705 1625 2726 uattts
1643 2701 1715 2726 vide-

934 2741 987 2768 tur,
1004 2735 1073 2770 quod
1091 2743 1215 2770 magnum
1237 2734 1410 2768 llippolvtuln
1428 2735 1627 2770 episcopunLet
1642 2742 1713 2760 tuar-

934 2769 1035 2805 tyrcm,
1054 2771 1087 2797 de
1108 2769 1160 2804 quo
1176 2770 1318 2802 Eusebius,
1346 2769 1521 2805 llieronytnus
1547 2769 1713 2805 etATlteodoj

935 2803 1017 2836 nctus,
1032 2803 1197 2831 confundunt
1224 2813 1284 2831 cum
1311 2805 1396 2831 altero
1412 2803 1553 2838 Hippolyto
1570 2803 1712 2830 Porluensi

933 2847 1051 2876 martyre
1066 2842 1098 2868 de
1108 2848 1163 2874 quo
1176 2840 1336 2867 Prudentius
1351 2838 1386 2865 De
1399 2840 1547 2873 mor/yrib.,
1565 2840 1655 2873 Itymn.
1669 2838 1711 2865 Η.
