3870 6220
399 340 504 394 655

1659 325 1718 378 Ρ.
1763 323 2077 379 DAMELIS
2113 322 2346 380 HUETII

3545 318 3652 373 656

401 463 635 531 polytus,
667 463 721 510 et
744 455 797 508 in
832 452 981 507 italia
1012 452 1226 506 demum
1259 447 1574 517 martyrium
1603 446 1978 507 obierit,buic
2008 448 2050 504 Α
2080 461 2171 500 sas
2234 445 2371 500 bello
2398 484 2413 511 ,
2470 440 2813 497 Antiochiam
2867 440 3018 495 venit
3062 437 3371 494 Alexander
3414 438 3653 494 Severus

403 552 532 607 alibi
561 549 763 620 passim
796 557 1086 600 occurrere
1121 542 1299 615 potuit
1333 539 1596 610 Origenes
1620 580 1633 603 ,
1672 551 1723 594 et
1755 540 1974 595 concio-

401 641 606 695 cinanti
640 639 853 692 adesse.

474 730 565 785 Vi.
596 730 711 784 Non
746 726 917 782 nmito
948 734 1069 794 post
1099 722 1425 778 Alexandria
1451 722 1589 789 clam
1631 722 1786 784 exiit,
1823 736 1973 775 arma

403 825 568 892 Impia
625 818 920 875 Caracailte
986 816 1228 885 fugiens,
1284 815 1481 882 quibus
1551 811 1973 868 funestissimam

405 911 791 971 Alexandrinis
867 909 1071 963 cladem
1146 906 1348 961 intulit.
1407 905 1598 960 Annus
1660 906 1978 959 trahebatur

405 1006 606 1062 Christi
634 1002 759 1067 215,
790 1000 1083 1057 Caracailae
1117 998 1341 1069 quintus
1362 1038 1379 1063 ,
1413 999 1589 1053 aetatis
1620 997 1842 1053 circiter
1874 997 1973 1051 tri-

404 1102 663 1156 cesimum
715 1106 907 1165 agente
939 1089 1194 1160 Origene.
1230 1090 1465 1145 Secessit
1515 1091 1605 1144 ille
1642 1090 1692 1142 in
1737 1087 1977 1143 Palaesti-

404 1207 553 1255 nam,
594 1198 648 1242 et
694 1186 955 1241 Caesareae
983 1184 1167 1237 sedem
1224 1182 1404 1251 posuit
1434 1199 1447 1235 :
1490 1183 1576 1236 ubi
1613 1191 1792 1236 tantus
1824 1182 1872 1233 ei
1909 1180 1976 1233 ab

404 1281 673 1352 episcopis
694 1279 867 1334 honos
893 1274 1110 1330 habitus
1133 1281 1238 1337 est,
1264 1283 1323 1327 ut
1348 1273 1586 1327 nonduin
1612 1273 1736 1327 licet
1756 1270 1977 1341 presby-

407 1384 546 1438 tero,
601 1371 697 1425 sed
755 1368 895 1422 laico
949 1364 1114 1419 etiam
1177 1374 1289 1418 tum
1346 1364 1650 1419 deferretur
1705 1362 1973 1432 negotium

403 1464 702 1531 Scripturae
734 1458 947 1530 publice
984 1457 1037 1510 in
1064 1456 1295 1511 ecclesia
1316 1456 1697 1523 explananda,
1731 1468 1974 1524 prasen-

406 1557 547 1610 tibus
584 1552 874 1624 episcopis.
909 1549 1080 1619 1Egre
1114 1548 1234 1601 tulit
1262 1547 1588 1612 Demetrius,
1621 1555 1675 1601 et
1718 1554 1975 1614 tanquam

402 1659 602 1720 praeter
657 1647 740 1701 fas
794 1646 861 1699 ab
912 1641 1183 1712 episcopis
1231 1650 1287 1695 et
1338 1640 1574 1707 Origene
1653 1646 1975 1692 attentatum

406 1740 623 1809 scriptis
654 1738 716 1792 ad
748 1752 841 1792 eos
873 1733 1117 1804 epistolis
1146 1732 1442 1786 damnavit.
1472 1730 1698 1785 Factum
1746 1727 1976 1782 rationi.

2075 538 2351 593 Mammaea
2408 547 2580 591 matre
2630 533 2946 598 comitatus,
2994 547 3115 602 quae
3177 541 3238 585 ut
3277 539 3399 587 erat
3430 531 3655 586 natione

2077 622 2232 700 Syra,
2262 639 2316 684 et
2342 644 2524 683 rerum
2565 625 2919 681 Judaicarum
2950 637 3016 679 ac
3062 623 3496 678 Christianarum
3550 621 3654 676 ali-

2075 737 2233 791 quem
2262 726 2577 790 perceperat
2601 731 2757 772 usum
2784 755 2799 782 ,
2833 715 3119 786 Origenem
3165 714 3296 783 (40),
3327 713 3480 782 cujus
3525 723 3655 768 tunc

2076 814 2276 885 passim
2309 812 2684 869 celebrabatur
2716 825 2933 874 nomen,
2960 809 3129 863 misso
3151 807 3368 861 militari
3400 805 3655 861 satellitio

2077 908 2143 961 ad
2185 921 2303 963 sese
2346 905 2628 960 accersivit
2680 902 3024 973 exploranda:
3077 899 3309 955 hominis
3367 897 3652 960 doctrinae,

2078 999 2405 1069 maiorisque
2437 997 2637 1054 Christi
2672 997 2873 1055 notitiae
2906 994 3263 1065 adipiscendae
3292 1006 3471 1047 eausa.
3516 990 3656 1045 Mul-

2078 1094 2147 1146 tis
2186 1091 2324 1159 apnd
2353 1090 2497 1143 illam
2531 1088 2597 1143 de
2628 1088 2736 1143 Deo
2792 1086 3132 1143 sermonibus
3184 1084 3403 1146 habilis,
3460 1091 3657 1137 exacto

2078 1178 2187 1233 illic
2219 1192 2323 1231 non
2353 1177 2563 1231 modico
2594 1184 2858 1244 tempore,
2886 1176 2954 1229 ad
2982 1173 3285 1228 intermissa
3313 1173 3487 1228 studia
3525 1172 3654 1227 Ale-

2077 1268 2357 1323 xandriam
2387 1265 2715 1335 properavit.
2772 1264 2924 1329 Hanc
2968 1262 3217 1334 Origenis
3261 1262 3655 1332 peregrinatio-

2076 1374 2201 1413 nem
2235 1357 2567 1426 temporibus
2607 1356 2712 1413 illis
2739 1356 3093 1427 coniungens,
3116 1355 3228 1410 scio
3257 1367 3343 1408 me
3370 1351 3660 1407 chronolo-

2077 1464 2266 1520 gorum
2294 1449 2498 1520 aliquot
2533 1448 2832 1504 rationibus
2868 1461 3167 1516 repugnare
3189 1485 3203 1506 ,
3233 1446 3322 1515 qui
3357 1445 3423 1499 ad
3472 1454 3656 1498 extre-

2077 1557 2194 1597 mos
2222 1541 2511 1597 Alexandri
2545 1541 2731 1597 Severi
2764 1555 2935 1597 annos
2958 1540 3227 1594 Persicam
3257 1536 3657 1606 expeditionem

2077 1632 2345 1698 referunt,
2371 1648 2494 1689 cum
2524 1635 2691 1687 multo
2716 1640 2841 1686 ante
2888 1631 3093 1685 exitum
3137 1627 3431 1683 Alexandri
3482 1627 3660 1680 visere

2080 1725 2145 1779 ad
2173 1726 2507 1781 Mammaeam
2543 1724 2833 1793 Origenem
2864 1724 3027 1778 ivisse
3048 1731 3253 1777 certum
3302 1720 3391 1775 sit.
3427 1718 3540 1791 (Μ)
3591 1720 3660 1772 At

407 1837 533 1898 bus,
566 1834 903 1899 aliorumque
928 1828 1308 1899 episcoporum
1339 1824 1661 1879 auctoritate
1691 1831 1748 1876 et
1786 1837 1975 1876 exem-
2008 1792 2051 1846 Β
2082 1820 2233 1873 nobis
2280 1817 2461 1872 favent
2521 1792 2736 1869 Eusebii
2787 1812 3153 1884 ὲπιλογισμοί,
3205 1812 3403 1883 quibus
3449 1812 3503 1865 in
3557 1811 3663 1866 hac

406 1926 497 1997 pio
524 1930 857 1979 excusarunt
896 1919 1245 1974 Tlieoclistns
1291 1915 1721 1989 (Theotechnum
1752 1913 1977 1968 Photius

407 2017 662 2088 appellat,
694 2014 816 2070 cod.
851 2010 953 2065 H8
982 2020 1034 2066 et
1068 2010 1190 2076 152)
1220 2008 1482 2064 Caesareae
1540 2006 1824 2073 episcopus
1846 2045 1861 2067 ,
1900 2002 1978 2059 Je-

407 2110 697 2180 resolymte
724 2106 1054 2161 Alexander.
1088 2104 1200 2158 Nec
1228 2103 1303 2155 ita
1336 2111 1517 2154 tamen
1554 2099 1837 2167 placarunt
1872 2099 1978 2152 De-

410 2200 668 2256 metrium
690 2239 706 2264 ,
748 2206 809 2251 ut
841 2212 947 2251 non
976 2194 1265 2264 Origenem
1296 2205 1394 2259 per
1421 2189 1652 2252 litteras,
1676 2188 1981 2255 missosque

409 2293 671 2347 diaconos
700 2295 1012 2343 revocaret.
1050 2281 1235 2338 Paruit
1261 2281 1350 2334 ille
1374 2278 1675 2342 mandatis,
1716 2287 1767 2332 et
1798 2292 1981 2332 rever-

408 2385 501 2439 sits
554 2383 607 2436 in
672 2381 903 2450 patriam
970 2385 1231 2432 consueto
1288 2389 1408 2429 sese
1459 2369 1672 2426 muneri
1721 2369 1978 2424 restituit.

411 2474 733 2545 Castiganda
780 2472 869 2525 hic
929 2468 1185 2535 liailoxii,
1244 2466 1586 2533 aliorumque
1621 2460 1980 2529 indiligentia,

412 2567 500 2635 qui
535 2564 685 2636 prius
713 2563 818 2618 hoc
848 2560 1099 2629 Origenis
1127 2558 1179 2612 in
1217 2553 1564 2610 Palaestinam
1598 2552 1704 2606 iter
1726 2548 1985 2604 confude-

410 2666 539 2713 runt
569 2671 693 2711 cum
734 2652 905 2707 altero
935 2649 1093 2720 paulo
1126 2656 1249 2717 post
1279 2662 1308 2699 a
1356 2645 1511 2699 nobis
1548 2642 1818 2698 narrando
1843 2640 1986 2710 quod

414 2750 482 2804 ad
514 2747 732 2804 Achaiae
766 2744 1056 2815 episcopos
1089 2738 1437 2811 proficiscens
1475 2750 1569 2805 per
1618 2748 1679 2788 ea
1729 2731 1843 2787 loca
1887 2732 1985 2785 ha-

410 2840 529 2895 buit
561 2857 575 2893 :
607 2848 893 2905 utramque
923 2833 1068 2887 enim
1097 2830 1489 2902 profectionem
1532 2833 1693 2880 caute
1740 2821 1987 2877 distinxit

414 2930 703 2996 Eusebius,
735 2926 1083 2996 prioremque
1116 2931 1241 2975 ante
1273 2916 1567 2974 Caracallae
1606 2914 1889 2969 interitum
1920 2910 1989 2965 ab

414 3023 647 3093 Origene
696 3026 1001 3086 susceptam
1046 3022 1233 3067 narrat
1278 3010 1372 3065 lib.
1414 3025 1465 3064 vr
1508 3007 1674 3069 Hist.,
1743 3019 1864 3073 cap.
1898 3002 1984 3068 i9,

414 3111 773 3183 posteriorem
806 3107 1147 3178 temporibus
1178 3104 1245 3158 iis
1264 3104 1517 3171 deputat,
1551 3099 1745 3168 quibus
1782 3095 1988 3150 Phileto

414 3205 754 3260 Antiocheno
804 3201 1064 3271 episcopo
1110 3195 1372 3252 successit
1401 3192 1665 3254 Zebinus;
1703 3190 1853 3245 locus
1894 3204 1989 3243 ex-

414 3308 525 3353 stat
573 3296 665 3351 lib.
703 3310 752 3348 vi
788 3293 957 3358 Hist.,
984 3306 1103 3362 cap.
1133 3290 1234 3356 25;
1280 3289 1647 3357 episcopatum
1677 3291 1853 3335 autem
1882 3281 1987 3336 Ze-

415 3389 577 3445 binus
623 3387 745 3441 iniit
771 3386 871 3439 sub
918 3384 1229 3438 Alexandro
1257 3380 1457 3434 Severo
1486 3416 1501 3440 ,
1532 3388 1588 3429 ut
1617 3385 1700 3428 est
1731 3376 1783 3426 in
1822 3373 1990 3426 Euse-

414 3480 579 3537 biano
618 3477 906 3533 Chronico.
946 3475 1004 3528 Id
1029 3473 1177 3545 quod
1220 3471 1329 3527 alio
1389 3470 1503 3539 ipse
1551 3468 1670 3521 loco
1710 3464 1987 3519 lialloxius

420 3569 825 3627 animadvertit.

486 3663 598 3718 Vit.
625 3661 738 3733 (59)
786 3660 984 3713 Coorto
1024 3656 1227 3711 interea
1282 3652 1557 3707 Romanos
1592 3649 1736 3706 inter
1764 3657 1819 3705 et
1856 3646 1986 3702 Per-

494 3877 603 3950 (59)
628 3876 779 3950 Αιιηε

494 3929 605 4018 iiti’)
628 3941 1023 4018 Euseb.,_lli_st.
1058 3937 1209 4018 ecce,
1244 3934 1454 4018 liti...“z
1479 3947 1598 4018 cap.
1615 3929 1720 4018 et.

628 3997 899 4089 Atjnot'n's
937 4012 1107 4089 favent
1159 3997 1371 4089 Eusebii
1429 3997 1985 4089 ὲπιλφςερμριλέξς.

421 4067 543 4145 Non
570 4067 851 4149 Eusebius,
883 4067 975 4135 se'd
1008 4082 1163 4133 divus
1189 4077 1551 4149 Hieronymus
1580 4067 1774 4149 bellum
1813 4067 1991 4149 ξενξί-

571 4136 738 4211 Binis
802 4136 1037 4206 secundo
1096 4136 1413 4202 Alt-xandri'
1458 4141 1752 4215 copulavit.
1795 4136 1990 4215 “Verba

771 4220 1116 4296 itt_Chron_ico
1148 4216 1449 4296 Eitsebiant)
1496 4206 1561 4266 de
1584 4212 1691 4291 hoc
1725 4206 1864 4296 bello
1906 4222 1993 4296 re:

708 4295 762 4349 in
794 4293 983 4362 ultimo
1022 4290 1159 4362 libro
1193 4284 1479 4362 Ent_ropii,_
1505 4282 1595 4349 qui
1621 4288 1738 4362 post
1771 4277 1989 4362 Eusebii

420 4348 828 4425 {iﬁéﬁi'suam
861 4360 1155 4414 Historiam
1190 4348 1430 4424 scripsit,
1456 4348 1736 4425 leguntur.
1769 4348 1844 4400 Ex
1884 4362 1992 4425 quo

781 4416 998 4486 tantum
1022 4446 1083 4483 ea
1102 4429 1265 4510 verba
1302 4416 1545 4510 :Eusehlili'
1571 4436 1674 4510 nloln
1705 4432 1860 4497 esse;
1896 4416 1993 4510 lsed

421 4487 956 4576 e-t‘t'atii'q-uiecunque
988 4516 1051 4552 ex
1102 4495 1431 4576 Eutropioin
1455 4492 1552 4576 illo
1587 4487 1844 4576 Cltﬁonico
1886 4488 1996 4576 Ilia.-

423 4556 1218 4637 ὖξέῆἦῖιιῗξιὴἁίνοἨἰει-οιιγιιιο
1249 4556 1426 4637 addita
1454 4560 1640 4637 fuisse.
1672 4557 1857 4637 Neque
1885 4556 1999 4637 bei-

423 4629 533 4701 iiiis
562 4629 838 4700 Persicum
866 4657 1007 4695 anno
1038 4629 1331 4691 Alexandri
1362 4633 1602 4686 secundo
1640 4629 1752 4697 geri
1802 4629 1997 4692 potuit,

424 4735 547 4771 cum
575 4712 1007 4786 quartoitnperii
1034 4709 1147 4775 eius
1175 4721 1317 4759 anno
1342 4704 1473 4757 Arta
1486 4714 1675 4786 xerxes
1698 4738 1712 4756 .
1733 4711 1866 4786 Iequ
1896 4712 2001 4762 quo

428 4766 727 4841 ditii—icjzivi—t
768 4766 1113 4841 Alexander,
1160 4790 1388 4845 regnare
1434 4772 1681 4845 imperii.
1732 4766 2002 4845 grteterea

426 4836 758 4911 Herodianus
785 4854 875 4905 lib.
901 4866 973 4904 vr.
995 4836 1113 4916 cap.
1143 4847 1197 4910 4,
1221 4836 1292 4899 de
1324 4836 1627 4916 Alexanjdro
1652 4840 1702 4891 in
1729 4836 2001 4916 orientem

427 4908 803 4989 piraticiscente
830 4908 1076 4988 loquens'
1103 4908 1220 4981 ait,
1275 4915 1478 4968 nullum
1510 4913 1676 4989 fuisse
1707 4910 1820 4985 qui_
1846 4908 2001 4959 siccis

427 4979 590 5049 oculis
615 4979 1270 5047 abeuntem'Alexanttram
1304 4984 1596 5052 aspexerit,
1637 4979 1855 5052 imperio
1893 4986 1999 5027 tant

425 5048 619 5118 multost
653 5080 815 5115 annos
848 5059 1226 5113 modestissime
1259 5048 1648 5107 administrata.
1676 5048 1853 5112 Quare
1909 5061 1999 5097 ne-

427 5152 533 5205 que
570 5132 878 5187 Alexander
905 5129 1115 5205 imperii
1150 5126 1231 5205 sui
1265 5124 1421 5176 initio
1442 5135 1563 5205 cum
1590 5119 1771 5205 ifersis
1796 5131 1999 5205 pugna.

426 5186 528 5269 €11;
558 5186 733 5270 neque
763 5217 883 5253 cum
937 5186 1003 5252 ad
1064 5197 1337 5270 Persicam
1390 5190 1784 5270 expeditionem
1834 5186 2000 5264 proli-

428 5259 725 5328 t-isceretur
751 5271 1079 5332 Alexander,
1114 5266 1374 5334 Origenes
1398 5259 1481 5334 est
1520 5276 1547 5311 a
1605 5259 1879 5334 Alanimaga
1940 5259 1995 5334 in

429 5323 706 5400 Orientem
755 5352 994 5394 vocatus.
1055 5323 1131 5391 Ac
1173 5323 1396 5403 proinde
1461 5330 1574 5381 Itacc
1624 5326 1874 5393 Origenis
1933 5323 1999 5375 ad

429 5415 766 5468 Mammaaam
797 5408 1057 5479 profectio
1092 5403 1427 5479 assig_z_iatni;i_
1451 5409 1565 5479 est;
1589 5408 1646 5450 ut
1691 5406 1838 5479 recte
1863 5409 1998 5448 con-

428 5486 551 5554 iicit
582 5469 861 5544 liaronitis,
895 5482 961 5533 ad
996 5469 1430 5554 annuniitihristi
1462 5469 1591 5554 2l8,
1622 5482 1731 5535 quo
1760 5475 2000 5554 tempore

433 5540 759 5623 Elagabalus
787 5540 1020 5623 primum
1050 5545 1257 5623 imperii
1297 5545 1582 5623 stringens
1623 5551 1854 5601 annum,
1882 5540 2001 5614 post

430 5606 654 5678 giae-riui
684 5606 888 5675 cladem
920 5606 1259 5673 Antiochiam
1289 5612 1432 5663 venit
1462 5606 2001 5678 lil.iiiittiaca_coiiiit_a-

433 5675 542 5748 tit—IS.
582 5675 743 5758 Quod”
774 5692 961 5759 objicit
1011 5687 1240 5759 liuetius
1267 5681 1575 5759 Luscinum
1610 5677 1693 5757 _in
1751 5675 2001 5755 Historiae

432 5764 520 5817 tib.
551 5748 627 5829 vr,
643 5780 760 5831 cap.
788 5748 877 5828 21',
910 5770 1179 5830 postquam
1209 5753 1572 5808 Alexandrum
1604 5748 1997 5816 imperatoriam

2084 1912 2307 1965 historia
2348 1918 2612 1980 perpetuo
2651 1910 2985 1963 adhaeremus
3021 1924 3035 1960 :
3073 1920 3195 1958 nam
3237 1903 3514 1959 Persicum
3548 1903 3661 1958 bel-

2079 1999 2185 2052 lum
2216 1998 2454 2053 secundo
2486 1998 2780 2053 Alexandri
2809 2011 2951 2051 anno
2988 1995 3229 2062 assignat
3259 1995 3310 2047 in
3366 1991 3659 2057 Chronico;

2079 2090 2132 2144 in
2198 2087 2439 2143 Historia
2501 2100 2682 2144 autem
2740 2087 2833 2142 lib.
2894 2102 2968 2148 vr.
3026 2101 3146 2155 cap.
3204 2084 3298 2149 2i,
3360 2094 3651 2154 postquam

2080 2182 2444 2237 Alexandrum
2508 2181 2910 2252 imperatoriam
2970 2179 3291 2250 dignitatem
3341 2186 3653 2231 assecutum

2081 2274 2403 2343 significavit
2427 2273 2557 2345 (42),
2573 2272 2820 2343 Origenis
2839 2272 3056 2326 itionem
3086 2270 3151 2324 ad
3170 2269 3506 2325 Mammteam
3528 2282 3663 2322 con-

2083 2368 2232 2422 tinuo
2262 2366 2539 2436 subiunxit
2572 2381 2586 2418 :
2621 2364 3005 2420 Caesariensem
3036 2377 3165 2416 vero
3200 2360 3449 2431 Origenis
3480 2374 3660 2415 seces-

2085 2476 2230 2525 sum,
2264 2475 2424 2529 quem
2463 2457 2674 2514 decimo
2698 2456 2997 2512 Alexandri
3041 2469 3184 2508 anno
3230 2452 3526 2521 contigisse
3577 2454 3667 2505 do-

2084 2560 2191 2613 cet,
2219 2550 2376 2619 ionge
2424 2548 2652 2604 inferius
2708 2546 2997 2601 recensuit.
3036 2542 3137 2610 Qui
3169 2557 3301 2597 vero
3331 2540 3528 2596 bellum
3560 2541 3666 2595 hoc

2086 2642 2390 2712 reiecerunt
2451 2642 2505 2697 in
2560 2649 2861 2710 postremos
2898 2636 3191 2691 Alexandri
3246 2649 3455 2700 annos,
3505 2633 3654 2687 nullo

2086 2745 2310 2789 auctore
2341 2734 2625 2800 fecerunt;
2662 2747 2785 2786 nam
2813 2730 2905 2797 qui
2938 2729 3113 2782 artatis
3158 2726 3302 2782 illius
3353 2741 3440 2781 res
3482 2734 3665 2795 gestas

2087 2827 2351 2896 complexi
2382 2834 2511 2881 sunt
2534 2824 2892 2887 Herodianus,
2938 2820 3187 2876 Zosimus
3209 2859 3224 2886 ,
3252 2818 3564 2890 Xiphilinus
3602 2826 3659 2872 et

2087 2914 2454 2983 Lampridius,
2490 2914 2603 2986 (45)
2652 2912 2889 2968 Persica:
2939 2910 3301 2979 expeditionis
3348 2908 3661 2979 neutiquam

2089 3015 2480 3077 expresserunt
2514 3014 2725 3075 tempus
2772 3022 2785 3057 :
2829 3003 2974 3059 solus
3010 3002 3137 3056 illud
3169 3002 3483 3055 adnotatum
3536 3002 3665 3055 reli-

2090 3098 2210 3169 quit
2236 3096 2533 3161 Eusebius,
2561 3110 2720 3165 quem
2749 3093 3052 3164 sequimur.
3095 3092 3192 3146 Sin
3222 3092 3336 3147 haac
3377 3103 3503 3146 ante
3530 3106 3660 3146 con-

2094 3188 2281 3259 tigisse
2320 3186 2656 3258 pertenderis
2688 3200 2850 3255 quam
2892 3184 3116 3238 Romam
3150 3183 3335 3237 ivisset
3363 3181 3665 3248 Mammaea,

2095 3290 2156 3336 ut
2205 3281 2320 3335 vult
2362 3279 2631 3335 Baronius
2681 3278 2746 3332 ad
2777 3294 2868 3332 an.
2909 3277 3035 3340 220,
3068 3293 3216 3330 num.
3262 3275 3312 3338 6,
3343 3276 3665 3333 alterutrum

2095 3374 2239 3427 enim
2263 3372 2549 3427 dicendum
2575 3379 2678 3435 est,
2712 3383 2811 3424 nec
2842 3382 2961 3423 eam
2984 3368 3179 3438 quippe
3206 3367 3339 3421 alias
3367 3367 3669 3421 Antioch

2094 3465 2263 3518 fuisse
2316 3472 2571 3533 apparet,
2629 3464 2956 3518 sententiam
3026 3459 3166 3514 hanc
3215 3473 3375 3529 supra
3425 3473 3455 3511 a
3514 3460 3673 3513 nobis

2094 3556 2349 3611 obtritam
2381 3554 2636 3622 reperies.

2166 3642 2299 3698 Vill.
2323 3642 2436 3715 (44)
2465 3641 2730 3698 Caaterum
2756 3642 2880 3696 hinc
2906 3640 3240 3711 Scripturam
3272 3653 3483 3695 sacram
3517 3653 3672 3694 com.

2096 3855 2409 3922 dignitatem
2437 3864 2739 3908 assecutum
2766 3849 3081 3922 signiﬁcavit
3108 3888 3123 3913 ,
3156 3847 3399 3922 origenis
3449 3850 3673 3922 itionem

2096 3919 2167 3977 ad
2194 3924 2527 3977 Mammwam
2557 3919 3147 3989 continuo—subjungere
3167 3959 3181 3982 ,
3211 3919 3366 3973 facile
3414 3919 3669 3985 solvunr,

2098 3997 2141 4048 si
2175 3995 2434 4048 Eusebius
2468 3995 2518 4047 id
2546 3994 2739 4048 fecisse
2765 3993 3009 4056 dicatur,
3040 4006 3142 4043 non
3180 3991 3320 4057 quod
3352 3991 3527 4058 primo
3568 4003 3668 4045 aut

2100 4066 2340 4119 secundo
2368 4064 2661 4117 Alexandri
2699 4062 2910 4130 imperii
2945 4076 3086 4114 anno
3131 4060 3381 4127 Origenis
3430 4060 3537 4114 iter
3598 4062 3669 4116 ad

2099 4135 2439 4188 Mammacam
2473 4133 2766 4200 contigisse
2807 4140 3051 4201 putaret,
3082 4133 3174 4184 sed
3231 4131 3371 4197 quod
3413 4146 3481 4201 ex
3514 4132 3671 4184 initio

2099 4206 2247 4259 illius
2277 4204 2485 4271 imperii
2511 4205 2726 4257 occasio
2766 4200 3083 4255 nasceretur
3109 4201 3357 4267 loquendi
3397 4200 3463 4271 de
3497 4201 3672 4253 Mani-

2100 4290 2232 4329 ma:a
2266 4270 2437 4327 matre
2485 4275 2624 4341 eius.
2673 4275 2832 4327 Certe
2881 4282 3120 4324 nostram
3165 4271 3304 4323 hanc
3355 4270 3668 4337 opiniOnem

2100 4347 2384 4399 confirmat
2411 4345 2555 4413 quod
2590 4343 2783 4397 ibidem
2813 4341 2891 4394 ait
2926 4341 3188 4394 Eusebius
3215 4379 3230 4402 ,
3275 4354 3380 4407 quo
3421 4350 3670 4413 tempore

2101 4416 2404 4469 Alexander
2429 4412 2717 4484 imperium
2750 4421 3076 4481 capesseret,
3111 4420 3321 4462 mortuo
3363 4412 3503 4477 apud
3549 4416 3670 4463 An-

2027 4477 2073 4534 D
2105 4487 2361 4539 tiochiatn
2412 4477 2761 4551 Asclepiade,
2811 4477 2927 4547 eius
2994 4486 3362 4551 episcopatum
3416 4482 3669 4551 sortitum

2110 4556 2275 4610 fuisse
2327 4550 2596 4608 Philetum
2642 4571 2654 4606 :
2697 4554 2787 4621 qui
2817 4562 2994 4606 tamen
3026 4593 3038 4611 .
3083 4567 3223 4604 anno
3255 4550 3362 4603 2l7
3387 4590 3401 4612 ,
3429 4550 3674 4604 Macrino

2105 4625 2386 4694 imperium
2415 4627 2653 4687 ineunte,
2683 4622 3291 4694 Asclepiadi‘successit,
3314 4622 3669 4694 quemadmo-

2105 4690 2228 4775 dum
2260 4697 2312 4748 in
2342 4692 2600 4773 Chronico
2634 4694 2825 4748 scribit
2846 4696 2964 4762 ipse
2988 4691 3252 4746 Eusebius
3277 4709 3291 4743 :
3316 4690 3453 4761 quod
3491 4691 3671 4744 Baro-

2106 4780 2225 4818 llIUS
2258 4776 2524 4834 sequitur.

2175 4835 2287 4905 (42)
2322 4830 2516 4905 Euseb.
2536 4875 2551 4901 ,
2582 4832 2721 4887 Hist.
2753 4835 2914 4905 eccl.,
2944 4832 3038 4887 lib.
3070 4846 3143 4905 vt,
3178 4846 3299 4898 cap.
3327 4830 3417 4885 26.

2174 4902 2288 4975 (45)
2324 4904 2553 4960 Persica:
2589 4902 3673 4975 expeditionispeutiquamexpresserunt

2106 4971 2328 5040 tempus.
2380 4975 2663 5044 Expressis
2707 4976 2886 5027 Verbis
2945 4971 3241 5044 Persicuitr
3272 4971 3474 5044 bellum
3521 4985 3672 5024 anno

2102 5047 2392 5101 Alexandri
2427 5040 2638 5098 decimo
2676 5057 2871 5111 quarto
2891 5043 3182 5111 coiitigisse
3213 5042 3370 5095 dOcet
3403 5040 3674 5094 Herodia-

2104 5130 2205 5168 nus
2239 5118 2332 5171 lib.
2371 5132 2442 5168 vr.
2476 5114 2640 5183 Cujus
2683 5114 3049 5167 testimonium
3090 5114 3237 5165 litem
3276 5114 3491 5183 penitus
3534 5113 3678 5163 diri-

2104 5196 2296 5252 meret,
2349 5187 2399 5239 ni
2454 5181 2729 5240 constaret
2775 5185 3139 5236 Alexandrum
3186 5192 3305 5251 post
3357 5181 3668 5235 inchoatqu

2104 5257 2369 5310 drcimum
2391 5266 2641 5325 quartum
2675 5253 2754 5307 sui
2781 5252 2991 5323 imperii
3017 5268 3219 5305 annum
3244 5266 3443 5325 paucos
3468 5253 3673 5306 vixisse

2102 5326 2241 5379 dies.
2264 5327 2367 5379 Sed
2400 5321 2541 5378 anno
2572 5336 2780 5377 tantum
2813 5321 2894 5377 vel
2921 5324 3138 5376 biennio
3164 5324 3372 5374 erravit
3405 5321 3671 5374 Herodia—

2104 5410 2226 5449 nus.
2269 5395 2453 5467 Neqne
2478 5394 2944 5467 enimverisimiie
2969 5403 3061 5467 cst
3090 5391 3382 5467 duodecim
3435 5404 3529 5443 aut
3562 5402 3674 5445 tre-

2102 5466 2277 5519 decim
2304 5460 2460 5519 an'nis
2487 5467 2539 5517 in
2571 5463 2854 5518 celebrioti
2894 5460 3051 5529 hujus
3090 5463 3300 5531 imperii
3353 5462 3495 5514 l'aclo
3518 5500 3534 5523 ,
3564 5476 3675 5528 quo

2104 5545 2345 5603 tempore
2369 5538 2481 5605 ipse
2507 5537 2749 5598 ﬂorebat,
2784 5551 2905 5587 cum
2932 5548 3144 5605 errasse
3165 5573 3179 5596 ,
3218 5544 3377 5602 atque
3398 5532 3468 5605 _in
3501 5532 3669 5583 linem

2102 5602 2404 5685 Alexandri
2423 5606 2674 5673 reiecisse
2700 5606 2841 5672 quod
2874 5604 3032 5670 hujus
3074 5605 3283 5670 imperii
3338 5602 3492 5656 initio
3534 5616 3671 5655 con—

2103 5684 2331 5744 tigisset.

2173 5748 2286 5815 (44)
2316 5745 2536 5813 Euseb,
2571 5744 2710 5799 Ιιὶδι.
2745 5744 2952 5807 certes,
2980 5742 3072 5797 lib.
3102 5758 3173 5809 vr,
3216 5756 3331 5812 cap.
3359 5742 3449 5796 25.
