3870 6220
219 345 325 406 6H

1282 333 1859 395 ORIGENIANORUM
1897 332 2024 386 LIB.
2070 332 2110 394 l,
2150 330 2302 385 CAP.
2346 328 2407 383 ll.

3364 321 3469 375 658

219 466 502 523 mentariis
536 464 810 520 illustrare
836 461 1099 533 Origenes
1128 477 1288 519 orsus
1334 473 1438 529 est,
1497 460 1786 530 impulsore
1817 462 1858 516 A
1889 466 1933 509 et
1963 454 2190 524 amplius
2229 453 2463 506 notarius
2487 493 2501 516 ,
2536 463 2815 517 eorumque
2853 460 3128 515 expensas,
3154 454 3199 498 et
3224 444 3467 495 .wrnrio-

217 556 531 621 Ambrosio,
567 554 659 624 qui
696 570 800 608 non
852 555 1032 609 verbis
1084 554 1404 610 incendebat
1448 554 1656 616 solum,
1693 552 1786 607 scd

218 648 524 718 sumptibus
577 646 743 702 etiam
791 648 1193 717 suppeditabat.
1244 646 1463 715 Legitur
1506 644 1648 716 apud
1681 644 1784 697 Ce-

217 741 469 806 drenum,
501 739 644 810 quod
675 746 730 795 et
757 740 824 792 ab
846 753 912 793 eo
941 747 1290 807 sumpserunt
1323 736 1520 792 Suidas
1575 744 1631 790 et
1657 736 1787 805 Gly-

217 846 335 896 eas,
357 830 647 902 Origenem
686 845 780 901 per
808 845 1072 885 annorum
1099 829 1404 885 octodecim
1425 827 1660 899 spatium
1688 826 1790 881 Lit-

222 934 368 980 teras
400 939 589 979 sacras
626 923 794 979 fuisse
827 924 1264 995 interpretatum.
1312 920 1531 977 Minime
1574 921 1625 976 id
1672 923 1791 990 qui-

220 1011 343 1066 dem
398 1014 670 1067 consentit
725 1011 943 1067 Eusebii
1003 1012 1327 1075 rationibus,
1378 1010 1470 1081 qui
1502 1009 1789 1081 Origenem

213 1104 578 1175 .sexagenario
622 1104 880 1173 majorem
934 1106 1335 1161 Commentariis
1380 1105 1435 1157 in
1479 1102 1793 1159 ."latthazum

221 1196 526 1252 illustrasse
572 1197 788 1262 scribit,
836 1197 1057 1266 triginta
1112 1196 1325 1251 scilicet
1376 1197 1557 1260 annis,
1617 1211 1793 1267 eoque

216 1288 472 1357 amplius,
500 1298 785 1359 postquam
816 1288 1154 1357 Scripturam
1206 1289 1442 1357 primum
1480 1290 1651 1358 cmpit
1696 1304 1794 1342 ex-

216 1396 441 1450 ponere.
493 1381 588 1437 Sin
641 1382 713 1436 ita
770 1383 884 1436 haec
938 1381 1251 1453 accipienda
1306 1390 1526 1435 censeat
1575 1379 1791 1448 aliquis,

219 1473 375 1542 quasi
406 1474 666 1544 quidquid
719 1475 772 1528 in
810 1488 1097 1529 sacrorum
1150 1471 1496 1526 Voluminum
1535 1473 1795 1540 interpre-

221 1569 480 1623 tationem
518 1567 751 1622 diversis
797 1566 1136 1635 temporibus
1178 1567 1275 1623 otii
1324 1566 1557 1621 contulit
1603 1566 1792 1635 Orige-

219 1675 337 1725 nes,
393 1660 694 1715 octodecim
755 1674 1020 1713 annorum
1097 1660 1331 1729 spatium
1403 1659 1789 1727 exaequaverit,

1893 564 2010 600 rum
2039 562 2215 614 parem
2249 559 2523 597 numerum
2551 558 2568 595 :
2597 540 2837 610 quodque
2869 538 2949 591 his
2979 536 3152 606 majus
3175 545 3269 593 est.
3300 535 3468 586 incre-

1892 638 2044 693 dibili
2072 636 2246 690 studio
2280 634 2512 703 quotidie
2550 633 2613 685 ab
2671 647 2729 685 eo
2772 646 2899 696 opus
2943 630 3173 697 exigens.
3223 623 3373 679 Unde
3411 625 3467 677 in

1890 728 2121 798 quadam
2149 726 2373 796 epistola
2412 723 2811 795 ἐργοδιώκτην
2843 737 2958 776 eum
3005 718 3253 788 Origenes
3291 722 3465 773 vocat.

1893 821 1984 875 Sic
2013 835 2076 875 ea
2107 820 2316 887 accepit
2351 819 2639 886 interpres,
2678 814 2830 883 quasi
2864 827 2969 866 una
3000 810 3143 865 serie
3180 807 3465 863 scribenda

1892 913 2001 967 sint
2025 912 2124 965 ista
2160 928 2174 964 :
2206 908 2273 963 In
2297 925 2401 979 qua
2432 916 2684 974 praesente
2710 904 2935 974 Origene
2974 919 3027 956 se
3058 900 3202 971 loqui
3231 899 3284 954 in
3306 898 3470 953 eccle-

1889 1004 1969 1058 sia
2005 1002 2270 1072 signiﬁcat
2322 1002 2380 1054 in
2426 999 2585 1069 hujus
2638 996 3073 1059 aemulationem,
3123 1004 3233 1047 tum
3275 991 3470 1046 deinde

1893 1091 2207 1162 apponenda
2262 1090 2329 1144 sit
2381 1089 2563 1142 τελεία
2620 1087 2845 1157 στιγμή.
2917 1084 3008 1138 Sic
3056 1085 3199 1136 enim
3254 1081 3467 1135 vertit:

1884 1186 1993 1242 ,Ἑν
2017 1179 2099 1247 οἷς
2132 1182 2397 1254 παρόντος
2435 1180 2739 1251 Ὠριγένους
2766 1176 2953 1230 ἐαυτὸν
2972 1172 3308 1245 ὡμιληκέναι
3330 1171 3473 1225 κατὰ

1896 1278 2127 1348 μίμησιν
2169 1274 2331 1328 αὑτοῦ
2363 1276 2420 1327 ἐν
2464 1275 2527 1343 τῇ
2579 1271 2846 1341 ἐκκλησίᾳ
2892 1268 3072 1339 δηλοῖο
3129 1265 3470 1337 Ἀμϐρόσιος,

1891 1370 2070 1422 ὅντινα
2099 1367 2205 1421 ἀπὸ
2232 1366 2330 1436 τῆς
2357 1364 2562 1435 πλάνης
2586 1362 2907 1433 Μαρκίωνος
2947 1362 3027 1423 είς
3062 1358 3158 1428 τὴν
3210 1356 3471 1428 ἀληθινὴν

1891 1459 2072 1512 πίστιν
2089 1457 2409 1529 ἐπιστρέψαι
2438 1456 2782 1528 προείρηται,
2804 1451 3180 1524 προύτρέψατο
3209 1450 3471 1518 Ὠριγένει

1891 1551 1990 1615 τὰς
2014 1550 2165 1613 θείας
2184 1547 2633 1619 ὑπομνηματίσαι
2656 1544 2897 1616 Γραφὰς,
2929 1541 3293 1613 παρεσχηκὼς
3321 1537 3470 1610 αὑτῷ

1894 1642 2034 1697 ἑπτὰ
2064 1642 2097 1713 ἢ
2133 1642 2228 1695 καὶ
2254 1640 2469 1703 πλείους
2497 1637 2799 1709 νοταρίους.
2834 1635 3019 1703 Neque
3048 1635 3150 1698 hat;
3180 1634 3284 1689 line
3320 1632 3471 1686 stetit

220 1751 436 1821 longius
464 1751 626 1806 etiam
658 1751 960 1815 dissentio;
993 1728 1259 1820 ejusmodi
1301 1752 1498 1821 quippe
1525 1749 1789 1803 rationem
1820 1810 1856 1821 ﬁ
1898 1732 2140 1799 malum;
2175 1733 2242 1787 ad
2294 1731 2555 1821 βτίεῑίξιοδ
2609 1728 2875 1821 Siquid?“
2932 1739 3149 1821 ﬁrmies
3188 1737 3469 1821 flown!"

225 1810 537 1913 neuiiquam
574 1845 697 1898 duci
751 1858 908 1913 posse
939 1810 1215 1899 existimo.
1251 1810 1449 1898 Multo.
1475 1840 1790 1896 credibilius
1820 1810 1862 1865 Β
1895 1826 2264 1882 θεευεείυηθηι
2296 1823 2425 1877 fec“
2452 1819 2683 1875 Ριιοιῖυε
2706 1860 2720 1883 ν
2770 1816 2854 1870 νίν
2898 1816 3137 1883 διίοίιιιῖη
3188 1812 3472 1913 “Elei-"riis

215 1942 300 1987 est
323 1949 390 1987 ex
421 1934 557 1988 male
579 1932 721 2001 lecto
750 1934 835 1989 vel
875 1935 1144 2004 descripto
1174 1933 1464 2004 Epiphanii
1513 1930 1627 2002 (45)
1673 1931 1790 1986 loco

218 2034 584 2082 commentum
606 2026 659 2081 id
685 2026 968 2096 prodiisse.
1000 2026 1290 2096 Postquam
1310 2026 1453 2081 enim
1477 2024 1791 2094 abOrigene

222 2117 521 2187 postulasse
549 2119 897 2175 Ambrosium
926 2119 1081 2184 dixit,
1117 2128 1175 2173 ut
1232 2132 1419 2173 sacras
1480 2117 1791 2187 Scripturas

219 2210 691 2280 interpretaretur,
723 2210 777 2265 id
804 2211 881 2265 ait
916 2210 1089 2280 ipsum
1137 2211 1190 2265 in
1224 2209 1389 2283 Tyrio
1433 2224 1647 2266 secessu
1696 2224 1793 2278 per

217 2314 342 2358 octo
372 2316 428 2358 et
453 2304 641 2375 viginti
690 2318 865 2359 annos
908 2302 1122 2359 fecisse.
1155 2301 1266 2373 (46)
1317 2303 1437 2358 Alio
1489 2302 1619 2357 item
1674 2302 1793 2356 loco

217 2396 402 2449 divina
443 2395 725 2450 Volumina
758 2394 1045 2464 Origenem
1079 2394 1205 2464 Tyri
1237 2395 1429 2450 scribit
1471 2395 1794 2465 explanasse

218 2487 314 2539 ἐπὶ
347 2485 444 2556 ἐτη
471 2491 579 2556 κη’.
610 2486 873 2541 Similiter
907 2485 1129 2549 Suidas,
1158 2486 1293 2541 alios
1325 2495 1542 2540 secutus
1563 2526 1578 2553 ,
1609 2493 1795 2539 narrat

216 2574 491 2629 Ambrosii
531 2584 720 2646 rogatu
772 2574 1089 2645 Scripturas
1132 2573 1421 2646 Origenem
1476 2576 1795 2645 explanasse

217 2668 311 2720 ἐπὶ
343 2666 438 2739 ἔτη
478 2674 568 2739 ιη’.
605 2666 767 2725 Vides
811 2682 1071 2735 germana
1104 2668 1217 2723 haec
1261 2683 1450 2723 eorum
1499 2682 1624 2722 esse
1675 2682 1795 2737 quae

218 2761 441 2828 scripsit
492 2761 855 2830 Epiphanius;
926 2773 1283 2831 praeterquam
1338 2762 1482 2826 quod
1538 2776 1796 2814 numerus

218 2857 305 2921 κη’
367 2852 418 2905 in
478 2858 543 2922 ιη’
594 2854 965 2921 degeneravit.
1011 2853 1085 2906 De
1143 2868 1391 2908 secessus
1440 2862 1617 2908 autem
1646 2852 1796 2923 Tyrii

221 2942 416 3008 spatio,
462 2941 607 3010 quod
666 2944 964 3011 assignavit
1010 2944 1378 3014 Epiphanius,
1441 2945 1794 3013 quaestionem

221 3033 386 3103 paulo
419 3042 538 3105 post
570 3036 909 3090 habebimus.

1892 1918 2140 1973 laudibus
2173 1914 2456 1969 abundans
2488 1932 2501 1964 :
2534 1910 2677 1964 hunc
2708 1910 2908 1978 quippe
2934 1902 3339 1974 llieronymiani
3384 1903 3471 1955 in-

1896 2008 2150 2079 terpretis
2176 2019 2332 2075 quem
2361 2010 2578 2056 secutus
2606 2008 2719 2056 est.
2774 2000 2950 2053 locum
3016 1996 3106 2049 tali
3164 1995 3471 2049 interductu

1893 2097 2141 2155 distinxit
2171 2097 2290 2150 :‘Ev
2313 2090 2393 2157 οἷς
2418 2090 2684 2163 παρόντος
2722 2087 3031 2161 Ὠριγένους
3054 2084 3241 2139 ἑαυτὸν
3262 2080 3472 2153 ὡμιλη-

1894 2192 2047 2246 κέναι
2097 2187 2236 2242 κατὰ
2293 2185 2523 2257 μίμησιν
2576 2179 2736 2235 αὐτοῦ
2797 2181 2853 2233 ἐν
2895 2181 2962 2249 τῇ
3015 2175 3281 2246 ἐκκλησίᾳ
3325 2174 3476 2245 δηλοί

1907 2282 2251 2353 Ἀμϐρόσιος,
2281 2280 2459 2331 ὅντινα
2489 2275 2596 2328 ἀπὸ
2628 2274 2727 2343 τῆς
2773 2271 2980 2339 πλάνης
3020 2268 3345 2339 Μαρκίωνος
3393 2268 3473 2329 είς

1892 2376 1990 2447 τὴν
2015 2371 2269 2444 ἀληθινὴν
2292 2370 2470 2421 πίστιν
2486 2363 2807 2437 ἐπιστρέψαι
2832 2361 3179 2433 προείρηται·
3209 2356 3474 2430 προύτρὲ-

1893 2467 2031 2537 ψατο
2063 2463 2291 2535 (supple,
2337 2457 2671 2526 Ἱππόλυτος)
2718 2456 2983 2527 Ὠριγένει
3014 2452 3113 2516 τὰς
3146 2451 3297 2514 θείας
3341 2451 3474 2503 ὑπο-

1902 2558 2242 2632 μνηματίσαι
2272 2553 2514 2627 Γραφὰς,
2546 2547 2909 2623 παρεσχηκὼς
2943 2547 3091 2617 αὐτῷ
3125 2545 3281 2607 ἑπτὰ,
3315 2544 3347 2615 ἥ
3379 2544 3474 2597 καὶ

1898 2650 2118 2712 πλείους
2152 2644 2450 2715 νοταρίους.
2490 2640 2565 2695 Ita
2599 2642 2792 2710 legisse
2836 2637 3083 2692 Photium
3118 2635 3251 2706 (46⁸)
3290 2634 3471 2688 decla-

1899 2752 2020 2797 rant
2047 2742 2159 2794 haac
2189 2738 2331 2792 illius
2362 2751 2376 2788 :
2424 2734 2654 2803 Λέγεται
2692 2732 2748 2785 δὲ
2782 2732 2876 2784 καὶ
2904 2721 3059 2792 οὗτος
3105 2723 3473 2798 (Ἱππόλυτος)

1897 2831 2249 2904 προσομιλεῖν
2297 2828 2375 2899 τῷ
2420 2826 2534 2898 λαῷ
2570 2823 2713 2883 κατὰ
2754 2824 2984 2894 μίμησιν
3024 2819 3359 2892 Ὠριγένους,
3410 2813 3472 2871 οὗ

1898 2926 1992 2977 καὶ
2024 2920 2258 2993 συνήθης
2291 2919 2524 2991 μάλιστα
2550 2921 2643 2969 κα)⁹
2675 2912 2912 2986 ἐραστὴς
2948 2910 3059 2964 τῶν
3085 2909 3257 2976 λόγων
3295 2907 3475 2977 ὑπῆρ-

1899 3035 2013 3088 χεν,
2040 3017 2115 3079 ὼς
2142 3015 2237 3069 καὶ
2260 3009 2673 3085 προτρέψασθαι
2699 3007 2883 3070 αὑτὸν,
2909 3006 3008 3077 τὴν
3042 3003 3191 3058 θείαν
3226 3003 3474 3072 ὑπομνη-

295 3095 876 3198 Scribitﬂieronymus
903 3125 980 3180 De
1004 3128 1185 3195 script.
1213 3128 1396 3183 ercles.
1431 3129 1483 3183 in
1517 3130 1793 3201 Hippolyt.

1904 3105 2394 3181 ματίσαιΓραφήν·
2441 3098 2858 3169 ἐγκαταστήσας
2903 3095 3051 3167 αὐτῷ
3096 3096 3191 3148 καὶ
3233 3096 3472 3164 ὑπογρα-

218 3218 568 3273 Ambrosium
590 3218 656 3272 ad
686 3216 974 3273 Librorum
999 3234 1279 3274 sacrorum
1298 3222 1796 3291 interpretationem

1903 3201 2035 3269 φίας
2064 3198 2203 3251 ἐπτὰ
2231 3194 2633 3267 ταχυγρὰφους,
2670 3192 2761 3243 καὶ
2788 3190 3006 3260 ἐτέρους
3036 3188 3319 3251 τοσούτους
3341 3188 3477 3258 γρά-

223 3308 510 3375 Origenem
568 3307 861 3373 incitasse,
911 3310 964 3364 in
1042 3310 1443 3366 aemulationem
1505 3311 1797 3383 Hippolyti,

225 3403 388 3457 editis
430 3402 541 3472 jam
597 3402 651 3455 in
704 3403 1038 3472 Scripturam
1090 3405 1341 3473 plurimis
1388 3406 1799 3461 commentariis

224 3495 426 3563 optime
442 3494 758 3550 deEcclesia
781 3496 983 3550 meriti.
1029 3495 1412 3568 Hieronymum
1439 3496 1629 3552 fefellit
1662 3499 1799 3553 male

226 3586 532 3642 intellectus
562 3586 862 3651 Eusebius,
909 3587 999 3656 qui
1038 3597 1159 3656 post
1212 3600 1558 3643 enuuicralas
1603 3589 1800 3659 Hippo-

224 3678 320 3750 lyti
349 3679 669 3748 scriptiones
716 3680 830 3734 haec
879 3680 1157 3749 subiungit
1186 3679 1279 3738 lib.
1315 3697 1363 3733 vi
1403 3679 1568 3745 Ilist.,
1602 3698 1650 3737 c.
1686 3683 1796 3739 25:

222 3773 316 3838 Ἐξ
335 3773 541 3826 ἐκείνου
568 3772 624 3826 δὲ
648 3773 1017 3845 καὶὨριγένει
1046 3773 1152 3826 τῶν
1180 3775 1259 3836 εἰς
1288 3773 1384 3837 τὰς
1415 3772 1563 3836 θείας
1578 3774 1799 3843 Γραφὰς

226 3865 631 3936 ὑπομνημάτων
669 3865 876 3933 ἐγίνετο
910 3864 1087 3937 ἁρχὴ,
1142 3866 1463 3935 Ἀμϐροσίου
1504 3869 1562 3929 ἐς
1594 3866 1661 3918 τὰ
1699 3864 1799 3937 μά-

223 3958 379 4011 λιστα
426 3957 817 4030 παρορμῶντος
861 3958 1041 4012 αὐτόν.
1087 3960 1140 4013 Id
1196 3968 1280 4012 est
1321 3973 1334 4007 :
1370 3959 1446 4011 Ab
1489 3976 1550 4013 eo
1599 3977 1800 4031 quoque

222 4062 452 4116 tempore
486 4050 698 4119 Origeni
725 4051 779 4103 in
823 4051 1028 4104 diuinas
1058 4049 1362 4117 Scripturas
1415 4051 1799 4104 commentandi

223 4142 440 4196 initium
487 4142 686 4209 factum
720 4151 817 4207 est,
852 4141 1003 4195 valde
1030 4157 1148 4195 eum
1194 4141 1443 4193 incitante
1496 4141 1795 4194 Ambrosio.

225 4232 591 4303 Hieronymus
624 4241 803 4286 autem
836 4246 1023 4285 vocem
1053 4232 1221 4294 hanc,
1251 4232 1484 4297 ἐκείνου,
1519 4247 1637 4302 quae
1673 4247 1798 4302 per-

224 4324 435 4378 tinebat
460 4324 523 4377 ad
544 4332 775 4393 tempus,
803 4338 1085 4393 perperam
1109 4325 1174 4376 ad
1202 4323 1548 4394 Hippolytum
1577 4324 1798 4379 retulit:

222 4418 293 4471 de
322 4433 429 4485 quo
482 4417 655 4472 simile
706 4419 837 4471 nihil
886 4416 1052 4472 habet
1094 4413 1450 4486 Nicephorus.
1499 4413 1618 4469 Jam
1673 4424 1798 4469 ante

228 4508 462 4563 H--nrico
494 4508 705 4564 Valesio
729 4510 783 4564 id
812 4510 1163 4565 observatum
1206 4520 1308 4563 est.
1353 4507 1567 4562 Falsam
1609 4507 1798 4562 Hiero-

227 4602 374 4672 nymi
421 4601 837 4669 esplicatiouem
892 4616 1031 4655 nova
1091 4601 1480 4669 depravatione
1537 4602 1802 4669 pervertit

226 4700 416 4745 auctor
444 4690 647 4747 Grecae
687 4691 1152 4759 interpretationis
1192 4689 1311 4742 libri
1351 4688 1426 4742 De
1460 4691 1801 4758 scriptoribus

225 4783 612 4837 ecclesiasticis.
634 4780 759 4837 Haec
786 4782 948 4835 habet
969 4780 1332 4850 Hieronymus
1365 4797 1377 4832 :
1411 4775 1632 4845 Scripsit
1660 4778 1806 4847 (Hip-

230 4876 465 4946 polytus)
518 4875 800 4929 nonnullos
845 4875 900 4927 in
954 4872 1258 4941 Scripturas
1306 4870 1741 4933 commentarios,
1778 4883 1805 4921 e

226 4969 415 5039 quibus
446 4969 537 5021 hos
568 4966 764 5035 reperi:
794 4967 846 5017 in
880 4962 1239 5032 Ἐξαήμερον·
1262 5002 1276 5016 .
1311 5002 1323 5015 .
1354 5003 1368 5016 .
1391 5000 1404 5013 .
1428 5002 1442 5015 .
1473 4958 1550 5013 De
1576 4958 1800 5022 Pascha,

227 5062 518 5116 Adversum
544 5077 719 5115 ontnes
736 5062 979 5123 haereses,
1007 5068 1055 5111 et
1083 5056 1239 5125 Πρὸς
1263 5050 1529 5124 ὁμιλιῶν,
1559 5052 1630 5106 De
1654 5052 1808 5104 laude

232 5156 443 5211 Domini
476 5154 801 5218 Saluatoris;
846 5155 901 5206 in
941 5168 1045 5222 qua
1079 5161 1333 5218 prwsente
1368 5147 1597 5216 Origene
1634 5162 1689 5198 se
1731 5145 1809 5198 lo-

225 5249 319 5317 qui
363 5250 416 5300 in
476 5245 715 5299 Ecclesia
749 5245 1034 5314 signiﬁcat.
1087 5240 1152 5294 In
1205 5241 1362 5309 hujus
1422 5238 1809 5292 wmulationem

230 5338 560 5405 Ambrosius,
614 5353 766 5407 quem
808 5337 874 5390 de
930 5335 1217 5389 Marcionis
1258 5332 1447 5385 lucresi
1510 5330 1578 5383 ad
1637 5344 1808 5382 veram

230 5432 389 5494 [idem
413 5443 706 5484 correctum
722 5430 980 5493 diximus,
1010 5428 1316 5480 cohortatus
1345 5433 1420 5476 est
1458 5421 1733 5492 Origenem
1758 5422 1810 5473 in

232 5521 541 5592 Scripturas
568 5521 976 5577 commentarios
1002 5519 1249 5583 scribere,
1274 5516 1506 5585 prwbens
1541 5514 1585 5567 ei
1617 5524 1810 5582 septem

306 5726 423 5793 (45)
456 5725 647 5795 Epiph.
682 5725 814 5795 haec.
846 5721 935 5786 64,
968 5737 1086 5791 cap.
1119 5720 1172 5774 5.

313 5788 423 5868 (46)
451 5788 672 5867 Epiph.,
707 5794 779 5848 De
801 5809 964 5849 mens.
993 5788 1237 5862 etpond.,
1268 5806 1313 5843 c.
1350 5788 1434 5841 l8.

1902 3306 2099 3361 φοντας
2145 3289 2225 3350 είς
2270 3285 2465 3347 κάλλος
2490 3326 2504 3348 ,
2541 3276 2615 3336 ὧν
2666 3278 2734 3352 ἦν
2778 3281 2870 3333 καὶ
2901 3280 3002 3349 τῆς
3032 3280 3277 3349 δαπάνης
3315 3277 3475 3340 αὐτὸς

1899 3380 2163 3454 χορηγός’
2192 3377 2481 3434 καὶταῦτα
2519 3373 2959 3445 ὑπηρετούμενος
2998 3371 3145 3443 αὐτῷ
3166 3411 3181 3435 ,
3229 3373 3477 3425 ἀπαιτεῖν

1900 3474 2061 3529 αὑτὸν
2087 3472 2475 3542 ἀπαραιτήτως
2499 3469 2558 3521 τὸ
2582 3468 2759 3538 ἔργον.
2793 3466 2882 3531 Ἐξ
2905 3461 2965 3519 οὗ
3000 3466 3092 3518 καὶ
3116 3462 3476 3534 ἐργοδιώκτην

1901 3569 1958 3620 ἐν
2006 3566 2104 3637 μιᾷ
2149 3564 2257 3616 τῶν
2306 3560 2601 3615 ἐπιστολῶν
2651 3559 2800 3630 παρὰ
2846 3557 3150 3628 Ὠριγένους
3188 3556 3473 3627 κληθῆναι.

1900 3661 2030 3725 Quae
2060 3673 2180 3711 cum
2214 3654 2279 3710 ex
2310 3653 2621 3725 Hieronymi
2667 3651 2854 3707 Graeco
2898 3652 3196 3721 interprete
3235 3650 3477 3704 derivata

1900 3750 2029 3814 sint,
2055 3745 2370 3801 manifestus
2394 3751 2477 3799 est
2504 3743 2857 3813 quorumdam
2885 3755 3056 3805 error,
3081 3740 3319 3793 virorum
3341 3737 3479 3791 male

1899 3839 2280 3910 suspicacium,
2309 3835 2397 3905 qui
2435 3848 2695 3902 nuperum
2732 3847 2865 3902 opus
2914 3845 3034 3886 esse
3075 3829 3472 3898 interpretatio-

1902 3948 2022 3987 nem
2061 3931 2201 3984 hanc
2236 3927 2559 3990 coniectant.
2591 3924 2858 3981 Caeterum
2893 3924 3020 3979 hinc
3051 3922 3319 3991 aliquibus
3349 3934 3478 3991 per-

1900 4039 2118 4079 suasum
2149 4020 2251 4075 fuit
2295 4019 2638 4090 Hippolytum
2672 4016 2923 4087 Origeni,
2982 4031 3087 4070 non
3135 4013 3478 4069 Ambrosium

1903 4116 1968 4169 ad
1998 4111 2346 4184 explicandus
2369 4112 2444 4165 rei
2472 4110 2750 4164 litteraria:
2781 4118 3024 4175 sumptus
3052 4115 3245 4176 praesto
3272 4104 3476 4160 fuisse:

1901 4206 2042 4275 quod
2076 4218 2238 4273 quam
2274 4216 2461 4256 verum
2496 4200 2587 4265 sit,
2618 4197 2788 4253 lector
2811 4197 3107 4262 existimet,
3137 4207 3191 4251 et
3221 4193 3483 4265 quemad»

1903 4297 2117 4351 modum
2150 4292 2297 4348 falsze
2323 4292 2605 4362 opiniones
2630 4289 2783 4358 quasi
2813 4302 2880 4342 ex
2914 4288 3135 4342 traduce
3180 4300 3479 4357 propagen-

1904 4400 2009 4445 tur.
2092 4385 2289 4442 Fraudi
2362 4384 2556 4452 quippe
2613 4381 2712 4435 fuit
2790 4379 3118 4449 Hieronymo
3193 4378 3478 4440 Eusebius,

1829 4502 1874 4557 ι)
1902 4482 2089 4537 Graeco
2120 4476 2399 4545 interpreti
2425 4473 2812 4542 Hieronymus,
2838 4471 3033 4525 Photio
3065 4469 3288 4525 Graecus
3313 4469 3482 4522 inter-

1909 4590 2056 4647 pres,
2083 4569 2379 4626 innumeris
2411 4568 2531 4622 aliis
2558 4569 2670 4636 ipse
2698 4564 2940 4625 Photius,
2972 4570 3027 4616 et
3058 4576 3217 4631 quem
3266 4560 3333 4615 ab
3377 4558 3484 4613 alio

1909 4664 2274 4734 unusquisque
2309 4660 2515 4729 accepit
2558 4673 2835 4720 errorem,
2867 4655 3020 4710 novis
3062 4654 3258 4709 deinde
3288 4668 3483 4708 cumu-

1911 4757 2056 4814 lavit.
2104 4755 2210 4809 Sed
2262 4754 2377 4807 hzec
2424 4753 2703 4806 hactenus.
2747 4747 3011 4803 Omnibus
3079 4746 3243 4814 igitur
3322 4744 3486 4798 rebus

1909 4847 2130 4918 Origeni
2164 4844 2543 4901 commodabat
2568 4841 2916 4907 Ambrosius,
2947 4849 3001 4894 et
3037 4852 3374 4908 quaecunque
3419 4837 3485 4889 ad

1914 4937 2158 5007 corporis
2195 4934 2396 4989 cultum
2426 4930 2788 5000 pertinebant,
2818 4944 2881 4984 ac
2919 4928 3095 4983 studia
3116 4967 3131 4993 ,
3164 4926 3311 4995 large
3338 4928 3485 4990 huic,

1916 5030 2069 5100 quasi
2101 5028 2305 5097 virgula
2333 5026 2534 5089 divina,
2563 5025 2630 5077 ab
2681 5036 2746 5077 eo
2796 5020 3197 5091 praebebantur.
3238 5019 3489 5076 Notarius

1918 5126 2095 5192 itaque
2122 5122 2356 5174 habebat
2389 5118 2453 5172 ad
2490 5130 2707 5171 manum
2751 5115 2867 5185 plus
2893 5123 3096 5183 septem
3118 5155 3133 5178 ,
3162 5114 3255 5182 qui
3290 5114 3490 5167 dictata

1918 5232 1981 5269 ex
2009 5230 2107 5268 ore
2138 5206 2412 5280 loquentis
2443 5214 2793 5281 exciperent,
2827 5206 3046 5259 totidem
3080 5203 3331 5258 librarios
3366 5218 3489 5257 cum

1920 5308 2128 5377 puellis,
2157 5319 2277 5374 qua:
2301 5314 2655 5374 properanter
2685 5300 2888 5369 scripta
2930 5297 3154 5352 nitidius
3178 5305 3490 5351 exararent.

1990 5400 2078 5453 l.\'.
2111 5398 2223 5468 (47)
2252 5395 2438 5465 Neque
2466 5396 2565 5450 sibi
2594 5408 2727 5449 sane
2774 5392 2875 5446 hac
2898 5388 3078 5442 oblata
3106 5388 3368 5442 facultate
3398 5387 3494 5440 de-

1922 5493 2057 5557 fuit;
2108 5487 2585 5545 beneficentissimi
2629 5485 2829 5555 quippe
2877 5481 3116 5538 hominis
3167 5478 3495 5534 liberalitate

1992 5707 2127 5778 (ιϐ’)
2160 5706 2341 5770 ΡΙιοι.,
2370 5704 2496 5778 cod.
2524 5703 2649 5778 ης,

1987 5771 2339 5849 (47)Ἐυδθὺ.,
2378 5774 2583 5830 llistor.
2617 5776 2708 5830 lib.
2737 5790 2810 5841 vr,
2836 5790 2953 5843 cap.
2984 5771 3076 5827 25.
