3870 6220
409 326 513 386 659
1680 298 1739 388 ti.
1782 331 2099 387 DANIELIS
2132 327 2371 389 nUE'm

408 465 562 515 usus,
599 465 842 522 qmnquc
874 452 1088 522 priores
1122 452 1632 509 Commentariorum
1650 457 1702 508 in
1726 456 1987 512 Joannem
2018 459 2064 515 A
2095 451 2535 523 frequentatione
2591 449 2738 503 aliud
2798 448 3130 503 Atheniense
3159 445 3263 500 iter
3321 444 3389 499 ab
3437 441 3697 513 Origene,

408 548 607 607 tomos,
635 551 690 598 et
723 545 935 599 initium
961 546 1101 600 sexti
1128 545 1471 601 Alexandriae
1498 547 1599 603 hoc
1630 557 1899 622 tempore,
1933 561 1986 606 et

406 649 473 690 ex
512 634 773 701 Achaico,
809 638 951 705 quod
996 653 1121 692 mox
1175 652 1532 707 exponemus,
1586 641 1779 696 itinere
1818 644 1985 698 redux

406 726 731 782 elaboravit.
774 727 909 783 Octo
942 729 1070 783 item
1113 730 1325 800 priores
1375 734 1430 785 in
1471 730 1710 788 Genesim
1750 744 1922 791 tomos
1957 751 1988 791 e

408 818 695 873 duodecim
749 820 1027 889 confecit;
1083 822 1321 892 psalmos
1362 824 1427 878 ad
1480 825 1592 880 haec
1633 828 1880 894 exposuit
1909 828 1988 882 vi-

405 910 540 978 ginti
570 916 809 982 quinque
830 915 1060 984 priores,
1085 916 1334 984 quamvis
1358 916 1537 985 plures
1562 918 1725 971 etiam
1759 920 1987 973 subinde

405 1004 766 1067 enarraverit.
803 1013 862 1058 ut
887 1005 1130 1061 dicemus
1164 1004 1349 1071 infra;
1385 1016 1439 1061 et
1479 1006 1729 1061 Jeremia:
1771 1023 1988 1077 quoque

405 1093 828 1151 Lamentationes
870 1098 998 1177 totjs
1047 1098 1421 1153 voluminibus
1470 1100 1856 1168 interpretatus
1884 1108 1982 1153 est.

404 1189 556 1243 Adde
574 1188 742 1244 libros
768 1188 842 1242 De
860 1191 1133 1259 principiis
1164 1199 1220 1244 et
1238 1189 1602 1259 Στρωματεῖς
1625 1192 1832 1255 decem,
1854 1205 1988 1260 quos

404 1282 594 1336 eadem
630 1269 959 1350 telnpestate
995 1282 1339 1337 Alexandria:
1372 1284 1705 1352 composuit.

479 1374 546 1428 Χ.
596 1374 709 1447 (48)
736 1375 828 1429 His
854 1376 1123 1428 intentum
1165 1377 1359 1431 studiis
1394 1374 1688 1445 Origenem
1728 1375 1987 1446 interpel-

406 1468 590 1521 larunt
660 1470 872 1538 negotia
932 1469 1338 1533 ecclesiastica,
1396 1484 1625 1538 quorum
1701 1469 1872 1539 gratia
1934 1473 1986 1521 ln

404 1558 663 1612 Achaiam
698 1558 970 1628 profectus
992 1569 1096 1613 est.
1129 1558 1354 1629 Negotia
1380 1560 1469 1614 illa
1494 1576 1614 1629 quae
1635 1559 1860 1622 fuerint,
1883 1574 1987 1613 non

408 1650 672 1718 expressit
705 1649 1006 1716 Eusebius;
1039 1651 1325 1719 Barouius,
1356 1653 1421 1706 ad
1458 1667 1546 1707 an.
1579 1653 1708 1717 2'50,
1745 1668 1895 1705 num.
1932 1652 1988 1715 7,

409 1742 743 1813 conjecturis
774 1743 1017 1810 reperire
1046 1744 1256 1806 voluit;
1304 1759 1479 1813 eaque
1516 1744 1584 1799 de
1610 1759 1774 1798 causa
1811 1744 1991 1813 profe-

409 1846 551 1890 ctum
584 1835 637 1889 in
662 1834 926 1890 Graeciam
950 1836 1236 1905 Origeuem
1264 1837 1493 1903 divinat,
1522 1836 1636 1906 (49)
1670 1845 1727 1890 ut
1759 1836 1991 1905 Nicopo-

410 1927 590 1982 litanze
621 1928 874 1982 editionis
904 1930 1051 1982 circa
1094 1929 1205 1982 haec
1238 1938 1480 1998 tempora
1508 1938 1737 1997 repertae
1770 1944 1991 1997 compos

411 2020 586 2073 fieret.
636 2018 740 2073 Sed
797 2032 1057 2089 quorsum
1110 2020 1175 2072 ad
1208 2020 1545 2090 excogitatas
1605 2020 1991 2074 descendemus

409 2109 776 2177 conjecturas,
813 2125 935 2165 cum
988 2110 1190 2165 veritas
1224 2111 1336 2179 ipsa
1379 2110 1554 2179 palam
1591 2111 1812 2165 exstet?
1843 2109 1990 2165 Scri-

408 2202 540 2254 buut
573 2202 837 2271 siquidem
862 2200 1224 2272 Hieronymus
1258 2201 1331 2257 De
1354 2204 1534 2267 script.
1572 2204 1757 2257 eccles.
1790 2247 1804 2268 ,
1861 2218 1987 2273 cap.

408 2295 498 2357 65,
536 2306 591 2349 et
624 2293 849 2349 Ruﬁnus
881 2296 933 2348 in
968 2295 1212 2363 Exposit.
1247 2310 1370 2364 eap.
1397 2295 1486 2359 Ἡ),
1515 2295 1607 2349 lib.
1632 2311 1707 2359 vt,
1746 2295 1986 2360 Eusebii,

406 2387 627 2441 Achaiae
654 2386 923 2441 Ecclesias
948 2386 1195 2455 plurimis
1222 2396 1348 2441 tunc
1378 2387 1679 2442 hzeresibus
1708 2387 1874 2442 fuisse
1898 2403 1989 2442 ve-

409 2486 595 2538 xatas;
628 2477 825 2545 quibus
845 2477 1220 2546 expugnandis
1255 2478 1506 2533 idoneum
1526 2494 1641 2547 pra:
1667 2479 1879 2533 ca-teris
1909 2479 1986 2533 vi-

411 2583 527 2622 sum
559 2568 888 2636 Origenem;
922 2583 1039 2623 eam
1068 2568 1146 2622 illi
1178 2584 1399 2624 causam
1441 2570 1493 2623 in
1531 2569 1793 2625 Graeciam
1823 2569 1987 2638 proﬁ-

411 2660 650 2715 ciscendi
685 2659 874 2716 fuisse.
910 2659 1044 2714 Illuc
1074 2676 1205 2715 vero
1234 2663 1565 2716 accersitum
1609 2663 1678 2717 ab
1701 2664 1988 2717 Ambrosio

410 2765 517 2804 non
543 2753 773 2807 absurde
796 2753 1064 2823 quispiam
1088 2753 1481 2822 suspicabitur;
1513 2769 1637 2809 nam
1655 2755 1985 2809 Alexandria

410 2844 601 2898 crebro
624 2845 861 2901 abfuisse
891 2846 1232 2900 Ambrosium
1258 2855 1483 2905 constat
1500 2858 1577 2912 et,
1598 2858 1880 2918 postquam
1902 2848 1987 2902 in-

414 2948 496 2988 ter
523 2950 615 2989 eos
657 2936 1007 2991 necessitudo
1039 2939 1365 3002 intercessu,
1421 2940 1653 2993 Athenis
1687 2939 1876 3005 fuisse,
1902 2949 1985 2993 at-

411 3042 517 3095 que
549 3028 674 3082 inde
729 3028 939 3083 litteras
976 3033 1040 3082 ad
1076 3028 1366 3096 Origenem
1422 3031 1636 3087 dedisse
1688 3048 1752 3087 ex
1796 3034 1987 3088 lliero—

414 3135 575 3189 uytuo
598 3121 809 3176 discere
831 3122 960 3177 licet
986 3122 1145 3191 epist.
1175 3122 1241 3176 18
1264 3124 1328 3176 ad
1364 3122 1696 3178 Marcellam.
1728 3124 1851 3180 Haac
1874 3127 1988 3196 qui-

415 3215 535 3267 dem
567 3216 940 3284 proponimus,
976 3230 1081 3269 non
1121 3216 1440 3270 asserimus.
1487 3215 1623 3271 lline
1646 3218 1806 3271 etiam
1833 3219 1989 3272 habi-

415 3316 482 3359 ta:
535 3307 636 3361 sibi
694 3323 815 3360 cum
865 3307 1224 3362 hacresiarcha
1274 3308 1509 3377 quodam
1562 3312 1991 3367 concertationis

415 3400 694 3466 exemplar
714 3401 780 3455 ad
798 3401 1070 3455 amicosin
1089 3400 1429 3455 Palaestinam
1450 3403 1596 3458 misit
1612 3406 1988 3467 Adamantius,

414 3495 506 3559 qui
538 3492 687 3549 falsis
716 3494 781 3548 de
821 3508 903 3557 se,
955 3495 1132 3563 deque
1161 3509 1224 3549 ea
1284 3495 1646 3565 disputatione
1680 3498 1990 3552 rmuoribus
2038 3550 2044 3557 .

414 3593 751 3640 occurreret.
788 3586 1019 3641 Athenis
1048 3603 1254 3641 moram
1300 3588 1497 3643 fecisse
1541 3587 1829 3659 Origeuem
1870 3605 1988 3644 cer-

416 3683 529 3729 tum
562 3684 665 3737 est,
696 3689 860 3730 morte
895 3686 1105 3744 tempus
1154 3678 1421 3732 incertum
1450 3694 1465 3733 :
1525 3679 1757 3734 rediisse
1811 3689 1990 3735 tamen

414 3766 663 3835 sequenti
694 3780 857 3831 anno,
895 3766 977 3822 vel
1011 3766 1230 3822 biennio
1261 3776 1405 3836 post,
1456 3768 1601 3824 inter
1630 3769 1993 3839 chronologos

415 3870 673 3912 constare
708 3859 884 3913 video.
925 3858 1185 3928 Equidem
1211 3875 1316 3913 non
1355 3861 1524 3915 multo
1559 3862 1739 3917 minus
1770 3862 1992 3917 biennio

417 3948 630 4002 itineris
666 3948 887 4004 Achaici
919 3957 1131 4017 tempus
1184 3948 1350 4004 fuisse
1411 3952 1713 4017 existimo;
1757 3968 1880 4005 nam
1934 3963 1992 4008 et

418 4055 515 4108 per
535 4039 877 4095 Palaestinam
910 4041 1013 4094 iter
1045 4042 1252 4107 habuit,
1289 4042 1472 4111 ibique
1501 4052 1745 4098 moratus
1778 4055 1861 4099 est
1883 4045 1985 4099 ali-

419 4133 677 4202 quandiu,
715 4144 768 4188 et
792 4135 1025 4204 spatium
1054 4135 1271 4204 aliquod
1306 4135 1471 4189 itione
1493 4151 1556 4191 ac
1586 4136 1848 4190 reditioue
1865 4152 1993 4191 con-

418 4236 690 4294 sumptum
718 4236 822 4289 est,
848 4238 902 4280 et
926 4227 976 4279 in
1008 4227 1231 4289 Achaia,
1259 4242 1381 4280 cum
1402 4228 1674 4283 hzereticis
1700 4228 1992 4290 volitando,

421 4329 474 4373 et
504 4318 737 4373 Athenis
759 4319 1177 4387 perlustrandis,
1211 4321 1522 4389 scholisque
1547 4319 1992 4389 philosophormn

419 4410 836 4481 frequentandis
874 4410 1041 4480 (quod
1087 4411 1153 4464 ab
1206 4425 1271 4464 eo
1312 4411 1511 4465 factum
1563 4421 1831 4466 testantur
1863 4410 1993 4480 Epi-

3567 315 3679 372 660

2089 548 2218 601 olim
2268 545 2615 599 adolescente
2667 542 2976 596 institutum
3015 541 3331 609 conﬁngant
3360 537 3633 590 Barouius
3658 576 3675 600 ,

2089 638 2155 692 ad
2182 653 2269 690 an.
2297 637 2425 703 232,
2460 652 2605 690 num.
2637 636 2691 700 4,
2721 645 2773 690 et
2805 633 3059 688 Petavius
3089 631 3155 686 ad
3184 630 3379 698 Epiph.
3405 628 3539 682 haer.
3576 625 3674 691 64,

2089 742 2208 797 cap.
2240 727 2445 792 l;nam
2475 729 2541 781 ad
2571 725 2928 796 philosophos
2954 733 3007 778 et
3036 724 3284 777 rhetores
3306 720 3458 774 ibant
3481 718 3672 785 cujus-

2090 834 2305 888 cunque
2329 818 2507 873 aetatis
2540 817 2810 881 homines,
2842 831 3019 885 neque
3058 812 3354 869 verisimile
3401 822 3486 867 est
3532 811 3662 866 Ori—

2090 927 2280 982 genem
2333 911 2707 981 philosophice,
2751 910 3193 978 reliquarumque
3250 905 3663 972 disciplinarum

2090 1018 2273 1058 amore
2298 1002 2635 1073 flagrantem,
2667 1004 2718 1056 in
2747 1017 2807 1057 ea
2839 1004 3122 1073 degentem
3160 1000 3292 1054 urbe
3321 1011 3439 1068 qua:
3467 997 3667 1049 artium

2089 1098 2327 1151 omnium
2354 1098 2625 1152 inventrix
2652 1096 2969 1160 haberetur,
2995 1104 3049 1149 et
3071 1095 3123 1147 in
3152 1108 3256 1164 qua
3284 1107 3408 1146 cum
3438 1090 3667 1152 civium,

2094 1199 2205 1242 tum
2232 1189 2566 1242 advenarum
2612 1188 2943 1257 praecipuum
2975 1196 3119 1240 esset
3137 1184 3377 1239 studium
3404 1182 3526 1237 novi
3559 1181 3668 1235 ali-

2091 1280 2217 1346 quid
2252 1278 2334 1334 vel
2361 1279 2565 1345 dicere,
2621 1278 2704 1332 vel
2742 1278 2951 1341 audire,
2992 1285 3153 1330 :rtate
3188 1275 3355 1329 fuisse
3401 1273 3669 1328 absterri-

2094 1382 2202 1425 tum
2233 1374 2527 1440 quominus
2559 1371 2798 1425 civitatis
2829 1367 3230 1424 consuetudine
3254 1367 3319 1422 ad
3345 1366 3665 1434 explendam

2092 1466 2438 1534 cupiditatem
2482 1472 2753 1519 uteretur.
2790 1462 2964 1531 Supra
3000 1462 3219 1532 quidem
3261 1459 3671 1515 observavimus

2094 1558 2375 1613 testificari
2406 1558 2795 1628 Porphyrium,
2820 1558 2885 1609 ad
2913 1555 3189 1609 Plotinum
3242 1553 3427 1607 Romae
3451 1551 3670 1622 publice

2093 1651 2378 1705 docentem
2399 1647 2694 1717 aliquando
2720 1645 3019 1700 accessisse
3041 1643 3329 1714 Origenem
3357 1643 3668 1711 quemdam,

2094 1745 2256 1799 alium
2293 1746 2359 1800 ab
2388 1741 2737 1805 Adamantio,
2783 1740 2978 1794 Plotini
3010 1739 3299 1809 aequalem,
3328 1752 3502 1807 eoque
3526 1751 3664 1791 con-

2095 1849 2278 1909 specto
2313 1840 2511 1894 victum
2553 1837 2757 1907 pudore
2787 1836 3054 1890 Plotinum
3104 1833 3315 1889 dicendi
3364 1832 3523 1886 finem
3578 1830 3658 1884 fe-

2094 1932 2254 1987 cisse.
2284 1930 2442 1984 Prius
2467 1930 2607 1985 idem
2634 1932 2840 1983 factum
2872 1929 3099 2000 legimus
3130 1944 3159 1981 a
3184 1925 3380 1988 Tullio,
3413 1924 3504 1994 qui
3546 1932 3673 1976 octo

2091 2025 2204 2095 jam
2242 2034 2295 2079 et
2324 2023 2516 2094 viginti
2550 2039 2723 2077 annos
2759 2033 2938 2087 natus,
2964 2037 3085 2076 cum
3117 2021 3298 2075 Romae
3326 2027 3472 2074 esset
3520 2017 3673 2071 bien-

2094 2119 2239 2172 nium
2271 2126 2518 2173 versatus
2555 2119 2607 2171 in
2638 2117 2847 2181 causis,
2879 2126 2933 2172 et
2978 2117 3092 2185 jam
3133 2115 3277 2169 inter
3325 2112 3529 2181 primos
3565 2107 3675 2163 Ur-

2092 2211 2174 2266 bis
2211 2222 2456 2267 oratorcs
2478 2220 2790 2279 poneretur,
2821 2211 3059 2265 Athenas
3108 2220 3285 2262 tamen
3346 2207 3411 2259 ad
3456 2205 3650 2258 Antio-

2090 2301 2250 2355 chum
2324 2301 2698 2369 philosophum
2756 2307 2811 2356 et
2863 2298 3195 2355 Demetrium
3267 2296 3538 2351 rhetorem
3592 2308 3658 2347 se

2090 2392 2339 2449 contulit.
2378 2392 2506 2447 lnde
2538 2394 2603 2446 ad
2638 2392 2909 2447 Asiaticos
2955 2400 3220 2455 oratores,
3254 2390 3541 2458 ipsumque
3563 2387 3661 2440 de-

2091 2502 2235 2539 mum
2267 2485 2535 2541 Melonem
2563 2502 2620 2541 se
2654 2485 2963 2555 applicavit.
3002 2485 3141 2551 Quin
3184 2494 3240 2538 et
3267 2482 3488 2537 Antonii
3530 2477 3671 2535 Gni-

2090 2576 2284 2645 phonis
2313 2575 2552 2630 scholam
2602 2576 2979 2645 frequentasse
3010 2620 3024 2641 ,
3058 2577 3225 2631 etiam
3264 2588 3388 2629 cum
3429 2585 3670 2642 praetura

2090 2667 2428 2736 fungeretur,
2462 2682 2490 2719 a
2513 2666 2773 2722 Suetonio
2810 2666 3128 2736 Tranquillo
3155 2666 3430 2737 proditum
3456 2674 3539 2719 est
3564 2663 3666 2717 lib.

2091 2760 2166 2814 De
2196 2761 2393 2814 illustr.
2426 2770 2734 2829 grammat.,
2764 2774 2882 2829 cap.
2917 2758 2969 2814 7.
2999 2758 3142 2814 Sane
3177 2758 3231 2811 in
3280 2757 3384 2811 hac
3415 2756 3656 2811 Achaica

2088 2853 2434 2908 remansione
2477 2851 2590 2923 (50)
2636 2851 3065 2921 Nicopolitanam
3108 2850 3395 2905 editionem
3432 2856 3655 2902 nactum

2089 2941 2256 2997 fuisse
2279 2941 2565 3012 Origenem
2601 2942 2860 2998 credibile
2883 2951 3003 3006 est;
3035 2956 3251 2996 causam
3281 2941 3420 2994 hanc
3453 2939 3673 2993 itineris

2090 3035 2366 3100 habuisse,
2393 3052 2500 3091 non
2538 3037 2689 3090 item.

2166 3128 2253 3182 X1.
2282 3128 2589 3199 Digressum
2622 3130 2767 3191 inde,
2823 3127 3034 3196 Epheso
3067 3125 3347 3179 trausiisse
3371 3139 3474 3178 non
3526 3138 3674 3191 prae-

2094 3234 2175 3279 ter
2199 3224 2728 3279 verisimilitudinem
2761 3220 2905 3275 credi
2934 3229 3136 3288 potest.
3169 3218 3371 3272 Scribit
3400 3216 3674 3283 siquidem

2092 3313 2356 3384 Origenes
2386 3316 2437 3367 in
2462 3314 2689 3381 epistola
2718 3312 2781 3365 ad
2810 3311 3012 3363 amicos
3029 3308 3445 3369 Alexandrinos,
3485 3321 3543 3361 se
3573 3306 3677 3359 ali-

2093 3408 2309 3477 quando
2340 3405 2533 3473 Ephesi
2584 3406 2634 3457 in
2687 3404 2998 3458 haereticum
3032 3403 3319 3471 quemdam
3360 3400 3617 3454 incidisse
3649 3440 3668 3463 ,

2093 3498 2184 3566 qui
2216 3513 2338 3551 cum
2371 3512 2438 3550 ne
2463 3499 2685 3550 verbum
2716 3496 2930 3564 quidem
2991 3508 3174 3548 secum
3202 3491 3451 3547 conferre
3498 3492 3671 3547 susti-t

2093 3589 2319 3651 nuisset,
2356 3603 2414 3641 se
2440 3598 2619 3641 tamen
2651 3587 2774 3641 inde
2804 3585 3047 3655 profecto
3064 3583 3350 3638 confictam
3380 3582 3529 3636 falsa:
3558 3583 3675 3636 dis—

2093 3680 2395 3753 putationis
2446 3680 2732 3737 historiam
2770 3679 2986 3734 misisse
3021 3676 3087 3732 ad
3114 3677 3431 3745 discipulos,
3500 3675 3675 3732 alios—

2093 3788 2198 3842 que
2233 3794 2245 3828 :
2276 3784 2333 3827 at
2348 3787 2471 3827 eum
2503 3772 2717 3826 demum
2739 3771 3042 3826 Antiochiae
3064 3784 3230 3824 vanos
3249 3768 3399 3823 falsze
3423 3769 3677 3823 victoriae.

2096 3878 2343 3918 ruruores
2376 3870 2746 3933 spargentem,
2783 3871 3071 3931 postquam
3120 3862 3245 3915 illuc
3275 3861 3530 3924 accessit,
3564 3875 3672 3931 pn-

2094 3957 2236 4011 blice
2272 3957 2603 4027 coarguisse,
2648 3956 2991 4023 hominisque
3008 3955 3300 4009 vanitatem
3332 3955 3667 4010 confutasse.

2094 4049 2150 4103 ιιι
2185 4051 2375 4120 siquis
2411 4060 2520 4103 tum
2564 4051 2857 4119 contigisse
2912 4049 3062 4113 velit,
3115 4065 3237 4104 cum
3290 4050 3381 4105 vix
3411 4052 3465 4106 in
3522 4051 3673 4105 aliud

2096 4152 2306 4211 tempus
2362 4143 2510 4212 rejici
2548 4144 2737 4211 possit,
2773 4142 2970 4196 favebo
3025 4141 3396 4209 conjecturae:
3464 4144 3561 4198 sed
3610 4152 3672 4197 et

2097 4235 2185 4290 hic
2213 4249 2426 4304 quoque
2468 4233 2734 4301 judicium
2779 4249 2937 4288 suum
2995 4236 3095 4290 sibi
3128 4237 3502 4303 unusquisque
3530 4236 3673 4290 inte-

2094 4338 2249 4392 grum
2278 4322 2497 4387 habeat,
2525 4339 2624 4377 nec
2652 4338 2842 4377 omnes
2884 4324 3027 4377 enim
3073 4322 3323 4395 Origenis
3357 4327 3675 4395 peregrina-

2098 4413 2275 4466 tiones
2322 4413 2521 4467 litteris
2554 4413 2723 4469 fuisse
2774 4412 3001 4467 traditas
3047 4414 3328 4480 existimo,
3380 4430 3505 4469 cum
3558 4415 3675 4485 ipse

417 4504 651 4570 pitanius
670 4505 801 4559 hacr.
829 4504 918 4558 64.
952 4518 1071 4573 cap.
1100 4502 1151 4569 1,
1174 4514 1226 4558 et
1253 4503 1471 4559 Nicetas
1522 4503 1777 4558 Thesaur.
1813 4506 1992 4560 ortho-
2026 4535 2068 4589 ι)
2101 4500 2401 4568 praesertim
2449 4500 2650 4555 alicubi
2690 4514 2747 4555 se
2787 4500 2954 4555 multa
2987 4510 3147 4555 terra}
3182 4501 3296 4556 loca
3353 4517 3677 4572 peragrasse

419 4598 574 4651 doma:
613 4598 735 4665 fidei
787 4598 880 4651 lib.
916 4613 989 4660 ιν,
1024 4598 1220 4652 haeres.
1256 4598 1346 4664 51,
1374 4607 1429 4651 et
1460 4598 1565 4652 huc
1595 4598 1876 4652 commode
1905 4614 1990 4652 re-

418 4686 549 4740 ferri
591 4688 816 4757 potest),
852 4696 935 4741 sat
987 4686 1202 4755 longum
1235 4695 1449 4755 tempus
1477 4685 1769 4739 contritum
1825 4684 1990 4737 fuisse

419 4792 641 4833 necesse
663 4788 763 4833 est.
799 4778 908 4831 Nec
954 4792 1133 4832 causa:
1161 4787 1243 4832 est
1296 4791 1391 4831 cur
1422 4790 1489 4831 ex
1523 4776 1622 4830 hac
1677 4774 1988 4830 scholarum

521 4939 613 5008 48)
649 4938 873 5009 Euseb,
918 4936 1063 4991 Hist.
1096 4939 1246 5002 eccl.,
1286 4938 1379 4993 lib.
1410 4953 1483 5002 vt,
1514 4954 1635 5009 cap.
1661 4938 1753 4992 25.

523 5010 614 5078 49)
649 5008 718 5063 Ut
755 5008 1139 5070 Nicopolitana:
1168 5010 1413 5062 editionis
1446 5008 1585 5063 circa
1616 5011 1726 5063 Itazc
1770 5018 2004 5077 tempora

430 5091 668 5146 repertae.
711 5079 895 5133 Refert
942 5079 1205 5133 Eusebius
1246 5078 1386 5131 Hist.
1451 5081 1547 5135 lib.
1604 5095 1673 5141 vr,
1728 5094 1848 5146 cap.
1894 5078 1991 5142 l6,

430 5166 592 5209 unam
620 5164 687 5204 ex
715 5150 887 5202 tribus
923 5151 1209 5219 anonymis
1238 5149 1536 5218 Scriptura:
1596 5151 2000 5217 interpretatio-

428 5222 595 5275 nibus
634 5220 836 5287 quibus
878 5221 930 5271 in
971 5218 1225 5286 Heaaplis
1256 5235 1387 5273 usus
1417 5230 1502 5275 est
1531 5220 1813 5287 Origenes,
1846 5218 2002 5271 Nico-

427 5292 538 5360 poli
560 5292 713 5359 juxta
738 5291 952 5343 Actium
985 5290 1152 5343 fuisse
1184 5291 1480 5353 inventam,
1514 5291 1605 5344 sed
1636 5305 1881 5358 quaenam
1911 5288 1999 5341 illa

428 5364 523 5421 sit,
556 5377 623 5414 an
666 5361 873 5429 quinta,
916 5374 982 5412 an
1032 5369 1208 5429 sexta,
1242 5368 1297 5413 et
1325 5375 1434 5428 quo
1478 5370 1719 5426 tempore
1754 5360 1993 5422 iuventa,

428 5448 534 5487 non
565 5431 807 5485 adnotat.
831 5435 1037 5485 Auctor
1063 5428 1361 5498 Synopscos
1402 5430 1545 5484 inter
1578 5444 1740 5496 opera
1769 5430 2000 5484 Athana-

427 5504 584 5556 siana
619 5517 787 5565 cusae,
825 5511 880 5555 et
908 5500 1245 5569 Epiphanius
1270 5501 1364 5552 lib.
1420 5500 1498 5554 De
1537 5500 1697 5568 pomi.
1738 5510 1787 5553 et
1833 5516 1997 5554 mens.

428 5587 554 5641 cap.
591 5572 683 5635 18,
711 5581 920 5626 sextam
947 5571 1086 5625 hanc
1110 5584 1231 5625 esse
1254 5574 1573 5638 pertendunt
1602 5588 1615 5627 :
1650 5570 2003 5639 Hieronymus

431 5658 562 5696 vero
585 5644 857 5710 quintam,
884 5649 939 5693 et
980 5641 1055 5694 ita
1086 5656 1310 5695 narrare
1349 5641 1521 5709 ipsum
1549 5641 1834 5707 Origeuem
1864 5641 2001 5693 scri-

433 5713 514 5764 bit
562 5712 775 5781 Prolog.
826 5718 879 5765 iu
911 5711 1065 5764 (Iunt.
1113 5712 1304 5765 cautic.
1342 5711 1445 5765 Sed
1491 5712 1797 5780 Epiphanio
1836 5728 2006 5774 magis

426 5783 791 5839 adita-remus.
820 5783 953 5837 Cum
978 5784 1121 5837 enim
1149 5793 1260 5837 tum
1292 5798 1354 5839 ex
1380 5785 1518 5853 ipso,
1548 5793 1656 5838 tum
1685 5798 1747 5838 ex
1779 5781 2007 5836 Eusebio

2100 4593 2307 4645 doceat.
2341 4591 2474 4656 Quae
2504 4590 2608 4644 hoc
2640 4605 2769 4659 ergo
2797 4590 2933 4654 loco,
2960 4601 3015 4645 et
3043 4591 3171 4645 alibi
3204 4593 3403 4659 passim
3426 4591 3676 4645 dubitan-

2101 4692 2182 4736 ter
2206 4691 2585 4751 proponuntur
2608 4696 2637 4734 a
2662 4683 2838 4747 nobis,
2863 4682 2943 4737 sic
2959 4682 3130 4736 lector
3152 4680 3386 4749 accipiat
3411 4689 3671 4750 tanquam

2102 4790 2281 4829 meras
2302 4775 2665 4845 conjecturas,
2696 4774 2897 4844 aliqua,
2937 4775 2981 4830 si
3008 4773 3168 4835 forte,
3202 4772 3670 4828 verisimilitudine

2103 4947 2315 4992 constet
2343 4938 2503 4991 aliam
2536 4952 2599 4992 ex
2628 4937 2712 4990 his
2746 4934 3075 4988 editionibus
3117 4932 3467 4987 lliericlmnte
3498 4931 3669 4986 fuisse

2104 5018 2370 5076 repertam
2396 5010 2731 5077 temporibus
2762 5004 3074 5077 Caracallar,
3100 5006 3260 5077 aliam
3290 5002 3528 5077 Nicopoli
3558 5005 3670 5077 im-

2102 5074 2326 5147 peranle
2343 5074 2673 5134 Alexandro.
2693 5087 2841 5129 certe
2860 5075 3268 5128 Hiericbuntiua
3291 5074 3456 5147 editio
3478 5075 3666 5147 quinta

2101 5145 2221 5203 esse
2249 5148 2429 5211 debet,
2464 5147 2837 5215 Nicopolitana
2875 5162 3003 5199 vero
3045 5155 3231 5208 sexta;
3265 5145 3532 5211 siquidem
3574 5146 3669 5195 ba—

2102 5220 2208 5271 bita
2249 5231 2571 5287 temporum,
2591 5219 2787 5285 quibus
2817 5218 3047 5287 iuventte
3078 5225 3221 5277 sunt,
3252 5217 3480 5277 ratione,
3506 5215 3667 5287 fliam

2100 5283 2550 5353 quintam,'aliam
2585 5283 2787 5339 sextam
2823 5287 2888 5339 ab
2918 5285 3151 5354 Origene
3190 5295 3435 5338 Vocatam
3500 5283 3669 5336 fuisse

2096 5360 2283 5413 Scribit
2308 5360 2443 5413 idem
2474 5358 2823 5425 Epiphanius.

2169 5430 2282 5501 (50)
2305 5429 2353 5482 Ν
2360 5424 2732 5501 impolitonqm
2758 5426 3033 5501 editionem
3058 5436 3268 5501 nactum
3294 5424 3668 5501 [uisse_0rige-

2102 5496 2215 5555 neut
2244 5496 2492 5553 credibile
2520 5509 2619 5552 est.
2644 5497 2958 5557 Caracullw,
2997 5498 3169 5565 inquit
3216 5496 3547 5563 Epiphanius
3575 5496 3663 5547 lib.

2100 5571 2177 5624 De
2202 5572 2359 5640 pond.
2387 5582 2433 5623 et
2456 5586 2643 5632 mens.,
2669 5583 2789 5634 cap.
2815 5568 2902 5640 [8,
2927 5569 3154 5620 succedit
3182 5567 3476 5640 Antoninus
3506 5566 3665 5640 alius,

2102 5634 2487 5709 qui'imperavit
2516 5656 2681 5692 (ranos
2712 5654 2783 5709 Ivi.
2813 5637 3035 5690 Secutus
3075 5647 3149 5690 est
3198 5637 3497 5709 Alexander
3523 5634 3668 5709 {llius

2108 5706 2400 5764 Momnm'rr
2421 5712 2571 5762 annis
2597 5725 2714 5763 xm.
2750 5708 2812 5760 In
2845 5709 3015 5760 medio
3041 5718 3325 5773 temporum
3351 5706 3589 5760 illorum,
3616 5707 3666 5754 ἐν

2112 5783 2260 5853 μέσῳ
2294 5782 2399 5835 τῶν
2435 5781 2638 5851 χρόνων
2681 5778 2910 5845 τούτων,
2939 5780 3095 5833 editio
3124 5786 3292 5839 sexta,
3326 5791 3442 5844 qutr
3478 5783 3527 5828 et
3554 5776 3666 5843 ipsa
