3870 6220
307 255 403 310 E6!

1362 248 1933 306 ORIGENIANORUM
1972 247 2096 304 LIB.
2141 246 2180 313 I,
2216 245 2367 302 CAP.
2406 243 2471 301 II.

3461 230 3564 286 662

306 373 647 441 conjunctas,
666 370 834 426 solida
854 369 993 424 nulla
1019 378 1068 424 et
1094 369 1360 424 constanti
1384 370 1591 423 ratione
1608 371 1879 425 subnixas.
1916 376 1957 429 Α
1990 369 2083 421 sia:
2106 375 2380 434 postremo
2410 358 2793 416 communione
2815 366 3122 425 segregare.
3150 349 3348 406 Narrat
3367 350 3563 418 quippe

381 459 494 515 XII.
538 458 649 531 (5i)
674 459 831 514 P'rius
855 468 1034 514 autem
1061 474 1220 527 quam
1254 459 1495 515 Athenas
1519 460 1752 523 veniret,
1783 475 1874 512 ar-

304 552 552 621 ripuerat
580 550 686 606 iter
720 565 818 620 per
872 550 1236 614 Palaestinam,
1269 559 1324 605 et
1367 549 1631 606 Cmsareae
1668 553 1736 605 ab
1764 551 1879 621 epi-

304 642 490 711 scopis
513 656 674 711 supra
702 638 816 709 jam
848 640 1287 696 commemoratis
1311 639 1627 696 Theoctisto
1670 651 1725 696 et
1751 641 1881 695 Ate-

304 733 519 790 xandro
553 732 620 788 ad
652 747 867 790 sacrum
904 733 1226 804 presbyterii
1252 733 1499 791 ordinem
1555 734 1734 789 fuerat
1758 750 1882 805 pro-

302 836 513 881 vectus.
531 824 815 880 Prioresne
833 825 945 895 jam
965 834 1093 880 ante
1113 826 1417 896 susceperit
1431 826 1669 892 ordines,
1689 841 1879 892 necne,

302 934 415 973 non
439 918 649 988 liquet;
686 915 843 973 facile
866 917 1119 987 equidem
1165 919 1406 973 adducor
1435 927 1495 973 ut
1523 919 1739 974 credam
1787 933 1881 989 per

304 1008 531 1072 saltum,
556 1017 615 1062 ut
640 1016 856 1068 vocant,
909 1008 1290 1080 presbyterum
1331 1008 1496 1066 fuisse
1523 1010 1829 1065 ordinatum
1863 1050 1878 1076 ,

307 1110 473 1169 prout
504 1100 775 1169 primaevis
807 1099 1065 1156 Ecclesia:
1088 1102 1419 1169 temporibus
1456 1103 1508 1157 in
1551 1118 1705 1159 more
1733 1103 1880 1173 posi-

305 1201 423 1247 tum
453 1188 572 1246 fuit.
603 1190 657 1246 Id
682 1200 794 1245 tum
825 1191 1049 1260 contigit
1078 1206 1201 1245 eum
1237 1192 1593 1247 Antiochente
1625 1192 1880 1248 Ecclesiae

303 1284 551 1353 regimen
576 1283 868 1352 capessivit
922 1281 1183 1352 Zebinus,
1214 1283 1421 1339 Christi
1458 1285 1715 1340 nimirum
1772 1285 1878 1340 228

302 1388 474 1437 anno,
500 1372 794 1429 Alexandri
825 1372 1013 1428 Severi
1047 1389 1143 1439 vn,
1177 1372 1429 1447 Origenis
1462 1392 1618 1432 ant.
1654 1376 1875 1432 Factum

303 1465 411 1518 hoc
442 1480 471 1518 a
500 1464 864 1521 sanctissimis
898 1466 1170 1536 episcopis
1204 1467 1257 1522 in
1288 1468 1503 1525 homine
1525 1469 1746 1525 ditionis
1770 1468 1875 1525 non

299 1573 436 1624 suae,
462 1560 562 1613 sub
593 1560 904 1615 testimonio
931 1557 1174 1630 epistolae
1201 1560 1604 1626 ecclesiastica,
1634 1578 1740 1632 qua
1768 1564 1877 1618 dis-

302 1650 585 1704 cedentem
612 1651 916 1707 Demetrius
942 1652 1117 1706 fuerat
1167 1662 1491 1721 prosecutus
1516 1670 1531 1719 ;
1562 1663 1622 1709 ut
1652 1655 1721 1709 ad
1746 1670 1867 1710 eum

1990 456 2210 510 Photius
2238 454 2360 508 cod.
2394 451 2515 518 H8,
2564 450 2829 520 geminam
2865 448 3128 501 adversus
3160 457 3285 498 eum
3314 448 3558 497 coactam

1987 546 2157 600 luisse
2191 544 2493 614 synodum;
2532 554 2759 610 quarum
2795 538 2943 608 prior
2969 536 3241 605 episcopis
3271 532 3473 601 aliquot
3503 539 3559 585 et
3608 574 3617 583 .

1986 634 2326 705 presbyteris
2351 628 2605 697 conﬂata,
2636 644 2757 682 eum
2789 626 3014 681 docendi
3044 638 3267 679 munere
3295 622 3555 677 abdican-

1982 728 2110 781 dum
2159 736 2215 781 et
2262 722 2589 779 Alexandria
2630 719 2936 790 pellendum
2976 717 3177 780 sanxit,
3232 712 3558 786 presbyterii

1983 819 2307 889 dignitatem
2340 832 2444 870 non
2478 813 2739 879 abstulit;
2770 811 2939 865 altera
2983 824 3013 863 a
3052 808 3328 862 Demetrio
3353 820 3421 860 ex
3452 802 3556 858 ali-

1982 919 2113 981 quot
2141 907 2357 981 Egypti
2390 906 2660 976 episcopis
2683 912 2873 959 coacta
2892 899 3183 956 sacerdotii
3211 912 3422 968 quoque
3459 898 3556 950 ho-

1983 1017 2114 1057 uore
2163 1000 2470 1055 exuendam
2512 996 2775 1053 decrevit.
2840 994 2977 1049 Huic
3031 992 3288 1047 Demetrii
3336 991 3554 1046 decreto

1980 1094 2326 1150 consensisse
2370 1090 2679 1145 universum
2715 1088 2922 1146 orbem.
2964 1095 3185 1153 excepta
3222 1083 3506 1145 Palaestina
3536 1122 3553 1145 ,

1980 1185 2207 1250 Arabia,
2257 1183 2537 1239 thnicia
2574 1191 2627 1239 et
2658 1181 2862 1237 Achaia
2927 1179 3253 1235 testiﬁcatur
3287 1176 3552 1244 Hierony-

1980 1296 2100 1336 mus
2134 1280 2226 1335 lib.
2258 1292 2297 1334 ll
2324 1282 2377 1332 in
2400 1277 2604 1347 Ruﬁn.,
2639 1291 2758 1345 cap.
2789 1274 2841 1343 5,
2876 1289 2974 1329 nec
3000 1284 3221 1343 propter
3243 1272 3552 1342 dOgmatum

1979 1374 2297 1439 novitatem,
2325 1384 2633 1437 erroreSVe,
2662 1370 2756 1425 sed
2812 1368 3015 1425 invidia
3071 1366 3289 1421 laudent
3337 1365 3553 1418 virtutis

1978 1467 2094 1536 ejus
2124 1464 2292 1520 fuisse
2339 1463 2621 1519 obtritam.
2672 1463 2877 1517 Auctor
2902 1474 3115 1531 quoque
3142 1458 3282 1513 idem
3306 1457 3421 1527 ipse
3445 1460 3548 1519 eSt,

1979 1574 2086 1612 non
2112 1556 2460 1628 presbyterio
2486 1555 2661 1610 solum
2694 1553 2980 1626 Origenem
3014 1568 3042 1607 a
3103 1550 3376 1607 Demetrio
3426 1564 3548 1604 esse

1978 1650 2307 1714 submotum,
2333 1649 2425 1703 sed
2445 1646 2703 1703 Ecclesia:
2720 1649 2885 1703 etiam
2909 1648 3167 1703 societate
3188 1644 3546 1715 prohibitum,

300 1739 387 1793 διιί
415 1741 675 1810 purgandi
705 1756 865 1797 causa
904 1742 1185 1811 rescripsit
1228 1743 1559 1809 Alexander,
1588 1756 1874 1801 mansueto
1906 1721 1947 1776 Β
1976 1741 2442 1795 consentientibus
2473 1740 2525 1795 in
2557 1738 2611 1793 id
2643 1738 3051 1804 sacerdotibus;
3084 1747 3143 1791 ut
3191 1735 3322 1789 mihi
3357 1735 3550 1789 verisi-

302 1830 387 1882 vir
416 1829 633 1901 ingenio
670 1840 835 1902 atque
862 1832 966 1888 leni
997 1851 1011 1889 :
1045 1832 1200 1901 cujus
1229 1842 1421 1890 testem
1464 1835 1654 1891 damus
1686 1835 1875 1893 Hiero-

299 1929 520 1991 nymum
556 1920 652 1976 lib.
686 1922 762 1977 De
788 1925 966 1991 script.
1022 1924 1203 1979 eccles.
1258 1924 1310 1979 in
1343 1923 1494 1994 Orig.
1533 1934 1589 1981 et
1626 1927 1864 1982 Alexan-

296 2011 423 2067 dro.
451 2010 811 2079 Quamobrem
851 2015 1089 2085 episcopi
1145 2014 1365 2087 tEgypti
1404 2025 1458 2070 et
1520 2017 1868 2073 Alexandria:

297 2105 353 2157 in
393 2105 649 2175 synodica
676 2106 904 2176 epistola
937 2107 1049 2178 (52)
1078 2108 1339 2164 adversus
1384 2107 1636 2178 Origenis
1669 2110 1871 2164 doctri-

297 2212 457 2262 nam,
512 2199 957 2270 χειροτονηθέντα
1008 2200 1169 2254 αὑτὸν
1223 2200 1588 2275 πρεσϐύτερον
1624 2202 1727 2255 ὑπὸ
1773 2203 1871 2275 τῆς

294 2288 589 2359 κανονικῆς
622 2307 681 2344 τε
720 2291 811 2345 καὶ
853 2293 982 2363 μιᾶς
1022 2291 1202 2363 χειρὸς
1240 2291 1500 2364 ἀληθινῆς
1548 2306 1865 2364 agnoscunt.

294 2381 417 2449 Quo
470 2383 644 2454 magis
695 2385 864 2439 miror
908 2385 1201 2455 scripsisse
1252 2384 1509 2441 Photium
1556 2388 1680 2443 cod.
1719 2387 1822 2443 “8
1850 2428 1866 2454 ,

293 2474 623 2530 Alexandria
671 2474 958 2547 Origenent
1018 2477 1348 2546 profectum,
1400 2479 1603 2549 absque
1664 2478 1865 2548 proprii

291 2567 534 2639 episcopi
596 2584 862 2625 consensu
926 2570 1251 2643 presbyterii
1316 2570 1634 2641 dignitatem
1684 2586 1867 2628 susce-

293 2658 459 2729 pisse.
483 2659 625 2715 Idem
655 2660 803 2715 addit
834 2660 961 2717 facti
985 2672 1261 2718 auctorem
1283 2660 1450 2719 fuisse
1472 2661 1863 2732 Theoctistum,

289 2751 635 2819 probatorem
669 2751 1061 2807 Alexandrum.
1104 2750 1217 2823 (55)
1251 2752 1380 2808 Untt
1410 2762 1513 2818 est,
1541 2754 1644 2809 hoc
1676 2753 1864 2810 dolore

292 2843 533 2911 graviter
556 2843 765 2898 exarsit
805 2843 1134 2907 Demetrius,
1166 2853 1220 2898 et
1246 2857 1310 2898 ex
1366 2844 1569 2915 insigni
1611 2844 1863 2916 Origenis

290 2932 462 3002 gloria
477 2931 684 3001 jamdiu
724 2933 778 2988 in
814 2934 937 2989 sinu
990 2933 1275 2989 collectum
1339 2934 1557 2991 invidiae
1588 2938 1743 2993 virus
1790 2948 1863 2993 to-

291 3039 406 3079 tum
437 3025 695 3094 evomuit,
727 3025 885 3093 unde
931 3026 1177 3096 ingentes
1226 3027 1459 3084 subinde
1493 3030 1749 3085 concitati
1779 3040 1860 3085 tu-

288 3117 490 3172 multus
522 3127 686 3172 totam
734 3117 1032 3172 Ecclesiam
1087 3119 1141 3173 in
1192 3116 1457 3175 factiones
1502 3122 1853 3191 dissiparunt.

286 3205 423 3261 Nam
456 3209 687 3277 primum
718 3208 969 3278 Origenis
1002 3209 1417 3276 castrationem,
1476 3213 1706 3269 mirifice
1739 3230 1768 3268 a
1797 3231 1857 3271 se

285 3309 446 3355 antea
469 3301 738 3357 laudatam
773 3311 829 3356 et
854 3302 1159 3371 probatam,
1191 3302 1399 3371 publice
1418 3302 1635 3359 differre
1663 3320 1727 3361 ac
1756 3314 1857 3360 tra-

285 3390 485 3447 ducere
508 3390 695 3461 cmpit,
719 3392 1014 3448 Ecclesiam
1035 3405 1253 3447 omnem
1280 3392 1543 3449 adversus
1565 3409 1686 3450 eum
1721 3412 1853 3452 con-

285 3483 476 3550 citare,
506 3484 651 3539 hunc
679 3484 882 3542 honore
909 3482 1199 3540 sacerdotii
1232 3483 1465 3553 privare,
1491 3496 1545 3542 et
1573 3487 1640 3543 ab
1670 3488 1853 3544 Eccle-

284 3648 338 3700 in
356 3646 509 3700 doliis
525 3646 741 3715 latebat,
767 3646 1006 3715 Nicopoli
1027 3658 1093 3705 ad
1113 3654 1317 3707 Actium
1337 3663 1412 3708 est
1431 3655 1659 3707 inventa.
1681 3652 1849 3707 Porro

285 3719 369 3795 Ius
396 3717 592 3782 verbis,
622 3720 680 3771 ὲν
698 3720 999 3795 *μέσῳμτῶν
1022 3724 1228 3795 χρόνων
1253 3724 1478 3795 τούτων,
1516 3723 1847 3795 Epiphanius

285 3788 590 3860 vetantium
621 3788 721 3857 qui
742 3788 949 3848 medius
972 3788 1342 3850 intercedebat
1364 3797 1431 3848 ab
1454 3788 1843 3860 initi‘o'Eloga-

282 3855 390 3911 bali
414 3857 481 3938 ad
515 3855 1013 3938 Alexandri‘iinem,
1046 3863 1096 3938 id
1146 3874 1251 3938 est,
1292 3880 1489 3938 annum
1525 3864 1691 3938 ipsius
1720 3855 1848 3938 A'l‘e7

284 3927 481 3981 xandri
508 3944 540 3982 v
578 3928 777 3985 Christi
808 3931 935 3998 226,
985 3934 1067 3987 vel
1102 3927 1333 3989 medium
1366 3934 1527 3988 unius
1546 3927 1844 3986 "Alexandri

280 4004 517 4077 tempus,
539 4000 603 4077 id
630 4010 737 4077 est,
766 4002 1108 4077 annumejus
1142 4004 1353 4077 imperii
1382 4003 1715 4077 vn,__Christi
1739 4002 1846 4077 228

282 4067 506 4139 indicat.
537 4067 643 4125 Sed
667 4067 812 4127 recte
843 4067 1136 4139 conjiciunt
1153 4067 1440 4137 Baronius,
1465 4067 1715 4139 Huctius,
1739 4073 1848 4127 Til-

280 4138 576 4194 lemontius
632 4150 686 4195 et
740 4138 1193 4198 Montefalconius
1248 4146 1389 4201 hanc
1419 4138 1846 4201 Niconolitanam

281 4208 573 4282 editionem
611 4211 884 4267 inventam
926 4215 1101 4281 potius
1151 4213 1314 4270 fuisse
1368 4230 1509 4269 anno
1538 4208 1666 4280 228,
1706 4214 1847 4282 quod

280 4279 397 4348 ipsa
424 4278 663 4335 historiae
686 4285 856 4337 series
888 4278 1106 4338 videtur
1134 4284 1391 4341 indicare.

351 4347 462 4427 (ξε)
488 4350 707 4427 Euseb,
745 4348 943 4427 Hister.
979 4354 1073 4409 lib.
1106 4370 1340 4427 vr,‘cap.
1368 4355 1453 4410 25.

351 4418 687 4495 (ξξῇροηεὶίι.
723 4432 851 4495 tom.
893 4421 954 4490 V,
986 4439 1104 4495 pag.
1146 4424 1269 4479 660.

374 4488 462 4564 ξὸ)
490 4491 718 4564 Euseb,
763 4488 966 4564 Hister.
989 4488 1181 4549 'ecEles.
1211 4496 1301 4551 lib.
1334 4512 1409 4559 vr,
1438 4511 1557 4564 cap.
1589 4496 1651 4561 8,
1670 4506 1724 4553 et
1748 4496 1837 4550 25.

374 4500 441 4542 56
490 4500 718 4557 Euseb,
763 4500 966 4547 Hister.
998 4500 1181 4549 eccles.
1211 4500 1301 4551 lib.
1334 4512 1409 4559 vr,
1438 4511 1557 4564 cap.
1589 4500 1724 4561 8,et
1748 4500 1837 4550 25.

350 4500 462 4631 ἶδιζ
481 4561 659 4635 ΔΑιὲαθη
682 4562 857 4617 επιςὶίἰί
883 4564 1280 4634 hujuslcausam
1304 4568 1457 4635 affert
1490 4566 1838 4635 Epiphanius,

276 4640 381 4703 etc.
413 4632 571 4703 Adeo
591 4636 734 4687 omni
766 4632 988 4703 prorsus
1010 4632 1481 4692 verisimilitudine
1508 4632 1697 4692 carere
1728 4638 1841 4691 haec

278 4702 499 4755 historia
540 4700 779 4758 Baronio
796 4705 908 4758 visa
936 4714 1038 4766 est,
1097 4714 1155 4759 ut
1212 4708 1421 4763 dubitet
1467 4722 1534 4761 an
1577 4709 1661 4762 hic
1692 4707 1841 4762 locus

278 4772 767 4847 fgpiplianii‘textui
821 4790 927 4830 non
986 4777 1056 4829 sit
1086 4776 1321 4833 insertus
1353 4786 1409 4832 et
1461 4777 1835 4847 interpolatns.

276 4840 475 4895 Verum
523 4842 587 4894 ad
646 4844 697 4897 id
748 4858 853 4897 non
885 4859 1105 4902 necesse
1128 4857 1211 4901 est
1245 4857 1301 4901 ut
1345 4840 1709 4903 recurramus.
1747 4846 1838 4902 Vel

272 4925 339 4965 ea
368 4912 480 4987 sola
514 4928 633 4982 qua:
662 4914 727 4967 de
752 4912 961 4969 Meletio
982 4925 1040 4969 et
1066 4917 1197 4971 Ario
1248 4916 1414 4974 refert
1468 4917 1801 4987 Epiphanius
1821 4959 1836 4982 ,

276 4981 910 5055 manifestoargumenlo
939 4996 1063 5039 sunt
1100 4988 1273 5055 ipsum
1315 4981 1585 5042 interdum
1616 4989 1837 5042 incertis

271 5062 332 5125 et
359 5053 505 5125 falsis
529 5053 753 5107 nimium
792 5070 850 5108 se
879 5053 1153 5110 credulum
1182 5059 1479 5125 praebuisse
1505 5058 1833 5113 rumoribus.

276 5121 401 5197 Ejus
431 5123 613 5191 itaque
640 5125 938 5197 auctoritas
965 5142 1067 5179 non
1118 5121 1339 5197 fobstitit
1367 5128 1656 5197 quominus
1680 5128 1837 5182 Vale-

273 5194 601 5267 siusutnerae
637 5193 830 5267 fabula:
885 5195 1001 5250 loco
1045 5196 1267 5267 haberet
1317 5193 1436 5253 eain
1464 5213 1626 5267 quam
1679 5198 1838 5253 affert

275 5261 456 5337 exsilii
490 5260 741 5331 Origenis
771 5280 1014 5337 causam.
1050 5268 1105 5321 1⁸
1145 5266 1304 5322 Certe
1343 5260 1655 5325 auctoritati
1709 5268 1836 5337 Epi-

274 5332 457 5400 phanii
502 5350 553 5386 Ill
589 5350 654 5387 ea
681 5349 738 5387 re
770 5335 1000 5389 multum
1035 5347 1193 5392 nocet
1236 5338 1510 5393 silentium
1552 5332 1832 5392 hominum

274 5402 430 5475 longe
461 5402 577 5470 ipso
608 5404 913 5459 doctiornm
934 5445 949 5470 ,
1006 5422 1235 5475 quorum
1292 5410 1385 5462 alii
1419 5406 1707 5475 Origenem
1739 5424 1839 5463 sa:-

275 5471 397 5549 culo
416 5484 610 5549 quarto
638 5483 695 5549 _et
718 5475 905 5549 quint_o_
921 5471 1565 5549 convitiisgincesseruni,
1596 5479 1687 5532 alii
1709 5494 1837 5549 apo-

277 5541 431 5618 logiis
460 5542 835 5618 defenderunt.
860 5543 974 5598 Non
1004 5547 1048 5600 is
1070 5547 1313 5615 profecto
1337 5558 1454 5603 erat
1483 5541 1837 5618 Hieronymus

277 5613 363 5678 qui
397 5613 607 5687 hanc_ei
636 5614 849 5687 culpam
871 5613 1222 5687 condonaret,
1245 5629 1664 5687 quantacunque
1682 5613 1834 5671 illaut

281 5683 591 5750 pmuitentia
608 5684 847 5741 cluisset.
872 5684 1037 5743 Multo
1066 5689 1245 5744 minus
1263 5683 1629 5746 condonasset
1657 5689 1831 5747 Theo-

1978 1833 2104 1888 mile
2136 1832 2230 1887 ﬁat
2257 1832 2310 1885 in
2348 1831 2554 1903 synodo
2616 1846 2645 1885 a
2700 1830 2971 1885 Demetrio
3018 1828 3240 1883 collecta
3276 1828 3545 1883 sancitum

1976 1940 2193 1995 quoque
2224 1925 2357 1979 illud
2397 1924 2583 1981 fuisse.
2611 1923 2716 1979 Sed
2744 1923 2853 1992 jam
2885 1932 3040 1977 antea
3088 1922 3261 1992 patria
3295 1934 3545 1975 excesse-

1977 2026 2060 2071 rat
2086 2030 2208 2073 cum
2240 2016 2372 2071 coiit
2401 2015 2749 2071 Demetriana
2782 2014 2871 2069 illa
2899 2014 3164 2086 synodus,
3190 2016 3545 2084 quemadmo-

1974 2110 2099 2163 dum
2134 2108 2378 2165 dicemus
2415 2107 2576 2178 paulo
2608 2117 2750 2176 post.
2779 2107 2857 2162 Ita
2904 2106 3107 2162 Achaia
3142 2119 3391 2160 reversus
3419 2104 3545 2159 Ale-

1976 2199 2260 2253 xandriam
2294 2199 2651 2254 Adamantius
2679 2198 2791 2266 jam
2843 2197 3147 2268 presbyter,
3190 2195 3544 2265 pristinisque

1973 2291 2212 2346 intentus
2270 2291 2488 2357 studiis,
2538 2306 2567 2345 a
2610 2291 2832 2361 proprio
2865 2289 3116 2360 episcOpo
3163 2288 3263 2343 sibi
3305 2288 3539 2357 primum

1971 2381 2206 2450 favente,
2260 2384 2453 2439 deinde
2486 2382 2627 2437 clam
2688 2382 2985 2447 invidente,
3021 2389 3131 2435 tum
3166 2379 3421 2434 maximis
3472 2380 3540 2433 ad

1970 2476 2227 2531 invidiam
2260 2476 2370 2531 odii
2426 2475 2587 2530 factis
2634 2474 3039 2529 accessionibus
3094 2473 3272 2542 palam
3328 2473 3541 2528 infenso

1968 2569 2227 2641 agitatus,
2261 2568 2476 2623 tandem
2512 2566 2761 2623 defessus
2790 2566 2945 2620 malis
2978 2564 3190 2633 injuriae
3228 2565 3537 2627 concessit,

1968 2662 2268 2732 patriisque
2320 2661 2542 2716 sedibus
2580 2661 2841 2714 excedere
2876 2668 3097 2714 coactus
3123 2668 3225 2711 est.
3274 2655 3535 2711 Exsilium

1965 2753 2164 2823 quippe
2196 2752 2297 2822 ipsi
2327 2750 2657 2808 decernente
2712 2751 2941 2821 synOdO,
2984 2751 3128 2819 quod
3159 2749 3259 2804 sibi
3298 2762 3536 2818 praesen-

1965 2842 2134 2899 tiebat
2163 2859 2283 2900 esse
2308 2843 2611 2900 faciendum
2654 2842 2739 2897 vel
2803 2843 3071 2913 ingratiis,
3123 2850 3314 2911 sponte
3345 2841 3536 2894 admit-

1966 2948 2081 2992 tere
2113 2937 2304 2992 maluit
2336 2956 2348 2994 :
2395 2951 2518 2992 cum
2549 2937 2849 3008 praesertim
2885 2938 3350 3007 ingravescentem
3391 2934 3531 2988 invi-

1965 3030 2107 3084 diam
2134 3030 2277 3086 ferre
2328 3046 2433 3086 non
2476 3039 2677 3101 posset.
2718 3030 2811 3086 Sic
2841 3029 2984 3084 enim
3016 3028 3341 3084 conciliandi
3384 3036 3523 3093 sunt.

1908 3114 1933 3137 ⁴
1963 3122 2279 3191 quijactant
2303 3132 2494 3193 sponte
2521 3123 2724 3178 abiisse
2755 3124 2952 3192 ipsum,
2979 3136 3100 3176 cum
3134 3122 3201 3175 iis
3228 3122 3317 3190 qui
3360 3119 3527 3190 patria

1963 3213 2245 3283 expulsum
2279 3224 2331 3268 et
2365 3213 2786 3269 exterminatum
2820 3212 2988 3267 fuisse
3014 3211 3227 3265 volunt.

2033 3302 2170 3359 XIII.
2208 3304 2320 3376 (54)
2352 3306 2527 3360 Aliam
2561 3305 2735 3360 exsilii
2770 3304 2929 3371 hujus
2959 3318 3177 3358 causam
3207 3299 3365 3355 affert
3407 3299 3532 3367 Epi-

1956 3397 2190 3466 phanius
2224 3398 2356 3451 hair.
2396 3396 2464 3451 64
2488 3436 2503 3460 ,
2536 3410 2658 3465 cap.
2692 3395 2760 3461 2,
2796 3397 2980 3463 aitque
3009 3393 3211 3447 eximia
3244 3392 3525 3446 florentem

1952 3489 2276 3545 eruditionis
2316 3504 2380 3545 ac
2418 3488 2729 3546 sanctitatis
2773 3488 2933 3542 laude
2980 3485 3270 3557 Origenem
3297 3526 3312 3548 ,
3359 3485 3529 3553 magi-

1992 3655 2151 3709 hilus.
2186 3652 2355 3722 Hujus
2381 3654 2623 3711 historia:
2679 3656 3008 3711 mentionem
3067 3654 3255 3723 utique
3307 3651 3525 3723 fecisset

2004 3726 2271 3796 incentius
2301 3723 2634 3796 Lirinensis;
2689 3738 2866 3796 neque
2892 3726 2935 3782 si
2987 3740 3113 3778 vera
3151 3722 3357 3796 fuisset,
3393 3722 3528 3796 Por-

1951 3794 2200 3865 phyrius,
2242 3796 2332 3865 qui
2392 3794 2691 3851 reluctante
2740 3794 2867 3851 licet
2919 3796 3148 3852 veritate
3173 3795 3518 3865 Aminoninm

1952 3863 2279 3935 Christianis
2297 3865 2515 3935 eripuit,
2538 3866 2827 3934 Origenem
2848 3865 2931 3922 eis
2962 3865 3289 3935 reliquisset.
3307 3864 3365 3917 2ο
3385 3863 3520 3935 Quis

1954 3934 2116 3989 facile
2136 3935 2238 3989 sibi
2280 3934 2606 4003 persuadeat
2635 3933 2986 4004 magistratus
3014 3933 3385 4003 et‘pratfectos
3399 3933 3520 3990 Ale-

1954 4005 2247 4075 xandrinos
2277 4004 2350 4074 (id
2381 4005 2524 4075 enim
2555 4006 2656 4068 eis,
2690 4021 2796 4061 non
2836 4007 3110 4075 seditiosa;
3150 4005 3296 4075 plebi
3330 4004 3520 4059 tribuit

1952 4073 2318 4143 Epiphanius)
2376 4073 2685 4130 Alexandro
2737 4077 3037 4145 imperante
3078 4073 3519 4145 Christianisque

1952 4147 2114 4200 rebus
2145 4146 2378 4209 favente,
2415 4160 2578 4200 ausos
2602 4161 2723 4200 esse
2758 4143 2865 4200 tam
2894 4146 3220 4201 horrendam
3254 4145 3362 4199 vim
3392 4143 3515 4199 Ori-

1950 4215 2071 4285 geni
2102 4216 2324 4275 inferre,
2363 4216 2479 4269 viro
2507 4225 2634 4270 tunc
2663 4217 2921 4285 temporis
2950 4216 3324 4282 celeberrimo,
3352 4229 3513 4283 quem

1950 4295 2007 4339 et.
2039 4295 2276 4345 noverat,
2307 4295 2360 4339 et
2395 4286 2613 4354 plurimi
2649 4287 2882 4343 faciebat
2920 4286 3193 4340 Mammaea
3222 4285 3513 4354 imperato—

1952 4356 2028 4411 ris
2082 4365 2254 4411 mater
2283 4353 2695 4424 potentissima?
2749 4354 2969 4411 Videtur
2998 4353 3340 4410 existimasse
3381 4353 3513 4423 Epi-

1885 4425 1925 4479 D
1956 4425 2185 4495 pbanius
2217 4427 2267 4477 id
2299 4427 2609 4495 contigisse,
2642 4425 2854 4481 furente
2886 4427 3066 4495 aliqua
3097 4425 3469 4494 persecutione
3494 4466 3519 4489 ,ε

1950 4496 2217 4577 siquidem
2239 4496 2527 4577 Origenem
2551 4498 2625 4550 ait
2657 4495 3029 4577 confessorum
3054 4505 3463 4577 martyr-unique
3495 4536 3511 4559 ,

1942 4564 2035 4633 qui
2073 4564 2179 4621 illis
2204 4564 2538 4635 tempOribus
2583 4577 2762 4627 erant,
2791 4566 2993 4634 judicio
3033 4568 3103 4621 ab
3143 4564 3383 4620 Ecclesia
3415 4569 3511 4621 deo

1935 4636 2138 4705 jectum
2173 4649 2314 4690 esse.
2352 4635 2549 4708 Verum
2576 4636 2664 4691 vix
2695 4636 2837 4708 ullus
2879 4639 3413 4708 reperitur_martyr_
3444 4652 3511 4690 eo

1942 4708 2057 4775 ipso
2086 4714 2327 4777 tempore
2347 4721 2454 4777 quo
2477 4705 2804 4761 Alexandria
2836 4709 3064 4761 recessit
3083 4705 3361 4777 Origenes.
3387 4705 3506 4761 Jam

1939 4777 2083 4846 enim
2109 4791 2139 4829 a
2167 4776 2357 4846 viginti
2409 4776 2527 4831 fere
2566 4776 2723 4831 annis
2750 4791 2907 4831 nemo
2940 4776 3334 4846 persecutionis
3359 4777 3506 4830 scin-

1943 4845 2107 4899 tillam
2134 4845 2362 4901 viderat.
2396 4846 2574 4902 Unttm
2605 4846 2803 4901 saltem
2845 4847 3073 4902 Huetius
3129 4845 3371 4915 proferre
3410 4850 3512 4903 de-

1939 4916 2132 4971 buerat
2164 4926 2452 4985 martyrem
2474 4932 2635 4985 quem
2661 4917 2968 4971 Alexandro
3020 4919 3316 4985 imperante
3379 4917 3502 4972 Ale-

1940 4988 2181 5040 xandriae
2239 5001 2459 5055 passum
2491 5000 2613 5041 esse
2662 4998 2810 5041 certa
2838 4997 2895 5040 et
2942 4988 3245 5042 indubitata
3283 4989 3499 5043 tradant

1940 5057 2288 5128 monimenta.
2311 5056 2545 5128 lfiicetas,
2563 5055 2923 5128 Nicephorus,
2948 5058 3148 5128 aliique
3166 5061 3503 5114 recentiores

1938 5127 2274 5197 Graecihunc
2303 5125 2774 5197 Origenislapsum
2802 5127 2869 5180 ad
2901 5125 3500 5196 Decii—persecutionem

1941 5195 2298 5270 rejiciu_nt.R.
2333 5197 2399 5270 P.
2417 5195 2757 5270 Pagius‘pag.
2785 5197 2962 5270 25l,§
2986 5199 3042 5262 8,
3075 5195 3180 5254 non
3203 5198 3364 5252 aliam
3392 5203 3499 5253 uti-

1937 5283 2042 5338 que
2074 5268 2177 5323 sibi
2208 5268 2495 5338 ineundum
2530 5268 2676 5338 rviam
2705 5269 2880 5333 duxit,
2912 5268 3141 5338 eatnque
3170 5271 3237 5323 ab
3263 5270 3499 5338 Epipha-

1940 5337 2029 5392 nio
2058 5337 2280 5392 disertis
2309 5338 2487 5392 verbis
2526 5337 2902 5410 indicaria'it;
2935 5341 3027 5393 sed
3052 5337 3239 5393 incidit
3265 5337 3322 5392 in
3353 5337 3499 5410 Scyl-

1938 5410 2043 5478 lam
2069 5411 2282 5477 cupiens
2318 5410 2485 5461 vitare
2536 5406 2876 5477 Charybdim,
2929 5410 3004 5463 uti
3051 5411 3246 5464 invicte
3301 5406 3498 5478 probat

1939 5474 2162 5532 Huetius
2192 5479 2347 5549 infra
2369 5494 2489 5547 cap.
2516 5478 2568 5543 4,
2600 5474 2821 5549 nuntJ.
2862 5480 2921 5534 3°
2950 5480 3103 5545 Quod
3134 5483 3179 5533 sl
3228 5474 3496 5549 utexpro-

1941 5548 2213 5602 brantium
2246 5548 2490 5602 ludibriis
2540 5564 2658 5603 sese
2680 5548 3104 5619 isubstraheret,
3136 5560 3333 5619 sponte,
3372 5548 3496 5604 Ale-

1941 5619 2219 5672 xandriam
2250 5620 2462 5690 reliquit
2490 5631 2544 5673 et
2575 5620 2624 5672 in
2675 5618 3017 5690 Palaestinam
3050 5618 3275 5675 secessit
3306 5618 3497 5690 Orige-

1942 5703 2054 5755 nes,
2082 5698 2138 5743 ut
2172 5703 2351 5745 narrat
2379 5689 2729 5762 Epiphanius,
2760 5704 2886 5759 ergo
2912 5689 3107 5745 falsum
3140 5700 3225 5746 est
3254 5689 3429 5761 ipsum
3458 5709 3491 5745 ει
