3840 6222
394 252 500 309 6C3

1665 252 1725 309 P.
1768 251 2081 308 DANHSLIS
2112 246 2346 306 HUETII

3536 249 3655 303 661»

391 376 656 425 stratuum
693 370 746 424 in
799 385 858 424 se
892 371 1382 427 Alexandrinorum
1414 412 1429 435 ,
1472 372 1964 442 praefectorumque
1993 378 2036 433 Α
2069 372 2162 425 lih.
2202 388 2275 437 iv,
2306 344 2441 427 haer.
2479 371 2539 425 5|
2569 412 2584 436 ,
2620 371 2911 439 contigisse
2939 370 3021 433 id,
3050 384 3168 423 cum
3200 368 3475 422 immutata
3511 382 3649 420 sen-

390 460 898 525 acuisseinvidiam,
921 472 977 516 et
1006 464 1311 531 p0tentium
1344 464 1659 520 inimicitias
1680 480 1780 534 pro
1799 466 1960 519 Chri-

317 570 325 578 -
390 561 474 607 sto
507 552 872 621 appetivisse;
902 564 956 608 et
987 553 1056 607 ab
1086 554 1152 608 iis
1181 556 1634 623 comprehensum
1665 556 1959 623 aliquando

392 643 444 696 in
472 657 593 695 eam
630 642 801 698 fuisse
834 645 1214 700 necessitatem
1244 645 1562 712 adductum,
1597 656 1653 700 nt
1684 648 1769 702 vel
1803 647 1959 702 idolis

388 735 804 790 sacrificandum
840 736 939 791 sibi
971 746 1146 804 esset,
1180 739 1265 793 vel
1294 738 1566 806 Ethiopis
1599 738 1809 793 libidini
1838 754 1959 793 cor-

390 840 489 892 piis
532 824 864 881 olTerendum
902 842 1052 897 :qua
1109 828 1184 881 rei
1232 829 1555 898 indignitate
1601 840 1955 897 commotum,

386 915 563 969 virum
608 917 787 971 omnia
837 931 946 984 prie
994 919 1171 973 studio
1214 920 1482 975 castitatis
1531 929 1954 990 postputantem,

388 1021 498 1067 tam
532 1009 635 1063 leni
662 1024 722 1064 se
750 1024 812 1063 ac
836 1010 978 1066 victo
1011 1012 1192 1066 animo
1225 1013 1552 1079 ostendisse,
1584 1021 1642 1065 ut
1672 1012 1954 1067 sacrifica-

387 1113 564 1156 turum
591 1116 650 1154 se
680 1101 985 1168 reciperet;
1022 1117 1122 1156 nec
1156 1103 1209 1157 id
1246 1102 1446 1158 fecisse
1475 1113 1677 1167 tamen,
1700 1104 1792 1159 sed
1829 1105 1955 1160 abiis

385 1193 443 1246 in
497 1206 689 1245 manus
722 1190 838 1257 ejus
883 1192 1193 1257 impositum
1230 1195 1297 1247 ah
1346 1194 1652 1250 astantibus
1690 1196 1742 1247 in
1776 1196 1952 1266 ignem

389 1284 553 1338 fuisse
580 1297 866 1336 excussum
916 1284 1092 1354 (addit
1122 1284 1338 1340 Nicetas
1373 1285 1525 1340 Thes.
1581 1287 1789 1340 orthod.
1825 1287 1950 1354 ﬁdei

388 1439 660 1496 Demetrio
691 1436 970 1505 expulsum
1004 1436 1189 1505 fuisse,
1218 1440 1362 1508 quod
1387 1449 1561 1494 tamen
1589 1440 1832 1495 melioris
1859 1456 1954 1496 no-

389 1523 454 1565 tae
484 1520 735 1563 auctores
770 1508 1043 1581 referunt.
1058 1510 1208 1577 Quod
1238 1510 1282 1563 si
1313 1510 1441 1563 illud
1488 1512 1756 1581 praecipue
1803 1508 1956 1581 ﬂagi-

387 1582 520 1634 tium
552 1593 729 1631 causte
764 1577 865 1650 [uit
890 1593 987 1650 cur
1015 1579 1305 1633 damnatus
1331 1588 1387 1633 et
1432 1577 1723 1650 sacerdotii
1774 1577 1959 1650 digni-

388 1660 501 1705 tate
532 1660 727 1704 exutus
762 1646 927 1719 fuerit
956 1662 985 1699 a
1016 1650 1268 1712 concilio,
1298 1650 1372 1703 uti
1402 1661 1556 1719 putat
1586 1646 1954 1719 Huetitisfqui

389 1720 503 1802 fieri
532 1720 706 1787 potuit
734 1716 1184 1803 ut_.llcrosolyiuirs‘
1207 1716 1454 1803 ignoturn
1482 1718 1645 1803 fuerit
1687 1716 1957 1803 ejusmodi
1993 1747 2035 1803 Β

385 1790 618 1849 crimen,
657 1802 776 1840 cum
811 1788 937 1840 illuc
969 1788 1115 1843 venit
1144 1790 1454 1857 Origenes?
1481 1790 1543 1843 4ο
1594 1788 1792 1843 Narrat
1822 1790 1960 1844 Plio—

388 1862 495 1913 tiiis
513 1860 631 1911 cod.
656 1857 778 1919 118,
800 1859 1065 1923 geminam
1094 1861 1351 1913 adversus
1375 1874 1497 1913 eum
1523 1872 1763 1913 coactam
1794 1860 1963 1917 fuisse

385 1931 923 2001 SYIIOIIHIIILQIIIII‘UIII
953 1930 1101 2001 prior
1130 1928 1397 1998 episiropis
1421 1929 1627 1999 aliquot
1655 1941 1709 1983 et
1736 1932 1962 2001 presby-

388 1998 517 2052 teris
549 1998 777 2052 conﬂata
809 2013 929 2050 eum
974 2000 1198 2054 docendi
1236 2013 1458 2053 munere
1511 1998 1872 2054 abilicatiduiii
1900 1998 1962 2055 ἐι

386 2069 717 2140 Alexandria
780 2068 1083 2140 pellendum
1118 2069 1320 2133 sanxit,
1373 2070 1695 2140 presbyterii
1730 2070 1962 2140 dignita-

388 2149 492 2191 tcin
527 2154 630 2191 non
669 2136 910 2208 abstulit.
945 2136 1053 2190 Cur
1082 2136 1479 2208 iionrabstulit,
1517 2136 1637 2192 cum
1684 2155 1747 2193 ea
1790 2136 1959 2208 pmna

384 2209 590 2263 delicto
613 2206 937 2274 huiusmodi,
971 2208 1169 2263 latente
1206 2207 1436 2278 ipsumet
1476 2208 1691 2272 Huetio,
1742 2206 1959 2278 aposto-

390 2278 513 2332 licis
539 2277 837 2334 cauenihtis
895 2277 1273 2347 irrogaretnr?
1302 2277 1583 2344 Quomodo
1617 2277 1914 2334 Palaestinae
1942 2320 1957 2345 ,

383 2349 634 2411 Arabi:e,
706 2348 997 2401 Phoenicia:
1048 2360 1105 2402 et
1160 2350 1379 2404 Achaiae
1416 2350 1670 2403 Ecclesia:
1704 2350 1960 2418 praesules

385 2419 431 2487 ei
456 2436 503 2473 is
542 2434 764 2472 causam
807 2418 1221 2485 suscepissent,
1280 2420 1608 2487 pl'a'ttlicaltdi
1666 2435 1858 2473 inimus
1908 2421 1957 2474 ei

391 2490 806 2546 :iznmisissent.
844 2488 1056 2555 aliaque
1108 2490 1401 2542 sacerdotii
1451 2489 1531 2542 sui
1586 2490 1765 2542 munia
1807 2490 1960 2544 ohire

384 2558 804 2626 permisissent?
837 2556 1062 2611 Fallitur
1096 2557 1321 2613 Huetius
1351 2574 1473 2613 cum
1506 2559 1584 2613 ait
1614 2575 1681 2613 ex
1716 2557 1957 2627 Epipha-

383 2630 476 2683 ,ιῖρ
509 2642 760 2682 constare
823 2629 1102 2681 dubitasse
1154 2638 1359 2681 tantum
1391 2628 1681 2698 Origenem
1744 2630 1961 2683 idolola-

386 2698 988 2769 triaiiineiadmitteret,
1039 2700 1102 2750 ad
1138 2700 1350 2753 facinus
1377 2714 1482 2751 non
1517 2700 1741 2752 omnino
1768 2715 1959 2769 perve-

386 2770 571 2841 nisse.
602 2768 684 2841 Eii
722 2769 834 2835 ipsa
860 2767 1172 2841 Epiphanii
1222 2770 1390 2841 verba
1416 2769 1585 2841 3_TiIiv
1633 2767 1958 2841 ἀμφότέρῳν

384 2838 755 2910 προτεθέντων
815 2836 962 2910 αξιτῷ
1010 2838 1367 2910 πραγμάτων,
1409 2837 1569 2893 θῦσαι
1610 2836 1807 2910 μᾶλλον
1842 2836 1957 2893 ἐλόε-

390 2855 755 2910 προτευεντων
815 2855 962 2959 αυτῖ
1010 2855 1367 2909 πραγματων,
1409 2855 1569 2893 uocat
1610 2855 1807 2910 μαλλον
1842 2855 1957 2893 ελο-

390 2926 570 2982 μεγος,
596 2910 657 2961 οὐ
684 2908 800 2982 -μὴν
832 2908 897 2982 Δδὲ
953 2910 1155 2982 agonali}
1181 2909 1373 2982 γνώμῃ
1393 2910 1645 2982 pallor,
1667 2911 1836 2982 τρῦτο
1860 2914 1958 2965 ὲπ-

383 2980 646 3051 ετέλξᾳεν,
667 2979 740 3041 ὼς
762 2978 926 3051 πρλὺς
944 2978 1332 3051 essurio”;
1346 2978 1467 3033 ’ἀλλ’
1482 2979 1666 3051 ἐπειδὴ
1680 2981 1812 3044 ὅλως
1832 2982 1957 3035 καθ-

383 2997 646 3041 ετεΑεσεν,
667 2997 740 3041 ως
762 2997 926 3041 ποΛυς
944 2997 1125 3048 ᾳοεται
1146 2997 1204 3031 ΛΟ
1242 2997 1299 3041 ος
1320 2998 1332 3010 ο
1356 2997 1466 3033 aM'
1482 2997 1666 3051 επειοη
1680 2997 1812 3044 οΛως
1832 2997 1954 3035 καυ-

382 3050 701 3121 ῳμολόγησε
741 3049 897 3121 τοῦτο
944 3049 1193 3121 apage:L
1206 2997 1458 3119 ἔαλόντες
1492 3051 1583 3103 ἐπὶ
1616 3054 1773 3121 χεῖρα
1793 3052 1954 3105 αὑτοῦ

383 3119 618 3184 λίϐανον,
647 3122 725 3182 εἰς
754 3119 852 3189 τὴν
882 3119 976 3172 τοῦ
1013 3119 1197 3190 βωμοῦ
1227 3122 1401 3191 πυρὰν
1428 3119 1714 3191 καθῆκαν(
1735 3122 1951 3176 Duobus

384 3191 491 3242 illis
519 3192 819 3255 propositis,
880 3191 1182 3256 sacriﬁcare
1236 3193 1443 3243 maluit.
1488 3191 1799 3255 Quanquam
1850 3209 1953 3245 non

385 3262 592 3312 omnino
654 3268 837 3324 sponte
871 3258 1002 3310 illud
1058 3276 1155 3311 sua
1210 3262 1518 3329 pra’stitisse
1544 3261 1693 3329 vulgo
1719 3262 1951 3326 dicitur;

384 3330 472 3382 sed
499 3329 585 3380 ubi
608 3329 766 3380 semel
797 3330 893 3381 hoc
929 3345 982 3382 se
1007 3344 1115 3383 esse
1146 3329 1409 3397 facturum
1441 3346 1685 3383 assensus
1709 3342 1804 3397 est,
1833 3332 1952 3384 thus

383 3399 437 3449 in
465 3414 652 3450 manus
700 3398 1176 3469 illiusimpositum
1208 3401 1265 3453 in
1287 3400 1579 3468 subjectum
1612 3417 1721 3455 ara:
1778 3402 1951 3469 focum

382 3471 677 3540 excussisse
709 3468 923 3535 gentiles
957 3482 1224 3523 asserunt.
1263 3472 1314 3523 ld
1339 3485 1468 3537 ergo
1492 3471 1648 3525 unice
1678 3468 1806 3524 dicit
1829 3470 1954 3540 Epi-

385 3539 640 3610 phanius,
665 3540 942 3591 dubitasse
964 3540 1249 3594 nonnullos
1279 3555 1345 3593 an
1382 3550 1664 3608 postquam
1694 3539 1952 3610 Origenes

384 3608 817 3679 sacrificaturum
850 3623 907 3661 se
936 3623 1055 3663 esse
1079 3625 1336 3663 assensus
1359 3622 1460 3672 est,
1492 3610 1721 3679 ipsemet
1750 3608 1873 3664 llius
1898 3613 1950 3663 in

384 3678 561 3747 ignem
590 3692 697 3729 ara:
729 3678 1035 3749 impositum
1063 3680 1325 3749 injecerit.
1360 3681 1432 3734 De
1461 3678 1686 3734 assensu
1718 3690 1948 3740 constat;

384 3749 533 3817 atqui
587 3747 890 3802 assensisse
944 3750 1076 3803 satis
1104 3747 1223 3803 erat
1265 3760 1320 3803 ut
1351 3752 1683 3818 paenitentiae
1717 3750 1942 3818 pubiica:

384 3818 767 3889 subjiceretur,
803 3834 866 3873 ac
900 3822 1127 3887 proinde
1176 3822 1471 3875 sacerdotii
1499 3822 1766 3889 dignitate
1797 3823 1947 3874 exci-

385 3890 703 3971 deret,_ciim
730 3887 988 3971 Origenes
1009 3892 1129 3971 ipse
1152 3890 1474 3971 lib-rodertio
1504 3887 1685 3971 contra
1710 3890 1948 3971 Celsum,

385 3974 533 4012 tium.
570 3957 658 4021 5i,
687 3973 806 4028 pag.
839 3959 964 4025 482,
990 3957 1138 4013 dicat
1165 3961 1499 4029 ptisniteiitite
1528 3961 1750 4029 publica:
1785 3963 1952 4014 obno-

389 4030 506 4082 nios
532 4042 594 4082 ea
625 4037 832 4100 tantum
869 4030 1177 4085 conditione
1207 4032 1397 4100 recipi,
1441 4041 1500 4084 ut
1531 4033 1787 4099 quoniam
1815 4030 1949 4099 lapsi

385 4110 514 4153 sunt
543 4098 902 4152 excludantur
930 4100 981 4151 iii
1015 4110 1288 4165 posterum
1323 4098 1406 4154 'ab
1434 4098 1683 4166 omnibps
1709 4098 1943 4167 dignita-

387 4168 529 4223 tibus
562 4178 616 4223 et
647 4169 1055 4235 magistratibus
1077 4172 1481 4225 ecclesiasticis.
1518 4169 1669 4236 Quod
1712 4172 1755 4225 si
1792 4170 1949 4224 Nice-

386 4247 470 4293 tas
513 4239 645 4293 dicit
676 4239 964 4307 Origenem
1017 4244 1300 4293 immutata
1353 4243 1622 4295 sententia
1668 4255 1950 4294 revocasse

384 4310 733 4379 promissum,
768 4324 941 4377 eoque
973 4320 1119 4363 stare
1167 4312 1524 4372 detrectasse,
1565 4310 1747 4364 statim
1801 4312 1949 4364 addit

382 4394 528 4441 eum,
554 4396 674 4434 cum
706 4389 1006 4449 urgeretur,
1040 4381 1089 4434 id
1116 4389 1293 4433 tamen
1326 4381 1662 4449 praestitisse.
1696 4381 1752 4434 5°
1774 4380 1943 4434 Tanta

2068 465 2232 518 tentia
2252 475 2535 516 revocaret
2549 466 2895 531 promissum,
2912 475 3083 529 eoque
3100 470 3246 515 stare
3258 457 3643 527 detrectaret):

2068 557 2196 610 hinc
2221 555 2394 624 ipsum
2432 562 2576 609 tanta
2605 568 2882 621 aspersum
2905 566 3027 608 esse
3046 550 3290 616 infamia,
3314 559 3371 605 ut
3393 547 3640 604 Ecclesia

2066 646 2427 716 depelleretur
2460 662 2477 712 ;
2527 660 2760 714 cumque
2793 644 3058 709 ludibria,
3104 651 3162 700 et
3187 642 3463 698 oculorum
3496 656 3639 696 con-

2059 741 2302 805 jectum,
2340 737 2540 807 quibus
2589 745 2648 790 ut
2699 734 2984 790 idololatra
3032 732 3443 797 destinabatur,
3487 730 3642 786 ferre

2067 846 2175 885 non
2222 839 2437 899 posset,
2481 828 2695 883 invidiae
2745 828 3073 883 detestandae
3114 825 3287 897 gratia
3330 824 3639 880 Cassaream

2063 919 2469 987 commigrasse.
2504 918 2731 972 Conatat
2780 926 2931 972 certe
2971 932 3039 972 ex
3080 917 3269 972 eodem
3303 914 3638 985 Epiphanio,

2063 1012 2342 1066 dubitasse
2375 1020 2581 1065 tantum
2610 1009 2896 1081 Origenem
2926 1008 3356 1064 idololatriamne
3380 1007 3630 1063 admitte-

2064 1113 2167 1168 ret,
2195 1103 2262 1157 ad
2292 1101 2502 1158 facinus
2532 1117 2639 1156 non
2682 1103 2906 1158 omnino
2950 1099 3299 1170 pervenisse;
3334 1113 3453 1167 quae
3504 1110 3635 1150 cum

2061 1192 2327 1247 dubitatio
2369 1192 2575 1246 crimen
2633 1200 2811 1246 tamen
2866 1189 2982 1259 ipsa
3030 1189 3121 1254 sit,
3173 1187 3285 1259 (55)
3336 1187 3634 1241 admissum

2060 1284 2371 1338 humanitus
2394 1293 2675 1351 peccatum
2703 1281 3017 1350 tempestiva
3048 1291 3104 1334 et
3129 1279 3332 1334 salubri
3360 1278 3638 1348 poeniten-

2063 1439 2166 1495 sibi
2198 1449 2575 1508 proposuerat.
2599 1437 2652 1490 7°
2676 1436 2765 1490 Ait
2783 1436 3068 1508 Origenem
3094 1445 3217 1508 post
3242 1451 3395 1508 suum
3418 1434 3631 1508 lapsum

2064 1520 2118 1565 et
2149 1506 2472 1565 Alexandria
2508 1510 2805 1561 discessum
2862 1506 2913 1560 in
2956 1507 3199 1558 notitiam
3236 1506 3507 1559 Ambrosii
3541 1522 3634 1561 ve-

2060 1582 2239 1641 nisse;
2275 1582 2397 1634 huic
2449 1581 2544 1647 ipsi
2582 1587 2639 1630 ut
2665 1578 2910 1647 haeresim
2939 1575 3176 1642 eiuraret
3207 1586 3491 1647 auctorem
3526 1592 3629 1631 ex-

2069 1650 2300 1715 stitisse;
2328 1646 2673 1704 Ambrosium
2704 1646 2771 1700 ab
2793 1646 3024 1716 Origene
3052 1647 3442 1716 postulassent
3474 1646 3630 1702 Scri-

2061 1730 2245 1790 pturas
2278 1721 2376 1775 sibi
2430 1714 3295 1790 interpretatione“patefaceret;
3338 1714 3630 1790 Origenem

2072 1786 2203 1843 vero
2244 1800 2303 1845 ut
2331 1786 2891 1844 hortanti'Ambrosio
2926 1802 3024 1855 pro
3072 1801 3137 1839 eo
3184 1797 3349 1855 atque
3381 1786 3456 1838 illi
3493 1803 3630 1843 con-

2067 1860 2319 1930 gruebat,
2353 1861 2707 1917 satisfaceret,
2736 1858 3045 1930 universam
3091 1857 3429 1930 _Scriptu_raui
3462 1858 3633 1930 inter-

2064 1925 2367 1996 pretatione
2409 1946 2506 1984 sua
2539 1939 2594 1982 et
2626 1928 2965 1994 expositione
3000 1925 3276 1980 declarare
3301 1927 3625 1984 instituisse.

2063 2000 2219 2065 Quod
2246 2016 2366 2054 cum
2400 2000 2620 2052 omnino
2649 1998 2839 2051 falsum
2879 2012 3000 2052 esse
3040 2006 3283 2061 constet,
3317 1997 3488 2063 major
3526 2001 3631 2053 erit

2061 2085 2241 2136 error,
2273 2073 2316 2124 si
2355 2070 2470 2123 haec
2516 2078 2636 2137 post
2673 2068 2958 2121 Deciaiiain
2985 2068 3420 2137 persecutionem
3450 2071 3630 2121 conti~

2062 2135 2609 2209 gisse'existimavit.
2667 2138 2731 2192 8°
2769 2138 3028 2206 Origenes
3085 2135 3222 2189 forte
3277 2137 3468 2204 viginti
3505 2150 3634 2193 octo

2064 2208 2339 2281 mensibus
2359 2209 2481 2281 Tyri
2504 2224 2605 2281 non
2632 2218 2997 2281 commoratus
3017 2217 3120 2266 est,
3146 2215 3200 2260 et
3223 2214 3410 2281 tamen
3426 2208 3634 2281 silides

2060 2290 2145 2333 est
2180 2277 2479 2348 Epiphanio
2508 2279 2600 2332 lib.
2632 2277 2705 2331 De
2730 2282 2891 2345 pond.
2923 2290 2969 2329 et
3004 2293 3189 2339 niens.,
3238 2290 3358 2345 pag.
3392 2277 3515 2339 l75,
3563 2280 3635 2331 ab

2060 2351 2177 2413 ejus
2209 2351 2540 2404 Alexandria
2597 2350 2837 2402 discessu
2869 2359 2922 2401 et
2953 2357 3235 2415 pestquain
3285 2348 3631 2414 aliquantum

2064 2425 2318 2487 temporis
2347 2416 3064 2487 consumpsitJerosolyinis
3092 2428 3147 2470 et
3201 2416 3487 2479 Caesareas,
3548 2421 3620 2472 vi-

2061 2486 2195 2555 ginti
2230 2499 2351 2544 octo
2382 2489 2538 2543 annis
2586 2490 2635 2541 in
2663 2502 2876 2542 secessu
2911 2486 3072 2557 Tyrio
3121 2501 3290 2540 sacrze
3323 2486 3631 2555 Scriptura!

2060 2575 2280 2627 operam
2322 2561 2488 2615 dedit.
2531 2560 2795 2613 Praeterea
2831 2556 2968 2625 quisi
2997 2556 3135 2610 ferat
3168 2557 3522 2627 Epiplianinm
3548 2560 3634 2611 di-

2061 2626 2271 2684 centem
2297 2630 2456 2683 Decio
2476 2631 2797 2697 imperatore
2817 2627 3153 2681 Alexandriae
3170 2626 3416 2681 ﬂoruisse
3433 2626 3630 2697 Orige—

2062 2716 2204 2760 nem,
2224 2716 2345 2753 cum
2357 2700 2466 2766 jam
2486 2701 2784 2768 linperante
2799 2698 3040 2766 Septimo
3054 2697 3275 2768 Severo.
3292 2710 3324 2749 t.
3344 2697 3454 2751 fere
3472 2698 3634 2754 anuis

2057 2780 2186 2822 ante
2212 2769 2466 2836 Decium,
2506 2767 2696 2837 magna
2729 2768 2895 2822 fuerit
2927 2767 3177 2837 0rigeiiis
3214 2768 3507 2822 celebritas
3536 2808 3552 2830 ,
3576 2778 3635 2822 et

2057 2839 2247 2907 viginti
2287 2849 2410 2894 ante
2450 2836 2666 2895 Decium
2732 2840 2888 2893 annis
2939 2836 3299 2900 Alexandria,
3347 2853 3631 2907 iitinqi-am

2062 2906 2186 2963 illuc
2224 2924 2572 2974 reversurus,
2602 2906 2972 2962 excessisset?
3004 2907 3156 2972 Quod
3205 2909 3247 2960 si
3280 2922 3378 2976 pro
3422 2906 3631 2961 severo

2060 2980 2263 3034 dixeris
2304 2980 2629 3049 imprudenti
2686 2981 2964 3046 irrepsisse
3012 2978 3264 3038 Decium,
3308 2992 3426 3049 cur
3451 2980 3630 3031 adhuc

2061 3046 2395 3119 Epiphanius
2419 3050 2513 3104 lib.
2550 3048 2626 3102 De
2652 3050 2813 3117 pond.
2847 3059 2893 3100 et
2928 3064 3088 3119 mens.
3109 3086 3125 3111 ,
3154 3063 3295 3119 pag.
3328 3046 3470 3113 174,
3498 3052 3633 3102 scri-

2060 3117 2173 3187 psit
2215 3120 2502 3188 Origenem
2549 3121 2615 3172 ab
2663 3121 3003 3186 imperatoris
3042 3117 3184 3188 Decii
3232 3128 3515 3188 tempore,
3560 3119 3632 3172 aii

2056 3186 2265 3244 Gallum
2296 3186 2351 3244 et
2384 3190 2752 3254 Volusianuin,
2798 3198 2857 3243 et
2889 3188 3024 3241 ultra
3072 3186 3363 3240 ﬂoruisse?
3394 3187 3496 3242 Ubi
3529 3189 3632 3242 du-

2056 3260 2176 3327 plex
2215 3275 2390 3327 error,
2428 3276 2549 3314 cum
2586 3259 2777 3312 Decius
2805 3273 2900 3325 pro
2940 3257 3143 3327 Severo
3174 3259 3390 3324 ponitur
3424 3271 3478 3311 et
3512 3263 3632 3311 Uri-

2055 3326 2209 3397 genis
2241 3326 2388 3384 mors
2433 3334 2570 3382 ultra
2604 3331 2890 3395 imperium
2922 3326 3062 3381 Galli
3107 3340 3159 3381 et
3193 3328 3463 3380 Volusiaiii
3503 3331 3631 3397 reji-

2054 3402 2214 3453 citur.
2250 3400 2392 3470 Ergo
2424 3415 2532 3467 quo
2558 3401 2733 3453 serius
2759 3398 3040 3470 differetur
3069 3397 3315 3465 Origenis
3345 3398 3532 3466 lapsus
3560 3400 3631 3452 ad

2054 3471 2287 3523 Deciana
2318 3469 2579 3537 tempora.
2620 3485 2685 3522 eo
2713 3469 2912 3535 majora
2951 3477 3236 3535 suppetent
3277 3482 3621 3535 argumenta,

2054 3539 2248 3605 quibus
2284 3542 2506 3595 evidens
2543 3541 2632 3592 liet
2679 3540 2835 3606 plane
2878 3540 3060 3590 rudem
3091 3547 3146 3590 et
3196 3539 3540 3607 peregrinum
3572 3541 3626 3590 in

2055 3610 2305 3678 Origetiis
2340 3611 2444 3662 vita
2479 3611 2646 3663 fuisse
2679 3609 3054 3677 Epiphaniam.
3091 3608 3147 3659 9°
3173 3607 3363 3660 Mirum
3401 3623 3508 3661 tion
3547 3618 3632 3662 est

2053 3680 2096 3731 si
2130 3680 2394 3747 ejusmodi
2438 3680 2676 3733 fabulam
2721 3680 2918 3732 veteris
2970 3678 3251 3745 scriptoris
3294 3679 3630 3731 auctoritate

2053 3750 2233 3802 nixam
2280 3761 2466 3818 postea
2517 3750 2848 3817 reliquorum
2892 3747 3206 3818 Graecarum
3241 3747 3434 3815 vulgus
3461 3749 3630 3818 nullo

2052 3817 2302 3873 examine
2332 3821 2578 3887 arripuit.
2602 3822 2759 3872 Certe
2787 3820 2926 3871 illius
2952 3818 3153 3870 mentio
3183 3817 3241 3870 lit
3262 3824 3401 3886 apud
3427 3817 3627 3872 Neme-

2052 3890 2216 3957 sinm,
2263 3893 2355 3943 sed
2396 3892 2578 3957 procul
2614 3889 2777 3943 dubio
2822 3905 2936 3942 eain
2970 3890 3020 3938 iii
3068 3887 3365 3955 Epiphanio
3399 3888 3625 3955 legerat.

2052 3956 2168 4027 ﬂirc
2218 3961 2353 4014 adde
2398 3956 2545 4027 quod
2600 3958 2875 4013 Neinesi'iis
2903 3958 3085 4022 exigui
3129 3960 3416 4010 admodum
3450 3967 3536 4012 est
3572 3962 3627 4013 in

2051 4026 2290 4083 Ecclesia
2337 4026 2626 4098 ponderis,
2677 4038 2731 4080 et
2779 4034 2843 4082 de
2894 4037 3136 4095 tempore
3174 4042 3281 4095 quo
3313 4029 3447 4080 vixit
3491 4030 3629 4083 nihil

2050 4100 2187 4152 certi
2229 4100 2331 4152 huc
2361 4114 2528 4167 usque
2568 4111 2901 4167 compertum
2935 4109 3038 4152 est.
3075 4098 3150 4168 (a)
3194 4099 3427 4165 Scripsit
3455 4098 3627 4152 Justi-

2051 4172 2246 4223 nianus
2283 4170 2438 4222 idolis
2487 4171 2826 4223 sacriﬁcasse
2873 4170 3160 4235 Origenem
3197 4167 3414 4221 Christo
3463 4171 3629 4223 abne-

2050 4250 2197 4305 gaio,
2227 4240 2384 4307 idque
2416 4240 2572 4293 fateri
2611 4242 2855 4307 proprios
2882 4239 2994 4305 ejus
3042 4247 3389 4307 sectatores:
3425 4251 3483 4291 at
3532 4256 3629 4293 au-

2050 4311 2278 4361 ctoritas
2298 4306 2605 4379 ’Justiuiaiii
2629 4347 2643 4371 ,
2674 4306 2801 4362 licet
2828 4312 2983 4361 aliter
3013 4310 3215 4361 sentiat
3251 4306 3500 4369 lluetins,
3534 4326 3633 4379 pa-

2054 4393 2171 4447 rum
2222 4380 2362 4431 valet
2411 4383 2475 4431 ad
2522 4378 2785 4447 ejusmodi
2842 4380 3122 4432 historiam
3168 4378 3627 4433 continuandam.

383 4427 1761 4520 ἷιῖὅέίᾷἒὶἰίε”ίὲ‹εἶίῖῖιῖἐ’ιιιᾶίὲιῖιὲἷιυὶὲῖῖιὶὶὶίιῖῖίιειέ,
1977 4427 2021 4481 Ῑ)
2053 4445 2316 4520 Leontius
2348 4427 2672 4520 Byzantius,
2708 4450 2918 4503 Dicetas
2956 4448 3278 4520 Clioiiiates,
3307 4448 3512 4520 aliique
3545 4468 3633 4501 re-

384 4519 686 4591 hujusmodi
717 4519 903 4591 ﬂagitii
937 4536 1060 4575 reus
1089 4521 1299 4586 luisset,
1326 4532 1475 4573 certo
1501 4520 1758 4573 allii-mari
1780 4530 1946 4589 queat

384 4588 622 4642 futurum
653 4588 819 4645 fuisse
848 4602 904 4644 iit
927 4606 1201 4660 nunquam
1230 4606 1295 4644 ex
1329 4591 1471 4643 illius
1502 4592 1762 4643 memoria
1796 4588 1946 4643 exci-

384 4659 554 4730 disset
586 4660 673 4713 ille
700 4662 887 4729 psalmi
933 4663 1082 4714 locus
1124 4662 1174 4713 in
1208 4676 1368 4730 quem
1404 4660 1757 4730 Jerosolyinis
1806 4662 1945 4713 inci-

383 4729 529 4800 disse
561 4730 754 4795 fertur,
785 4741 839 4783 et
868 4732 968 4784 silii
1008 4729 1269 4800 perpetuo
1313 4729 1683 4784 interdixisset
1713 4740 1781 4800 et
1805 4745 1943 4799 prae-

386 4799 654 4852 dicatione
679 4810 733 4852 et
761 4799 1165 4868 Scriptiiraruni
1199 4800 1665 4867 interpretatione.
1696 4799 1858 4855 Certe
1890 4802 1943 4853 in

383 4880 448 4920 ea
477 4882 640 4935 quam
663 4869 945 4924 Ambrosio
970 4881 1023 4923 et
1066 4871 1378 4925 Prototecto
1404 4871 1548 4923 misit
1568 4873 1709 4923 circa
1745 4886 1943 4923 annum

382 4936 509 5012 255,
539 4935 925 5012 Exhortatione
951 4943 1020 4992 ad
1043 4943 1390 5012 martyrium,
1424 4941 1703 5012 pristinam
1735 4942 1946 5012 idolola-

386 5006 502 5059 tria:
558 5020 669 5057 suie
703 5009 916 5073 culpam
966 5009 1160 5064 deﬂere
1194 5006 1310 5065 tioii
1347 5006 1635 5064 omisisset.
1668 5010 1725 5063 6°
1750 5010 1942 5062 Mirum

382 5088 514 5128 sane
545 5075 803 5140 ejusmodi
831 5078 1040 5133 facinus
1059 5082 1145 5133 uiii
1185 5083 1325 5133 inter
1348 5090 1555 5133 veteres
1576 5090 1761 5133 notum
1782 5080 1944 5133 fuisse

386 5144 708 5220 Epiphanio,
734 5148 821 5213 qui
882 5148 1097 5220 aliunde
1125 5167 1210 5204 res
1243 5166 1362 5219 quas
1390 5153 1457 5204 ad
1500 5147 1750 5220 Origenis
1777 5152 1941 5201 vitam

382 5215 675 5292 pertinent,
708 5230 893 5282 parum
930 5219 1095 5273 scisse
1136 5215 1368 5274 videtur.
1400 5215 1672 5287 Nusquam
1699 5222 1944 5273 meminit

387 5290 1037 5357 Deiiietrianzeadversus
1072 5304 1191 5342 eum
1227 5291 1616 5357 persecutionis
1643 5330 1658 5353 ,
1716 5303 1815 5343 nec
1853 5303 1943 5357 ge-

385 5354 766 5427 tiiiiiwsytiodi
799 5370 1027 5427 quarum
1082 5354 1248 5411 altera
1299 5361 1496 5413 exsilio
1535 5361 1736 5427 pulsus,
1773 5354 1942 5412 altera

383 5424 704 5497 sacerdotio
737 5434 790 5475 et
842 5424 1077 5479 Ecclesia
1132 5428 1227 5481 fuit
1282 5424 1577 5493 abdicatus,
1638 5445 1940 5497 quanquam

383 5492 645 5558 ejusmodi
673 5492 820 5563 facta
847 5510 967 5546 sese
998 5510 1186 5563 sponte
1205 5500 1506 5553 oﬂ'erebant
1541 5492 1828 5553 inse-renda
1877 5499 1931 5551 li-

382 5564 478 5611 bro
511 5578 615 5628 quo
660 5560 947 5632 Origenem
1004 5560 1256 5635 tanquam
1315 5572 1624 5623 hacrcticum
1658 5572 1941 5624 traducere

460 5696 532 5761 tu)
575 5698 771 5754 Coitcil.
808 5711 847 5759 t.
876 5703 935 5766 γ,
966 5720 1015 5772 [ι.
1044 5705 1165 5759 664.

2052 4518 2321 4573 cetitiorcs
2350 4517 2545 4580 Cra-ci,
2566 4535 2752 4573 omnes
2780 4518 2997 4589 Origeiii
3034 4519 3405 4580 iuletisissiini,
3440 4532 3631 4584 aperte

2053 4601 2346 4653 sequuntur
2375 4590 2754 4657 Epiphaniuni.
2784 4596 2889 4642 bed
2930 4589 3047 4655 ejus
3072 4589 3244 4639 errori
3274 4590 3486 4654 pondus
3519 4606 3627 4641 non

2053 4659 2203 4709 addit
2225 4674 2534 4727 sequacium
2562 4660 2949 4727 iiuinerus,qui
2974 4661 3129 4726 longo
3156 4670 3278 4725 post
3311 4658 3467 4709 illum
3490 4670 3629 4711 tem-

2050 4742 2182 4795 pore
2215 4730 2482 4783 vixerunt.

2120 4794 2233 4867 (55)
2268 4798 2567 4851 Admissum
2597 4798 2902 4852 humanitus
2933 4806 3201 4865 peccatum
3228 4797 3531 4866 tempestiva
3576 4810 3626 4851 et

2051 4869 2251 4919 salubri
2302 4870 2603 4935 paenitentia
2649 4874 2965 4923 emendasse.
3020 4869 3116 4921 His
3153 4877 3303 4921 certe
3356 4878 3629 4936 repugnat

2052 4938 2191 5004 quod
2221 4940 2302 5010 ait
2328 4940 2441 5010 ipse
2472 4938 2813 5010 Origeiiesin
2857 4940 3079 5007 epistola
3113 4940 3198 5010 ad»
3222 4938 3431 5010 amicos
3462 4950 3629 5007 quos-

2052 5014 2173 5078 dam
2204 5008 2601 5063 Alexandrinos
2640 5009 2794 5078 paulo
2827 5020 3108 5077 postquam
3140 5008 3467 5061 Alexandria
3502 5012 3626 5062 exi-

2052 5076 2187 5147 isset
2218 5080 2416 5147 scripta
2437 5118 2450 5139 ,
2476 5095 2579 5147 qua
2602 5121 2619 5147 ,
2640 5076 2783 5132 teste
2814 5076 3141 5147 Hieronymo
3198 5079 3292 5131 lib.
3327 5093 3365 5130 it
3409 5082 3625 5132 advers.

2052 5146 2257 5213 liuﬁn.,
2289 5146 2613 5203 Demetrium
2645 5150 2866 5212 lacerat,
2899 5161 2953 5203 et
2988 5146 3039 5201 iii
3068 5151 3351 5217 episcopos
3376 5160 3432 5201 et
3462 5150 3629 5202 cleri-

2051 5234 2144 5267 cos
2174 5220 2275 5272 sibi
2320 5220 2573 5273 adversos
2604 5220 2872 5273 invehitur
2892 5260 2906 5284 ,
2938 5229 2993 5272 et
3026 5217 3227 5273 frustra
3260 5223 3330 5272 ab
3359 5218 3629 5275 Ecclesiis

2051 5291 2578 5358 cxi-omniniiicatum
2624 5305 2745 5343 csse
2782 5305 2840 5343 se
2874 5292 3020 5343 dicit.
3064 5288 3348 5358 Repugiiat
3385 5301 3439 5342 et
3476 5293 3625 5358 quod

2051 5360 2124 5408 ait
2154 5362 2206 5409 iii
2241 5357 2563 5426 Praj’atione
2610 5371 2735 5412 t0iz..
2773 5361 2832 5411 Vl
2866 5364 2920 5413 in
2958 5357 3249 5424 Joannem,
3297 5376 3461 5427 queui
3502 5357 3627 5415 non

2053 5428 2220 5481 inulto
2264 5439 2381 5497 post
2424 5444 2586 5497 quam
2630 5432 2954 5483 Alexandria
2987 5432 3292 5483 Caesaream
3343 5433 3626 5499 migravit,

2051 5506 2229 5570 denuo
2278 5515 2503 5553 exorsus
2542 5510 2655 5564 cst,
2702 5517 2765 5554 eo
2810 5504 2950 5567 quod
2987 5504 3217 5568 priorem
3261 5504 3624 5570 sei'iptioiieiu

2050 5568 2376 5623 Alexandria
2409 5573 2690 5626 discedens
2719 5587 2901 5626 secum
2937 5587 3042 5626 non
3074 5568 3429 5641 asportassct.
3471 5574 3627 5638 Jum,
