3840 6222
181 297 294 350 6’35

1247 293 1821 349 ORIGENIANORUM
1862 294 1989 350 LIB.
2033 295 2070 359 Ι,
2110 294 2260 348 CAP.
2304 292 2367 350 ll.

3330 288 3440 344 666

186 419 259 467 tia
303 412 659 476 emendasse;
694 427 793 467 nec
837 411 983 467 Petri
1018 412 1224 481 lapsum
1259 412 1596 468 solummodo
1619 454 1635 475 ,
1667 413 1760 466 sed
1794 423 1836 475 Α
1866 411 2132 467 dubitavit
2172 410 2438 465 Baronius
2478 448 2494 472 ,
2522 408 2586 460 ad
2616 422 2702 459 an.
2738 406 2879 473 253,
2916 422 3066 460 num.
3120 407 3221 461 ll8
3245 448 3260 471 ,
3291 400 3445 473 cujus

189 504 456 574 lacrymas
482 504 652 557 etiam
679 519 744 559 ae
767 503 1007 557 dolorem
1033 512 1474 571 repraesentasse.
1496 503 1765 570 Quemad-

190 596 409 648 modum
437 605 615 649 autem
645 594 865 665 Origeiii
893 596 957 648 ad
985 594 1288 661 liujusmodi
1336 594 1599 664 ﬂagitium
1627 611 1766 665 pra:-

191 690 291 742 ivit
319 689 534 751 Petrus,
553 690 625 743 ita
650 688 958 743 Marcellino
983 704 1131 758 papae
1158 698 1426 756 uterque:
1449 691 1592 744 hunc
1617 690 1762 744 enim

191 780 449 850 templum
490 779 666 835 Vesta:
716 795 838 834 cum
893 780 1225 835 Diocletiano
1278 781 1582 851 ingressum
1639 782 1765 836 thus

187 874 454 928 obtulisse
474 874 591 941 ejus
614 876 831 928 nomine
850 874 1108 942 inscripta
1129 876 1261 929 Acta
1290 884 1578 929 testantur.
1611 875 1762 941 Quod

191 965 378 1019 ﬁctum
408 976 583 1019 tamen
613 976 667 1019 et
715 966 911 1020 falsum
955 981 1077 1020 esse
1122 968 1401 1021 contendit
1433 968 1767 1036 Augustinus

190 1058 442 1112 adversus
484 1059 806 1112 Petilianum
844 1059 1175 1113 Donatistam
1212 1058 1348 1127 (56).
1393 1058 1461 1112 Et
1494 1071 1549 1113 ut
1577 1074 1763 1113 verum

190 1150 300 1214 sit,
351 1151 493 1203 hunc
536 1151 792 1219 martyrio
839 1150 1003 1219 paulo
1039 1160 1160 1218 post
1201 1166 1409 1204 summa
1462 1150 1765 1204 constantia

192 1249 446 1308 suscepto
474 1240 651 1295 scelus
681 1256 965 1308 reparasse
989 1251 1195 1297 certum
1222 1250 1323 1295 est.
1351 1241 1488 1295 Tam
1524 1241 1767 1294 luculen-

194 1332 266 1386 tis
292 1342 469 1385 autem
497 1333 663 1401 signis
688 1333 1056 1401 pmnitentiam
1087 1349 1242 1387 suam
1264 1333 1526 1403 Origenes
1557 1332 1768 1401 publice

194 1432 428 1477 testatus
456 1434 560 1487 est,
584 1432 639 1477 ut
667 1424 733 1477 ab
760 1424 951 1478 otiosis
981 1424 1208 1479 subinde
1235 1425 1545 1479 hominibus
1566 1439 1766 1493 suppo-

190 1516 332 1570 situs
380 1517 540 1570 fuerit
583 1516 721 1572 liber
750 1517 823 1571 De
857 1518 1163 1587 paenitentia
1196 1516 1444 1587 Origenis
1470 1558 1485 1581 ,
1520 1533 1679 1587 quem
1713 1518 1765 1572 in

194 1609 628 1677 aporryphorum
669 1624 890 1665 censum
936 1609 1187 1664 Gelasius
1230 1623 1366 1678 papa
1406 1609 1591 1664 retulit
1628 1608 1762 1685 (57).

194 1700 249 1753 Is
282 1708 459 1753 tamen
510 1698 649 1754 liber
673 1701 738 1755 ad
770 1715 929 1771 quem
958 1700 1225 1769 pertineat
1253 1698 1501 1770 Origenis
1532 1700 1763 1768 lapsum,

1868 503 2010 558 enim
2041 517 2162 557 sese
2186 500 2436 556 criminis
2466 513 2613 552 reum
2644 499 2743 552 hoc
2771 499 2909 554 libre
2932 500 3139 568 peragit
3162 499 3443 552 Adaman-

1870 598 1998 661 tius,
2036 597 2125 650 vix
2157 596 2225 649 ad
2274 610 2394 649 eam
2439 608 2600 664 quam
2633 603 2929 648 tractamus
2965 592 3247 662 Epiphanii
3279 591 3444 645 histu-

1869 688 2004 741 riam
2051 696 2229 755 potest
2268 685 2688 741 accommodari.
2716 687 2796 738 Ac
2838 684 2965 737 illud
2998 684 3263 753 praecipue
3292 681 3441 751 ﬂagi—

1871 780 2002 833 tium
2037 794 2221 834 causaa
2252 779 2419 833 fuisse
2452 779 2726 843 existimo,
2756 775 3107 847 quamobrem
3133 775 3440 830 sacerdotio

1867 884 1922 927 et
1948 871 2187 928 Ecclesia
2213 871 2491 926 abdicatus
2517 870 2699 936 fuerit,
2728 884 2791 924 ea
2833 869 3099 938 siquidem
3142 881 3303 937 pinna
3349 866 3444 920 de-

1868 964 1995 1020 licto
2050 964 2355 1035 bujusmodi
2421 964 2735 1033 apostolicis
2787 963 3089 1018 canonibus
3149 963 3440 1031 irrogatur.

1868 1055 1977 1111 Nec
2008 1058 2202 1110 mirum
2241 1057 2310 1111 ab
2341 1055 2461 1111 aliis
2502 1057 2676 1125 ipsum
2720 1054 2969 1109 ecclesiis
3006 1052 3238 1121 benigne
3278 1051 3445 1106 fuisse

1870 1159 2177 1218 susceptum
2206 1166 2219 1202 :
2247 1148 2358 1219 (58)
2398 1159 2596 1216 quanta
2626 1147 2767 1201 enim
2803 1146 3133 1212 indulgentia
3161 1153 3218 1199 et
3259 1144 3442 1199 chari-

1870 1251 1982 1295 tate
2009 1241 2397 1294 adhiberentur
2420 1240 2547 1295 oliui
2570 1238 2889 1303 Christiani,
2912 1240 3002 1307 qui
3030 1246 3151 1307 post
3171 1236 3442 1305 ejtiratum

1869 1330 2185 1383 inﬁrmitate
2226 1329 2391 1383 animi
2430 1343 2495 1383 ac
2542 1329 2764 1382 mollitie
2802 1328 3075 1382 Christum
3127 1326 3443 1396 pmnitentia

1869 1420 2012 1473 ducti
2042 1423 2109 1473 ad
2152 1419 2431 1474 meliorem
2466 1430 2700 1472 mentem
2737 1426 3203 1483 converterentur,
3233 1417 3445 1470 discere

1868 1510 1993 1565 licet
2016 1510 2126 1581 (59)
2152 1527 2219 1566 ex
2245 1511 2470 1579 epistola
2499 1510 2737 1580 Dionysii
2756 1509 3103 1562 Alexandrini
3129 1509 3192 1561 ad
3218 1505 3441 1561 Fabium

1870 1606 2180 1675 episcOpum
2200 1605 2619 1668 Antiochenum,
2638 1612 2823 1661 contra
2844 1603 3127 1657 Novatum.
3155 1602 3267 1674 (66)
3290 1602 3442 1668 Quod

1870 1699 1914 1752 si
1941 1697 2171 1767 suscepti
2200 1706 2407 1751 tantum
2438 1698 2505 1752 ab
2542 1696 2801 1765 episcopo
2830 1712 2937 1751 non
2980 1712 3079 1753 suo
3116 1695 3442 1767 presbyterii

198 1881 394 1952 inquit,
425 1882 494 1935 ad
523 1883 762 1952 quintum
784 1900 943 1952 usque
982 1894 1197 1949 tomum,
1226 1885 1459 1951 quamvis
1489 1885 1759 1940 adversari
1792 1877 1831 1930 Β
1865 1894 2034 1940 tentes
2085 1865 2467 1939 reconciliare.
2529 1880 2860 1951 Martyribus
2911 1896 3037 1935 vero
3066 1951 3071 1952 ί
3102 1882 3441 1939 intercedere

200 1951 347 2023 nobis
391 1951 649 2006 videretur
690 1951 1021 2008 Alexandria:
1061 1954 1285 2020 procella
1313 1993 1329 2018 ,
1378 1970 1495 2023 qua:
1524 1971 1765 2010 concessa

198 2020 368 2089 fuere,
396 2023 556 2075 locuti
579 2040 779 2089 sumus,
817 2023 943 2077 Jesu
975 2026 1271 2090 increpante
1311 2020 1485 2077 ventos
1519 2033 1567 2076 et
1600 2027 1766 2080 undas

200 2092 384 2162 rnaris.
419 2091 501 2145 Ea:
521 2092 615 2146 hoc
649 2109 772 2146 casu
796 2095 1077 2162 progressi,
1103 2110 1169 2146 ea:
1190 2092 1421 2161 rEgypto
1454 2093 1560 2147 Deo
1578 2110 1669 2147 nos
1699 2098 1767 2149 li-

201 2161 432 2226 berante,
454 2164 543 2231 qui
572 2164 754 2216 eduxit
788 2161 1034 2229 populum
1056 2180 1206 2217 suum
1237 2180 1299 2215 ea:
1323 2179 1383 2216 ea
1402 2179 1421 2215 :
1452 2165 1638 2216 deinde
1665 2166 1769 2218 ini-

202 2231 336 2284 mico
372 2231 683 2301 (Demetrio)
718 2234 964 2287 adversus
1002 2250 1093 2287 nos
1130 2233 1459 2286 acerbissime
1506 2245 1769 2301 pugnante

199 2314 294 2366 per
330 2318 454 2355 suas
503 2318 658 2355 novas
711 2302 932 2364 litteras.
971 2320 1143 2356 revera
1181 2301 1461 2370 Evangelia
1507 2304 1764 2368 inimicas,

202 2385 477 2439 omnesque
517 2370 735 2441 Egypti
780 2382 949 2425 ventos
995 2374 1240 2425 adversus
1292 2388 1384 2425 nos
1452 2375 1766 2438 concitante,

200 2447 345 2493 stare
378 2457 459 2494 me
497 2444 663 2508 magis
704 2443 1084 2495 adhortabatur
1121 2442 1257 2494 ratio
1301 2443 1371 2494 ad
1416 2455 1695 2508 certamen,
1722 2456 1767 2499 et

202 2526 409 2580 servare
432 2513 916 2578 praestantissimum
943 2514 1040 2564 mei
1059 2525 1279 2579 partem,
1298 2528 1457 2579 quant
1478 2515 1771 2580 importune

202 2579 519 2651 conjungere
546 2592 823 2635 restantem
852 2581 1200 2649 Scripturam,
1238 2593 1517 2649 antequam
1552 2579 1769 2639 rationis

200 2650 474 2703 discursus
515 2652 945 2718 tranquillitatem
978 2653 1243 2721 reciperet,
1280 2668 1340 2704 ne
1391 2653 1525 2719 forte
1569 2656 1771 2721 cogita-

202 2722 371 2775 tiones
411 2736 585 2783 pravae
631 2723 998 2775 inualescerent
1042 2723 1096 2773 in
1139 2720 1371 2773 animam
1410 2724 1567 2773 etiam
1606 2720 1770 2777 meum

203 2789 489 2857 procellam
520 2791 766 2845 inducere
786 2830 800 2844 .
819 2833 833 2844 .
854 2828 870 2842 .
898 2829 912 2843 .
946 2788 1103 2844 Nunc
1130 2806 1244 2843 vero
1269 2792 1477 2857 quando
1497 2793 1768 2845 adversum

203 2875 299 2911 nos
339 2861 516 2927 ignita'
546 2862 751 2929 sagitta:
795 2860 972 2913 multa:
1010 2876 1155 2913 vente
1196 2860 1404 2929 fuerunt
1456 2860 1634 2929 factm,
1666 2862 1770 2917 Deo

200 2930 325 3000 illas
353 2931 725 2997 exstinguente,
755 2940 803 2984 et
850 2941 1057 2983 assueta
1090 2932 1265 2983 anima
1301 2944 1475 2983 nostra
1507 2932 1587 2983 his
1608 2972 1623 2997 ,
1656 2948 1772 3000 quae

201 2999 431 3070 caelestis
448 3003 700 3053 sermonis
739 3017 897 3052 causa
929 3001 1247 3070 contingunt,
1292 3002 1429 3068 ferre
1459 2999 1675 3070 cogitur
1688 3001 1773 3069 [a-

202 3070 356 3121 cilius
406 3069 572 3137 factas
606 3071 858 3130 insidias.
899 3071 1055 3122 veluti
1105 3069 1429 3138 aliquantum
1480 3072 1772 3124 serenitatis

204 3141 366 3202 nacti,
396 3154 498 3209 non
546 3141 766 3206 amplius
815 3139 1109 3208 differentes
1156 3141 1356 3194 dictare
1382 3140 1615 3193 volumus
1658 3157 1773 3209 quae

205 3219 425 3265 restant,
458 3208 620 3260 Deum
644 3212 948 3276 magistrum
977 3214 1030 3260 in
1075 3209 1263 3261 anima:
1288 3221 1478 3262 nostra:
1505 3208 1773 3278 adytepe-

206 3278 397 3331 netruli
425 3278 748 3331 insonantem
770 3280 949 3331 adesse
979 3288 1265 3341 precantes.
1295 3290 1348 3331 ut
1373 3280 1530 3345 fidem
1554 3282 1777 3348 accipiat

204 3360 473 3400 structura
502 3349 852 3401 enarrationis
879 3348 1147 3416 Evangelii
1177 3351 1463 3401 secundum
1492 3349 1775 3404 Joannem.

215 3418 272 3470 Si
299 3419 441 3469 enim
467 3418 780 3470 idololatria:
809 3434 931 3471 rens
960 3419 1149 3471 fuisset
1170 3418 1432 3485 Origenes
1458 3436 1470 3472 :
1496 3423 1537 3469 si
1570 3422 1637 3472 ob
1659 3436 1776 3472 eain

211 3502 429 3539 causam
474 3488 663 3557 luisset
700 3486 951 3541 Demetrii
997 3488 1462 3557 coiiipluriumque
1495 3490 1777 3557 episcopo-

212 3571 332 3608 rum
363 3555 566 3621 judicio
599 3558 668 3610 ab
705 3557 939 3610 Ecclesia
971 3555 1388 3624 sacerdotioque
1426 3555 1701 3623 dejectus';
1734 3560 1776 3614 si

206 3626 437 3694 denique
467 3637 731 3693 paenitens
757 3666 772 3691 ,
804 3628 1041 3695 nunquid
1073 3629 1148 3681 ita
1189 3628 1395 3681 locutus
1426 3625 1657 3681 fuisset?
1682 3627 1775 3683 Ju-

212 3697 360 3749 dicet
386 3713 568 3761 :rquus
605 3713 780 3749 rerum
809 3698 1129 3749 aestimator.

280 3763 392 3835 (56)
422 3768 734 3833 Augustin,
772 3765 846 3818 De
869 3763 1021 3835 'unic.
1052 3766 1318 3831 baptism,
1353 3781 1470 3833 cap.
1510 3763 1596 3818 16.

281 3834 393 3902 (57)
420 3835 624 3899 Gclas.,
658 3835 712 3888 iii
747 3852 891 3887 conc.
926 3834 1073 3887 Rom.
1108 3851 1136 3887 ιι
1160 3874 1177 3899 ,
1211 3846 1344 3903 part.
1387 3852 1426 3898 ι,
1463 3835 1586 3889 dist.
1626 3837 1706 3891 l5.

279 3905 393 3974 (58)
426 3906 634 3968 Quanta
674 3908 807 3957 enini
839 3905 1165 3974 indulgentia
1192 3916 1238 3957 et
1275 3906 1530 3957 charitate
1562 3908 1778 3960 adhibe-

208 3988 395 4027 rentur
415 3976 535 4026 olim
571 3975 879 4037 Christiani,
912 3976 1069 4044 qui...
1098 3976 1297 4027 discere
1324 3976 1437 4027 licet
1471 3990 1536 4027 ex
1561 3978 1778 4041 epistola

206 4044 473 4113 Dionysii,
501 4056 606 4097 etc.
648 4044 770 4097 Haec
808 4055 933 4096 sunt
966 4048 1196 4113 Dionysii
1237 4049 1395 4097 verba
1434 4062 1446 4097 :
1483 4046 1645 4097 Αὐτοὶ
1673 4047 1782 4099 τοί-

204 4132 304 4168 νυν
335 4116 382 4186 οἱ
418 4112 549 4165 Θεῖοι
569 4115 844 4186 μάρτυρες
871 4116 999 4186 παρ’
1031 4112 1256 4186 ἡμῖν,οἰ
1292 4114 1387 4166 νῦν
1413 4115 1506 4186 τοῦ
1542 4116 1779 4186 Χριστοῦ

205 4183 468 4254 πάρεδροι
497 4184 589 4255 xui.
619 4183 716 4255 τῆς
746 4183 1016 4255 βασιλείας
1043 4185 1206 4236 αὐτοῦ
1232 4184 1502 4255 κοινωνοί*
1530 4183 1622 4238 καὶ
1648 4187 1779 4253 μέτ-

200 4253 321 4334 οχοι
358 4256 455 4323 τῆς
491 4253 735 4334 κρίσεώς,
762 4253 1082 4334 adroganti
1130 4254 1534 4334 συνδικάζοντξς
1594 4255 1774 4325 αὐτῷ·

200 4323 316 4377 τῶν
330 4324 845 4393 παραπεπτωκότων
872 4323 1112 4391 ἀδελφῶν
1137 4342 1305 4387 τινας,
1331 4324 1646 4387 ὑπευθύνοις
1670 4323 1781 4388 τοῖς

201 4395 318 4448 τῶν
361 4393 559 4465 Θυσιῶν
605 4393 912 4465 ἐγκλήμασι
946 4394 1299 4465 γενομένους,
1346 4396 1776 4465 προσελάϐοντοε

204 4466 303 4549 καί
335 4463 430 4532 τὴν
459 4464 788 4549 ἐπιστροφὴν
817 4464 908 4515 καὶ
932 4463 1214 4549 μετάνοιαν
1249 4463 1425 4549 eosdm
1461 4465 1675 4549 ἰόρντες,
1697 4466 1780 4549 δε-

203 4536 345 4604 κτήν
371 4550 428 4605 τε
459 4534 711 4601 γενέσθαι
743 4534 1050 4605 δυναμένην
1082 4534 1159 4603 τῲ
1184 4534 1274 4605 Ϋμὴ
1316 4534 1619 4605 βουλομένῳ
1651 4536 1781 4588 καθ-

198 4588 328 4658 όλου
368 4588 716 4658 τὸνὊάνατον
754 4588 1213 4674 τοὺᾷμαρτωᾏοὶἳ
1238 4588 1327 4665 ὦς’
1340 4605 1437 4674 τὴν
1470 4588 1773 4674 μετάνοιαν,

198 4674 623 4741 δοκιμάσαντες,
673 4672 1019 4744 εἰσεδέξαντο
1055 4676 1147 4727 καὶ
1202 4672 1502 4744 summa»
1526 4677 1620 4728 καὶ
1654 4693 1778 4728 συν-

200 4748 442 4811 ἑστησαν
463 4760 474 4771 ο
512 4744 604 4796 καὶ
631 4742 943 4813 προσευχῶν
973 4745 1153 4807 αὐτοῖς
1174 4746 1266 4796 καὶ
1302 4742 1596 4798 ἑστιάσεων
1629 4749 1775 4798 ἐκοι-

200 4813 473 4883 νώνησαν.
511 4816 702 4866 Eadem
743 4816 976 4882 Dionysii
1020 4822 1181 4867 verba
1235 4817 1399 4867 relert
1440 4817 1777 4883 biit-ephorus

200 4899 324 4950 cap.
358 4885 389 4934 4
412 4921 428 4944 ,
454 4898 572 4951 qua:
600 4883 813 4953 Langus
862 4884 935 4953 ita
974 4887 1132 4937 vertit
1158 4903 1171 4938 :
1209 4884 1495 4953 Explorato
1522 4887 1775 4951 patientia

198 4964 362 5021 atque
393 4951 757 5019 comprobata]
791 4957 845 5006 in
882 4951 1175 5006 Eoilesiam
1219 4951 1307 5007 eos
1349 4956 1696 5019 admiserunt,
1727 4963 1776 5007 et

198 5030 271 5074 ad
316 5023 457 5075 hunc
486 5023 696 5074 modum
732 5026 944 5088 receptis
980 5024 1150 5075 locum
1177 5041 1328 5076 suum
1361 5024 1633 5076 dederunt.
1672 5025 1776 5076 Eii-

201 5094 328 5144 deui
372 5094 1083 5161 IIIOdt)‘Clll‘lSlupllUl'SOllllS
1129 5096 1508 5161 interpretatus
1532 5105 1653 5147 est:
1682 5094 1775 5147 lie-

200 5162 407 5225 cipiunt
439 5161 491 5211 in
527 5159 837 5225 Ecclesium,
879 5175 1155 5215 conventus
1200 5159 1314 5215 cuin
1351 5163 1456 5215 illis
1484 5165 1769 5227 celebrant,

200 5231 387 5281 ineunt
418 5231 739 5294 societatem,
775 5242 879 5283 etc.
904 5232 1101 5285 Eodem
1132 5235 1289 5284 etiam
1319 5248 1477 5286 sensu
1510 5234 1619 5286 haec
1650 5235 1770 5286 Dio-

202 5300 350 5367 nysii
386 5300 547 5350 verba
576 5300 873 5367 intelligere
906 5305 992 5355 hic
1026 5304 1233 5354 videtur
1266 5301 1510 5356 lluetius.
1541 5302 1644 5355 Sed
1674 5305 1771 5356 ali-

202 5366 290 5419 ter
316 5366 584 5420 Valesius.
624 5388 641 5418 ι
688 5366 833 5424 lianc
867 5372 1363 5437 interpretationem
1401 5374 1629 5439 probare
1662 5391 1764 5425 non

201 5452 427 5504 possum
458 5477 472 5497 ,
511 5438 681 5504 inquit
715 5440 833 5491 Not.
873 5442 922 5491 iii
956 5441 1047 5493 lib.
1081 5456 1125 5492 vt
1158 5438 1498 5495 Hist.eccles.
1530 5443 1768 5506 Eusebii,

202 5522 328 5574 pug.
366 5508 487 5559 15⁵3.
523 5510 802 5579 Quomodo
828 5512 969 5563 enini
1006 5524 1273 5579 martyres
1312 5513 1403 5579 qui
1451 5514 1501 5565 iii
1550 5528 1769 5566 carcere

203 5581 529 5647 tenebantur
556 5578 800 5643 astricti,
857 5580 1034 5647 lapsos
1069 5583 1119 5632 in
1154 5578 1454 5633 Ecclesium
1485 5582 1767 5636 admittere

201 5657 455 5715 poterant
479 5646 503 5699 7
532 5648 680 5701 Adde
708 5651 848 5716 quod
881 5665 986 5703 non
1018 5652 1065 5705 id
1093 5650 1233 5717 juris
1257 5654 1594 5716 COIIIpclL'bul
1625 5670 1766 5705 mar-

205 5718 442 5785 tyiibus,
473 5722 567 5772 sed
591 5719 688 5773 soli
719 5720 989 5788 episcopo,
1015 5721 1163 5787 cujus
1194 5720 1422 5775 oﬂiciuiii
1453 5734 1569 5775 erat
1595 5731 1765 5793 pinni-

1876 1965 2080 2009 tantum
2116 1953 2424 2020 prolapsis,
2455 1961 2508 2004 et
2550 1953 3019 2005 cominendatitias
3063 1951 3273 2006 litteras
3306 1958 3446 2009 scri-

1876 2025 2000 2078 bere
2033 2024 2246 2078 licebat.
2267 2024 2499 2091 Apparet
2524 2022 2686 2091 igitur
2708 2022 2785 2091 ita
2804 2023 3120 2075 vertendum
3151 2037 3270 2077 esse
3301 2025 3443 2082 hunc

1879 2093 2111 2164 Dionysii
2144 2090 2326 2147 locum
2349 2090 2404 2145 iit
2432 2095 2690 2144 vertimus
2715 2109 2727 2143 :
2753 2090 3013 2164 Cq'terum
3036 2095 3089 2144 hi
3113 2094 3275 2146 divini
3293 2111 3441 2147 mar-

1875 2161 2027 2233 tyres'
2049 2164 2139 2231 qui
2165 2178 2305 2233 nunc
2334 2178 2617 2215 assessores
2642 2171 2762 2214 sunt
2789 2161 3008 2225 Christi,
3035 2173 3084 2215 et
3114 2165 3255 2231 regni
3297 2164 3439 2218 illius

1876 2232 2161 2296 consortes,
2194 2250 2256 2284 ac
2278 2232 2471 2299 judicii
2503 2233 2780 2298 participes
2810 2248 2915 2285 una
2947 2249 3063 2285 cum
3090 2234 3199 2296 ipso
3222 2234 3441 2302 judica—

1876 2304 2023 2357 turi:
2051 2304 2176 2357 dum
2214 2303 2298 2354 hic
2326 2302 2467 2370 apud
2499 2317 2590 2372 nos
2641 2312 2827 2364 essent,
2859 2304 3110 2369 quosdam
3136 2319 3163 2355 e
3186 2304 3439 2372 fratribus

1876 2372 2066 2441 lapses,
2118 2382 2167 2426 et
2200 2372 2355 2424 idolis
2383 2370 2710 2438 sacriﬁcasse
2750 2376 3006 2425 convictos
3027 2414 3041 2437 ,
3068 2370 3438 2439 susceperunt:

1874 2454 1923 2496 et
1968 2443 2351 2496 conversionem
2393 2442 2603 2494 illorum
2645 2457 2706 2494 ac
2752 2444 3104 2508 paenitentiam
3154 2454 3441 2508 cernentes,

1876 2529 1992 2566 cum
2019 2514 2341 2582 judicassent
2369 2528 2483 2582 eam
2517 2510 2719 2577 placere
2740 2528 2887 2577 posse
2917 2512 2997 2565 illi
3031 2514 3119 2582 qui
3153 2516 3442 2581 peccatoris

1876 2580 2227 2649 paenitentiam
2254 2580 2449 2634 mavult
2477 2596 2633 2650 quam
2657 2590 2893 2644 mortem,
2918 2598 3002 2634 eos
3035 2580 3357 2635 admiserunt
3393 2594 3442 2636 et

1877 2653 2189 2721 collegerunt
2213 2669 2233 2716 ;
2264 2661 2419 2722 atque
2454 2652 2507 2705 in
2542 2662 2725 2703 costum
2751 2668 2902 2705 suum
2941 2664 3237 2718 receperunt
3265 2669 3281 2714 ς
3310 2663 3358 2705 et
3386 2656 3441 2706 in

1877 2723 2203 2775 orationibus
2254 2721 2480 2775 accibo
2541 2736 2659 2773 cuni
2713 2721 2897 2775 iisdem
2966 2722 3440 2776 comniunicarunt.

1878 2792 2199 2861 Quanquam
2247 2807 2348 2845 vox
2393 2790 2724 2862 συνέστησαν
2766 2792 2923 2845 aliter
2965 2793 3129 2845 etiam
3185 2793 3444 2860 explicari

1879 2874 2078 2930 peiest,
2124 2862 2331 2927 passive
2379 2862 2587 2914 scilicet
2634 2878 2733 2929 pro
2781 2862 2937 2915 simul
2985 2864 3303 2915 consistere.
3353 2863 3445 2913 Sic

1880 2931 2333 3002 DiOIIYSllISAaplld
2372 2930 2657 2984 Eusebium
2688 2932 2739 2984 iii
2778 2932 2975 3002 Ιίιιηνιι
2996 2972 3010 2993 ,
3041 2948 3156 2999 cap.
3192 2930 3227 2985 9
3249 2971 3263 2991 .
3292 2932 3444 3002 μόλις

1878 2995 2389 3073 παράκαλούμενος,
2432 3003 2745 3073 συνεσςᾶναι
2796 2995 2915 3064 ceti;
2969 2995 3303 3073 προσὲυχαῖέ
3359 3004 3447 3056 ἀν-

1880 3071 2080 3140 έχεται.
2126 3074 2187 3124 Et
2222 3073 2481 3124 Eusebius
2516 3073 2564 3121 in
2594 3071 2685 3124 lib.
2726 3087 2797 3133 Vl,
2823 3088 2941 3138 Cap.
2973 3071 3043 3133 2‘,
3077 3074 3139 3126 de
3168 3073 3437 3139 Origene:

1877 3141 2218 3194 οὐδεπώποτε
2274 3140 2606 3213 προυτράπῃ-
2641 3140 2781 3193 κατὰ
2824 3140 2921 3212 τὴν
2961 3141 3124 3212 εὐχὴν
3164 3142 3311 3213 αὐτῷ
3347 3160 3441 3194 συ-

1882 3212 2142 3283 στῆναι.)
2172 3211 2332 3283 Addit
2360 3211 2809 3283 posteaﬂalesiiis
2833 3228 2847 3263 :
2872 3229 2890 3262 ι
2925 3213 3120 3280 Duplex
3144 3224 3258 3267 erat
3285 3211 3404 3266 ὶτοιιι
3426 3242 3439 3252 -

1882 3280 2064 3334 munio
2098 3282 2150 3334 in
2189 3281 2427 3334 Ecclesia
2458 3298 2473 3333 :
2508 3280 2611 3332 alia
2658 3282 2955 3339 orationis.
2987 3283 3088 3334 alia
3119 3298 3438 3336 sacramen-

1885 3360 2079 3404 torum.
2117 3352 2178 3404 Et
2216 3352 2518 3406 orationum
2545 3350 2760 3417 quidem
2791 3353 3098 3405 communio
3129 3353 3440 3416 pteiiitenti-

1881 3421 1980 3474 bus
2043 3431 2159 3489 post
2205 3430 2410 3474 certum
2456 3420 2709 3487 temporis
2757 3421 2986 3487 spatium
3034 3421 3431 3488 iiidulgebatur.

1878 3491 2197 3545 Communia
2227 3506 2350 3544 vero
2379 3490 2618 3557 corporis
2648 3490 2843 3543 Christi
2880 3492 3089 3544 nonnisi
3121 3491 3434 3545 reconcilia-

1882 3563 1950 3612 tis
1981 3570 2102 3628 post
2134 3561 2318 3630 longas
2357 3560 2685 3627 paenitentiae
2716 3561 3131 3630 lllOl‘aSilalldelll
3158 3562 3433 3630 impertie-

1881 3631 2057 3682 batur.
2088 3629 2238 3684 Vide
2262 3644 2497 3684 canones
2528 3630 2586 3682 ll
2613 3668 2628 3692 ,
2672 3630 2737 3681 12
2766 3640 2819 3682 et
2862 3629 2927 3683 l5
2966 3632 3176 3683 concilii
3211 3629 3434 3683 Nicaeni.

1882 3699 1956 3752 Ex
1992 3699 2186 3766 quibus
2217 3709 2467 3767 apparet,
2502 3702 2931 3753 communionem
2958 3702 3215 3754 orationis
3257 3704 3433 3767 pient-

1884 3771 2118 3823 lt‘llllblls
2160 3771 2327 3823 fuisse
2370 3770 2614 3822 ultimum
2654 3778 2707 3822 et
2748 3771 3047 3835 proximum
3095 3771 3319 3838 gradum
3367 3768 3434 3838 ad

1879 3840 2310 3905 communionem
2343 3854 2617 3893 sacrorum
2646 3841 3043 3908 mysteriorum.
3073 3837 3138 3893 Et
3170 3841 3284 3893 haec
3312 3837 3436 3905 qui-

1880 3910 1998 3961 dem
2033 3910 2099 3961 de
2130 3912 2504 3963 communione
2538 3910 2749 3976 publica
2782 3910 3122 3978 intelligenda
3153 3918 3299 3970 sunt,
3325 3921 3431 3975 qua

1880 3980 2277 4032 concedebatur
2307 3979 2707 4045 paenitentibus,
2734 3989 2790 4030 ut
2820 3979 2994 4045 palam
3018 3994 3139 4031 cum
3165 3978 3309 4031 omni
3335 3990 3435 4044 po-

1882 4048 2005 4113 pulo
2040 4049 2093 4101 in
2135 4049 2360 4102 ecclesia
2393 4057 2627 4104 orarent.
2673 4048 2777 4102 Sed
2812 4051 2862 4100 in
2898 4049 2997 4101 hoc
3041 4048 3277 4117 Dionysii
3312 4048 3433 4100 loco

1880 4117 1948 4170 de
1986 4118 2189 4186 privata
2239 4119 2615 4171 communione
2654 4133 2832 4171 sermo
2874 4129 2992 4181 est,
3028 4133 3188 4185 quain
3221 4118 3376 4170 video
3405 4133 3436 4170 a

1881 4188 2152 4242 nonnullis
2180 4189 2435 4242 confundi
2480 4202 2600 4241 cuin
2657 4188 2887 4256 publica.
2943 4188 3211 4241 Privatam
3256 4197 3433 4240 autem

1879 4258 2309 4312 communionem
2340 4272 2500 4321 voco,
2533 4273 2653 4323 quae
2682 4274 2711 4309 ιι
2744 4256 2991 4323 privatis,
3035 4272 3139 4309 non
3164 4265 3339 4308 autem
3369 4257 3438 4308 ab

1880 4327 2132 4394 episcopo
2153 4367 2167 4391 ,
2199 4328 2351 4395 cujus
2383 4327 2434 4378 id
2470 4328 2558 4394 jus
2608 4325 3045 4394 pontiﬁciumque
3085 4335 3241 4390 erat,
3273 4335 3438 4379 certa:

1882 4411 2125 4463 personae
2148 4398 2561 4450 concedebatur.
2591 4396 2827 4463 Exempli
2853 4399 3043 4464 gratia,
3068 4398 3283 4463 quando
3304 4410 3402 4447 con
3418 4422 3437 4434 -

1883 4466 2116 4520 l'essores
2142 4479 2192 4520 et
2218 4476 2480 4533 martyres
2507 4467 2683 4532 lapsos
2717 4466 3155 4518 intercessionem
3181 4482 3244 4517 ac
3274 4466 3436 4517 mise-

1886 4537 2171 4589 ricordiam
2194 4536 2429 4603 ipsorum
2457 4537 2805 4603 implorantes
2825 4535 3053 4603 benigne
3072 4535 3432 4603 excipiebant,

1881 4616 1935 4657 et
1964 4616 2021 4657 ut
2052 4620 2154 4657 una
2183 4619 2368 4658 secum
2400 4605 2562 4656 Deum
2592 4614 2832 4666 orarent,
2870 4606 3265 4671 permittebant.
3311 4605 3435 4657 llaie

1882 4676 2188 4729 communio
2214 4674 2383 4728 liceta
2409 4675 2732 4742 martyribus
2752 4683 2803 4744 et
2826 4674 3154 4744 presbyteris
3176 4674 3438 4744 (plerique

1880 4746 2025 4797 enim
2058 4754 2353 4812 martyrum
2371 4754 2524 4797 erant
2543 4759 2607 4796 ex
2631 4743 2797 4810 clero)
2819 4744 2983 4810 lapsis
3006 4743 3191 4797 luisset
3212 4745 3437 4809 indulta,

1883 4814 2017 4868 nihil
2046 4814 2185 4882 juris
2220 4814 2325 4867 illis
2360 4815 2515 4867 dabat
2544 4832 2557 4866 :
2586 4815 2678 4866 sed
2703 4822 2911 4866 tantum
2946 4814 3114 4867 instar
3140 4813 3435 4882 praejudicii

1881 4896 2017 4946 erat,
2046 4895 2103 4937 ut
2134 4883 2202 4937 ab
2224 4886 2474 4952 episcopo
2514 4894 2698 4950 postea
2732 4885 3145 4936 admitterentur
3168 4888 3233 4937 ad
3265 4886 3439 4952 publi-

1882 4968 2000 5006 eam
2043 4955 2095 5006 in
2128 4956 2352 5006 ecclesia
2384 4954 2642 5006 orationis
2692 4954 3146 5007 communionem.
3185 4955 3255 5007 De
3298 4954 3439 5019 ejus-

1883 5025 2023 5076 modi
2056 5026 2260 5091 privata
2300 5026 2674 5077 communione
2705 5024 3079 5091 intelligendus
3108 5036 3189 5076 est
3226 5024 3438 5076 Eusebii

1876 5092 2027 5145 locus
2082 5097 2130 5145 iii
2184 5095 2275 5146 lib.
2318 5107 2364 5147 Vl
2392 5132 2407 5154 ,
2450 5110 2571 5161 cap.
2607 5094 2642 5145 2
2671 5096 2735 5145 de
2780 5093 3014 5160 Origene
3038 5134 3053 5157 ,
3087 5110 3245 5161 quem
3281 5099 3437 5161 paulo

1874 5173 2001 5216 ante
2026 5164 2186 5217 citavi
2215 5179 2228 5227 ;
2264 5173 2319 5216 et
2344 5169 2479 5216 alter
2509 5166 2562 5217 in
2591 5164 2686 5217 lib.
2719 5178 2796 5225 iv,
2835 5179 2955 5228 cap.
2988 5162 3056 5216 14
3086 5180 3099 5228 ;
3135 5167 3257 5217 item
3293 5166 3435 5215 locus

1873 5231 2112 5300 ejusdem
2144 5232 2360 5286 Eusebii
2396 5235 2445 5286 in
2476 5233 2568 5287 lib.
2604 5249 2678 5297 γι,
2703 5248 2820 5301 cap.
2849 5233 2942 5296 45,
2969 5250 3035 5287 ex
3060 5234 3286 5301 epistola
3310 5235 3435 5286 Cor-

1875 5304 1999 5355 nelii
2038 5319 2186 5372 papa:
2210 5344 2225 5367 ,
2255 5304 2341 5355 ubi
2369 5309 2434 5355 de
2465 5302 2645 5374 Moyse
2674 5306 3021 5373 presbytero,
3055 5308 3144 5371 qui
3177 5303 3434 5355 Novaria-

1880 5388 2005 5424 iiuui
2038 5390 2067 5425 a
2100 5375 2475 5426 communione
2497 5373 2591 5426 sua
2627 5376 2841 5441 i'epiilit.
2871 5375 2997 5426 Item
3031 5375 3179 5425 locus
3214 5373 3433 5439 Sulpicii

1880 5444 2066 5495 Severi
2098 5444 2151 5496 in
2179 5442 2268 5494 lib.
2304 5458 2360 5495 iii
2401 5442 2475 5494 De
2506 5445 2611 5495 vita
2642 5445 2703 5497 S.
2753 5444 2993 5496 Martini.
3031 5442 3159 5496 Vide
3190 5441 3283 5496 Fr.
3318 5441 3431 5495 Flu-

1874 5521 2080 5566 reiitem
2118 5516 2182 5564 ad
2218 5514 2425 5565 titulum
2455 5513 2508 5577 7,
2532 5517 2599 5566 de
2632 5514 2977 5566 translatione
2999 5514 3255 5581 episcopi.
3290 5530 3310 5563 ι

1940 5582 2057 5651 (59)
2093 5584 2246 5650 Apud
2282 5584 2504 5645 Euseln,
2534 5583 2737 5637 Hister.
2774 5587 2927 5644 eccl.,
2966 5585 3058 5636 lib.
3091 5599 3167 5646 vr,
3192 5598 3312 5649 cap.
3343 5583 3430 5639 42.

1944 5656 2054 5721 (liti)
2085 5652 2235 5716 Quod
2262 5654 2305 5705 si
2350 5655 2571 5719 suscepti
2608 5666 2807 5704 tantum
2846 5659 2908 5705 ab
2949 5670 3182 5720 episeopo
3212 5668 3313 5703 non
3342 5670 3430 5705 sae

1869 5726 2171 5794 presbyterii
2203 5726 2386 5790 luisset
2417 5740 2551 5787 rcus,
2578 5739 2692 5776 eum
2724 5740 2822 5776 non
2854 5740 2958 5777 iani
2986 5740 3154 5778 serere
3176 5732 3430 5777 tractatu-
