3870 6220
425 300 523 361 13οἸ
1622 330 1627 333 -
1693 298 1752 353 Ρ.
1795 294 2111 353 DANIELIS
2144 292 2377 350 HUETII
3579 288 3685 347 668

425 421 617 477 fuisset
647 437 790 487 reus,
814 437 937 475 eum
968 436 1071 474 non
1104 431 1210 473 tam
1235 433 1423 475 severe
1450 428 1809 495 tractaturnm
1835 419 2003 473 fuisse
2035 423 2076 478 Α
2106 415 2370 481 plaribus.
2400 426 2542 466 anno
2573 409 2865 465 Alexandri
2896 422 3007 473 xu,
3037 407 3118 462 vel
3153 423 3234 473 xI,
3268 417 3324 461 ut
3359 408 3523 462 habet
3550 407 3687 461 Sca-

424 513 754 567 L‘emetrimn
808 512 1068 567 credibile
1127 520 1247 575 est,
1283 526 1406 566 enm
1468 511 1769 578 praesertim
1832 511 2002 580 ipsius

422 607 892 661 commendatione
923 605 1092 661 fretus
1123 608 1189 659 ad
1228 621 1351 660 eum
1392 621 1451 660 se
1488 604 1790 675 promoveri
1829 604 2003 673 digni-

424 697 550 752 tatis
574 698 797 767 gradum
824 712 1015 767 passus
1044 696 1253 753 fuisset.
1283 696 1501 750 Minime
1530 710 1659 750 vero
1685 693 1812 748 facti
1841 694 2003 762 hujus

421 790 784 844 narrationem
815 792 881 845 ab
906 790 1137 845 Eusebio
1165 789 1413 844 consulto
1442 789 1865 857 praetermissam
1900 801 1991 855 pu-

422 890 554 944 tem,
581 893 636 935 ut
676 881 991 936 idololatriae
1019 882 1249 937 crimine
1280 881 1540 935 liberaret
1570 879 1884 949 Origenem,
1917 877 2000 931 vel

418 974 565 1045 quod
614 975 931 1044 pmoitentia
975 975 1180 1029 elotum
1231 973 1517 1043 postmodo
1564 971 1829 1041 flagitium
1859 970 1999 1024 obli-

418 1063 563 1119 vioni
602 1066 920 1120 tradendum
953 1075 1212 1134 putaret;
1246 1064 1358 1135 (61)
1388 1065 1481 1119 sed
1506 1065 1651 1133 quod
1692 1078 1777 1118 res
1806 1062 1998 1131 Orige-

419 1159 504 1210 nis
542 1160 761 1228 proprio
795 1169 849 1214 et
878 1158 1153 1213 luculento
1184 1157 1451 1227 Apologia:
1497 1171 1659 1225 opere
1701 1154 1997 1230 jam.antea

417 1248 611 1305 fuisset
648 1251 999 1320 complexus,
1039 1250 1090 1303 in
1135 1248 1375 1303 Historia
1418 1255 1597 1303 autem
1631 1249 1851 1303 duceret
1881 1263 1999 1301 esse

415 1342 593 1396 obiter
636 1344 1001 1410 attingendas.
1032 1342 1162 1397 Inde
1202 1344 1373 1397 tacuit
1421 1341 1681 1395 eximium
1718 1341 1886 1399 illud.
1937 1354 2000 1393 ac

415 1435 562 1487 omni
594 1434 753 1489 laude
783 1434 1007 1504 dignum
1053 1434 1302 1506 Origenis
1337 1434 1544 1488 facinus
1575 1432 1739 1504 (quod
1776 1434 1826 1486 in
1861 1434 1996 1487 idem

419 1524 671 1579 incidisse
736 1534 946 1595 tempus
996 1527 1272 1581 memoria:
1339 1524 1617 1579 mandavit
1674 1523 1893 1579 Nlcetas
1946 1525 1995 1577 in

418 1610 570 1667 Thes.
601 1613 811 1666 orthod.
841 1613 935 1682 ﬁd.
966 1615 1088 1669 libr.
1124 1632 1208 1681 tv,
1255 1615 1388 1670 haer.
1426 1615 1518 1684 51)
1546 1655 1561 1682 ,
1591 1618 1805 1685 quando
1843 1617 1997 1682 juxta

414 1702 793 1775 IEgyptiorum
831 1708 1176 1761 sacerdotum
1210 1721 1414 1762 morem
1451 1722 1479 1760 a
1513 1706 1803 1777 gentilibus
1835 1707 1996 1759 adra-

2105 506 2369 573 figeriana
2385 503 2637 560 Chronici
2674 504 2833 572 hujus
2858 505 3046 559 editio.
3076 503 3154 558 Ex
3180 504 3265 558 his
3290 500 3684 555 ballucinatum

2103 599 2277 668 liquet
2305 597 2691 667 Epiphaniam,
2726 597 2817 666 qui
2859 596 3146 665 Origenem
3190 594 3492 663 imperante
3520 591 3687 645 Decio

2101 688 2443 744 Alexandriae
2474 686 2735 745 claruisse
2764 687 2981 756 scripsit
3018 686 3150 741 haer.
3180 683 3280 748 64,
3310 696 3430 752 cap.
3461 681 3488 736 1
3508 721 3523 746 ,
3556 695 3683 734 cum

2101 794 2377 850 nunquam
2412 794 2535 833 eum
2575 779 2807 848 posthac
2854 778 2981 832 illuc
3012 791 3317 845 regressum
3357 773 3523 829 fuisse
3551 787 3685 837 con-

2102 882 2229 927 stet.
2254 870 2592 940 Quapropter
2614 869 2852 924 concedo
2877 870 2929 923 in
2955 868 3161 923 Petavii
3192 866 3537 929 sententiam,
3567 862 3685 933 (64)

2104 962 2289 1018 Severi
2321 977 2513 1016 nomen
2542 960 2690 1016 Decii
2724 960 2941 1014 nomine
2969 972 3250 1029 perperam
3288 955 3355 1010 ab
3380 953 3680 1024 Epiphanio

2101 1062 2494 1109 commutatum
2544 1051 2840 1122 opinantis.
2891 1048 3278 1106 Vehementius
3312 1047 3474 1101 etiam
3510 1043 3683 1097 hallu-

2102 1149 2342 1202 cinatum
2380 1154 2599 1201 constat
2635 1145 3001 1200 Abrahamum
3049 1142 3354 1197 Scultetum
3388 1136 3541 1210 (65),
3576 1137 3680 1209 _qui

2100 1238 2384 1309 Origenem
2433 1244 2660 1305 narrat,
2712 1245 3001 1307 postquam
3055 1231 3383 1288 Alexandria
3440 1230 3573 1284 exiit
3626 1238 3684 1283 ut

2102 1330 2309 1386 remotis
2356 1330 2612 1392 cederet,
2637 1342 2702 1383 eo
2751 1336 3066 1382 revocatum
3096 1336 3288 1379 omnes
3332 1335 3499 1378 sacra:
3528 1321 3678 1373 Scri-

2102 1434 2270 1496 pturae
2305 1424 2470 1477 libros
2496 1422 2801 1476 illustrasse
2829 1416 3267 1474 commentariis.

2173 1515 2311 1570 XIV.
2359 1513 2613 1584 Confugit
2650 1526 2781 1582 ergo
2823 1510 3127 1565 Csesaream
3164 1509 3231 1562 ad
3280 1505 3677 1567 Theoctistum,

2100 1608 2439 1678 benigneque
2468 1608 2535 1661 ab
2565 1619 2631 1664 eo
2660 1615 2715 1659 et
2756 1602 3050 1658 liberaliter
3077 1610 3360 1669 exceptus,
3386 1608 3441 1654 et
3470 1598 3538 1653 ab
3565 1614 3681 1651 om-

2103 1699 2259 1755 nibus
2308 1698 2521 1767 injuriis
2565 1705 2619 1750 et
2673 1694 3020 1751 contumeliis
3054 1693 3355 1764 prohibitus
3393 1700 3497 1745 est.
3539 1689 3680 1743 [line

413 1812 538 1861 sus,
566 1799 630 1851 ad
665 1798 847 1852 fanum
877 1800 1157 1869 Serapidis
1185 1800 1522 1856 Christianos
1559 1814 1749 1855 omnes
1775 1798 1839 1853 ad
1873 1814 1987 1868 pro-

2105 1806 2237 1845 nova
2267 1787 2500 1844 suffusus
2566 1786 2939 1841 malevolentia
2983 1784 3287 1840 Demetrius
3312 1781 3532 1853 Egypti
3566 1783 3681 1849 epi-

412 1890 755 1956 pngnandum
805 1889 1005 1944 Christi
1059 1905 1256 1945 nomen
1305 1892 1453 1946 clara
1505 1907 1641 1948 voce
1684 1891 1995 1946 concitavit.

414 1981 627 2037 Falsum
659 1997 823 2050 porro
850 1992 903 2037 et
934 1983 1221 2037 confictam
1258 1997 1381 2038 esse
1410 1982 1752 2055 Origeniante
1782 1981 2000 2036 idolola-

414 2073 532 2127 tria:
564 2073 871 2137 historiam,
903 2088 967 2127 ac
994 2073 1295 2142 Epiphanio
1324 2075 1392 2129 ab
1420 2074 1597 2129 aliena
1631 2090 1791 2128 manu
1826 2074 1998 2127 inser—

413 2175 521 2218 tam
565 2166 838 2234 pertendit
885 2166 1188 2230 Baronius,
1235 2168 1301 2221 ad
1365 2183 1455 2221 an.
1488 2167 1632 2231 255,
1686 2182 1832 2219 num.
1872 2166 1996 2231 120,

410 2255 752 2325 plurimaque
774 2256 1017 2326 congerit
1044 2257 1096 2311 in
1129 2272 1249 2311 eam
1275 2258 1627 2319 sententiam,
1668 2256 1780 2328 (62)
1815 2270 1936 2325 qme
1966 2270 1995 2308 a

410 2343 632 2399 Petavio
648 2345 861 2399 erudite
880 2344 1158 2399 confutata
1185 2346 1355 2402 habes
1371 2348 1420 2400 in
1436 2347 1994 2401 Animadversionibns

417 2432 835 2504 Epiphanianis.
873 2435 1007 2491 Rem
1056 2437 1144 2491 alii
1175 2439 1420 2491 tribuunt
1453 2437 1600 2492 Decii
1644 2440 1992 2507 temporibus.

410 2527 538 2584 llaec
567 2528 705 2584 infra
739 2532 1113 2600 expendemns
1148 2533 1495 2588 accuratius:
1532 2536 1627 2587 sed
1665 2532 1717 2587 in
1744 2542 1991 2588 anteces-

410 2636 530 2677 sum
559 2622 854 2677 asserimus
882 2637 1057 2692 neque
1083 2638 1180 2679 nos
1208 2624 1399 2678 horum
1428 2624 1699 2692 opinioni,
1721 2624 1806 2680 vel
1835 2625 1994 2679 Baro-

408 2713 483 2767 nii
508 2712 833 2781 conjecturae
855 2713 1104 2767 assentiri
1130 2728 1308 2783 posse.
1356 2713 1469 2785 (6'5)
1498 2714 1650 2771 Fidei
1677 2731 1892 2786 quoque
1915 2716 1995 2770 in-

410 2804 718 2873 tegritatem
750 2809 801 2858 in
839 2804 992 2859 libris
1023 2804 1296 2874 plerisque
1319 2847 1335 2871 ,
1363 2821 1426 2860 ac
1456 2821 1523 2861 eo
1554 2808 1853 2875 praesertim
1900 2808 1990 2873 qui

410 2905 495 2951 est
526 2895 601 2949 De
632 2897 901 2969 principiis
933 2936 948 2960 ,
982 2897 1049 2950 ab
1092 2896 1329 2967 Origene
1359 2899 1613 2953 violatam
1643 2898 1693 2951 id
1736 2900 1993 2966 temporis

408 2998 760 3055 conquestum
807 2990 976 3045 fuisse
1021 2990 1356 3044 Demetrium
1415 3002 1838 3047 consentaneum
1885 3001 1988 3059 est,

408 3080 607 3148 quippe
632 3080 721 3150 qui
753 3082 934 3135 omnia
964 3083 1223 3137 adversus
1246 3097 1368 3136 enm
1397 3091 1713 3153 argumenta
1749 3083 1991 3137 Studiose

408 3172 710 3240 colligeret.
762 3173 1087 3228 Alexandria
1142 3176 1325 3242 itaque
1374 3176 1689 3229 eliminatus
1729 3175 1990 3244 Origenes

410 3262 714 3317 Caesaream
747 3263 1023 3319 Stratonis
1054 3265 1362 3329 concessit,
1408 3264 1593 3334 ibique
1628 3265 1810 3319 sedem
1846 3266 1987 3329 fixit,

408 3368 552 3408 anno
581 3354 758 3407 astatis
794 3370 940 3418 vat,
972 3354 1175 3409 Christi
1205 3356 1329 3419 93f,
1362 3355 1655 3410 Alexandri
1700 3355 1886 3409 Severi
1918 3372 1985 3422 x;

410 3438 495 3492 vel
522 3448 580 3493 ut
607 3449 690 3493 est
713 3441 765 3493 in
791 3442 1066 3496 nonnullis
1095 3443 1309 3497 Eusebii
1346 3443 1652 3510 codicibus,
1672 3455 1726 3499 et
1757 3446 1807 3498 in
1840 3444 1989 3499 Nice-

411 3533 601 3601 phoro,
645 3544 700 3589 et
730 3534 783 3589 in
814 3535 1135 3605 quibusdam
1182 3537 1473 3593 Eusebiani
1513 3537 1761 3593 Chronici
1796 3553 1984 3593 exem-

408 3773 523 3813 rum
554 3758 720 3827 fuisse
759 3760 1074 3814 Demetrium
1107 3761 1354 3816 credibile
1400 3772 1505 3827 est,
1543 3774 1649 3818 etc.
1686 3764 1853 3819 Esto:
1887 3767 1978 3820 sed

408 3829 531 3884 fidei
563 3844 779 3902 quoque
821 3830 1184 3902 integritatem
1221 3835 1271 3885 in
1316 3832 1471 3887 libris
1498 3834 1770 3902 plerisque
1795 3849 1880 3897 ac,
1916 3852 1982 3890 eo

408 3848 531 3884 uuet
563 3848 779 3897 quoque
821 3848 1184 3900 integritatem
1221 3849 1271 3885 Ill
1316 3848 1471 3887 noris
1536 3848 1770 3902 terisque
1795 3849 1880 3897 ac.
1916 3852 1982 3890 eo

407 3901 740 3974 prastat-tim,
770 3902 859 3974 qni
892 3912 977 3955 est
1020 3900 1096 3955 De
1124 3902 1393 3974 psincipiis
1412 3941 1428 3968 ,
1463 3848 1531 3956 ag
1559 3903 1793 3974 Origene
1818 3906 1986 3959 viola-

409 3979 519 4021 tam
548 3971 597 4023 id
625 3971 883 4040 tcmporis
906 3983 1260 4040 conquestum
1294 3970 1463 4026 fuisse
1496 3970 1821 4027 Demeirium
1853 3990 1983 4029 con-

406 4049 724 4112 sentaneum
756 4051 862 4102 est,
885 4051 944 4094 ut
974 4044 1088 4110 ipse
1116 4042 1278 4111 paulo
1302 4050 1424 4111 post
1450 4044 1526 4096 ait
1552 4042 1799 4098 lluetius.
1829 4045 1979 4112 Quod

405 4125 537 4184 sane
587 4110 860 4184 Demetrio
901 4113 1035 4184 satis
1086 4122 1245 4184 erat,
1297 4122 1355 4164 ut
1395 4114 1704 4184 exginsigni
1735 4110 1983 4184 Origenis

406 4179 575 4248 gloria
604 4180 809 4248 jamdiu
841 4182 891 4234 in
918 4183 1038 4235 sinu
1066 4183 1355 4237 collectum
1383 4183 1595 4237 invidia:
1622 4179 1774 4240 virus
1804 4179 1976 4240 totum

405 4262 702 4332 evomeret,
727 4265 959 4322 eumque
985 4261 1092 4306 tam
1122 4268 1310 4309 severe
1344 4255 1611 4309 tractandi
1640 4271 1825 4311 ansam
1856 4259 1981 4313 inde

405 4330 690 4387 arriperet.

474 4391 587 4465 (fil)
620 4390 744 4465 iSed
782 4393 921 4465 quod
963 4410 1042 4448 res
1090 4393 1327 4465 Origenis
1371 4394 1579 4463 proprio
1633 4407 1679 4449 et
1718 4398 1980 4452 luculento

2103 1897 2293 1952 scopos
2321 1921 2335 1943 ,
2383 1890 2443 1935 ut
2479 1880 2626 1945 dixi,
2670 1879 2722 1933 in
2767 1879 3030 1950 synodum
3068 1876 3241 1947 cogit,
3278 1874 3681 1943 Origenemque

2100 1974 2437 2045 presbyterio
2473 1970 2745 2040 abjudicat
2766 2010 2782 2036 ,
2834 1980 2887 2024 et
2915 1972 2982 2025 ab
3011 1969 3271 2025 Ecclesia:
3301 1968 3565 2025 societate
3596 1982 3681 2022 se—

2096 2065 2295 2137 juugit,
2324 2065 2576 2119 universo
2602 2062 2987 2133 propemodum
3014 2062 3147 2115 orbe
3177 2063 3450 2116 decretum
3481 2076 3681 2130 appro-

2100 2160 2259 2212 bante
2295 2167 2349 2213 et
2378 2157 2758 2212 confirmante.
2797 2156 3066 2209 Ardentes
3112 2168 3329 2223 quoque
3357 2155 3410 2208 in
3456 2167 3581 2208 eum
3622 2161 3680 2207 et

2099 2250 2371 2305 aculeatas
2401 2263 2815 2319 quoquoversus
2863 2246 3238 2303 disseminavit
3280 2245 3492 2301 litteras
3531 2264 3546 2299 :
3582 2247 3679 2299 sed

2098 2342 2333 2398 hominis
2366 2341 2657 2396 iracundiae
2686 2341 2843 2395 simul
2874 2350 2928 2395 et
2961 2340 3101 2404 vitae,
3121 2340 3331 2404 eodem,
3354 2346 3412 2392 ut
3435 2338 3675 2400 videtur,

2096 2451 2203 2508 quo
2231 2436 2479 2492 discessit
2510 2435 2771 2505 Origenes
2800 2450 2964 2503 anno,
2996 2436 3155 2489 linem
3180 2445 3388 2488 matura
3418 2448 3565 2487 mors
3591 2449 3679 2501 po-

2096 2525 2204 2577 snit
2242 2524 2293 2576 in
2331 2522 2561 2593 ejusque
2591 2518 2963 2590 episc0palu'm
2996 2520 3251 2576 Heraclas
3278 2518 3537 2574 suffectus
3570 2529 3674 2571 est.

2095 2615 2220 2670 llam
2248 2630 2313 2671 eo
2339 2614 2529 2671 ordine
2563 2624 2752 2668 narrat
2796 2613 3062 2668 Eusebius
3106 2613 3159 2667 in
3196 2610 3471 2677 Historia,
3502 2627 3609 2679 quo
3646 2627 3678 2664 a

2095 2708 2253 2763 nobis
2281 2706 2551 2775 descripta
2584 2714 2743 2771 sunt;
2774 2704 2935 2759 aliter
2964 2704 3017 2758 in
3049 2704 3328 2769 Chronico,
3360 2704 3413 2757 in
3437 2718 3544 2773 quo
3571 2704 3677 2758 De-

2095 2799 2275 2853 metrii
2294 2814 2438 2853 mors
2466 2796 2714 2869 Origenis
2745 2797 2948 2851 exitum
2981 2805 3093 2851 toto
3120 2795 3343 2851 biennio
3368 2797 3669 2865 praevertit,

2094 2891 2234 2961 quod
2266 2889 2580 2960 neutiquam
2607 2898 2751 2945 stare
2781 2898 2977 2960 potest.

2166 2983 2281 3037 XV.
2311 2980 2469 3036 Certe
2496 3021 2512 3048 ,
2560 2998 2628 3037 ne
2662 2982 2792 3052 quid
2845 2980 3176 3037 dissimulem
3200 3020 3217 3045 ,
3251 2979 3570 3036 Gennadius
3616 2979 3671 3034 in

2094 3076 2216 3131 libr.
2246 3075 2325 3131 De
2354 3077 2453 3131 vir.
2482 3076 2678 3130 illustr.
2704 3117 2721 3144 ,
2766 3089 2885 3147 cap.
2933 3076 3005 3132 '55
3026 3120 3040 3144 ,
3085 3074 3273 3131 scribit
3314 3072 3673 3144 Theophilum

2092 3169 2517 3225 Alexandrinum
2548 3168 2859 3238 episcopum
2908 3165 3196 3223 tradidisse
3242 3182 3344 3219 non
3394 3181 3427 3218 a
3458 3181 3514 3218 se
3542 3164 3674 3219 Ori-

2086 3276 2277 3331 geuem
2308 3262 2537 3330 primum
2557 3299 2574 3326 ,
2603 3260 2692 3313 sed
2723 3260 2786 3313 ab
2812 3261 3042 3331 antiquis
3075 3258 3347 3323 Patribus,
3374 3267 3420 3311 et
3445 3258 3677 3313 maxime

2090 3353 2317 3407 Hcracla
2355 3353 2516 3422 fuisse
2567 3362 2615 3407 et
2650 3370 2683 3406 a
2704 3353 3025 3423 presbyterio
3056 3352 3302 3421 ejectum,
3332 3362 3381 3405 et
3410 3351 3474 3406 de
3505 3352 3675 3406 eccle-

2086 3447 2167 3501 sia
2203 3446 2433 3515 pulsum,
2466 3456 2514 3499 et
2549 3446 2614 3500 de
2648 3446 2858 3500 ciuitate
2879 3445 3139 3514 fugatum.
3179 3444 3288 3517 (66)
3315 3444 3458 3500 Idem
3509 3446 3676 3501 habet

2086 3540 2320 3610 scriptor
2359 3538 2495 3595 Vita:
2517 3536 2576 3594 S.
2600 3538 2875 3594 Pachomii
2904 3538 3038 3611 (67),
3073 3548 3127 3594 et
3153 3539 3380 3610 epistola
3407 3538 3671 3610 synodica

2089 3767 2350 3837 synodus,
2377 3775 2488 3837 tum
2515 3780 2582 3820 ex
2614 3765 2784 3835 ipsius
2815 3761 3079 3837 Origenis
3101 3765 3325 3835 epistola
3356 3767 3424 3821 ad
3464 3768 3674 3824 amicos

2091 3835 2353 3907 quosdam
2378 3835 2801 3901 Alexandrinos,
2820 3835 3177 3907 ubir’queritur
3197 3837 3339 3907 quod
3363 3837 3670 3895 adversarii

2092 3907 2198 3971 sui,
2227 3921 2292 3962 ac
2320 3906 2563 3962 haeretici
2591 3906 2844 3976 quidam,
2880 3906 3076 3974 aliique
3117 3906 3355 3961 nonnulli
3397 3907 3674 3963 Ecclesias

2092 3978 2421 4032 conturbare
2434 3977 2697 4040 volentes,
2720 3977 2886 4031 libros
2909 3990 3035 4031 suos
3062 3977 3489 4033 adulterassent.
3514 3976 3674 4034 Hanc

2087 4048 2250 4101 etiam
2321 4056 2546 4117 propter
2599 4048 3249 4117 dogmatumrnovitatem
3300 4058 3355 4102 et
3415 4050 3669 4104 haeresim

2087 4116 2402 4171 damnatum
2431 4116 2598 4172 fuisse
2620 4117 2875 4171 dicebant
2898 4116 3017 4187 ejus
3049 4118 3251 4172 inimici
3288 4126 3448 4173 aetate
3468 4118 3669 4174 Hiero-

2088 4189 2232 4257 nymi
2259 4228 2275 4259 ,
2304 4187 2760 4259 quemadmodum
2808 4187 2923 4259 ipse
2955 4197 3182 4243 teslatur
3223 4189 3588 4259 Hieronymus
3618 4193 3670 4244 in

2089 4256 2315 4327 epistola
2345 4258 2574 4325 quadam
2604 4258 2669 4311 ad
2697 4256 2942 4321 Paulam,
2972 4259 3125 4325 cujus
3157 4256 3479 4327 particulam
3509 4261 3670 4315 aﬂ'ert

2089 4326 2315 4383 Rufinus
2340 4328 2435 4382 lib.
2473 4344 2509 4381 lt
2558 4326 2806 4400 Invgniv.
2860 4326 3005 4381 Idem
3041 4326 3198 4400 docet
3238 4329 3463 4397 epistola
3497 4345 3670 4400 syno-

2088 4399 2206 4470 dica
2235 4402 2613 4470 episcoporum
2641 4397 2877 4470 Egypti
2895 4408 3057 4470 atque
3094 4399 3437 4470 Alexandria:
3459 4440 3475 4466 ,
3508 4397 3671 4470 cujus

404 4458 680 4539 Apologia;
709 4458 860 4539 opere
879 4463 1011 4539 _jam
1037 4458 1209 4539 ᾳηεεαί
1224 4458 1407 4532 [uisset
1437 4458 1760 4539 cbrnplexus,
1786 4479 1892 4523 etc.
1924 4468 1980 4522 Si
2015 4458 2060 4516 Ι)
2088 4458 2450 4539 fragmentum
2483 4458 3083 4539 adducitvlustinianus
3112 4470 3163 4522 in
3193 4469 3421 4538 epistola
3456 4458 3524 4525 ad
3557 4458 3667 4527 Kle-

405 4532 671 4600 praacipue
693 4533 761 4586 ob
786 4533 1106 4588 idololatria:
1137 4536 1342 4589 crimen
1364 4574 1380 4598 ,
1421 4544 1477 4588 ut
1520 4537 1790 4602 pertendit
1833 4539 1978 4593 flue-

405 4604 544 4665 tius,
572 4604 877 4678 sacerdotio
905 4615 960 4678 et
988 4604 1229 4678 Ecclesia
1249 4606 1539 4678 _abdicatus
1567 4605 1757 4661 fuisset
1791 4607 1979 4678 Orige-

404 4686 522 4733 nes.
550 4674 1053 4748 _minime_profecto
1083 4674 1209 4729 facti
1249 4674 1412 4743 hujus
1442 4678 1810 4748 narrationem
1844 4674 1981 4748 prae-

406 4744 727 4819 tet'_ntisiss_ttt
761 4744 1066 4819 Eusebius.
1117 4748 1372 4819 Attamen
1411 4761 1498 4819 _ne
1546 4747 1709 4801 ullum
1759 4744 1978 4819 quidem

407 4813 629 4888 hujusce
655 4812 839 4888 flagitii
876 4816 1095 4868 verbum
1124 4816 1174 4868 in
1204 4816 1458 4885 Apologia
1480 4832 1575 4871 sua
1610 4812 1806 4874 fecisse
1831 4820 1981 4874 vide-

406 4892 510 4933 tnr.
551 4881 684 4935 Illud
713 4881 853 4935 enim
880 4927 893 4949 ,
928 4888 968 4937 si
1004 4881 1483 4940 commemorasset
1507 4927 1522 4948 ,
1557 4898 1707 4943 certe
1753 4889 1977 4945 Photius

401 4953 645 5024 qnigeod.
671 4953 795 5015 118,
813 4968 879 5024 ex
904 4955 1016 5024 ipsa
1052 4956 1137 5009 illa
1164 4955 1418 5024 Apologia
1447 4956 1611 5011 refert
1636 4963 1776 5014 unde
1803 4965 1980 5016 omnis

403 5022 457 5075 in
490 5021 776 5103 Origenem
803 5039 833 5076 a
866 5021 1139 5080 liétnetrio
1168 5021 1402 5080 eXcitata
1451 5026 1621 5083 fuerit
1660 5040 1975 5099 tempestas,

402 5107 506 5146 non
533 5104 823 5149 mutatsset.

471 5163 583 5237 (62)
612 5163 741 5226 Quae
774 5182 805 5219 α
836 5165 1052 5220 Pelavio
1078 5167 1281 5220 erudite
1322 5168 1596 5237 confutata
1643 5170 1799 5225 habes
1825 5214 1838 5237 ,
1867 5181 1973 5228 etc.

401 5234 637 5307 Levibus
687 5237 977 5307 admodum
1023 5240 1356 5307 argumentis
1400 5234 1685 5295 veritatem
1739 5234 1978 5296 historiae

401 5305 643 5385 vindicat
687 5304 980 5362 Petavius:
1025 5304 1147 5377 qua:
1187 5309 1232 5362 si
1275 5324 1397 5362 cum
1457 5312 1660 5366 nostris
1702 5313 1973 5379 conferas,

401 5385 656 5433 Continuo
686 5386 867 5430 ruunt.

472 5447 584 5513 (65)
615 5444 768 5498 Fidei
794 5448 1372 5524 quoqueinlegritatent
1412 5451 1466 5503 in
1506 5452 1653 5524 fibris
1688 5451 1972 5524 plerisque,

399 5536 462 5570 ac
500 5533 558 5570 eo
600 5522 887 5592 artesertim
925 5520 1014 5592 qui
1063 5529 1135 5571 est
1175 5523 1248 5573 De
1287 5523 1601 5590 principiis,
1642 5530 1705 5577 ab
1752 5520 1976 5592 Origene

405 5598 649 5642 .wtatnm
680 5587 733 5638 id
767 5588 1012 5659 temporis
1054 5601 1389 5659 conquestum
1436 5587 1602 5658 fuisse
1653 5587 1974 5648 Demetrium

399 5666 803 5710 consentaneum
831 5668 927 5711 est.
962 5657 1089 5728 Illud
1130 5657 1345 5728 quidem
1379 5657 1571 5717 eruere
1612 5665 1735 5719 licet
1768 5676 1878 5718 tum
1908 5682 1968 5717 ex

402 5729 468 5794 gis
515 5741 635 5796 qua:
686 5728 944 5784 adversus
1001 5726 1288 5799 Origenem
1338 5732 1577 5790 decrevit
1630 5739 1970 5792 Detnetriana

2084 4537 2233 4608 nam,
2259 4542 2401 4608 quod
2431 4537 2592 4607 paulo
2623 4538 2761 4591 infra
2790 4539 3010 4592 exhibet
3041 4537 3285 4595 fluetius.

2151 4607 2473 4678 (64)’Severi
2505 4624 2692 4663 nomen
2724 4608 2865 4663 Decii
2892 4611 3119 4676 nomine,
3143 4620 3249 4665 etc.
3274 4610 3664 4669 Verumtamen

2083 4677 2417 4751 Epiphanius
2449 4679 2541 4733 lib.
2575 4679 2648 4751 De
2672 4681 2903 4751 pond._et
2927 4695 3113 4743 utens,
3154 4696 3287 4751 pag:
3311 4678 3435 4745 m,
3464 4681 3663 4751 Orige-

2085 4766 2204 4820 nem
2232 4752 2299 4805 ab
2332 4749 2849 4820 imperatorisDecii
2883 4758 3145 4816 tempore,
3163 4752 3229 4803 ad
3253 4750 3465 4805 Gallum
3493 4749 3666 4820 usque

2082 4830 2136 4874 et
2165 4818 2539 4890 Volusianum,
2571 4829 2625 4873 et
2651 4818 2789 4873 ultra
2815 4820 3064 4873 floruisse
3088 4822 3297 4875 scribit.
3333 4821 3429 4875 Ubi
3461 4818 3662 4890 dmilex

2081 4904 2257 4956 error,
2287 4905 2411 4962 cum
2448 4888 2644 4962 Decius
2678 4905 2774 4958 pro
2807 4893 3006 4962 Severo
3047 4891 3285 4962 ponitur,
3318 4892 3379 4945 et'
3409 4888 3664 4962 Origenis

2081 4975 2229 5033 mors
2277 4961 2417 5014 ultra
2463 4960 2753 5028 imperium
2793 4959 2928 5033 Galli
2966 4970 3022 5014 et
3066 4960 3338 5033 Volusiani
3391 4959 3660 5033 rejicitur.

2082 5030 2233 5096 Quod
2264 5042 2582 5099 argumento
2609 5039 2692 5083 est
2732 5045 2835 5083 non
2882 5031 3208 5098 imprudenti
3260 5030 3479 5087 Decium
3516 5036 3661 5090 irre-

2081 5102 2255 5169 psisse
2283 5116 2381 5171 pro
2417 5099 2640 5164 Severo,
2668 5102 2760 5154 sed
2805 5102 2878 5155 ita
2925 5103 3220 5172 credidisse
3267 5102 3659 5172 Epiphanium,

2081 5172 2327 5243 adeoque
2344 5172 2527 5243 rudem
2544 5181 2597 5225 et
2619 5174 2965 5243 peregrinum
2990 5173 3040 5226 in
3056 5171 3307 5243 Origenis
3324 5171 3429 5227 vita
3453 5174 3657 5230 fuisse:

2080 5239 2386 5310 quodinf’ra
2415 5239 2630 5295 fatetur
2648 5242 2761 5309 ipse
2784 5239 3028 5299 ﬂuetins.

2151 5312 2262 5384 (65)
2313 5313 2444 5435 Α1ιπ.
2485 5311 2657 5369 Scult.
2708 5313 2762 5365 in
2794 5310 3015 5365 Medulf.
3048 5313 3206 5368 theol.
3250 5312 3508 5381 Patrum,
3561 5317 3655 5374 lib.

2151 5398 2310 5435 .cao.
2386 5421 2399 5435 .

2078 5398 2153 5447 vr,
2189 5398 2310 5447 cap.
2347 5398 2399 5435 ι.

2150 5399 2440 5525 (ἐῶρὶίῗέγη
2472 5452 2628 5525 habet
2662 5454 2887 5525 scriptor
2937 5449 3068 5506 Viue
3114 5452 3175 5509 S.
3209 5452 3508 5509 Pachomii.
3546 5457 3649 5511 Ob-

2078 5521 2279 5577 servari
2312 5524 2471 5577 velim
2501 5526 2550 5575 in
2590 5522 2707 5575 Vita
2725 5521 2784 5578 S.
2828 5521 3098 5577 Pachomii
3126 5542 3154 5578 a
3186 5526 3441 5581 Bollando
3468 5527 3657 5581 Latine

2078 5596 2217 5647 edita
2248 5594 2314 5647 H
2341 5593 2484 5657 Maii,
2518 5592 2755 5647 lleraclte
2782 5595 3111 5649 mentionem
3142 5612 3246 5649 non
3281 5612 3419 5651 esse.

2149 5665 2260 5734 (67)
2298 5663 2396 5719 Vit.
2428 5663 2591 5739 Puch.
2619 5663 2709 5717 lib.
2746 5680 2782 5739 ε,
2810 5679 2862 5733 p.
2893 5665 2997 5719 123
3012 5666 3165 5733 Bol|.,
3198 5684 3286 5723 xiv
3317 5666 3464 5733 Mat,
3497 5667 3655 5739 μη

2078 5733 2282 5792 Cum-.1.
2316 5747 2443 5791 tom.
2479 5734 2538 5800 γ,
2571 5750 2691 5805 pag.
2726 5736 2851 5790 0'60.

3822 4809 3825 4871 4

3824 4930 3825 5025 ι

3823 5040 3825 5147 l
