3870 6220
282 283 390 339 669

1346 287 1922 349 ORIGENIANORUM
1963 291 2091 348 LIB.
2133 294 2175 359 I,
2212 293 2365 349 CAP.
2407 291 2473 350 II.

3428 292 3533 348 670

280 398 656 467 episcoporum
674 398 915 471 Egypti,
940 401 1094 471 cujus
1128 404 1493 475 fragmentum
1518 409 1675 466 affert
1699 412 1863 467 Justi-
1894 418 1937 473 Λ
1965 413 2278 482 gnationem
2310 428 2338 467 a
2367 413 2642 469 Demetrio
2676 413 2888 470 litteras
2916 415 3117 484 scripta
3142 429 3204 469 ea
3238 427 3398 483 quam
3424 413 3533 467 dixi

282 490 481 544 nianus
514 490 565 544 in
595 493 823 559 epistola
846 496 915 548 ad
940 494 1172 550 Menam.
1198 497 1372 553 Verba
1407 502 1520 556 hate
1550 515 1700 557 sunt:
1735 506 1858 577 Ἀρ.

280 578 513 651 ξαμένου
534 581 643 653 γὰρ
659 584 822 636 αὑτοῦ
842 584 1191 658 βλασφήμους
1217 590 1431 661 ὁμιλίας
1448 595 1674 664 ὁμιλεῖν,
1693 598 1721 649 ὁ
1736 600 1857 649 κατ’

277 672 456 725 ἐκεῖνο
491 676 796 749 μακαρίτης
832 678 1104 748 Ἠρακλᾶς
1152 683 1180 733 ὁ
1214 683 1526 751 ἐπίσκοπος,
1554 687 1628 750 ὡς
1652 689 1855 761 ἀροτὴρ

278 767 375 819 καὶ
402 767 782 853 ᾁμπελουργὸς
814 771 1112 843 φιλαλήθης
1138 774 1232 826 τοῦ
1261 777 1359 844 τῆς
1396 778 1724 849 Ἐκκλησίας
1746 800 1854 853 χω-

280 848 721 929 ρίου’τυγχάνων,
748 862 811 914 ἐκ
843 862 1009 931 μέσου
1046 864 1139 917 τοῦ
1174 866 1339 920 καλοῦ
1373 869 1515 923 σίτου
1549 872 1733 926 τοῦτον
1770 873 1856 941 ἐξ-

277 947 500 1014 έτιλεν,.
516 952 591 1016 ὡς
623 953 718 1006 τοῦ
748 954 984 1025 πονηροῦ
1020 954 1256 1019 ζιζανέου
1290 961 1416 1014 ὄντα
1452 963 1683 1035 ἀληθῶς.
1724 966 1856 1021 Cum

276 1043 415 1095 enim
442 1043 628 1112 impias
658 1049 922 1101 orationes
963 1049 1155 1104 habere
1187 1056 1441 1120 coepisset.
1467 1056 1632 1111 beata:
1660 1076 1856 1114 memo-

275 1132 374 1186 ria:
413 1132 673 1191 Heraclas
714 1141 1003 1209 episcopus,
1047 1146 1137 1209 qui
1174 1157 1299 1200 tunc
1327 1149 1571 1216 ﬂorebat,
1600 1160 1853 1219 tanquam

275 1235 461 1279 arator
497 1237 547 1282 et
568 1231 761 1284 vinitor
794 1235 1027 1289 veritatis
1056 1238 1324 1292 studiosus
1351 1240 1692 1295 ecclesiastici
1715 1246 1851 1312 agri,

276 1334 392 1371 eum
426 1337 452 1374 e
477 1322 648 1375 medio
680 1325 913 1392 pulchra
936 1330 1140 1396 segetis,
1190 1331 1266 1383 sic
1308 1343 1557 1403 tanquam
1592 1352 1709 1389 vere
1735 1353 1852 1389 ma-

275 1411 383 1464 lam
408 1414 670 1469 zizaniam
696 1418 886 1473 evellit.
912 1418 1118 1486 Quibus
1142 1422 1245 1477 alia
1275 1439 1438 1478 causa
1473 1441 1573 1481 cur
1598 1428 1852 1496 expulsus

276 1505 440 1559 fuerit
464 1505 723 1576 Origenes
750 1523 948 1580 praeter
976 1514 1286 1583 superiores
1328 1516 1574 1571 affertur.
1611 1518 1721 1590 (68)
1759 1520 1852 1573 Est

273 1598 450 1653 simile
480 1602 755 1671 quidpiam
799 1607 939 1675 apud
986 1605 1206 1662 Petrum
1262 1608 1689 1664 Alexandrinum
1731 1612 1844 1680 epi-

271 1706 493 1762 scopum
543 1697 595 1750 in
644 1695 1008 1769 Mystagogia,
1046 1699 1201 1768 cujus
1259 1702 1583 1768 particulam
1636 1718 1849 1773 quoque

1963 510 2030 560 ad
2061 508 2265 562 amicos
2304 508 2566 575 quosdam
2607 522 2735 561 suos
2764 507 3147 561 Alexandriam
3197 506 3422 576 epistola
3452 506 3536 558 ln-

1959 599 2203 654 culenter
2237 601 2557 655 confutavit.
2596 601 2651 655 In
2691 615 2795 669 qua
2834 600 3046 655 etiamsi
3072 600 3372 654 maledictis
3404 600 3530 653 abs-

1959 691 2131 745 tinere
2178 707 2237 747 se
2286 692 2425 747 velle
2466 692 2723 756 declarat,
2795 707 2988 761 aspere
3043 701 3222 746 tamen
3252 701 3305 746 et
3333 690 3533 746 acerbe

1959 782 2313 849 Demetrium,
2348 786 2504 853 eique
2548 785 2947 839 consentientes
2992 786 3275 839 adversum
3318 799 3376 838 se
3419 782 3531 850 epi-

1958 886 2152 942 scopos
2202 874 2538 943 perstringit,
2590 880 2644 926 et
2691 872 2891 925 illatam
2925 872 3023 927 sibi
3081 871 3527 939 injuriam,.inlli-

1958 979 2181 1037 ctosque
2214 967 2701 1021 anathematismos
2739 964 2955 1019 refellit.
2990 963 3100 1018 Nec
3128 965 3305 1017 minus
3328 964 3397 1019 ob
3430 963 3528 1018 De-

1961 1058 2141 1111 metrii
2195 1056 2415 1111 decreta
2452 1065 2506 1110 et
2551 1055 2951 1109 Alexandrinas
2984 1054 3220 1123 synodos
3275 1052 3529 1107 ecclesia.-

1957 1148 2112 1201 sticis
2148 1146 2349 1200 muniis
2380 1146 2665 1200 defunctus
2702 1153 2817 1209 est;
2851 1144 3083 1199 docebat
3126 1142 3361 1212 publice,
3396 1151 3449 1197 et
3472 1142 3526 1195 in

1953 1239 2180 1293 ecclesia
2241 1239 2307 1292 de
2367 1240 2531 1292 rebus
2578 1239 2753 1293 sacris
2796 1238 2864 1291 ad
2904 1237 3156 1306 populum
3189 1237 3522 1299 disserebat;

1954 1340 2116 1399 atque
2143 1330 2259 1384 haec
2293 1344 2397 1384 non
2429 1329 2781 1384 Cmsariensis
2811 1328 3049 1396 episcopi
3082 1328 3261 1392 modo,
3288 1337 3341 1381 et
3373 1326 3531 1382 Jero«

1954 1422 2265 1492 solymitani
2307 1422 2599 1491 permissu,
2637 1421 2730 1475 sed
2757 1421 2911 1487 jussu
2948 1420 3144 1485 etiam;
3176 1420 3266 1488 qui
3296 1420 3361 1473 ad
3384 1419 3527 1473 hunc

1955 1529 2116 1570 unum
2148 1514 2445 1584 Scriptura:
2477 1528 2648 1567 sacra:
2680 1511 3099 1579 interpretandte
3131 1526 3327 1565 munus
3371 1513 3525 1564 detn-

1951 1605 2154 1659 lerunt.
2189 1605 2323 1660 Cum
2360 1606 2502 1660 enim
2544 1608 2595 1659 iu
2645 1607 2763 1675 ejus
2807 1622 2968 1661 causa
3005 1607 3169 1660 variae
3219 1615 3400 1660 essent
3436 1620 3526 1659 va-

1954 1698 2161 1752 riorum
2194 1698 2499 1761 sententize,
2527 1699 2767 1767 duasque
2797 1700 2941 1752 velut
2972 1699 3025 1752 in
3056 1708 3238 1768 partes
3274 1701 3523 1752 universa

270 1789 465 1840 recitat
496 1785 830 1846 Justinianns
865 1794 915 1845 in
950 1794 1136 1847 eadem
1161 1794 1384 1862 epistola
1412 1809 1427 1847 :
1475 1796 1539 1848 Τί
1583 1770 1663 1848 δὲή
1687 1770 1845 1861 area,
1881 1770 1924 1825 Β
1953 1788 2177 1843 abiisset
2199 1788 2444 1843 Ecclesia
2466 1829 2480 1852 ,
2508 1788 2737 1844 infensis
2767 1789 2993 1859 reliquis
3026 1788 3383 1857 patrocinium
3410 1788 3525 1855 ejus

272 1879 482 1947 inquit,
537 1881 810 1953 Ἡρακλᾶν
850 1886 943 1938 καὶ
1001 1887 1313 1958 Δημήτριον
1363 1888 1489 1952 τοὺς
1546 1890 1848 1960 μακαρίους

268 1971 600 2036 ἐπισκόπους
632 1991 645 2039 ;
693 1976 838 2039 οἴους
871 1980 1210 2048 πειρασμοὺς
1258 1979 1571 2051 ὑπέστησαν
1619 1980 1724 2034 ὑπὸ
1753 1979 1846 2035 τοῦ

273 2060 533 2134 μανέντας
577 2066 903 2135 Ὠριγένους,
946 2070 1037 2122 καὶ
1068 2069 1231 2122 αὐτοῦ
1263 2071 1537 2141 σχίσματα
1562 2071 1847 2142 βάλλοντος

268 2160 328 2211 ὲν
342 2161 408 2229 τῇ
428 2160 743 2234 Ἐκκλησία,
774 2163 841 2216 τὰ
866 2163 970 2227 ἓως
1000 2165 1240 2235 σήμερον
1269 2166 1514 2236 ταραχὰς
1542 2167 1677 2239 αὐτῇ
1705 2168 1848 2237 ἐγεί-

272 2266 471 2318 ρανταο
515 2250 654 2316 Quid
695 2263 873 2306 autent
917 2254 1089 2308 dicam
1120 2254 1407 2309 Heraelam
1449 2267 1496 2311 et
1526 2257 1848 2312 Demetrium

267 2340 447 2394 beatos
481 2344 750 2411 episcopos
789 2344 814 2397 ?
845 2344 1041 2411 Quales
1073 2348 1383 2402 tentationes
1415 2349 1479 2401 ab
1502 2350 1693 2403 insano
1723 2348 1849 2402 Ori-

266 2447 395 2501 gene
410 2434 554 2497 passi
573 2444 715 2498 sunt,
731 2446 907 2489 cumet
931 2437 1151 2491 dissidia
1176 2447 1365 2492 sereret
1384 2439 1436 2491 in
1458 2436 1711 2502 Ecclesia,
1730 2456 1847 2508 quae

267 2524 339 2576 ad
367 2525 502 2578 hanc
532 2542 692 2596 usque
721 2528 856 2581 diem
897 2528 1074 2579 turbas
1104 2527 1159 2581 in
1202 2544 1262 2581 ea
1302 2528 1597 2581 excitarunt
1625 2528 1651 2579 .’
1683 2528 1845 2582 Deni-

266 2632 373 2687 que
394 2617 675 2684 Eusebius,
704 2628 763 2673 ut
792 2621 905 2689 jam
940 2635 969 2673 a
997 2636 1082 2674 me
1112 2628 1355 2674 notatum
1385 2627 1488 2683 est,
1510 2620 1562 2672 in
1587 2617 1844 2673 Chronico

267 2711 558 2781 Origenem
586 2712 863 2767 exsulasse
894 2714 1045 2783 ﬁngit
1071 2752 1086 2778 ,
1118 2713 1335 2768 biennio
1394 2722 1679 2782 postquam
1724 2713 1842 2780 epi-

266 2822 466 2875 scopus
519 2816 735 2861 creatus
774 2817 859 2862 est
916 2807 1191 2862 Ileraclas.
1236 2806 1346 2877 (69)
1373 2807 1555 2861 Facile
1598 2806 1843 2876 equidem

264 2899 519 2954 existimo
552 2899 806 2954 Demetrii
843 2900 1105 2953 adversus
1145 2897 1431 2968 Origenem
1465 2901 1684 2954 decreto
1715 2900 1846 2954 asti-

265 2991 507 3059 pulatum
552 2990 718 3045 fuisse
765 2988 1045 3044 Heraclam
1089 2990 1270 3043 adhuc
1320 2989 1737 3061 presbyterum,
1792 2999 1845 3045 et

267 3081 428 3137 simul
462 3090 520 3136 ut
564 3083 935 3153 episcopatum
985 3081 1209 3150 adeptus
1248 3089 1331 3135 est
1357 3121 1370 3145 ,
1414 3081 1715 3136 decessoris
1763 3082 1841 3135 sui
1871 3121 1913 3179 ϐ

267 3177 622 3233 confirmasse
664 3176 922 3239 edictum,
952 3184 1006 3228 et
1046 3175 1335 3243 quominus
1374 3176 1757 3230 restitueretur
1790 3178 1841 3230 in

266 3268 539 3336 integrum
566 3264 828 3333 Origenes
868 3264 1249 3333 impedivisse:
1284 3266 1359 3317 ait
1391 3265 1588 3333 quippe
1618 3263 1843 3319 Photius

264 3359 390 3415 cod.
427 3357 569 3421 118,
616 3358 795 3411 edicto
831 3355 1089 3409 Demetrii
1139 3355 1528 3423 subscripsisse
1575 3366 1842 3425 quotquot

265 3451 369 3519 ipsi
389 3449 609 3520 Origeni
636 3458 795 3503 antea
819 3447 1099 3517 suﬂ‘ragati
1128 3446 1365 3501 fuerant.
1396 3447 1591 3501 Verum
1622 3462 1841 3516 persua-

264 3541 380 3595 deri
418 3556 523 3594 uon
554 3553 769 3608 possum
804 3537 913 3605 jam
952 3547 1062 3591 tum
1091 3538 1289 3597 obiissc
1337 3538 1687 3602 Demetrium,
1718 3554 1838 3592 cum

264 3630 596 3687 Alexandria
632 3629 875 3699 dejectus
899 3638 983 3683 est
1009 3628 1288 3699 Origenes,
1324 3640 1377 3684 et
1403 3645 1502 3684 cur
1533 3631 1843 3699 expellere-

266 3734 358 3777 tur
385 3731 661 3776 auctorem
708 3719 878 3775 I'uisse
921 3720 1203 3775 Heraclam
1228 3761 1243 3785 ,
1282 3730 1472 3775 contra
1517 3720 1839 3776 Eusebiantn

265 3813 523 3868 Historia:
556 3813 1021 3876 testificationem,
1055 3822 1111 3866 ct
1151 3810 1462 3881 Hieronymi
1492 3812 1616 3866 libr.
1650 3827 1684 3867 ιι
1718 3814 1835 3866 adv.

263 3906 445 3976 Rufin.
473 3948 489 3973 ,
520 3921 639 3975 cap.
680 3906 712 3959 5
739 3946 754 3971 ,
806 3915 861 3961 et
910 3906 1079 3975 ipsius
1128 3904 1290 3959 etiam
1334 3906 1584 3975 Origenis
1610 3949 1623 3973 ,
1657 3907 1745 3975 qui
1786 3908 1837 3959 iu

262 3999 487 4069 epistola
515 4000 580 4053 ad
606 3999 809 4053 amicos
830 3997 1231 4052 Alexandrinos
1251 4007 1375 4066 post
1396 3997 1649 4052 exsilium
1671 3998 1839 4066 ipsius

262 4094 467 4161 scripta
491 4131 507 4156 ,
538 4093 867 4146 Demetrium
903 4092 1150 4161 aliosque
1193 4091 1482 4145 adversum
1514 4108 1572 4146 se
1604 4106 1837 4146 consen-

263 4186 464 4239 tientes
489 4184 787 4239 ulciscitur.

339 4276 479 4332 XVI.
515 4277 629 4348 (70)
668 4277 958 4347 Postquam
1012 4292 1079 4331 ex
1130 4275 1235 4331 hoc
1268 4276 1494 4331 tumultu
1532 4277 1836 4333 Caesaream

260 4386 385 4425 sese
410 4372 612 4439 recepit
640 4369 922 4439 Origenes,
948 4370 1104 4424 fama:
1124 4386 1234 4425 suae
1263 4380 1339 4425 tot
1360 4370 1649 4425 calumniis
1670 4386 1839 4440 appe-

261 4466 376 4518 tita:
404 4464 696 4532 consuluit,
730 4474 785 4518 et
838 4464 1134 4519 submissas
1193 4466 1246 4519 in
1287 4465 1520 4519 nominis
1550 4465 1632 4520 sui
1663 4479 1835 4534 oppu-

1949 1897 2012 1937 ac
2074 1882 2438 1937 defensionem
2498 1883 2828 1948 Palzestina,
2888 1881 3161 1937 Phoenicia
3224 1890 3280 1936 et
3323 1881 3521 1935 Arabia

1950 1982 2308 2042 susceperunt
2338 1991 2352 2027 :
2377 1989 2607 2043 quarum
2638 1976 2965 2043 auctoritate
2986 1975 3155 2028 fretus
3189 1988 3308 2028 sese
3341 1988 3523 2027 sacer-

1948 2065 2095 2119 dotio
2136 2082 2199 2120 ac
2236 2066 2497 2121 Ecclesia!
2557 2066 2946 2121 communione
2985 2066 3253 2121 excidisse
3302 2065 3524 2118 minime

1950 2166 2104 2211 ratus
2138 2167 2244 2222 est,
2269 2167 2322 2212 et
2352 2158 2495 2212 inter
2518 2171 2612 2212 eas
2646 2158 2874 2226 gradum
2909 2173 3069 2215 suum
3105 2172 3167 2212 ac
3200 2156 3521 2226 dignitatem

1948 2248 2198 2304 obtinuit.

2023 2338 2186 2397 XVII.
2216 2338 2611 2411 Jerosolymam
2643 2353 2861 2411 quoque
2907 2340 3096 2395 iisdem
3134 2339 3354 2395 circiter
3387 2351 3521 2393 tem-

1950 2434 2169 2500 poribus
2207 2432 2358 2495 adiit,
2392 2434 2594 2487 Christi
2641 2430 3123 2501 apostolorumque
3180 2434 3398 2486 visurus
3430 2446 3521 2485 ve-

1948 2524 2129 2594 stigia.
2167 2524 2281 2596 (71)
2306 2525 2378 2580 lbi
2415 2526 2763 2580 vehementer
2784 2524 2853 2579 ab
2881 2539 2946 2578 eo
2984 2524 3139 2593 petiit
3175 2526 3520 2579 sacerdotum

1948 2616 2232 2687 collegium
2261 2617 2396 2687 (72),
2429 2627 2489 2671 ut
2533 2618 2585 2671 in
2620 2617 2851 2671 ecclesia
2899 2615 3060 2670 verba
3097 2615 3337 2681 faceret;
3374 2630 3522 2669 cum-

1948 2721 2052 2779 que
2081 2708 2188 2761 vim
2233 2712 2298 2763 ad
2331 2710 2729 2777 impetrandum
2763 2707 3149 2776 propemodum
3194 2707 3521 2762 adhiberent

1948 2802 2041 2870 qui
2079 2810 2352 2871 przeerant
2402 2802 2596 2868 sacris,
2629 2816 2921 2870 assurgens
2962 2803 3054 2858 ille
3079 2812 3356 2870 assumpto
3382 2801 3522 2853 libro

1949 2894 2089 2948 unde
2140 2893 2241 2947 sibi
2288 2903 2661 2962 argumentum
2712 2894 2989 2966 deligeret,
3028 2897 3078 2950 iu
3132 2895 3276 2957 hunc
3323 2893 3522 2964 epsal-

1949 3001 2036 3039 mo
2067 3001 2219 3047 XLIX,
2270 3000 2483 3040 versum
2530 2986 2672 3041 forte
2732 2987 2922 3041 incidit
2965 3008 2978 3042 :
3018 2987 3290 3042 Peccatori
3344 2996 3520 3040 autent

1948 3077 2083 3131 dixit
2122 3077 2262 3132 Deus
2289 3095 2305 3132 :
2331 3078 2508 3142 Quare
2534 3088 2591 3131 tu
2616 3094 2837 3132 enarras
2858 3080 3103 3149 justitias
3134 3095 3298 3141 meas,
3332 3086 3382 3131 et
3425 3094 3521 3131 as.

1945 3171 2109 3223 sumis
2140 3179 2512 3224 testamentum
2543 3186 2715 3224 meum
2765 3187 2857 3239 per
2902 3188 2960 3225 os
3008 3172 3201 3224 tuum?
3227 3171 3342 3236 Quo
3382 3171 3520 3224 reci-

1946 3272 2080 3327 tato,
2112 3264 2271 3331 quasi
2307 3278 2403 3317 sua
2436 3264 2539 3317 sibi
2590 3278 2618 3317 a
2666 3264 2776 3318 Deo
2804 3264 3026 3332 perfidia
3073 3264 3518 3332 exprobraretur,

1944 3356 1996 3407 in
2031 3363 2209 3408 tantos
2241 3355 2419 3409 luctus
2466 3354 2678 3419 incidit,
2709 3364 2766 3408 ut
2800 3355 3108 3409 astantibus
3139 3354 3405 3408 universis
3443 3354 3519 3405 la-

1943 3460 2157 3517 crymas
2184 3456 2481 3501 excuteret.
2525 3446 2659 3500 Cum
2695 3462 2826 3501 vero
2864 3461 2923 3501 se
2972 3446 3263 3515 aliquando
3291 3444 3517 3510 Christi,

1943 3537 2425 3608 apostolornmque
2448 3539 2813 3607 perlustrasse
2845 3540 3070 3610 vestigia
3102 3538 3515 3608 significaverit,

1945 3640 2076 3683 tom.
2114 3646 2163 3684 VI
2214 3632 2271 3685 in
2326 3631 2516 3695 Joan.,
2548 3647 2694 3686 num.
2729 3630 2822 3696 24,
2859 3647 2983 3701 pag.
3020 3631 3148 3695 MO,
3184 3632 3269 3685 bis
3312 3641 3518 3700 tempo-

1942 3725 2095 3780 ribus
2122 3726 2172 3779 id
2199 3724 2361 3779 tribui
2385 3740 2543 3796 posse
2571 3740 2877 3781 censemus.
2904 3726 3028 3782 Inde
3053 3741 3183 3781 vero
3214 3741 3319 3781 non
3348 3725 3517 3781 multo

1940 3827 2062 3889 post
2089 3818 2364 3888 digressus
2383 3827 2487 3872 est.

2010 3911 2196 3966 XVIII.
2234 3911 2436 3967 Scribit
2466 3910 2802 3982 Epiphanius
2837 3910 2968 3967 bzrr.
2998 3911 3090 3979 64,
3126 3928 3244 3983 cap.
3273 3913 3327 3981 5,
3356 3922 3411 3968 et
3439 3913 3518 3968 De

1937 4005 2099 4074 pond.
2133 4015 2179 4059 et
2217 4022 2405 4071 mens.,
2445 4020 2574 4074 cap.
2611 4005 2699 4069 18,
2732 4003 2935 4075 Tyrum
2970 4007 3306 4060 concessisse
3341 4006 3515 4075 ipsum

1940 4107 2064 4165 post
2107 4096 2624 4166 Jerosolytnitannm
2655 4097 2776 4159 iter,
2807 4106 2975 4165 atque
3019 4098 3093 4151 ibi
3123 4112 3217 4166 per
3248 4111 3516 4150 annorum

1939 4200 2063 4245 octo
2093 4199 2146 4243 et
2180 4189 2372 4258 viginti
2417 4190 2707 4243 decursum
2762 4188 2814 4240 in
2879 4188 3320 4257 interpretandis,
3365 4188 3515 4255 juxta

1939 4281 2211 4336 Ambrosii
2264 4280 2560 4350 postulata,
2613 4278 2915 4348 Scripturis
2957 4281 3126 4334 Otium
3168 4296 3333 4333 suum
3381 4296 3516 4334 con-

1941 4374 2261 4445 sumpsisse.
2300 4373 2542 4427 Dicerem
2601 4384 2918 4443 corruptum
2972 4389 3001 4425 a
3049 4372 3292 4427 librariis
3341 4388 3519 4426 nume-

1942 4478 2083 4529 rum,
2118 4464 2219 4518 nisi
2257 4463 2466 4519 duobus
2500 4463 2639 4529 apud
2666 4461 3028 4531 Epiphanium
3056 4460 3191 4516 locis
3226 4461 3519 4515 haberetur

330 4695 442 4765 (68)
471 4694 786 4759 Combefis.,
813 4694 927 4747 Act.
957 4693 1018 4747 V.
1056 4694 1197 4749 Petr.
1232 4710 1282 4764 p.
1306 4694 1450 4762 ‘205;
1484 4693 1685 4748 Coucil.
1708 4703 1838 4748 tom.
1873 4689 1918 4744 D
1950 4691 2281 4765 Demetriani
2310 4692 2522 4747 concilii
2560 4692 2699 4765 actis
2722 4692 3141 4765 subscripsisse.
3155 4690 3314 4747 Certe
3329 4694 3516 4749 nullibi

258 4764 327 4820 ν.
344 4764 479 4820 Ἡρα.
514 4765 639 4820 652.

379 4783 479 4817 la".
514 4783 639 4820 002.

310 4783 458 4906 ,(iitl‘),
486 4834 670 4887 Facile
716 4836 953 4903 equidem
1008 4835 1250 4888 existimo
1309 4836 1556 4889 Demetrii
1591 4835 1840 4906 adversus

264 4905 546 4975 Origenem
584 4906 792 4959 decreto
834 4906 1179 4971 astipulatum
1209 4906 1372 4973 fuisse
1400 4905 1707 4968 llerarlam,
1733 4916 1839 4958 etc.

258 4978 315 5030 Id
352 4986 409 5029 ut
437 4979 683 5029 crederet
714 4976 938 5029 lluetius
966 4976 1229 5029 adductus
1270 4985 1353 5029 est
1400 4976 1537 5027 male
1571 4975 1843 5030 intellecto

258 5048 363 5099 hoc
397 5044 574 5099 Photii
610 5046 726 5098 loco
759 5048 881 5100 cod.
917 5046 1017 5099 118
1046 5065 1058 5099 :
1104 5046 1227 5099 Ἀλλ
1258 5047 1351 5114 ὅγε
1382 5046 1690 5115 Δημήτριος
1725 5046 1840 5115 ἅμα

257 5118 401 5169 τισὶν
462 5116 779 5179 ἐπισκόποις
832 5116 1179 5183 Αἰγυπτίοις,
1234 5117 1329 5170 καὶ
1385 5114 1481 5186 τῆς
1528 5114 1841 5186 ἱερωσύνης

258 5185 595 5257 ἀπεκήρυξε,
626 5186 1153 5256 συνυπογραψάντων
1185 5188 1387 5257 καὶμτῇ
1436 5185 1706 5254 ἀποφάσει
1733 5187 1840 5238 τῶν

262 5255 774 5328 συμψῆφωνῂαὺτῷ
810 5255 1213 5328 γελιένημένωνι
1285 5255 1475 5310 Verum
1543 5258 1837 5309 Demetrius

262 5345 371 5379 una
403 5344 519 5379 cum
563 5327 784 5396 Αἴθρη)ιί
817 5327 1072 5395 episcopis
1111 5328 1339 5394 aliquot,
1378 5327 1672 5379 sacerdotio
1715 5343 1841 5395 quo.

261 5415 362 5466 que
409 5400 561 5450 illum
609 5400 881 5466 abjudicat
909 5438 923 5460 ,
963 5396 1406 5451 subscribentibus
1456 5396 1617 5447 etiam
1665 5399 1834 5450 edicto

261 5469 410 5530 huic,
438 5480 684 5536 quotquot
723 5480 875 5522 antea
902 5469 1190 5537 su/fragati
1217 5467 1264 5520 ei
1301 5466 1629 5537 fuissenttln
1664 5482 1728 5519 eo
1774 5482 1833 5520 se

263 5535 666 5607 decipipassus
704 5549 806 5601 est,
836 5535 991 5606 quod
1028 5535 1213 5591 vocem
1267 5536 1415 5607 αὑτῴ
1446 5537 1510 5587 ad
1541 5535 1830 5607 Origenem

261 5604 493 5671 deferat,
516 5625 637 5662 cum
668 5612 732 5661 ad
768 5604 1093 5662 Demetrium
1124 5604 1402 5662 referenda
1432 5607 1523 5660 sit.
1546 5604 1655 5658 Hoc
1687 5608 1830 5659 enim

262 5694 428 5729 untttn
485 5681 559 5732 ait
618 5680 861 5740 I’ltolius,
910 5687 1173 5747 quotquot
1227 5679 1421 5746 prioris
1471 5676 1827 5729 Demetrianze

262 5749 450 5817 synodi
506 5751 725 5806 dccrcto
766 5750 1224 5818 subscripserunt,
1258 5748 1472 5803 eosdem
1511 5748 1825 5816 posterioris

1951 4764 2090 4827 apud
2147 4762 2527 4834 Hieronymum
2577 4762 2802 4834 legimus
2850 4762 3177 4834 aballeraela
3227 4765 3516 4834 quidquam

1951 4842 2135 4886 contra
2168 4832 2460 4902 Origenem
2494 4832 2673 4888 actum
2708 4832 2889 4886 fuisse.
2920 4832 3114 4899 Ecquis
3141 4834 3283 4886 enim
3321 4832 3518 4888 iit—cre-

1950 4903 2042 4956 dat
2072 4904 2137 4956 de
2167 4901 2417 4965 Heracla,
2447 4920 2609 4973 quem
2662 4902 2925 4971 Origenes
2983 4918 3077 4970 per
3131 4905 3344 4969 triginta
3409 4907 3520 4959 fere

1951 4988 2124 5026 annos
2155 4974 2476 5042 discipulum
2511 4974 2772 5027 habuerat
2812 4991 2823 5026 :
2860 4974 2945 5028 cui
2980 4974 3308 5026 Alexandria
3352 4977 3522 5029 disce-

1952 5043 2084 5114 dens
2112 5046 2458 5097 catecbeticaz
2490 5045 2689 5098 scholae
2727 5060 2923 5098 munus
2972 5044 3208 5111 reliquit,
3245 5054 3298 5097 et
3327 5049 3415 5114 qui
3447 5047 3519 5098 si-

1952 5112 2225 5182 bimetipsi
2258 5115 2570 5184 subrogavit
2603 5114 2914 5184 Dionysium
2967 5114 3216 5183 Origenis
3251 5112 3414 5168 etiam
3439 5116 3521 5169 di-

1952 5185 2250 5239 sciendum?

1947 5196 2021 5236 BCI
2031 5196 2150 5237 DIIIU
2160 5200 2207 5237 111

2047 5254 2138 5324 70)
2178 5252 2462 5325 Postquam
2514 5270 2577 5307 ex
2634 5254 2730 5305 hoc
2794 5254 3019 5325 tumultu
3055 5254 3508 5316 Cmsaream,etc.

1948 5323 2250 5390 Qubdtoto
2306 5323 2358 5379 in
2428 5327 2592 5379 hocce
2646 5324 2872 5375 articulo
2917 5328 2993 5376 ait
3025 5325 3268 5385 Iluetius,
3300 5326 3518 5379 minimc

1946 5406 2095 5449 certe
2143 5397 2383 5450 cohaeret
2417 5412 2541 5449 cum
2573 5394 2825 5464 Origenis
2852 5394 3057 5465 ﬂagitio
3091 5407 3145 5448 et
3173 5396 3514 5463 paenitentia,

1944 5475 2000 5517 ut
2026 5465 2136 5534 jam
2170 5467 2425 5520 diximus.

2013 5532 2127 5605 (71)
2160 5534 2185 5587 I
2196 5535 2245 5588 bi
2275 5536 2599 5590 vehementer
2625 5536 2689 5588 ab
2721 5551 2778 5587 eo
2806 5536 2957 5603 petiit
2992 5534 3323 5589 sacerdotum
3355 5532 3516 5587 colle-

1939 5604 2238 5673 gium,etc.
2274 5605 2397 5660 Huic
2444 5622 2509 5660 ex
2561 5607 2749 5658 iisdem
2779 5608 3004 5672 impttris
3038 5607 3273 5659 fontibus
3301 5620 3363 5659 ac
3395 5604 3518 5659 Ori-

1944 5678 2095 5745 genis
2127 5675 2441 5730 idololatria:
2472 5679 2751 5729 historiam
2800 5677 2977 5732 hausit
3011 5674 3364 5746 Epiphanius.

2005 5745 2117 5816 (72)
2156 5747 2343 5817 Epiph.
2370 5750 2499 5803 liter.
2530 5748 2616 5810 61,
2658 5761 2772 5813 Cap.
2806 5746 2861 5800 ‘2.
