3870 6220
391 301 493 356 675
1664 289 1724 344 Ρ.
1767 288 1955 345 DANIE

2066 291 2085 347 5
2124 289 2361 350 HUETII
3545 295 3649 353 676

389 422 570 492 gorius
625 417 918 489 Nyssenus,
983 429 1217 482 eumque
1277 428 1343 467 ex
1400 411 1570 466 variis
1629 420 1681 466 et
1739 410 1965 465 incertis
1996 416 2044 473 Α
2074 413 2249 481 psisse
2277 428 2336 469 se
2366 414 2447 469 vel
2483 415 2749 471 recitasse
2807 417 3075 487 agnoscit,
3107 430 3284 485 neque
3325 430 3654 485 quemquam

388 514 729 569 ethnicorum
784 508 1232 579 philosophorum
1262 506 1329 557 de
1372 504 1481 559 Deo
1521 504 1807 558 sententiis
1854 503 1970 557 veri

390 604 482 657 Dei
522 601 768 654 notitiam
817 597 1063 652 hausisse
1106 596 1435 649 testiﬁcatur
1466 594 1518 647 in
1564 592 1685 646 Vita
1732 589 1973 662 Gregorii

390 691 800 759 T-haumaturgi,
834 704 960 759 pag.
993 688 1116 742 5'59.
1166 687 1361 741 Mirum
1396 702 1523 741 vero
1549 686 1835 755 scripsisse
1864 685 1971 740 Be-

388 786 512 841 dam
542 786 655 857 (79)
706 784 901 837 litteris
940 782 1223 835 institutos
1252 781 1318 834 ab
1370 776 1606 847 Origene
1649 776 1971 846 Gregorium

388 890 444 934 et
468 880 906 940 Athenodorum,
935 876 1239 943 imperante
1262 872 1541 927 Gordiano
1566 888 1580 922 :
1611 870 1808 924 mirum
1836 884 1973 939 quo-

388 986 495 1041 que
527 969 870 1026 existimasse
899 965 1280 1021 Casaubonum
1320 962 1459 1028 ('80),
1489 961 1970 1032 diligentissimum

387 1073 535 1118 certe
564 1062 760 1127 virum,
804 1074 900 1129 per
935 1072 1109 1111 annos
1152 1058 1302 1125 ipsos
1330 1065 1455 1109 octo
1496 1053 1721 1124 Origeni
1749 1069 1968 1123 operam

388 1155 601 1210 dedisse
625 1151 977 1220 Gregorium,
1011 1148 1098 1202 vel
1126 1149 1346 1218 spretis,
1382 1147 1468 1201 vel
1516 1146 1842 1202 inconsultis
1872 1147 1971 1201 Eu-

386 1247 540 1302 sebio
588 1255 643 1299 et
681 1243 1056 1311 Hieronymo,
1097 1242 1187 1309 qui
1233 1240 1661 1309 quinquennium
1710 1240 1973 1293 duntaxat

387 1336 691 1405 assignant.
734 1332 950 1388 Homini
988 1344 1186 1400 nempe
1228 1330 1386 1383 valde
1412 1330 1618 1399 alioqui
1669 1330 1970 1398 perspicaci

387 1428 642 1497 imposuit
673 1427 824 1481 locus
859 1425 961 1478 iste
986 1422 1234 1490 Gregorii
1267 1423 1439 1487 ipsius
1468 1422 1617 1493 (81):
1660 1420 1821 1473 Ἀλλὰ
1874 1420 1972 1473 καὶ

384 1517 650 1589 ὀκταὲτης
698 1533 784 1587 μοι
833 1515 1023 1586 χρόνος
1066 1506 1221 1577 οὗτος
1274 1512 1397 1583 ἢδη,
1432 1511 1492 1578 ἐξ
1537 1506 1600 1565 οὗ
1650 1510 1775 1564 οὔτε
1810 1509 1972 1573 αὐτὸς

385 1609 553 1665 εἰπών
573 1626 648 1675 τι,
681 1604 957 1677 ἦγράψας
987 1604 1144 1672 λόγον
1162 1604 1285 1657 τινὰ
1317 1600 1489 1671 μέγαν
1522 1600 1554 1670 ἢ
1589 1598 1803 1671 μικρὸν,
1836 1597 1971 1659 ὅλως

385 1702 668 1772 τυγχάνω·
705 1697 829 1752 οὔτε
868 1697 1029 1751 ἄλλου
1067 1695 1275 1767 ἢκουσά
1293 1711 1409 1758 του,
1448 1692 1555 1763 ἰδίᾳ
1584 1689 1969 1762 γράφοντος,ῆ

2075 506 2398 559 recitantem
2452 508 2693 570 audisse,
2725 519 3090 577 prteterquam
3142 506 3487 562 admirandos
3537 507 3659 559 illos

2073 594 2239 661 viros,
2282 611 2423 652 verae
2485 600 2846 671 philosOphiaa
2907 609 3200 665 amatores,
3255 598 3658 666 condiscipulos

2074 701 2268 756 nempe
2321 704 2470 753 suos,
2523 690 2777 761 Origenis
2828 692 3014 746 itidem
3074 690 3374 745 auditores.
3436 687 3659 740 Minime

2073 790 2206 830 vero
2233 792 2290 831 se
2315 777 2434 832 illos
2461 777 2705 834 dicentes
2726 795 2824 850 per
2846 780 3158 834 octennium
3191 776 3407 831 audisse
3442 774 3655 845 signiﬁ-

2074 878 2183 933 cat,
2210 870 2306 923 sed
2358 885 2463 924 non
2517 872 3047 941 alium'quemquam
3082 884 3177 940 per
3209 868 3521 924 octennium
3559 881 3660 919 au-

2077 960 2247 1014 disse.
2305 959 2513 1017 Scribit
2567 959 2909 1030 Nicephorus
2964 961 3106 1017 Hist.
3165 960 3261 1015 lib.
3312 974 3367 1025 v,
3404 973 3524 1027 cap.
3560 955 3657 1016 20,

2075 1048 2417 1121 Dionysium,
2479 1068 2605 1107 eum
2653 1052 2744 1121 qui
2813 1050 3058 1106 Heraclea
3104 1059 3157 1105 et
3186 1050 3239 1103 in
3296 1048 3478 1103 schola
3508 1057 3565 1101 et
3598 1047 3654 1099 iu

2073 1141 2385 1210 episcopatu
2411 1144 2783 1198 Alexandrino
2807 1157 3090 1198 successor
3119 1142 3242 1206 fuit,
3278 1141 3381 1194 hoc
3412 1150 3657 1206 tempore

2073 1232 2236 1287 etiam
2272 1234 2597 1292 Adamantio
2633 1246 2965 1307 praeceptore
2996 1250 3117 1289 esse
3170 1249 3345 1287 usum.
3383 1230 3657 1286 Eusebius

2074 1332 2245 1389 certe,
2273 1340 2434 1393 quem
2465 1343 2628 1380 unum
2684 1327 2774 1381 hic
2814 1326 3026 1381 videtur
3060 1334 3360 1379 assectatus
3387 1321 3654 1391 Nicepho-

2074 1431 2192 1483 rus,
2256 1418 2574 1490 Dionysium
2628 1420 2979 1474 Alexandriae
3044 1416 3296 1487 Origenis
3345 1416 3650 1469 auditorem

2074 1506 2243 1563 fuisse
2295 1511 2484 1576 docet;
2517 1511 2781 1566 Ca'sareai
2814 1525 2943 1565 vero
2977 1508 3144 1563 fuisse
3183 1507 3391 1573 itidem,
3423 1508 3475 1561 id
3520 1520 3654 1561 vero

2073 1601 2215 1667 apud
2250 1616 2374 1656 eum
2415 1618 2684 1673 nusquam
2718 1603 2979 1672 reperias.
3015 1605 3084 1656 At
3112 1617 3217 1655 non
3262 1600 3506 1655 docendo
3562 1614 3654 1655 so—

2076 1688 2204 1755 lum,
2220 1690 2311 1744 sed
2337 1692 2624 1746 scribendo
2647 1693 2809 1746 etiam
2832 1708 2928 1759 pro
2952 1706 3101 1746 more
3125 1705 3224 1745 suo
3247 1690 3459 1757 publice
3484 1689 3651 1759 prod-

384 1768 718 1861 λένοντος,ἥ
768 1790 862 1842 καὶ
908 1788 1145 1857 δημοσίᾳ
1184 1784 1595 1855 πανηγυρικοὺς
1634 1782 1826 1850 λόγους
1875 1780 1955 1833 κατ

2073 1793 2193 1835 esse
2261 1782 2315 1835 in
2364 1785 2465 1837 hoc
2511 1782 2833 1838 Caesariensi
2882 1798 3102 1838 secessu
3133 1782 3396 1850 Origenes
3445 1789 3657 1851 satage-

384 1882 775 1951 ἀγωνιστικοὺς
825 1878 1220 1949 παρεχομένου,
1265 1876 1345 1929 ὅτι
1378 1875 1452 1946 μὴ
1491 1874 1599 1927 τῶν
1649 1871 1967 1944 θαυμασίων

385 1976 592 2030 τούτων
632 1973 863 2046 ἀνδρῶν,
890 1971 998 2024 τῶν
1043 1970 1141 2042 τὴν
1169 1969 1337 2039 καλὴν
1369 1967 1687 2037 φιλοσοφίαν
1715 1968 1966 2019 ἀσπασα-

2075 1872 2168 1927 bat
2198 1892 2210 1927 :
2239 1873 2392 1929 Isaia:
2418 1876 2621 1944 quippe
2653 1888 2707 1929 et
2740 1875 3038 1932 Ezechielis
3067 1874 3323 1932 vaticinia
3342 1884 3467 1930 tunc
3494 1888 3652 1930 coru-

2075 1966 2357 2022 mentariis
2387 1966 2699 2023 illustravit.

397 2070 597 2138 μένων.
632 2069 715 2122 Ab
749 2076 873 2121 octo
919 2064 1080 2119 annis
1109 2076 1414 2117 sermonem
1458 2060 1665 2115 nullum
1702 2058 1787 2113 vel
1825 2057 1962 2113 scri-

1689 2317 2071 2409 CAPUT
2148 2318 2339 2408 III.

380 2508 423 2563 I.
450 2508 752 2563 Alexandro
810 2509 999 2565 Seuero
1039 2510 1270 2565 succedit
1320 2508 1668 2565 Maximinus.
1706 2509 1871 2565 Sexta
1922 2510 2232 2578 persecutio.
2283 2510 2346 2565 II.
2398 2507 2684 2578 Gregorius
2734 2520 2784 2564 et
2826 2510 3193 2566 Athenodorus
3243 2511 3653 2568 Neocmsaream

454 2589 731 2652 repetunt.
764 2578 1015 2652 Origenes
1065 2580 1362 2633 Caesaream
1387 2578 2257 2652 CappadociwﬁadFirmilianum
2291 2581 2546 2651 confugit,
2602 2582 2726 2652 latet
2768 2584 2909 2650 apud
2954 2582 3250 2652 lulianum.
3280 2582 3363 2636 III.
3402 2584 3651 2652 Ichapla

450 2650 682 2702 inchoat.
720 2651 808 2704 ιν.
845 2649 1038 2704 Scribit
1068 2652 1257 2721 librum
1291 2652 1364 2703 De
1415 2652 1698 2721 martyrio.
1736 2651 1798 2705 ν.
1836 2650 2168 2721 Maximinus
2214 2653 2370 2716 perit,
2394 2649 2645 2704 succedit
2684 2649 3006 2705 Gordianus.
3040 2650 3128 2705 Vl.
3161 2652 3410 2721 Origenes
3456 2649 3652 2707 iterum

451 2721 678 2773 Athenas
704 2721 1079 2789 proﬁciscitur,
1099 2720 1433 2774 Ambrosium
1454 2720 1618 2775 obiter
1644 2722 1757 2775 adit
1793 2720 2140 2783 Nicomediw,
2187 2722 2407 2774 Athenis
2440 2722 2657 2774 absolvit
2689 2722 3121 2776 Commentarios
3144 2720 3271 2775 suos
3298 2725 3350 2776 in
3379 2723 3651 2783 Joannem

450 2798 501 2843 et
526 2792 576 2842 in
605 2790 963 2853 Ezechielem,
985 2792 1118 2845 alios
1157 2789 1370 2843 inchoat
1411 2791 1467 2844 in
1513 2792 1793 2846 Canticum
1813 2791 2171 2846 canticorum.
2213 2792 2315 2845 VII.
2345 2790 2644 2845 Ctesnream
2677 2792 2941 2846 Stratonis
2984 2794 3184 2856 repetit,
3213 2793 3655 2849 Commentarios

452 2860 506 2934 i_n
547 2860 832 2915 Canticum
855 2861 1098 2923 absolvit,
1128 2859 1505 2934 Firmilianum
1531 2862 1820 2934 iterum__in
1853 2861 2207 2934 uisciplinam
2238 2864 2445 2933 recipit.
2476 2862 2606 2917 VIII.
2632 2866 2717 2934 ῥά
2749 2863 3152 2934 convincendum
3178 2863 3374 2934 Berylli
3400 2864 3651 2916 hmresim

452 2929 695 3002 Bostram
738 2934 1042 2995 accersitur,
1070 2935 1124 2984 in
1160 2929 1508 3002 Palmstinam
1535 2934 1688 2987 redit.
1721 2932 1812 2986 IX.
1840 2930 1961 3002 Obiit
1995 2928 2319 2995 Gordianus,
2343 2928 2574 2986 succedit
2621 2930 2919 2998 Philippus.
2966 2932 3035 2986 X.
3075 2931 3263 2986 Utrum
3283 2928 3343 2986 Va
3389 2934 3652 3002 Dionysio

449 3001 806 3054 Alexandrino
837 3012 1167 3069 oppugnatus
1200 3001 1359 3071 fuerit
1389 3001 1661 3071 Origenes.
1706 3002 1795 3057 XI.
1829 2999 2079 3068 Origenes
2108 3004 2453 3070 sexagenario
2495 3002 2670 3071 major
2708 3004 2889 3056 scribit
2914 3014 3099 3057 contra
3139 3003 3370 3067 Celsum,
3415 3006 3470 3056 in
3502 2999 3655 3056 Μαι-

450 3072 669 3141 thwum,
718 3080 769 3123 et
802 3071 1197 3141 inrduodecim,
1231 3069 1563 3139 Prophetas;
1613 3074 1737 3125 item
1777 3074 2082 3126 innumeras
2122 3069 2392 3136 epistolas.
2430 3072 2543 3126 XII.
2577 3069 2784 3126 rUtrum
2838 3071 3118 3141 Philippus
3155 3079 3444 3140 imperator
3484 3076 3653 3141 fuerit

447 3140 803 3212 Qhristianus.
848 3140 982 3195 XIII.
1014 3140 1279 3212 llomilias
1300 3158 1423 3195 suas
1455 3150 1566 3194 tum
1595 3141 2045 3212 primunt__ea:cipi
2080 3145 2285 3208 patitur
2307 3141 2585 3212 Origenes,
2616 3143 2742 3210 ﬁdei
2779 3160 2889 3197 sua:
2934 3140 3310 3211 professionem
3365 3140 3529 3196 mittit
3575 3148 3651 3197 ad

448 3208 977 3280 Fabianumﬂpapam
1022 3218 1071 3263 et
1123 3211 1258 3264 alios
1292 3208 1770 3280 episc0pos._XlV.
1833 3210 2061 3264 Vocatur
2118 3214 2188 3265 ad
2240 3208 2520 3268 concilium
2571 3208 2821 3268 adversus
2863 3208 3097 3269 Arabum
3136 3216 3417 3279 hteresim;
3464 3215 3654 3269 scribit

446 3284 691 3335 adversus
734 3279 1061 3335 Helcesaitas
1087 3297 1109 3347 ;
1147 3282 1441 3351 Appellitas
1465 3279 1741 3354 proﬂigat.

446 3504 490 3559 Ι.
529 3504 664 3559 Dum
708 3503 796 3557 his
831 3504 1096 3560 intentum
1117 3504 1361 3559 animum
1384 3503 1546 3560 habet
1572 3504 1955 3573 Adamantius,
1987 3511 2030 3569 C
2064 3521 2356 3578 aggressus
2401 3515 2505 3571 est,
2548 3521 2609 3560 ac
2677 3506 3017 3562 Christianos
3077 3507 3442 3577 potissimum.
3493 3505 3653 3575 Quos

374 3612 548 3654 caesus
581 3608 666 3653 est
694 3614 816 3651 cum
846 3597 1127 3652 Mammaea
1158 3607 1336 3653 matre
1360 3598 1670 3653 Alexander
1700 3598 1959 3663 Severus,

377 3698 500 3759 post
534 3689 975 3743 administratum
1008 3689 1168 3743 anuis
1194 3689 1456 3744 tredecim
1496 3689 1759 3759 singulari
1786 3691 1963 3745 conti-

376 3782 560 3834 nentia
588 3790 642 3833 et
671 3780 928 3850 aequitate
960 3781 1269 3849 imperium.
1312 3780 1546 3835 Sceleris
1574 3791 1762 3836 auctor
1789 3780 1958 3834 Maxi-

374 3873 579 3938 minus,
612 3874 773 3928 homo
796 3883 957 3944 gente
986 3890 1050 3927 ac
1086 3871 1325 3926 moribus
1355 3872 1640 3935 barbarus,
1668 3873 1721 3927 in
1739 3872 1955 3927 demor-

377 3966 454 4019 tui
505 3967 679 4020 locum
714 3966 980 4022 sull‘ectus
1008 3978 1116 4035 est,
1148 3966 1235 4021 cui
1273 3979 1373 4019 nec
1403 3964 1667 4021 obtulisse
1700 3974 1952 4031 mortem,

375 4068 432 4113 et
482 4059 535 4113 in
578 4058 697 4127 ejus
747 4060 1063 4129 dignitatem
1121 4058 1392 4113 involasse
1444 4066 1758 4121 contentus,
1808 4057 1951 4126 piam

376 4151 563 4218 optimi
595 4151 934 4221 imperatoris
954 4152 1234 4216 familiam,
1277 4162 1331 4208 et
1358 4164 1709 4221 quoscunque
1732 4148 1949 4215 charos,

375 4244 501 4297 dum
528 4257 673 4299 esset
703 4247 755 4298 in
794 4246 949 4311 vivis,
997 4246 1287 4311 habuerat,
1316 4244 1494 4299 ferino
1526 4243 1631 4297 ritu
1683 4243 1948 4297 devexare

375 4405 667 4477 medicina;
684 4406 921 4459 studiosa
945 4407 1195 4475 juventus
1232 4407 1547 4477 con/luebat,
1583 4406 1748 4462 fuisse
1771 4421 1959 4462 versa-

375 4484 511 4537 tum,
542 4492 605 4528 ac
640 4476 869 4546 demum
904 4479 1143 4531 omnibus
1174 4476 1445 4546 sapientia:
1491 4477 1792 4545 disciplinis
1824 4494 1947 4545 per-

373 4548 540 4623 cursis
569 4547 834 4623 incidisse_
855 4545 911 4598 in
942 4545 1320 4623 Firmilianum
1342 4550 1623 4623 quemdam
1664 4549 1966 4623 patricium.

374 4615 756 4681 Cappadocem,
788 4618 937 4685 eique
990 4619 1156 4671 animi
1187 4620 1267 4671 sui
1302 4615 1580 4671 consilium
1619 4635 1679 4671 ac
1713 4621 1834 4670 vita:
1860 4619 1945 4669 in-

371 4686 646 4758 stitutum,
699 4695 755 4739 ut
793 4690 1000 4758 amico,
1048 4688 1396 4756 patefecisse,
1450 4689 1587 4758 quod
1638 4687 1836 4742 scilicet
1875 4689 1944 4740 ad

375 4754 541 4808 Deum
598 4756 820 4809 intentos
850 4755 965 4823 jam
1000 4754 1207 4811 haberet
1255 4759 1442 4811 mentis
1462 4754 1655 4811 'oculos
1679 4775 1697 4812 :
1725 4772 1946 4827 cumque

2066 3617 2185 3656 cum
2210 3594 2331 3657 esse
2375 3602 2569 3657 fuisset
2595 3619 2786 3673 passus
2816 3604 3149 3668 Alexander,
3192 3605 3435 3660 funditus
3462 3607 3652 3661 delere

2062 3694 2388 3749 Maximinus
2425 3696 2654 3764 optavit.
2693 3694 2897 3750 Bellum
2937 3708 3091 3752 atrox
3146 3697 3327 3765 itaque
3380 3697 3651 3754 Ecclesia:

2064 3783 2313 3850 infertur,
2360 3785 2715 3855 neglectoque
2756 3783 3188 3841 Christianorum
3233 3787 3412 3856 vulgo,
3458 3802 3652 3843 sacer-

2064 3877 2218 3931 dotes
2249 3877 2412 3930 morti
2464 3892 2529 3931 ac
2574 3878 2839 3948 supplicio
2879 3879 3245 3946 destinantur,
3276 3891 3334 3935 ut
3372 3882 3648 3936 detractis

2060 3969 2328 4023 columnis
2363 3968 2632 4025 labefacta
2661 3973 2804 4026 aedes
2831 3982 3131 4030 corrueret.
3162 3971 3237 4038 Id,
3264 3973 3345 4027 vel
3369 3974 3438 4027 ob
3472 3989 3645 4027 unum

2059 4062 2297 4115 maxime
2327 4061 2641 4129 Origenem,
2676 4062 2889 4117 consilii
2913 4063 3083 4119 fuisse
3116 4074 3430 4133 susceptum
3469 4067 3647 4120 refert

2059 4149 2287 4205 Orosius
2318 4151 2412 4207 lib.
2444 4167 2539 4218 vn,
2576 4168 2697 4224 cap.
2734 4154 2836 4218 19;
2893 4166 2950 4209 et
2985 4166 3104 4225 post
3137 4172 3259 4209 eum
3314 4156 3457 4211 Beda
3498 4158 3644 4227 (εἰ),

2059 4242 2396 4313 Freculplms
2436 4242 2635 4301 Chron.
2682 4255 2812 4300 tom.
2841 4246 2905 4308 ll,
2935 4247 3030 4302 lib.
3066 4262 3146 4313 ιιι,
3176 4262 3225 4301 e.
3266 4247 3322 4315 2,
3352 4257 3408 4301 et
3436 4247 3644 4303 Maria-

2069 4408 2196 4461 tiam
2241 4420 2624 4480 _amoremque
2691 4408 2993 4480 instillavit.
3049 4408 3276 4463 Videtur
3332 4408 3641 4480 Nyssenus,

2065 4494 2185 4549 cum
2228 4477 2566 4549 Gregorium
2587 4478 2791 4548 legeret
2815 4479 2983 4534 fuisse
3009 4480 3259 4549 Origenis
3281 4477 3639 4549 discipulum,

2059 4548 2203 4601 hunc
2230 4546 2360 4601 vero
2404 4546 2753 4602 Alexandria:
2776 4549 3048 4617 docuisse,
3084 4546 3437 4605 existimasse
3469 4554 3644 4608 isthic

2058 4620 2113 4689 in
2151 4618 2406 4687 Origenis
2458 4633 2589 4689 eum
2635 4619 2893 4675 transisse
2937 4621 3296 4689 disciplinam.
3350 4619 3552 4677 Verum
3589 4626 3641 4681 si

2054 4688 2438 4760 Alexandriam
2464 4687 2525 4740 iit
2554 4687 2870 4759 Gregorius,
2900 4687 3185 4760 probabile
3230 4701 3317 4744 est
3347 4693 3639 4760 (quoniam

2054 4758 2127 4812 ibi
2165 4758 2556 4833 philosophica
2587 4758 2762 4813 studia
2796 4758 3061 4816 tractasse
3105 4761 3327 4833 dicitur)
3376 4758 3641 4833 Origenis

373 4828 522 4905 paria
553 4827 731 4878 animo
759 4816 1601 4905 agilare.consilia-cognovisset,
1635 4828 1818 4881 relicto
1844 4816 1949 4880 om-
1981 4816 2025 4872 Ι)
2053 4816 2280 4905 consilio
2327 4816 2453 4905 illuc
2476 4829 2764 4905 “Ctesarea
2812 4833 2956 4885 circa
2988 4848 3188 4885 annum
3220 4816 3331 4905 255:
3356 4816 3641 4899 quocteni:

376 4896 428 4946 ni
456 4908 685 4948 externa:
716 4896 1059 4963 philosophia:
1106 4896 1330 4959 studio,'
1356 4899 1635 4951 accessisse
1677 4915 1782 4951 una
1826 4915 1945 4953 cum

374 4965 468 5037 illo
505 4972 570 5017 att
598 4982 715 5037 eum
738 4967 826 5034 qui
871 4968 979 5037 illo,
1006 4982 1233 5036 tempore
1263 4969 1682 5022 Christianorum
1707 4969 1943 5037 philoso-

373 5036 509 5108 phiw
525 5036 761 5103 princeps
787 5048 920 5101 erat,
948 5036 1225 5108 Origenem
1255 5039 1512 5103 videlicet,
1540 5036 1713 5107 cujus,
1738 5050 1946 5106 prapter

372 5107 593 5171 scripta,
626 5107 771 5175 fama
819 5107 1059 5162 celebris,
1086 5122 1221 5162 erat.
1273 5110 1327 5162 lu
1382 5125 1446 5164 ea
1480 5120 1660 5163 autem
1694 5111 1945 5165 oratione

372 5192 531 5240 quam
560 5176 807 5249 Caesarea
841 5180 1117 5249 rediturus
1146 5182 1199 5232 in
1236 5181 1469 5248 patriam
1506 5181 1571 5232 ad
1606 5180 1781 5249 ipsum
1820 5178 1942 5234 Ori-

371 5261 559 5319 geaem
621 5248 809 5302 habuit
861 5246 1186 5319 Gregorius,
1223 5246 1328 5303 non
1388 5250 1567 5303 innuit
1605 5246 1664 5303 se
1704 5250 1943 5319 Athenis

370 5317 669 5383 habitasse,
693 5320 788 5373 sed
817 5317 1105 5372 admodum
1154 5320 1555 5373 adolescentem
1610 5320 1661 5371 in
1700 5318 1941 5373 Palaesti-

371 5402 494 5438 nam
523 5390 819 5457 profectum
853 5404 975 5442 cum
996 5404 1182 5443 sorore
1201 5405 1320 5457 quae
1337 5394 1401 5442 ad
1442 5390 1616 5443 virum
1636 5388 1936 5446 Palaestinae

371 5460 613 5523 praesidis
670 5474 1000 5513 assessorem
1052 5461 1324 5515 tendebat.
1359 5461 1565 5514 lndicat
1613 5461 1806 5514 deinde
1855 5478 1935 5525 se,

370 5528 564 5599 Beryto
598 5533 891 5598 praeterita.
924 5539 1065 5583 recta
1122 5532 1335 5584 venisse
1380 5531 1704 5593 Cassaream,
1754 5531 1939 5599 ibique

370 5599 421 5650 in
454 5598 739 5669 Origenem
768 5599 1045 5661 incidisse,
1077 5602 1166 5669 qui
1196 5601 1242 5654 ci
1273 5604 1469 5655 deinde
1494 5611 1548 5654 et
1583 5617 1688 5654 una
1730 5598 1939 5656 sciliCct

370 5669 525 5722 fratri
559 5681 748 5724 auctor
779 5672 879 5723 fuit
914 5681 967 5723 ut
992 5671 1345 5739 philosophia:
1374 5674 1567 5724 darent
1595 5686 1837 5739 operam,
1874 5688 1939 5727 ac

367 5742 568 5794 sensim
603 5740 812 5796 illorqu
848 5742 1044 5796 animis
1086 5743 1409 5813 Christianae
1466 5743 1741 5813 religionis
1785 5747 1929 5799 noti-

2056 4913 2184 4962 pore
2216 4898 2430 4953 furebat
2475 4897 2754 4953 Maximini
2788 4905 3112 4968 persecutio,
3142 4917 3265 4955 cum
3306 4897 3477 4957 fratre
3503 4919 3638 4960 eum

2053 4983 2175 5043 esse
2200 4969 2522 5043 profectum,
2554 4982 2609 5043 ut
2638 4982 2919 5041 perSpecta
2950 4974 3022 5026 ibi
3050 4972 3487 5027 Christianorum
3514 4978 3642 5043 phi-

2052 5039 2403 5109 losophorum
2462 5041 2745 5109 disciplina
2768 5039 2780 5041 ’
2802 5053 2855 5096 et
2906 5054 3092 5097 sancta
3124 5044 3249 5095 vitae
3301 5039 3539 5105 ratione,
3573 5047 3636 5099 in

2053 5111 2417 5181 suscipiendae
2454 5113 2579 5164 lidei
2626 5112 2897 5167 desiderio
2940 5115 3099 5168 ambo
3128 5114 3637 5181 conﬁrmarentur;

2053 5180 2285 5249 indeque
2340 5197 2443 5234 una
2488 5196 2609 5235 cum
2666 5195 2858 5237 sancto
2903 5182 3239 5249 Firmiliauo,
3280 5180 3637 5250 postmodum

2051 5250 2315 5323 Caesareae
2372 5254 2425 5304 iu
2460 5251 2800 5321 Cappadocia
2851 5256 3129 5323 episc0po,
3168 5255 3221 5307 in
3283 5254 3638 5321 Palaestinam

2051 5323 2118 5394 ad
2146 5322 2430 5394 Origeuetn
2467 5323 2611 5394 eirea
2644 5339 2840 5378 artuum
2886 5322 3018 5389 7257,
3046 5322 3137 5380 vel
3180 5323 3311 5389 238,
3353 5339 3640 5394 reversos,

2042 5392 2313 5459 baptismo
2342 5408 2463 5447 esse
2495 5393 2711 5447 tinctos.

2116 5461 2226 5530 (79)
2264 5462 2426 5528 Beda,
2450 5462 2522 5515 De
2545 5479 2635 5517 sex
2660 5474 2801 5518 aztat.
2835 5467 3041 5528 mundi,
3069 5467 3120 5519 in
3147 5466 3445 5522 Gordiano.

2117 5532 2228 5601 (80)
2264 5533 2502 5587 Casaub.
2538 5535 2589 5587 in
2648 5533 2780 5592 Not.
2822 5539 2891 5589 ad
2936 5554 3121 5606 paneg.
3168 5536 3386 5607 Gregor.
3440 5535 3636 5594 Thau-

2046 5614 2173 5655 mat.

2140 5674 2231 5747 8i)
2260 5672 2683 5747 Gregs’l‘haum.
2724 5677 2777 5730 in
2810 5674 3036 5747 Paneg..
3071 5693 3125 5730 η.
3162 5677 3214 5731 1.

2140 5680 2231 5733 δι)
2263 5680 2425 5741 Greg.
2454 5680 2683 5729 'l'haum.
2724 5680 2777 5730 in
2810 5680 3036 5747 Paneg..
3071 5693 3125 5730 η.
3162 5680 3214 5731 1.

2118 5680 2229 5815 is?)
2258 5745 2395 5801 Beda
2430 5745 2503 5799 De
2529 5762 2620 5799 sea:
2654 5750 2879 5815 wtatib.,
2914 5751 2965 5803 in
2993 5748 3311 5805 Maximino.
