  <div class='ocr_page' id='page_1' title='image "/cluster/home/n/w/nwhite01/storage/ocr_20150623/17/nnc1.0046978615/348.png"; bbox 0 0 3870 6220; ppageno 0'>
   <div class='ocr_carea' id='block_1_1' title="bbox 224 290 332 348">
    <p class='ocr_par' dir='ltr' id='par_1_1' title="bbox 224 290 332 348">
     <span class='ocr_line' id='line_1_1' title="bbox 224 290 332 348; baseline -0.019 0"><span class='ocrx_word' id='word_1_1' title='bbox 224 290 332 348; x_wconf 71' lang='lat'><strong>6&#39;17</strong></span> 
     </span>
    </p>
   </div>
   <div class='ocr_carea' id='block_1_2' title="bbox 1286 287 2415 356">
    <p class='ocr_par' dir='ltr' id='par_1_2' title="bbox 1286 287 2415 356">
     <span class='ocr_line' id='line_1_2' title="bbox 1286 287 2415 356; baseline 0.002 -13"><span class='ocrx_word' id='word_1_2' title='bbox 1286 287 1860 345; x_wconf 81' lang='lat' dir='ltr'><strong>ORIGENIANORUM</strong></span> <span class='ocrx_word' id='word_1_3' title='bbox 1895 287 2088 356; x_wconf 66' lang='lat' dir='ltr'><strong>LIBJ,</strong></span> <span class='ocrx_word' id='word_1_4' title='bbox 2127 290 2278 348; x_wconf 85' lang='lat' dir='ltr'><strong>CAP.</strong></span> <span class='ocrx_word' id='word_1_5' title='bbox 2326 289 2415 345; x_wconf 92' lang='grc'><strong>111.</strong></span> 
     </span>
    </p>
   </div>
   <div class='ocr_carea' id='block_1_3' title="bbox 3387 290 3493 348">
    <p class='ocr_par' dir='ltr' id='par_1_3' title="bbox 3387 290 3493 348">
     <span class='ocr_line' id='line_1_3' title="bbox 3387 290 3493 348; baseline 0 -1"><span class='ocrx_word' id='word_1_6' title='bbox 3387 290 3493 348; x_wconf 83' lang='lat'><strong>678</strong></span> 
     </span>
    </p>
   </div>
   <div class='ocr_carea' id='block_1_4' title="bbox 224 407 3492 480">
    <p class='ocr_par' dir='ltr' id='par_1_4' title="bbox 224 407 3492 480">
     <span class='ocr_line' id='line_1_4' title="bbox 224 407 3492 480; baseline 0 -16"><span class='ocrx_word' id='word_1_7' title='bbox 224 426 327 465; x_wconf 83' lang='lat' dir='ltr'><strong>nus</strong></span> <span class='ocrx_word' id='word_1_8' title='bbox 377 411 575 466; x_wconf 88' lang='lat' dir='ltr'><strong>Scotus</strong></span> <span class='ocrx_word' id='word_1_9' title='bbox 620 410 684 464; x_wconf 90' lang='lat' dir='ltr'><strong>ad</strong></span> <span class='ocrx_word' id='word_1_10' title='bbox 730 425 821 465; x_wconf 87' lang='lat' dir='ltr'><strong>an.</strong></span> <span class='ocrx_word' id='word_1_11' title='bbox 873 410 1076 466; x_wconf 92' lang='lat' dir='ltr'><strong>Christi</strong></span> <span class='ocrx_word' id='word_1_12' title='bbox 1122 407 1247 464; x_wconf 73' lang='grc'><strong>259.</strong></span> <span class='ocrx_word' id='word_1_13' title='bbox 1302 409 1534 474; x_wconf 83' lang='lat' dir='ltr'><strong>idcirco.</strong></span> <span class='ocrx_word' id='word_1_14' title='bbox 1592 412 1810 480; x_wconf 87' lang='lat' dir='ltr'><strong>opinor,</strong></span> <span class='ocrx_word' id='word_1_15' title='bbox 1843 420 1887 471; x_wconf 83' lang='grc' dir='ltr'>Α</span> <span class='ocrx_word' id='word_1_16' title='bbox 1916 410 2200 465; x_wconf 85' lang='lat' dir='ltr'><strong>succisivis</strong></span> <span class='ocrx_word' id='word_1_17' title='bbox 2236 411 2388 466; x_wconf 92' lang='lat' dir='ltr'><strong>horis</strong></span> <span class='ocrx_word' id='word_1_18' title='bbox 2419 411 2567 464; x_wconf 91' lang='lat' dir='ltr'><strong>varia</strong></span> <span class='ocrx_word' id='word_1_19' title='bbox 2595 410 2771 479; x_wconf 87' lang='lat' dir='ltr'><strong>ipsum</strong></span> <span class='ocrx_word' id='word_1_20' title='bbox 2804 410 3141 479; x_wconf 78' lang='lat' dir='ltr'><strong>exemplaria</strong></span> <span class='ocrx_word' id='word_1_21' title='bbox 3170 410 3330 467; x_wconf 86' lang='lat' dir='ltr'><strong>simul</strong></span> <span class='ocrx_word' id='word_1_22' title='bbox 3363 426 3492 465; x_wconf 75' lang='lat' dir='ltr'><strong>cou-</strong></span> 
     </span>
    </p>
   </div>
   <div class='ocr_carea' id='block_1_5' title="bbox 222 503 1799 574">
    <p class='ocr_par' dir='ltr' id='par_1_5' title="bbox 222 503 1799 574">
     <span class='ocr_line' id='line_1_5' title="bbox 222 503 1799 574; baseline 0.004 -20"><span class='ocrx_word' id='word_1_23' title='bbox 222 504 365 572; x_wconf 84' lang='lat' dir='ltr'><strong>quod</strong></span> <span class='ocrx_word' id='word_1_24' title='bbox 398 503 554 571; x_wconf 87' lang='lat' dir='ltr'><strong>hujus</strong></span> <span class='ocrx_word' id='word_1_25' title='bbox 586 503 857 574; x_wconf 83' lang='lat' dir='ltr'><strong>pracipue</strong></span> <span class='ocrx_word' id='word_1_26' title='bbox 892 503 1116 571; x_wconf 84' lang='lat' dir='ltr'><strong>pietate,</strong></span> <span class='ocrx_word' id='word_1_27' title='bbox 1149 503 1387 572; x_wconf 89' lang='lat' dir='ltr'><strong>scriptis,</strong></span> <span class='ocrx_word' id='word_1_28' title='bbox 1426 504 1799 569; x_wconf 90' lang='lat' dir='ltr'><strong>concionibus,</strong></span> 
     </span>
    </p>
   </div>
   <div class='ocr_carea' id='block_1_6' title="bbox 222 595 1803 668">
    <p class='ocr_par' dir='ltr' id='par_1_6' title="bbox 222 595 1803 668">
     <span class='ocr_line' id='line_1_6' title="bbox 222 595 1803 668; baseline 0.003 -17"><span class='ocrx_word' id='word_1_29' title='bbox 222 607 277 651; x_wconf 91' lang='lat' dir='ltr'><strong>et</strong></span> <span class='ocrx_word' id='word_1_30' title='bbox 335 596 586 666; x_wconf 67' lang='lat' dir='ltr'><strong>uemplo</strong></span> <span class='ocrx_word' id='word_1_31' title='bbox 625 595 935 651; x_wconf 88' lang='lat' dir='ltr'><strong>Christiana</strong></span> <span class='ocrx_word' id='word_1_32' title='bbox 982 598 1114 652; x_wconf 84' lang='lat' dir='ltr'><strong>fides</strong></span> <span class='ocrx_word' id='word_1_33' title='bbox 1171 613 1427 668; x_wconf 83' lang='lat' dir='ltr'><strong>magnum</strong></span> <span class='ocrx_word' id='word_1_34' title='bbox 1458 598 1570 668; x_wconf 90' lang='lat' dir='ltr'><strong>jam</strong></span> <span class='ocrx_word' id='word_1_35' title='bbox 1622 600 1803 656; x_wconf 88' lang='lat' dir='ltr'><strong>incre-</strong></span> 
     </span>
    </p>
   </div>
   <div class='ocr_carea' id='block_1_7' title="bbox 221 689 1673 759">
    <p class='ocr_par' dir='ltr' id='par_1_7' title="bbox 221 689 1673 759">
     <span class='ocr_line' id='line_1_7' title="bbox 221 689 1673 759; baseline 0.003 -17"><span class='ocrx_word' id='word_1_36' title='bbox 221 697 464 742; x_wconf 81' lang='lat' dir='ltr'><strong>mentum</strong></span> <span class='ocrx_word' id='word_1_37' title='bbox 491 689 815 758; x_wconf 91' lang='lat' dir='ltr'><strong>accepisset,</strong></span> <span class='ocrx_word' id='word_1_38' title='bbox 845 699 900 744; x_wconf 91' lang='lat' dir='ltr'><strong>et</strong></span> <span class='ocrx_word' id='word_1_39' title='bbox 921 704 1087 758; x_wconf 90' lang='lat' dir='ltr'><strong>porro</strong></span> <span class='ocrx_word' id='word_1_40' title='bbox 1116 701 1345 759; x_wconf 89' lang='lat' dir='ltr'><strong>captura</strong></span> <span class='ocrx_word' id='word_1_41' title='bbox 1375 692 1673 747; x_wconf 76' lang='lat' dir='ltr'><strong>videretur.</strong></span> 
     </span>
    </p>
   </div>
   <div class='ocr_carea' id='block_1_8' title="bbox 290 778 1798 856">
    <p class='ocr_par' dir='ltr' id='par_1_8' title="bbox 290 778 1798 856">
     <span class='ocr_line' id='line_1_8' title="bbox 290 778 1798 856; baseline 0.005 -22"><span class='ocrx_word' id='word_1_42' title='bbox 290 778 354 835; x_wconf 89' lang='grc'><strong>11.</strong></span> <span class='ocrx_word' id='word_1_43' title='bbox 380 781 654 852; x_wconf 90' lang='lat' dir='ltr'><strong>lngruenti</strong></span> <span class='ocrx_word' id='word_1_44' title='bbox 690 782 932 850; x_wconf 88' lang='lat' dir='ltr'><strong>periculo</strong></span> <span class='ocrx_word' id='word_1_45' title='bbox 963 781 1083 853; x_wconf 89' lang='lat' dir='ltr'><strong>fuga</strong></span> <span class='ocrx_word' id='word_1_46' title='bbox 1116 798 1176 839; x_wconf 92' lang='lat' dir='ltr'><strong>se</strong></span> <span class='ocrx_word' id='word_1_47' title='bbox 1206 784 1465 839; x_wconf 84' lang='lat' dir='ltr'><strong>subduxit</strong></span> <span class='ocrx_word' id='word_1_48' title='bbox 1510 785 1798 856; x_wconf 79' lang='lat' dir='ltr'><strong>Origenes.</strong></span> 
     </span>
    </p>
   </div>
   <div class='ocr_carea' id='block_1_9' title="bbox 220 872 1798 947">
    <p class='ocr_par' dir='ltr' id='par_1_9' title="bbox 220 872 1798 947">
     <span class='ocr_line' id='line_1_9' title="bbox 220 872 1798 947; baseline 0 -15"><span class='ocrx_word' id='word_1_49' title='bbox 220 872 335 947; x_wconf 76' lang='lat'><strong>(83)</strong></span> <span class='ocrx_word' id='word_1_50' title='bbox 363 889 486 929; x_wconf 92' lang='lat' dir='ltr'><strong>cum</strong></span> <span class='ocrx_word' id='word_1_51' title='bbox 544 875 708 945; x_wconf 89' lang='lat' dir='ltr'><strong>paulo</strong></span> <span class='ocrx_word' id='word_1_52' title='bbox 755 885 882 929; x_wconf 91' lang='lat' dir='ltr'><strong>ante</strong></span> <span class='ocrx_word' id='word_1_53' title='bbox 916 874 1259 945; x_wconf 84' lang='lat' dir='ltr'><strong>Gregorium,</strong></span> <span class='ocrx_word' id='word_1_54' title='bbox 1292 887 1350 931; x_wconf 87' lang='lat' dir='ltr'><strong>et</strong></span> <span class='ocrx_word' id='word_1_55' title='bbox 1388 877 1798 934; x_wconf 83' lang='lat' dir='ltr'><strong>Athenodorum</strong></span> 
     </span>
    </p>
   </div>
   <div class='ocr_carea' id='block_1_10' title="bbox 218 966 1797 1037">
    <p class='ocr_par' dir='ltr' id='par_1_10' title="bbox 218 966 1797 1037">
     <span class='ocr_line' id='line_1_10' title="bbox 218 966 1797 1037; baseline 0.002 -17"><span class='ocrx_word' id='word_1_56' title='bbox 218 974 342 1035; x_wconf 89' lang='lat' dir='ltr'><strong>post</strong></span> <span class='ocrx_word' id='word_1_57' title='bbox 368 974 593 1021; x_wconf 87' lang='lat' dir='ltr'><strong>exactos</strong></span> <span class='ocrx_word' id='word_1_58' title='bbox 629 966 685 1020; x_wconf 90' lang='lat' dir='ltr'><strong>in</strong></span> <span class='ocrx_word' id='word_1_59' title='bbox 741 966 997 1023; x_wconf 79' lang='lat' dir='ltr'><strong>exhedris</strong></span> <span class='ocrx_word' id='word_1_60' title='bbox 1049 967 1165 1021; x_wconf 89' lang='lat' dir='ltr'><strong>suis</strong></span> <span class='ocrx_word' id='word_1_61' title='bbox 1215 981 1390 1023; x_wconf 91' lang='lat' dir='ltr'><strong>annos</strong></span> <span class='ocrx_word' id='word_1_62' title='bbox 1440 969 1682 1037; x_wconf 91' lang='lat' dir='ltr'><strong>quinque</strong></span> <span class='ocrx_word' id='word_1_63' title='bbox 1743 968 1797 1022; x_wconf 92' lang='lat' dir='ltr'><strong>in</strong></span> 
     </span>
    </p>
   </div>
   <div class='ocr_carea' id='block_1_11' title="bbox 217 1058 1802 1129">
    <p class='ocr_par' dir='ltr' id='par_1_11' title="bbox 217 1058 1802 1129">
     <span class='ocr_line' id='line_1_11' title="bbox 217 1058 1802 1129; baseline -0.001 -16"><span class='ocrx_word' id='word_1_64' title='bbox 217 1059 453 1129; x_wconf 88' lang='lat' dir='ltr'><strong>patriam</strong></span> <span class='ocrx_word' id='word_1_65' title='bbox 489 1058 760 1113; x_wconf 85' lang='lat' dir='ltr'><strong>redituros</strong></span> <span class='ocrx_word' id='word_1_66' title='bbox 791 1074 820 1112; x_wconf 91' lang='lat' dir='ltr'><strong>a</strong></span> <span class='ocrx_word' id='word_1_67' title='bbox 845 1073 903 1113; x_wconf 91' lang='lat' dir='ltr'><strong>se</strong></span> <span class='ocrx_word' id='word_1_68' title='bbox 925 1058 1216 1113; x_wconf 87' lang='lat' dir='ltr'><strong>amisisset.</strong></span> <span class='ocrx_word' id='word_1_69' title='bbox 1257 1058 1323 1112; x_wconf 85' lang='lat' dir='ltr'><strong>Et</strong></span> <span class='ocrx_word' id='word_1_70' title='bbox 1361 1068 1473 1113; x_wconf 93' lang='lat' dir='ltr'><strong>tum</strong></span> <span class='ocrx_word' id='word_1_71' title='bbox 1508 1061 1573 1114; x_wconf 91' lang='lat' dir='ltr'><strong>ad</strong></span> <span class='ocrx_word' id='word_1_72' title='bbox 1607 1059 1802 1114; x_wconf 89' lang='lat' dir='ltr'><strong>Firmi-</strong></span> 
     </span>
    </p>
   </div>
   <div class='ocr_carea' id='block_1_12' title="bbox 219 1149 1794 1221">
    <p class='ocr_par' dir='ltr' id='par_1_12' title="bbox 219 1149 1794 1221">
     <span class='ocr_line' id='line_1_12' title="bbox 219 1149 1794 1221; baseline -0.001 -16"><span class='ocrx_word' id='word_1_73' title='bbox 219 1152 425 1205; x_wconf 90' lang='lat' dir='ltr'><strong>lianum</strong></span> <span class='ocrx_word' id='word_1_74' title='bbox 474 1150 738 1206; x_wconf 82' lang='lat' dir='ltr'><strong>Caesarea</strong></span> <span class='ocrx_word' id='word_1_75' title='bbox 796 1149 1150 1221; x_wconf 88' lang='lat' dir='ltr'><strong>Cappadocia</strong></span> <span class='ocrx_word' id='word_1_76' title='bbox 1208 1151 1543 1221; x_wconf 86' lang='lat' dir='ltr'><strong>episcopum,</strong></span> <span class='ocrx_word' id='word_1_77' title='bbox 1582 1166 1794 1206; x_wconf 92' lang='lat' dir='ltr'><strong>summa</strong></span> 
     </span>
    </p>
   </div>
   <div class='ocr_carea' id='block_1_13' title="bbox 220 1244 1797 1309">
    <p class='ocr_par' dir='ltr' id='par_1_13' title="bbox 220 1244 1797 1309">
     <span class='ocr_line' id='line_1_13' title="bbox 220 1244 1797 1309; baseline -0.001 -9"><span class='ocrx_word' id='word_1_78' title='bbox 220 1244 326 1300; x_wconf 94' lang='lat' dir='ltr'><strong>sibi</strong></span> <span class='ocrx_word' id='word_1_79' title='bbox 370 1245 771 1300; x_wconf 86' lang='lat' dir='ltr'><strong>necessitudine</strong></span> <span class='ocrx_word' id='word_1_80' title='bbox 797 1246 1129 1309; x_wconf 86' lang='lat' dir='ltr'><strong>devinctum,</strong></span> <span class='ocrx_word' id='word_1_81' title='bbox 1154 1252 1267 1299; x_wconf 88' lang='lat' dir='ltr'><strong>tota</strong></span> <span class='ocrx_word' id='word_1_82' title='bbox 1315 1260 1436 1299; x_wconf 92' lang='lat' dir='ltr'><strong>cum</strong></span> <span class='ocrx_word' id='word_1_83' title='bbox 1477 1244 1797 1299; x_wconf 83' lang='lat' dir='ltr'><strong>Firmiliano</strong></span> 
     </span>
    </p>
   </div>
   <div class='ocr_carea' id='block_1_14' title="bbox 218 1333 1799 1405">
    <p class='ocr_par' dir='ltr' id='par_1_14' title="bbox 218 1333 1799 1405">
     <span class='ocr_line' id='line_1_14' title="bbox 218 1333 1799 1405; baseline 0.001 -16"><span class='ocrx_word' id='word_1_84' title='bbox 218 1333 488 1389; x_wconf 85' lang='lat' dir='ltr'><strong>invitante</strong></span> <span class='ocrx_word' id='word_1_85' title='bbox 516 1349 637 1389; x_wconf 91' lang='lat' dir='ltr'><strong>eum</strong></span> <span class='ocrx_word' id='word_1_86' title='bbox 675 1334 1041 1404; x_wconf 81' lang='lat' dir='ltr'><strong>Cappadocia,</strong></span> <span class='ocrx_word' id='word_1_87' title='bbox 1072 1334 1275 1405; x_wconf 81' lang='lat' dir='ltr'><strong>fugisse</strong></span> <span class='ocrx_word' id='word_1_88' title='bbox 1302 1336 1469 1391; x_wconf 89' lang='lat' dir='ltr'><strong>certis</strong></span> <span class='ocrx_word' id='word_1_89' title='bbox 1497 1336 1799 1391; x_wconf 86' lang='lat' dir='ltr'><strong>rationibus</strong></span> 
     </span>
    </p>
   </div>
   <div class='ocr_carea' id='block_1_15' title="bbox 219 1426 1797 1498">
    <p class='ocr_par' dir='ltr' id='par_1_15' title="bbox 219 1426 1797 1498">
     <span class='ocr_line' id='line_1_15' title="bbox 219 1426 1797 1498; baseline 0.001 -18"><span class='ocrx_word' id='word_1_90' title='bbox 219 1427 287 1481; x_wconf 87' lang='lat' dir='ltr'><strong>ad</strong></span> <span class='ocrx_word' id='word_1_91' title='bbox 319 1427 646 1482; x_wconf 91' lang='lat' dir='ltr'><strong>credendum</strong></span> <span class='ocrx_word' id='word_1_92' title='bbox 674 1428 820 1482; x_wconf 92' lang='lat' dir='ltr'><strong>ducti</strong></span> <span class='ocrx_word' id='word_1_93' title='bbox 855 1443 1063 1483; x_wconf 90' lang='lat' dir='ltr'><strong>sumus.</strong></span> <span class='ocrx_word' id='word_1_94' title='bbox 1114 1426 1248 1483; x_wconf 90' lang='lat' dir='ltr'><strong>Cum</strong></span> <span class='ocrx_word' id='word_1_95' title='bbox 1298 1428 1445 1483; x_wconf 88' lang='lat' dir='ltr'><strong>enim</strong></span> <span class='ocrx_word' id='word_1_96' title='bbox 1480 1429 1797 1498; x_wconf 87' lang='lat' dir='ltr'><strong>probaveri-</strong></span> 
     </span>
    </p>
   </div>
   <div class='ocr_carea' id='block_1_16' title="bbox 218 1515 1794 1588">
    <p class='ocr_par' dir='ltr' id='par_1_16' title="bbox 218 1515 1794 1588">
     <span class='ocr_line' id='line_1_16' title="bbox 218 1515 1794 1588; baseline 0.001 -17"><span class='ocrx_word' id='word_1_97' title='bbox 218 1530 341 1571; x_wconf 84' lang='lat' dir='ltr'><strong>mus</strong></span> <span class='ocrx_word' id='word_1_98' title='bbox 390 1530 552 1584; x_wconf 88' lang='lat' dir='ltr'><strong>supra</strong></span> <span class='ocrx_word' id='word_1_99' title='bbox 590 1515 643 1569; x_wconf 94' lang='lat' dir='ltr'><strong>in</strong></span> <span class='ocrx_word' id='word_1_100' title='bbox 680 1515 882 1585; x_wconf 89' lang='lat' dir='ltr'><strong>quinta</strong></span> <span class='ocrx_word' id='word_1_101' title='bbox 907 1517 1303 1585; x_wconf 86' lang='lat' dir='ltr'><strong>persecutionis</strong></span> <span class='ocrx_word' id='word_1_102' title='bbox 1335 1528 1577 1588; x_wconf 89' lang='lat' dir='ltr'><strong>tempora</strong></span> <span class='ocrx_word' id='word_1_103' title='bbox 1612 1518 1794 1588; x_wconf 81' lang='lat' dir='ltr'><strong>fugam</strong></span> 
     </span>
    </p>
   </div>
   <div class='ocr_carea' id='block_1_17' title="bbox 220 1605 1805 1674">
    <p class='ocr_par' dir='ltr' id='par_1_17' title="bbox 220 1605 1805 1674">
     <span class='ocr_line' id='line_1_17' title="bbox 220 1605 1805 1674; baseline 0.001 -15"><span class='ocrx_word' id='word_1_104' title='bbox 220 1605 362 1659; x_wconf 91' lang='lat' dir='ltr'><strong>hanc</strong></span> <span class='ocrx_word' id='word_1_105' title='bbox 385 1605 582 1659; x_wconf 89' lang='lat' dir='ltr'><strong>cadere</strong></span> <span class='ocrx_word' id='word_1_106' title='bbox 603 1606 917 1674; x_wconf 87' lang='lat' dir='ltr'><strong>neutiquam</strong></span> <span class='ocrx_word' id='word_1_107' title='bbox 947 1620 1129 1674; x_wconf 87' lang='lat' dir='ltr'><strong>posse,</strong></span> <span class='ocrx_word' id='word_1_108' title='bbox 1156 1615 1406 1674; x_wconf 90' lang='lat' dir='ltr'><strong>superest</strong></span> <span class='ocrx_word' id='word_1_109' title='bbox 1454 1616 1511 1661; x_wconf 95' lang='lat' dir='ltr'><strong>ut</strong></span> <span class='ocrx_word' id='word_1_110' title='bbox 1546 1607 1612 1661; x_wconf 89' lang='lat' dir='ltr'><strong>ad</strong></span> <span class='ocrx_word' id='word_1_111' title='bbox 1665 1622 1805 1661; x_wconf 14' lang='lat' dir='ltr'><strong>sex-7</strong></span> 
     </span>
    </p>
   </div>
   <div class='ocr_carea' id='block_1_18' title="bbox 220 1696 1789 1766">
    <p class='ocr_par' dir='ltr' id='par_1_18' title="bbox 220 1696 1789 1766">
     <span class='ocr_line' id='line_1_18' title="bbox 220 1696 1789 1766; baseline 0.001 -17"><span class='ocrx_word' id='word_1_112' title='bbox 220 1705 355 1762; x_wconf 88' lang='lat' dir='ltr'><strong>tam,</strong></span> <span class='ocrx_word' id='word_1_113' title='bbox 390 1711 510 1766; x_wconf 82' lang='lat' dir='ltr'><strong>qua</strong></span> <span class='ocrx_word' id='word_1_114' title='bbox 535 1696 635 1751; x_wconf 92' lang='lat' dir='ltr'><strong>fuit</strong></span> <span class='ocrx_word' id='word_1_115' title='bbox 655 1696 953 1762; x_wconf 78' lang='lat' dir='ltr'><strong>Maximini,</strong></span> <span class='ocrx_word' id='word_1_116' title='bbox 985 1698 1070 1752; x_wconf 92' lang='lat' dir='ltr'><strong>vel</strong></span> <span class='ocrx_word' id='word_1_117' title='bbox 1093 1702 1158 1754; x_wconf 91' lang='lat' dir='ltr'><strong>ad</strong></span> <span class='ocrx_word' id='word_1_118' title='bbox 1178 1698 1464 1754; x_wconf 87' lang='lat' dir='ltr'><strong>Deciauam</strong></span> <span class='ocrx_word' id='word_1_119' title='bbox 1500 1699 1789 1755; x_wconf 89' lang='lat' dir='ltr'><strong>referatur.</strong></span> 
     </span>
    </p>
   </div>
   <div class='ocr_carea' id='block_1_19' title="bbox 216 1789 1789 1860">
    <p class='ocr_par' dir='ltr' id='par_1_19' title="bbox 216 1789 1789 1860">
     <span class='ocr_line' id='line_1_19' title="bbox 216 1789 1789 1860; baseline 0.001 -17"><span class='ocrx_word' id='word_1_120' title='bbox 216 1789 383 1858; x_wconf 85' lang='lat' dir='ltr'><strong>Atqui</strong></span> <span class='ocrx_word' id='word_1_121' title='bbox 428 1789 624 1844; x_wconf 86' lang='lat' dir='ltr'><strong>Decius</strong></span> <span class='ocrx_word' id='word_1_122' title='bbox 659 1789 935 1845; x_wconf 86' lang='lat' dir='ltr'><strong>biennium</strong></span> <span class='ocrx_word' id='word_1_123' title='bbox 986 1805 1092 1844; x_wconf 93' lang='lat' dir='ltr'><strong>non</strong></span> <span class='ocrx_word' id='word_1_124' title='bbox 1150 1790 1386 1860; x_wconf 81' lang='lat' dir='ltr'><strong>explevit</strong></span> <span class='ocrx_word' id='word_1_125' title='bbox 1436 1792 1488 1845; x_wconf 93' lang='lat' dir='ltr'><strong>in</strong></span> <span class='ocrx_word' id='word_1_126' title='bbox 1540 1791 1789 1859; x_wconf 89' lang='lat' dir='ltr'><strong>imperio,</strong></span> 
     </span>
    </p>
   </div>
   <div class='ocr_carea' id='block_1_20' title="bbox 217 1882 1792 1950">
    <p class='ocr_par' dir='ltr' id='par_1_20' title="bbox 217 1882 1792 1950">
     <span class='ocr_line' id='line_1_20' title="bbox 217 1882 1792 1950; baseline 0.003 -15"><span class='ocrx_word' id='word_1_127' title='bbox 217 1882 420 1950; x_wconf 85' lang='lat' dir='ltr'><strong>diuque</strong></span> <span class='ocrx_word' id='word_1_128' title='bbox 448 1883 641 1948; x_wconf 87' lang='lat' dir='ltr'><strong>etiam,</strong></span> <span class='ocrx_word' id='word_1_129' title='bbox 688 1882 816 1938; x_wconf 94' lang='lat' dir='ltr'><strong>dum</strong></span> <span class='ocrx_word' id='word_1_130' title='bbox 848 1898 1029 1939; x_wconf 91' lang='lat' dir='ltr'><strong>rerum</strong></span> <span class='ocrx_word' id='word_1_131' title='bbox 1066 1884 1269 1946; x_wconf 86' lang='lat' dir='ltr'><strong>potitus</strong></span> <span class='ocrx_word' id='word_1_132' title='bbox 1307 1892 1412 1948; x_wconf 90' lang='lat' dir='ltr'><strong>est,</strong></span> <span class='ocrx_word' id='word_1_133' title='bbox 1456 1884 1510 1938; x_wconf 96' lang='lat' dir='ltr'><strong>in</strong></span> <span class='ocrx_word' id='word_1_134' title='bbox 1561 1884 1792 1940; x_wconf 87' lang='lat' dir='ltr'><strong>vinculis</strong></span> 
     </span>
    </p>
   </div>
   <div class='ocr_carea' id='block_1_21' title="bbox 218 1972 1790 2045">
    <p class='ocr_par' dir='ltr' id='par_1_21' title="bbox 218 1972 1790 2045">
     <span class='ocr_line' id='line_1_21' title="bbox 218 1972 1790 2045; baseline 0.003 -21"><span class='ocrx_word' id='word_1_135' title='bbox 218 1972 321 2028; x_wconf 91' lang='lat' dir='ltr'><strong>fuit</strong></span> <span class='ocrx_word' id='word_1_136' title='bbox 348 1973 644 2045; x_wconf 78' lang='lat' dir='ltr'><strong>Origenes;</strong></span> <span class='ocrx_word' id='word_1_137' title='bbox 668 1988 792 2029; x_wconf 92' lang='lat' dir='ltr'><strong>cum</strong></span> <span class='ocrx_word' id='word_1_138' title='bbox 825 1982 939 2030; x_wconf 92' lang='lat' dir='ltr'><strong>toto</strong></span> <span class='ocrx_word' id='word_1_139' title='bbox 971 1974 1191 2031; x_wconf 91' lang='lat' dir='ltr'><strong>biennio</strong></span> <span class='ocrx_word' id='word_1_140' title='bbox 1214 1974 1324 2030; x_wconf 92' lang='lat' dir='ltr'><strong>illic</strong></span> <span class='ocrx_word' id='word_1_141' title='bbox 1350 1974 1489 2043; x_wconf 92' lang='lat' dir='ltr'><strong>apud</strong></span> <span class='ocrx_word' id='word_1_142' title='bbox 1517 1973 1790 2030; x_wconf 78' lang='lat' dir='ltr'><strong>Julianam</strong></span> 
     </span>
    </p>
   </div>
   <div class='ocr_carea' id='block_1_22' title="bbox 213 2064 1793 2137">
    <p class='ocr_par' dir='ltr' id='par_1_22' title="bbox 213 2064 1793 2137">
     <span class='ocr_line' id='line_1_22' title="bbox 213 2064 1793 2137; baseline 0.001 -19"><span class='ocrx_word' id='word_1_143' title='bbox 213 2064 459 2131; x_wconf 85' lang='lat' dir='ltr'><strong>latuerit,</strong></span> <span class='ocrx_word' id='word_1_144' title='bbox 497 2075 555 2120; x_wconf 94' lang='lat' dir='ltr'><strong>ut</strong></span> <span class='ocrx_word' id='word_1_145' title='bbox 584 2067 844 2137; x_wconf 92' lang='lat' dir='ltr'><strong>scriptum</strong></span> <span class='ocrx_word' id='word_1_146' title='bbox 878 2078 962 2121; x_wconf 91' lang='lat' dir='ltr'><strong>est</strong></span> <span class='ocrx_word' id='word_1_147' title='bbox 1007 2082 1036 2120; x_wconf 88' lang='lat' dir='ltr'><strong>a</strong></span> <span class='ocrx_word' id='word_1_148' title='bbox 1070 2066 1333 2122; x_wconf 88' lang='lat' dir='ltr'><strong>Palladio.</strong></span> <span class='ocrx_word' id='word_1_149' title='bbox 1363 2066 1599 2121; x_wconf 85' lang='lat' dir='ltr'><strong>Omnino</strong></span> <span class='ocrx_word' id='word_1_150' title='bbox 1630 2067 1793 2136; x_wconf 83' lang='lat' dir='ltr'><strong>igitur</strong></span> 
     </span>
    </p>
   </div>
   <div class='ocr_carea' id='block_1_23' title="bbox 218 2156 1791 2227">
    <p class='ocr_par' dir='ltr' id='par_1_23' title="bbox 218 2156 1791 2227">
     <span class='ocr_line' id='line_1_23' title="bbox 218 2156 1791 2227; baseline 0.001 -17"><span class='ocrx_word' id='word_1_151' title='bbox 218 2158 273 2211; x_wconf 87' lang='lat' dir='ltr'><strong>in</strong></span> <span class='ocrx_word' id='word_1_152' title='bbox 303 2156 578 2211; x_wconf 71' lang='lat' dir='ltr'><strong>Haximini</strong></span> <span class='ocrx_word' id='word_1_153' title='bbox 611 2158 1045 2227; x_wconf 88' lang='lat' dir='ltr'><strong>persecutionem</strong></span> <span class='ocrx_word' id='word_1_154' title='bbox 1078 2158 1269 2214; x_wconf 91' lang='lat' dir='ltr'><strong>incidit</strong></span> <span class='ocrx_word' id='word_1_155' title='bbox 1294 2157 1647 2213; x_wconf 84' lang='lat' dir='ltr'><strong>Casariensis</strong></span> <span class='ocrx_word' id='word_1_156' title='bbox 1691 2157 1791 2211; x_wconf 91' lang='lat' dir='ltr'><strong>iste</strong></span> 
     </span>
    </p>
   </div>
   <div class='ocr_carea' id='block_1_24' title="bbox 212 2248 1792 2318">
    <p class='ocr_par' dir='ltr' id='par_1_24' title="bbox 212 2248 1792 2318">
     <span class='ocr_line' id='line_1_24' title="bbox 212 2248 1792 2318; baseline -0.001 -15"><span class='ocrx_word' id='word_1_157' title='bbox 212 2263 484 2303; x_wconf 88' lang='lat' dir='ltr'><strong>secessus.</strong></span> <span class='ocrx_word' id='word_1_158' title='bbox 514 2248 888 2303; x_wconf 87' lang='lat' dir='ltr'><strong>Firmilianum</strong></span> <span class='ocrx_word' id='word_1_159' title='bbox 913 2264 1148 2318; x_wconf 90' lang='lat' dir='ltr'><strong>quoque,</strong></span> <span class='ocrx_word' id='word_1_160' title='bbox 1184 2263 1306 2303; x_wconf 91' lang='lat' dir='ltr'><strong>cum</strong></span> <span class='ocrx_word' id='word_1_161' title='bbox 1341 2249 1503 2304; x_wconf 83' lang='lat' dir='ltr'><strong>rebus</strong></span> <span class='ocrx_word' id='word_1_162' title='bbox 1532 2248 1646 2316; x_wconf 88' lang='lat' dir='ltr'><strong>ipse</strong></span> <span class='ocrx_word' id='word_1_163' title='bbox 1679 2248 1792 2303; x_wconf 88' lang='lat' dir='ltr'><strong>suis</strong></span> 
     </span>
    </p>
   </div>
   <div class='ocr_carea' id='block_1_25' title="bbox 212 2338 1791 2411">
    <p class='ocr_par' dir='ltr' id='par_1_25' title="bbox 212 2338 1791 2411">
     <span class='ocr_line' id='line_1_25' title="bbox 212 2338 1791 2411; baseline -0.001 -16"><span class='ocrx_word' id='word_1_164' title='bbox 212 2340 527 2395; x_wconf 90' lang='lat' dir='ltr'><strong>consuleret</strong></span> <span class='ocrx_word' id='word_1_165' title='bbox 570 2338 658 2411; x_wconf 91' lang='lat' dir='ltr'><strong>(ad</strong></span> <span class='ocrx_word' id='word_1_166' title='bbox 707 2341 968 2397; x_wconf 84' lang='lat' dir='ltr'><strong>Ecclesia</strong></span> <span class='ocrx_word' id='word_1_167' title='bbox 1019 2341 1218 2411; x_wconf 89' lang='lat' dir='ltr'><strong>quippe</strong></span> <span class='ocrx_word' id='word_1_168' title='bbox 1268 2342 1526 2411; x_wconf 81' lang='lat' dir='ltr'><strong>prasides</strong></span> <span class='ocrx_word' id='word_1_169' title='bbox 1574 2341 1791 2410; x_wconf 82' lang='lat' dir='ltr'><strong>pOtissi-</strong></span> 
     </span>
    </p>
   </div>
   <div class='ocr_carea' id='block_1_26' title="bbox 212 2435 1785 2508">
    <p class='ocr_par' dir='ltr' id='par_1_26' title="bbox 212 2435 1785 2508">
     <span class='ocr_line' id='line_1_26' title="bbox 212 2435 1785 2508; baseline 0 -20"><span class='ocrx_word' id='word_1_170' title='bbox 212 2451 365 2489; x_wconf 89' lang='lat' dir='ltr'><strong>mum</strong></span> <span class='ocrx_word' id='word_1_171' title='bbox 390 2435 691 2505; x_wconf 83' lang='lat' dir='ltr'><strong>pertinebat</strong></span> <span class='ocrx_word' id='word_1_172' title='bbox 719 2435 1063 2508; x_wconf 87' lang='lat' dir='ltr'><strong>periculum),</strong></span> <span class='ocrx_word' id='word_1_173' title='bbox 1084 2436 1283 2491; x_wconf 88' lang='lat' dir='ltr'><strong>alicubi</strong></span> <span class='ocrx_word' id='word_1_174' title='bbox 1316 2435 1559 2502; x_wconf 86' lang='lat' dir='ltr'><strong>latuisse,</strong></span> <span class='ocrx_word' id='word_1_175' title='bbox 1586 2443 1639 2489; x_wconf 91' lang='lat' dir='ltr'><strong>et</strong></span> <span class='ocrx_word' id='word_1_176' title='bbox 1667 2449 1785 2489; x_wconf 91' lang='lat' dir='ltr'><strong>cum</strong></span> 
     </span>
    </p>
   </div>
   <div class='ocr_carea' id='block_1_27' title="bbox 210 2527 1786 2598">
    <p class='ocr_par' dir='ltr' id='par_1_27' title="bbox 210 2527 1786 2598">
     <span class='ocr_line' id='line_1_27' title="bbox 210 2527 1786 2598; baseline -0.002 -17"><span class='ocrx_word' id='word_1_177' title='bbox 210 2527 450 2598; x_wconf 75' lang='lat' dir='ltr'><strong>Origene</strong></span> <span class='ocrx_word' id='word_1_178' title='bbox 488 2527 737 2595; x_wconf 85' lang='lat' dir='ltr'><strong>fortasse,</strong></span> <span class='ocrx_word' id='word_1_179' title='bbox 775 2528 1038 2585; x_wconf 88' lang='lat' dir='ltr'><strong>credibile</strong></span> <span class='ocrx_word' id='word_1_180' title='bbox 1066 2538 1170 2594; x_wconf 86' lang='lat' dir='ltr'><strong>est,</strong></span> <span class='ocrx_word' id='word_1_181' title='bbox 1201 2539 1485 2598; x_wconf 88' lang='lat' dir='ltr'><strong>postquam</strong></span> <span class='ocrx_word' id='word_1_182' title='bbox 1535 2542 1786 2583; x_wconf 89' lang='lat' dir='ltr'><strong>securum</strong></span> 
     </span>
    </p>
   </div>
   <div class='ocr_carea' id='block_1_28' title="bbox 210 2617 1782 2692">
    <p class='ocr_par' dir='ltr' id='par_1_28' title="bbox 210 2617 1782 2692">
     <span class='ocr_line' id='line_1_28' title="bbox 210 2617 1782 2692; baseline -0.002 -17"><span class='ocrx_word' id='word_1_183' title='bbox 210 2621 261 2675; x_wconf 88' lang='lat' dir='ltr'><strong>ei</strong></span> <span class='ocrx_word' id='word_1_184' title='bbox 292 2621 431 2690; x_wconf 83' lang='lat' dir='ltr'><strong>apud</strong></span> <span class='ocrx_word' id='word_1_185' title='bbox 455 2618 726 2675; x_wconf 88' lang='lat' dir='ltr'><strong>Julianam</strong></span> <span class='ocrx_word' id='word_1_186' title='bbox 752 2620 1053 2691; x_wconf 79' lang='lat' dir='ltr'><strong>perfugium</strong></span> <span class='ocrx_word' id='word_1_187' title='bbox 1088 2621 1408 2692; x_wconf 85' lang='lat' dir='ltr'><strong>assignavit.</strong></span> <span class='ocrx_word' id='word_1_188' title='bbox 1443 2617 1570 2673; x_wconf 86' lang='lat' dir='ltr'><strong>Hac</strong></span> <span class='ocrx_word' id='word_1_189' title='bbox 1612 2618 1782 2672; x_wconf 88' lang='lat' dir='ltr'><strong>abun-</strong></span> 
     </span>
    </p>
   </div>
   <div class='ocr_carea' id='block_1_29' title="bbox 213 2712 1786 2785">
    <p class='ocr_par' dir='ltr' id='par_1_29' title="bbox 213 2712 1786 2785">
     <span class='ocr_line' id='line_1_29' title="bbox 213 2712 1786 2785; baseline 0.001 -19"><span class='ocrx_word' id='word_1_190' title='bbox 213 2712 352 2767; x_wconf 88' lang='lat' dir='ltr'><strong>dans</strong></span> <span class='ocrx_word' id='word_1_191' title='bbox 381 2712 597 2782; x_wconf 90' lang='lat' dir='ltr'><strong>opibus,</strong></span> <span class='ocrx_word' id='word_1_192' title='bbox 638 2727 839 2784; x_wconf 90' lang='lat' dir='ltr'><strong>easque</strong></span> <span class='ocrx_word' id='word_1_193' title='bbox 878 2714 931 2767; x_wconf 92' lang='lat' dir='ltr'><strong>iu</strong></span> <span class='ocrx_word' id='word_1_194' title='bbox 962 2712 1217 2768; x_wconf 91' lang='lat' dir='ltr'><strong>Ecclesia</strong></span> <span class='ocrx_word' id='word_1_195' title='bbox 1242 2713 1527 2769; x_wconf 83' lang='lat' dir='ltr'><strong>commoda</strong></span> <span class='ocrx_word' id='word_1_196' title='bbox 1561 2714 1786 2785; x_wconf 87' lang='lat' dir='ltr'><strong>profun-</strong></span> 
     </span>
    </p>
   </div>
   <div class='ocr_carea' id='block_1_30' title="bbox 212 2803 1787 2877">
    <p class='ocr_par' dir='ltr' id='par_1_30' title="bbox 212 2803 1787 2877">
     <span class='ocr_line' id='line_1_30' title="bbox 212 2803 1787 2877; baseline -0.001 -18"><span class='ocrx_word' id='word_1_197' title='bbox 212 2804 347 2859; x_wconf 88' lang='lat' dir='ltr'><strong>dere</strong></span> <span class='ocrx_word' id='word_1_198' title='bbox 387 2804 569 2867; x_wconf 88' lang='lat' dir='ltr'><strong>solita,</strong></span> <span class='ocrx_word' id='word_1_199' title='bbox 601 2818 812 2858; x_wconf 91' lang='lat' dir='ltr'><strong>summa</strong></span> <span class='ocrx_word' id='word_1_200' title='bbox 845 2803 1171 2860; x_wconf 87' lang='lat' dir='ltr'><strong>liberalitate</strong></span> <span class='ocrx_word' id='word_1_201' title='bbox 1226 2805 1501 2861; x_wconf 90' lang='lat' dir='ltr'><strong>hominem</strong></span> <span class='ocrx_word' id='word_1_202' title='bbox 1533 2807 1599 2862; x_wconf 90' lang='lat' dir='ltr'><strong>de</strong></span> <span class='ocrx_word' id='word_1_203' title='bbox 1630 2821 1787 2877; x_wconf 87' lang='lat' dir='ltr'><strong>repu-</strong></span> 
     </span>
    </p>
   </div>
   <div class='ocr_carea' id='block_1_31' title="bbox 209 2894 1789 2964">
    <p class='ocr_par' dir='ltr' id='par_1_31' title="bbox 209 2894 1789 2964">
     <span class='ocr_line' id='line_1_31' title="bbox 209 2894 1789 2964; baseline 0.004 -15"><span class='ocrx_word' id='word_1_204' title='bbox 209 2894 356 2949; x_wconf 87' lang='lat' dir='ltr'><strong>blica</strong></span> <span class='ocrx_word' id='word_1_205' title='bbox 385 2894 693 2949; x_wconf 89' lang='lat' dir='ltr'><strong>Christiana</strong></span> <span class='ocrx_word' id='word_1_206' title='bbox 717 2894 920 2963; x_wconf 86' lang='lat' dir='ltr'><strong>optime</strong></span> <span class='ocrx_word' id='word_1_207' title='bbox 948 2894 1202 2949; x_wconf 89' lang='lat' dir='ltr'><strong>meritum</strong></span> <span class='ocrx_word' id='word_1_208' title='bbox 1225 2896 1505 2964; x_wconf 81' lang='lat' dir='ltr'><strong>complexa</strong></span> <span class='ocrx_word' id='word_1_209' title='bbox 1533 2906 1646 2963; x_wconf 90' lang='lat' dir='ltr'><strong>est;</strong></span> <span class='ocrx_word' id='word_1_210' title='bbox 1690 2915 1789 2955; x_wconf 92' lang='lat' dir='ltr'><strong>nec</strong></span> 
     </span>
    </p>
   </div>
   <div class='ocr_carea' id='block_1_32' title="bbox 207 2984 1784 3059">
    <p class='ocr_par' dir='ltr' id='par_1_32' title="bbox 207 2984 1784 3059">
     <span class='ocr_line' id='line_1_32' title="bbox 207 2984 1784 3059; baseline 0.001 -17"><span class='ocrx_word' id='word_1_211' title='bbox 207 2986 447 3056; x_wconf 80' lang='lat' dir='ltr'><strong>hospitio</strong></span> <span class='ocrx_word' id='word_1_212' title='bbox 467 2986 678 3055; x_wconf 76' lang='lat' dir='ltr'><strong>excepit</strong></span> <span class='ocrx_word' id='word_1_213' title='bbox 702 2984 899 3051; x_wconf 91' lang='lat' dir='ltr'><strong>solum,</strong></span> <span class='ocrx_word' id='word_1_214' title='bbox 925 2985 1019 3041; x_wconf 89' lang='lat' dir='ltr'><strong>sed</strong></span> <span class='ocrx_word' id='word_1_215' title='bbox 1039 2986 1364 3042; x_wconf 90' lang='lat' dir='ltr'><strong>bibliotheca</strong></span> <span class='ocrx_word' id='word_1_216' title='bbox 1398 2990 1591 3053; x_wconf 89' lang='lat' dir='ltr'><strong>etiam,</strong></span> <span class='ocrx_word' id='word_1_217' title='bbox 1623 3004 1784 3059; x_wconf 89' lang='lat' dir='ltr'><strong>quam</strong></span> 
     </span>
    </p>
   </div>
   <div class='ocr_carea' id='block_1_33' title="bbox 1908 501 3491 572">
    <p class='ocr_par' dir='ltr' id='par_1_33' title="bbox 1908 501 3491 572">
     <span class='ocr_line' id='line_1_33' title="bbox 1908 501 3491 572; baseline 0.004 -19"><span class='ocrx_word' id='word_1_218' title='bbox 1908 501 2171 565; x_wconf 86' lang='lat' dir='ltr'><strong>tendisse,</strong></span> <span class='ocrx_word' id='word_1_219' title='bbox 2203 503 2299 570; x_wconf 86' lang='lat' dir='ltr'><strong>qui</strong></span> <span class='ocrx_word' id='word_1_220' title='bbox 2320 501 2478 557; x_wconf 90' lang='lat' dir='ltr'><strong>labor</strong></span> <span class='ocrx_word' id='word_1_221' title='bbox 2504 502 2570 555; x_wconf 85' lang='lat' dir='ltr'><strong>ad</strong></span> <span class='ocrx_word' id='word_1_222' title='bbox 2596 502 2875 557; x_wconf 87' lang='lat' dir='ltr'><strong>condenda</strong></span> <span class='ocrx_word' id='word_1_223' title='bbox 2910 501 3153 572; x_wconf 75' lang='lat' dir='ltr'><strong>Hexapla</strong></span> <span class='ocrx_word' id='word_1_224' title='bbox 3183 512 3303 558; x_wconf 89' lang='lat' dir='ltr'><strong>erat</strong></span> <span class='ocrx_word' id='word_1_225' title='bbox 3324 504 3491 560; x_wconf 84' lang='lat' dir='ltr'><strong>veluti</strong></span> 
     </span>
    </p>
   </div>
   <div class='ocr_carea' id='block_1_34' title="bbox 1906 594 2255 665">
    <p class='ocr_par' dir='ltr' id='par_1_34' title="bbox 1906 594 2255 665">
     <span class='ocr_line' id='line_1_34' title="bbox 1906 594 2255 665; baseline 0.009 -20"><span class='ocrx_word' id='word_1_226' title='bbox 1906 594 2255 665; x_wconf 83' lang='grc' dir='ltr'>παρασκευή.</span> 
     </span>
    </p>
   </div>
   <div class='ocr_carea' id='block_1_35' title="bbox 1974 684 3491 755">
    <p class='ocr_par' dir='ltr' id='par_1_35' title="bbox 1974 684 3491 755">
     <span class='ocr_line' id='line_1_35' title="bbox 1974 684 3491 755; baseline 0.003 -15"><span class='ocrx_word' id='word_1_227' title='bbox 1974 684 2066 740; x_wconf 86' lang='lat' dir='ltr'><strong>1V.</strong></span> <span class='ocrx_word' id='word_1_228' title='bbox 2113 685 2435 741; x_wconf 88' lang='lat' dir='ltr'><strong>Ambrosius</strong></span> <span class='ocrx_word' id='word_1_229' title='bbox 2468 685 2686 740; x_wconf 88' lang='lat' dir='ltr'><strong>interim</strong></span> <span class='ocrx_word' id='word_1_230' title='bbox 2707 684 2820 754; x_wconf 89' lang='lat' dir='ltr'><strong>jam</strong></span> <span class='ocrx_word' id='word_1_231' title='bbox 2856 701 3021 755; x_wconf 84' lang='lat' dir='ltr'><strong>supra</strong></span> <span class='ocrx_word' id='word_1_232' title='bbox 3056 687 3213 743; x_wconf 89' lang='lat' dir='ltr'><strong>nobis</strong></span> <span class='ocrx_word' id='word_1_233' title='bbox 3246 704 3491 744; x_wconf 85' lang='lat' dir='ltr'><strong>comme-</strong></span> 
     </span>
    </p>
   </div>
   <div class='ocr_carea' id='block_1_36' title="bbox 1905 778 3492 851">
    <p class='ocr_par' dir='ltr' id='par_1_36' title="bbox 1905 778 3492 851">
     <span class='ocr_line' id='line_1_36' title="bbox 1905 778 3492 851; baseline 0.003 -20"><span class='ocrx_word' id='word_1_234' title='bbox 1905 788 2171 841; x_wconf 87' lang='lat' dir='ltr'><strong>moratus,</strong></span> <span class='ocrx_word' id='word_1_235' title='bbox 2220 788 2275 833; x_wconf 91' lang='lat' dir='ltr'><strong>et</strong></span> <span class='ocrx_word' id='word_1_236' title='bbox 2319 778 2674 833; x_wconf 86' lang='lat' dir='ltr'><strong>Casariensis</strong></span> <span class='ocrx_word' id='word_1_237' title='bbox 2712 778 2970 834; x_wconf 75' lang='lat' dir='ltr'><strong>Ecclesia:</strong></span> <span class='ocrx_word' id='word_1_238' title='bbox 3026 780 3311 851; x_wconf 84' lang='lat' dir='ltr'><strong>presbyter</strong></span> <span class='ocrx_word' id='word_1_239' title='bbox 3359 782 3492 836; x_wconf 87' lang='lat' dir='ltr'><strong>Pro-</strong></span> 
     </span>
    </p>
   </div>
   <div class='ocr_carea' id='block_1_37' title="bbox 1907 866 3485 942">
    <p class='ocr_par' dir='ltr' id='par_1_37' title="bbox 1907 866 3485 942">
     <span class='ocr_line' id='line_1_37' title="bbox 1907 866 3485 942; baseline 0.003 -21"><span class='ocrx_word' id='word_1_240' title='bbox 1907 876 2160 933; x_wconf 90' lang='lat' dir='ltr'><strong>toctetus,</strong></span> <span class='ocrx_word' id='word_1_241' title='bbox 2210 866 2475 939; x_wconf 80' lang='lat' dir='ltr'><strong>flagrante</strong></span> <span class='ocrx_word' id='word_1_242' title='bbox 2525 869 2628 923; x_wconf 86' lang='lat' dir='ltr'><strong>hac</strong></span> <span class='ocrx_word' id='word_1_243' title='bbox 2686 870 3069 937; x_wconf 88' lang='lat' dir='ltr'><strong>persecutione</strong></span> <span class='ocrx_word' id='word_1_244' title='bbox 3108 874 3485 942; x_wconf 81' lang='lat' dir='ltr'><strong>comprehensi</strong></span> 
     </span>
    </p>
   </div>
   <div class='ocr_carea' id='block_1_38' title="bbox 1905 960 3491 1034">
    <p class='ocr_par' dir='ltr' id='par_1_38' title="bbox 1905 960 3491 1034">
     <span class='ocr_line' id='line_1_38' title="bbox 1905 960 3491 1034; baseline 0.004 -20"><span class='ocrx_word' id='word_1_245' title='bbox 1905 970 1960 1014; x_wconf 89' lang='lat' dir='ltr'><strong>et</strong></span> <span class='ocrx_word' id='word_1_246' title='bbox 1990 960 2042 1014; x_wconf 93' lang='lat' dir='ltr'><strong>in</strong></span> <span class='ocrx_word' id='word_1_247' title='bbox 2067 962 2367 1014; x_wconf 89' lang='lat' dir='ltr'><strong>custodiam</strong></span> <span class='ocrx_word' id='word_1_248' title='bbox 2397 960 2507 1016; x_wconf 88' lang='lat' dir='ltr'><strong>acti</strong></span> <span class='ocrx_word' id='word_1_249' title='bbox 2541 972 2688 1015; x_wconf 91' lang='lat' dir='ltr'><strong>sunt.</strong></span> <span class='ocrx_word' id='word_1_250' title='bbox 2721 961 2984 1028; x_wconf 87' lang='lat' dir='ltr'><strong>Quamvis</strong></span> <span class='ocrx_word' id='word_1_251' title='bbox 3027 972 3207 1019; x_wconf 91' lang='lat' dir='ltr'><strong>autem</strong></span> <span class='ocrx_word' id='word_1_252' title='bbox 3254 966 3353 1033; x_wconf 88' lang='lat' dir='ltr'><strong>ipsi</strong></span> <span class='ocrx_word' id='word_1_253' title='bbox 3394 981 3491 1034; x_wconf 91' lang='lat' dir='ltr'><strong>per</strong></span> 
     </span>
    </p>
   </div>
   <div class='ocr_carea' id='block_1_39' title="bbox 1904 1053 3483 1122">
    <p class='ocr_par' dir='ltr' id='par_1_39' title="bbox 1904 1053 3483 1122">
     <span class='ocr_line' id='line_1_39' title="bbox 1904 1053 3483 1122; baseline 0.003 -14"><span class='ocrx_word' id='word_1_254' title='bbox 1904 1070 1963 1108; x_wconf 92' lang='lat' dir='ltr'><strong>se</strong></span> <span class='ocrx_word' id='word_1_255' title='bbox 1987 1054 2193 1108; x_wconf 80' lang='lat' dir='ltr'><strong>Christi</strong></span> <span class='ocrx_word' id='word_1_256' title='bbox 2231 1068 2450 1109; x_wconf 87' lang='lat' dir='ltr'><strong>causam</strong></span> <span class='ocrx_word' id='word_1_257' title='bbox 2485 1061 2894 1122; x_wconf 89' lang='lat' dir='ltr'><strong>propugnarent</strong></span> <span class='ocrx_word' id='word_1_258' title='bbox 2921 1053 3175 1120; x_wconf 90' lang='lat' dir='ltr'><strong>viriliter,</strong></span> <span class='ocrx_word' id='word_1_259' title='bbox 3226 1073 3331 1111; x_wconf 93' lang='lat' dir='ltr'><strong>non</strong></span> <span class='ocrx_word' id='word_1_260' title='bbox 3366 1073 3483 1112; x_wconf 87' lang='lat' dir='ltr'><strong>me-</strong></span> 
     </span>
    </p>
   </div>
   <div class='ocr_carea' id='block_1_40' title="bbox 1902 1145 3484 1217">
    <p class='ocr_par' dir='ltr' id='par_1_40' title="bbox 1902 1145 3484 1217">
     <span class='ocr_line' id='line_1_40' title="bbox 1902 1145 3484 1217; baseline 0.005 -20"><span class='ocrx_word' id='word_1_261' title='bbox 1902 1145 2165 1198; x_wconf 91' lang='lat' dir='ltr'><strong>diocriter</strong></span> <span class='ocrx_word' id='word_1_262' title='bbox 2223 1152 2403 1198; x_wconf 86' lang='lat' dir='ltr'><strong>tamen</strong></span> <span class='ocrx_word' id='word_1_263' title='bbox 2446 1154 2738 1214; x_wconf 92' lang='lat' dir='ltr'><strong>utrumque</strong></span> <span class='ocrx_word' id='word_1_264' title='bbox 2788 1145 3141 1201; x_wconf 83' lang='lat' dir='ltr'><strong>confirmavit</strong></span> <span class='ocrx_word' id='word_1_265' title='bbox 3195 1148 3484 1217; x_wconf 82' lang='lat' dir='ltr'><strong>Origenes,</strong></span> 
     </span>
    </p>
   </div>
   <div class='ocr_carea' id='block_1_41' title="bbox 1902 1235 3487 1308">
    <p class='ocr_par' dir='ltr' id='par_1_41' title="bbox 1902 1235 3487 1308">
     <span class='ocr_line' id='line_1_41' title="bbox 1902 1235 3487 1308; baseline 0.004 -19"><span class='ocrx_word' id='word_1_266' title='bbox 1902 1237 2071 1292; x_wconf 86' lang='lat' dir='ltr'><strong>misso</strong></span> <span class='ocrx_word' id='word_1_267' title='bbox 2102 1251 2267 1291; x_wconf 89' lang='lat' dir='ltr'><strong>aureo</strong></span> <span class='ocrx_word' id='word_1_268' title='bbox 2311 1235 2511 1301; x_wconf 88' lang='lat' dir='ltr'><strong>libello,</strong></span> <span class='ocrx_word' id='word_1_269' title='bbox 2541 1252 2651 1306; x_wconf 91' lang='lat' dir='ltr'><strong>quo</strong></span> <span class='ocrx_word' id='word_1_270' title='bbox 2683 1238 2750 1291; x_wconf 91' lang='lat' dir='ltr'><strong>ad</strong></span> <span class='ocrx_word' id='word_1_271' title='bbox 2786 1238 3106 1308; x_wconf 84' lang='lat' dir='ltr'><strong>martyrium</strong></span> <span class='ocrx_word' id='word_1_272' title='bbox 3136 1254 3230 1294; x_wconf 90' lang='lat' dir='ltr'><strong>eos</strong></span> <span class='ocrx_word' id='word_1_273' title='bbox 3270 1252 3352 1294; x_wconf 89' lang='lat' dir='ltr'><strong>est</strong></span> <span class='ocrx_word' id='word_1_274' title='bbox 3390 1244 3487 1296; x_wconf 88' lang='lat' dir='ltr'><strong>ad-</strong></span> 
     </span>
    </p>
   </div>
   <div class='ocr_carea' id='block_1_42' title="bbox 1902 1326 3487 1397">
    <p class='ocr_par' dir='ltr' id='par_1_42' title="bbox 1902 1326 3487 1397">
     <span class='ocr_line' id='line_1_42' title="bbox 1902 1326 3487 1397; baseline 0.004 -15"><span class='ocrx_word' id='word_1_275' title='bbox 1902 1328 2171 1382; x_wconf 88' lang='lat' dir='ltr'><strong>hortatus.</strong></span> <span class='ocrx_word' id='word_1_276' title='bbox 2202 1326 2429 1383; x_wconf 89' lang='lat' dir='ltr'><strong>Librum</strong></span> <span class='ocrx_word' id='word_1_277' title='bbox 2467 1330 2614 1382; x_wconf 93' lang='lat' dir='ltr'><strong>hunc</strong></span> <span class='ocrx_word' id='word_1_278' title='bbox 2644 1327 2811 1397; x_wconf 84' lang='lat' dir='ltr'><strong>igitur</strong></span> <span class='ocrx_word' id='word_1_279' title='bbox 2831 1328 2885 1382; x_wconf 92' lang='lat' dir='ltr'><strong>in</strong></span> <span class='ocrx_word' id='word_1_280' title='bbox 2905 1327 3228 1385; x_wconf 88' lang='lat' dir='ltr'><strong>Casarieusi</strong></span> <span class='ocrx_word' id='word_1_281' title='bbox 3262 1331 3487 1388; x_wconf 86' lang='lat' dir='ltr'><strong>latibulo</strong></span> 
     </span>
    </p>
   </div>
   <div class='ocr_carea' id='block_1_43' title="bbox 1901 1421 3485 1496">
    <p class='ocr_par' dir='ltr' id='par_1_43' title="bbox 1901 1421 3485 1496">
     <span class='ocr_line' id='line_1_43' title="bbox 1901 1421 3485 1496; baseline 0.006 -22"><span class='ocrx_word' id='word_1_282' title='bbox 1901 1423 2165 1491; x_wconf 92' lang='lat' dir='ltr'><strong>scriptum</strong></span> <span class='ocrx_word' id='word_1_283' title='bbox 2216 1421 2382 1476; x_wconf 88' lang='lat' dir='ltr'><strong>fuisse</strong></span> <span class='ocrx_word' id='word_1_284' title='bbox 2428 1421 2622 1476; x_wconf 89' lang='lat' dir='ltr'><strong>merito</strong></span> <span class='ocrx_word' id='word_1_285' title='bbox 2674 1421 2923 1476; x_wconf 85' lang='lat' dir='ltr'><strong>videmur</strong></span> <span class='ocrx_word' id='word_1_286' title='bbox 2970 1421 3243 1490; x_wconf 86' lang='lat' dir='ltr'><strong>conjicere</strong></span> <span class='ocrx_word' id='word_1_287' title='bbox 3302 1440 3315 1476; x_wconf 88' lang='lat'><strong>:</strong></span> <span class='ocrx_word' id='word_1_288' title='bbox 3373 1441 3485 1496; x_wconf 92' lang='lat' dir='ltr'><strong>quo</strong></span> 
     </span>
    </p>
   </div>
   <div class='ocr_carea' id='block_1_44' title="bbox 1897 1512 3481 1582">
    <p class='ocr_par' dir='ltr' id='par_1_44' title="bbox 1897 1512 3481 1582">
     <span class='ocr_line' id='line_1_44' title="bbox 1897 1512 3481 1582; baseline 0.004 -16"><span class='ocrx_word' id='word_1_289' title='bbox 1897 1528 2027 1567; x_wconf 88' lang='lat' dir='ltr'><strong>vero</strong></span> <span class='ocrx_word' id='word_1_290' title='bbox 2058 1514 2362 1569; x_wconf 87' lang='lat' dir='ltr'><strong>destinatus</strong></span> <span class='ocrx_word' id='word_1_291' title='bbox 2425 1512 2612 1579; x_wconf 86' lang='lat' dir='ltr'><strong>fuerit,</strong></span> <span class='ocrx_word' id='word_1_292' title='bbox 2673 1528 2767 1568; x_wconf 90' lang='lat' dir='ltr'><strong>seu</strong></span> <span class='ocrx_word' id='word_1_293' title='bbox 2807 1512 3006 1582; x_wconf 90' lang='lat' dir='ltr'><strong>quibus</strong></span> <span class='ocrx_word' id='word_1_294' title='bbox 3062 1514 3117 1568; x_wconf 92' lang='lat' dir='ltr'><strong>iu</strong></span> <span class='ocrx_word' id='word_1_295' title='bbox 3167 1514 3301 1571; x_wconf 90' lang='lat' dir='ltr'><strong>locis</strong></span> <span class='ocrx_word' id='word_1_296' title='bbox 3354 1520 3481 1572; x_wconf 90' lang='lat' dir='ltr'><strong>torti</strong></span> 
     </span>
    </p>
   </div>
   <div class='ocr_carea' id='block_1_45' title="bbox 1900 1603 3482 1676">
    <p class='ocr_par' dir='ltr' id='par_1_45' title="bbox 1900 1603 3482 1676">
     <span class='ocr_line' id='line_1_45' title="bbox 1900 1603 3482 1676; baseline 0.003 -19"><span class='ocrx_word' id='word_1_297' title='bbox 1900 1604 2106 1658; x_wconf 89' lang='lat' dir='ltr'><strong>fuerint</strong></span> <span class='ocrx_word' id='word_1_298' title='bbox 2155 1604 2479 1662; x_wconf 86' lang='lat' dir='ltr'><strong>Ambrosius</strong></span> <span class='ocrx_word' id='word_1_299' title='bbox 2528 1615 2585 1660; x_wconf 89' lang='lat' dir='ltr'><strong>et</strong></span> <span class='ocrx_word' id='word_1_300' title='bbox 2640 1603 3011 1670; x_wconf 90' lang='lat' dir='ltr'><strong>Protoctetus,</strong></span> <span class='ocrx_word' id='word_1_301' title='bbox 3067 1606 3117 1660; x_wconf 94' lang='lat' dir='ltr'><strong>id</strong></span> <span class='ocrx_word' id='word_1_302' title='bbox 3167 1607 3482 1676; x_wconf 79' lang='lat' dir='ltr'><strong>conjectura</strong></span> 
     </span>
    </p>
   </div>
   <div class='ocr_carea' id='block_1_46' title="bbox 1902 1696 3483 1769">
    <p class='ocr_par' dir='ltr' id='par_1_46' title="bbox 1902 1696 3483 1769">
     <span class='ocr_line' id='line_1_46' title="bbox 1902 1696 3483 1769; baseline 0.006 -21"><span class='ocrx_word' id='word_1_303' title='bbox 1902 1699 2117 1767; x_wconf 85' lang='lat' dir='ltr'><strong>assequi</strong></span> <span class='ocrx_word' id='word_1_304' title='bbox 2145 1697 2304 1753; x_wconf 87' lang='lat' dir='ltr'><strong>facile</strong></span> <span class='ocrx_word' id='word_1_305' title='bbox 2337 1714 2447 1754; x_wconf 92' lang='lat' dir='ltr'><strong>non</strong></span> <span class='ocrx_word' id='word_1_306' title='bbox 2489 1707 2592 1754; x_wconf 91' lang='lat' dir='ltr'><strong>est.</strong></span> <span class='ocrx_word' id='word_1_307' title='bbox 2622 1696 2715 1753; x_wconf 89' lang='lat' dir='ltr'><strong>Sic</strong></span> <span class='ocrx_word' id='word_1_308' title='bbox 2752 1713 2847 1753; x_wconf 91' lang='lat' dir='ltr'><strong>eos</strong></span> <span class='ocrx_word' id='word_1_309' title='bbox 2890 1699 3187 1768; x_wconf 90' lang='lat' dir='ltr'><strong>alloquitur</strong></span> <span class='ocrx_word' id='word_1_310' title='bbox 3218 1699 3483 1769; x_wconf 83' lang='lat' dir='ltr'><strong>Origenes</strong></span> 
     </span>
    </p>
   </div>
   <div class='ocr_carea' id='block_1_47' title="bbox 1902 1789 3483 1859">
    <p class='ocr_par' dir='ltr' id='par_1_47' title="bbox 1902 1789 3483 1859">
     <span class='ocr_line' id='line_1_47' title="bbox 1902 1789 3483 1859; baseline 0 -18"><span class='ocrx_word' id='word_1_311' title='bbox 1902 1790 1954 1841; x_wconf 88' lang='lat' dir='ltr'><strong>in</strong></span> <span class='ocrx_word' id='word_1_312' title='bbox 1983 1803 2071 1853; x_wconf 89' lang='lat' dir='ltr'><strong>eo,</strong></span> <span class='ocrx_word' id='word_1_313' title='bbox 2111 1789 2179 1844; x_wconf 93' lang='lat' dir='ltr'><strong>de</strong></span> <span class='ocrx_word' id='word_1_314' title='bbox 2210 1805 2316 1859; x_wconf 84' lang='lat' dir='ltr'><strong>quo</strong></span> <span class='ocrx_word' id='word_1_315' title='bbox 2346 1791 2665 1858; x_wconf 86' lang='lat' dir='ltr'><strong>quarimus,</strong></span> <span class='ocrx_word' id='word_1_316' title='bbox 2711 1790 2892 1844; x_wconf 89' lang='lat' dir='ltr'><strong>libello</strong></span> <span class='ocrx_word' id='word_1_317' title='bbox 2931 1806 3083 1844; x_wconf 92' lang='lat' dir='ltr'><strong>num.</strong></span> <span class='ocrx_word' id='word_1_318' title='bbox 3125 1790 3188 1842; x_wconf 76' lang='grc'><strong>41</strong></span> <span class='ocrx_word' id='word_1_319' title='bbox 3225 1809 3236 1843; x_wconf 91' lang='lat'><strong>:</strong></span> <span class='ocrx_word' id='word_1_320' title='bbox 3270 1789 3483 1851; x_wconf 80' lang='grc' dir='ltr'><strong>Παῦλος</strong></span> 
     </span>
    </p>
   </div>
   <div class='ocr_carea' id='block_1_48' title="bbox 1902 1880 3480 1952">
    <p class='ocr_par' dir='ltr' id='par_1_48' title="bbox 1902 1880 3480 1952">
     <span class='ocr_line' id='line_1_48' title="bbox 1902 1880 3480 1952; baseline 0.002 -20"><span class='ocrx_word' id='word_1_321' title='bbox 1902 1880 2001 1950; x_wconf 80' lang='grc' dir='ltr'><strong>μὲν</strong></span> <span class='ocrx_word' id='word_1_322' title='bbox 2047 1880 2273 1949; x_wconf 84' lang='grc' dir='ltr'><strong>λεγέτω,</strong></span> <span class='ocrx_word' id='word_1_323' title='bbox 2308 1882 2358 1933; x_wconf 77' lang='grc' dir='ltr'><strong>εἰ</strong></span> <span class='ocrx_word' id='word_1_324' title='bbox 2412 1880 2552 1935; x_wconf 81' lang='grc' dir='ltr'><strong>κατὰ</strong></span> <span class='ocrx_word' id='word_1_325' title='bbox 2596 1880 2908 1952; x_wconf 78' lang='grc' dir='ltr'>ἄνθρωπον,</span> <span class='ocrx_word' id='word_1_326' title='bbox 2969 1880 3383 1952; x_wconf 79' lang='grc' dir='ltr'><strong>ἐθηριομάχησα</strong></span> <span class='ocrx_word' id='word_1_327' title='bbox 3422 1883 3480 1935; x_wconf 83' lang='grc' dir='ltr'><strong>ὲν</strong></span> 
     </span>
    </p>
   </div>
   <div class='ocr_carea' id='block_1_49' title="bbox 1907 1976 3481 2053">
    <p class='ocr_par' dir='ltr' id='par_1_49' title="bbox 1907 1976 3481 2053">
     <span class='ocr_line' id='line_1_49' title="bbox 1907 1976 3481 2053; baseline 0.004 -24"><span class='ocrx_word' id='word_1_328' title='bbox 1907 1976 2119 2047; x_wconf 79' lang='grc' dir='ltr'><strong>Ἐφέσῳ</strong></span> <span class='ocrx_word' id='word_1_329' title='bbox 2140 1994 2152 2007; x_wconf 89' lang='grc'><strong>·</strong></span> <span class='ocrx_word' id='word_1_330' title='bbox 2209 1979 2371 2048; x_wconf 80' lang='grc' dir='ltr'>ἡμεῖς</span> <span class='ocrx_word' id='word_1_331' title='bbox 2401 1979 2477 2043; x_wconf 84' lang='grc' dir='ltr'><strong>δὲ,</strong></span> <span class='ocrx_word' id='word_1_332' title='bbox 2512 1981 2560 2032; x_wconf 76' lang='grc' dir='ltr'><strong>εἰ</strong></span> <span class='ocrx_word' id='word_1_333' title='bbox 2600 1980 2742 2033; x_wconf 76' lang='grc' dir='ltr'><strong>κατὰ</strong></span> <span class='ocrx_word' id='word_1_334' title='bbox 2773 1979 3085 2051; x_wconf 78' lang='grc' dir='ltr'><strong>ἄνθρωπον,</strong></span> <span class='ocrx_word' id='word_1_335' title='bbox 3120 1980 3391 2053; x_wconf 81' lang='grc' dir='ltr'><strong>ἀνῃρέθην</strong></span> <span class='ocrx_word' id='word_1_336' title='bbox 3420 1982 3481 2035; x_wconf 80' lang='grc' dir='ltr'>ἐν</span> 
     </span>
    </p>
   </div>
   <div class='ocr_carea' id='block_1_50' title="bbox 1894 2071 3474 2143">
    <p class='ocr_par' dir='ltr' id='par_1_50' title="bbox 1894 2071 3474 2143">
     <span class='ocr_line' id='line_1_50' title="bbox 1894 2071 3474 2143; baseline 0.003 -20"><span class='ocrx_word' id='word_1_337' title='bbox 1894 2071 2193 2143; x_wconf 79' lang='grc' dir='ltr'><strong>Γερμανίᾳ.</strong></span> <span class='ocrx_word' id='word_1_338' title='bbox 2235 2091 2254 2124; x_wconf 74' lang='grc' dir='ltr'><strong><em>ι</em></strong></span> <span class='ocrx_word' id='word_1_339' title='bbox 2317 2073 2469 2127; x_wconf 90' lang='lat' dir='ltr'><strong>Dicat</strong></span> <span class='ocrx_word' id='word_1_340' title='bbox 2498 2073 2719 2142; x_wconf 88' lang='lat' dir='ltr'><strong>quidem</strong></span> <span class='ocrx_word' id='word_1_341' title='bbox 2764 2071 3013 2129; x_wconf 89' lang='lat' dir='ltr'><strong>Paulus:</strong></span> <span class='ocrx_word' id='word_1_342' title='bbox 3057 2071 3113 2128; x_wconf 85' lang='lat' dir='ltr'><strong>Si</strong></span> <span class='ocrx_word' id='word_1_343' title='bbox 3147 2074 3474 2139; x_wconf 89' lang='lat' dir='ltr'><strong>(secundum</strong></span> 
     </span>
    </p>
   </div>
   <div class='ocr_carea' id='block_1_51' title="bbox 1897 2162 3473 2234">
    <p class='ocr_par' dir='ltr' id='par_1_51' title="bbox 1897 2162 3473 2234">
     <span class='ocr_line' id='line_1_51' title="bbox 1897 2162 3473 2234; baseline 0.002 -20"><span class='ocrx_word' id='word_1_344' title='bbox 1897 2163 2278 2232; x_wconf 90' lang='lat' dir='ltr'><strong>hominem)ad</strong></span> <span class='ocrx_word' id='word_1_345' title='bbox 2302 2164 2507 2218; x_wconf 89' lang='lat' dir='ltr'><strong>bestias</strong></span> <span class='ocrx_word' id='word_1_346' title='bbox 2529 2162 2761 2234; x_wconf 89' lang='lat' dir='ltr'><strong>pugnavi</strong></span> <span class='ocrx_word' id='word_1_347' title='bbox 2786 2163 2982 2231; x_wconf 85' lang='lat' dir='ltr'><strong>Ephesi</strong></span> <span class='ocrx_word' id='word_1_348' title='bbox 3016 2164 3059 2231; x_wconf 80' lang='lat'><strong>&#39;;</strong></span> <span class='ocrx_word' id='word_1_349' title='bbox 3112 2180 3214 2220; x_wconf 90' lang='lat' dir='ltr'><strong>nos</strong></span> <span class='ocrx_word' id='word_1_350' title='bbox 3238 2176 3419 2220; x_wconf 91' lang='lat' dir='ltr'><strong>autem</strong></span> <span class='ocrx_word' id='word_1_351' title='bbox 3458 2181 3473 2217; x_wconf 91' lang='lat'><strong>:</strong></span> 
     </span>
    </p>
   </div>
   <div class='ocr_carea' id='block_1_52' title="bbox 1895 2255 3477 2326">
    <p class='ocr_par' dir='ltr' id='par_1_52' title="bbox 1895 2255 3477 2326">
     <span class='ocr_line' id='line_1_52' title="bbox 1895 2255 3477 2326; baseline 0.002 -18"><span class='ocrx_word' id='word_1_352' title='bbox 1895 2255 1951 2309; x_wconf 89' lang='lat' dir='ltr'><strong>Si</strong></span> <span class='ocrx_word' id='word_1_353' title='bbox 1982 2255 2304 2325; x_wconf 85' lang='lat' dir='ltr'><strong>(secundum</strong></span> <span class='ocrx_word' id='word_1_354' title='bbox 2334 2256 2636 2326; x_wconf 90' lang='lat' dir='ltr'><strong>hominem)</strong></span> <span class='ocrx_word' id='word_1_355' title='bbox 2666 2256 2981 2311; x_wconf 81' lang='lat' dir='ltr'><strong>interfectus</strong></span> <span class='ocrx_word' id='word_1_356' title='bbox 3013 2269 3132 2311; x_wconf 89' lang='lat' dir='ltr'><strong>sum</strong></span> <span class='ocrx_word' id='word_1_357' title='bbox 3168 2257 3220 2311; x_wconf 91' lang='lat' dir='ltr'><strong>in</strong></span> <span class='ocrx_word' id='word_1_358' title='bbox 3247 2258 3477 2313; x_wconf 88' lang='lat' dir='ltr'><strong>Germa-</strong></span> 
     </span>
    </p>
   </div>
   <div class='ocr_carea' id='block_1_53' title="bbox 1894 2344 3473 2416">
    <p class='ocr_par' dir='ltr' id='par_1_53' title="bbox 1894 2344 3473 2416">
     <span class='ocr_line' id='line_1_53' title="bbox 1894 2344 3473 2416; baseline 0.003 -18"><span class='ocrx_word' id='word_1_359' title='bbox 1894 2344 2004 2399; x_wconf 88' lang='lat' dir='ltr'><strong>nia.</strong></span> <span class='ocrx_word' id='word_1_360' title='bbox 2042 2365 2060 2398; x_wconf 77' lang='grc' dir='ltr'><strong><em>ι</em></strong></span> <span class='ocrx_word' id='word_1_361' title='bbox 2093 2345 2267 2415; x_wconf 86' lang='lat' dir='ltr'><strong>Loqui</strong></span> <span class='ocrx_word' id='word_1_362' title='bbox 2329 2346 2621 2416; x_wconf 89' lang='lat' dir='ltr'><strong>Origenem</strong></span> <span class='ocrx_word' id='word_1_363' title='bbox 2656 2359 2722 2400; x_wconf 84' lang='lat' dir='ltr'><strong>cx</strong></span> <span class='ocrx_word' id='word_1_364' title='bbox 2764 2346 3039 2402; x_wconf 89' lang='lat' dir='ltr'><strong>Ambrosii</strong></span> <span class='ocrx_word' id='word_1_365' title='bbox 3080 2357 3135 2402; x_wconf 91' lang='lat' dir='ltr'><strong>et</strong></span> <span class='ocrx_word' id='word_1_366' title='bbox 3174 2347 3473 2405; x_wconf 87' lang='lat' dir='ltr'><strong>Protocteti</strong></span> 
     </span>
    </p>
   </div>
   <div class='ocr_carea' id='block_1_54' title="bbox 1892 2438 3477 2510">
    <p class='ocr_par' dir='ltr' id='par_1_54' title="bbox 1892 2438 3477 2510">
     <span class='ocr_line' id='line_1_54' title="bbox 1892 2438 3477 2510; baseline 0.002 -18"><span class='ocrx_word' id='word_1_367' title='bbox 1892 2454 2123 2508; x_wconf 90' lang='lat' dir='ltr'><strong>persona</strong></span> <span class='ocrx_word' id='word_1_368' title='bbox 2162 2438 2512 2494; x_wconf 84' lang='lat' dir='ltr'><strong>manifestum</strong></span> <span class='ocrx_word' id='word_1_369' title='bbox 2540 2449 2662 2505; x_wconf 91' lang='lat' dir='ltr'><strong>est;</strong></span> <span class='ocrx_word' id='word_1_370' title='bbox 2695 2438 2900 2492; x_wconf 92' lang='lat' dir='ltr'><strong>nullum</strong></span> <span class='ocrx_word' id='word_1_371' title='bbox 2928 2439 3044 2509; x_wconf 91' lang='lat' dir='ltr'><strong>ipse</strong></span> <span class='ocrx_word' id='word_1_372' title='bbox 3076 2440 3341 2510; x_wconf 86' lang='lat' dir='ltr'><strong>siquidem</strong></span> <span class='ocrx_word' id='word_1_373' title='bbox 3374 2442 3477 2496; x_wconf 88' lang='lat' dir='ltr'><strong>hoc</strong></span> 
     </span>
    </p>
   </div>
   <div class='ocr_carea' id='block_1_55' title="bbox 1894 2530 3476 2601">
    <p class='ocr_par' dir='ltr' id='par_1_55' title="bbox 1894 2530 3476 2601">
     <span class='ocr_line' id='line_1_55' title="bbox 1894 2530 3476 2601; baseline 0.003 -17"><span class='ocrx_word' id='word_1_374' title='bbox 1894 2541 2136 2601; x_wconf 90' lang='lat' dir='ltr'><strong>tempore</strong></span> <span class='ocrx_word' id='word_1_375' title='bbox 2176 2533 2469 2587; x_wconf 90' lang='lat' dir='ltr'><strong>discrimen</strong></span> <span class='ocrx_word' id='word_1_376' title='bbox 2514 2532 2671 2589; x_wconf 91' lang='lat' dir='ltr'><strong>adiit.</strong></span> <span class='ocrx_word' id='word_1_377' title='bbox 2706 2530 2845 2598; x_wconf 84' lang='lat' dir='ltr'><strong>Quid</strong></span> <span class='ocrx_word' id='word_1_378' title='bbox 2876 2532 2947 2586; x_wconf 91' lang='lat' dir='ltr'><strong>sit</strong></span> <span class='ocrx_word' id='word_1_379' title='bbox 2972 2541 3152 2587; x_wconf 88' lang='lat' dir='ltr'><strong>autem</strong></span> <span class='ocrx_word' id='word_1_380' title='bbox 3186 2532 3476 2588; x_wconf 85' lang='lat' dir='ltr'><strong>Germania</strong></span> 
     </span>
    </p>
   </div>
   <div class='ocr_carea' id='block_1_56' title="bbox 1894 2622 3477 2694">
    <p class='ocr_par' dir='ltr' id='par_1_56' title="bbox 1894 2622 3477 2694">
     <span class='ocr_line' id='line_1_56' title="bbox 1894 2622 3477 2694; baseline 0 -17"><span class='ocrx_word' id='word_1_381' title='bbox 1894 2622 2010 2690; x_wconf 90' lang='lat' dir='ltr'><strong>illa,</strong></span> <span class='ocrx_word' id='word_1_382' title='bbox 2044 2639 2241 2694; x_wconf 85' lang='lat' dir='ltr'><strong>magna</strong></span> <span class='ocrx_word' id='word_1_383' title='bbox 2276 2623 2600 2694; x_wconf 91' lang='lat' dir='ltr'><strong>dijudicatio</strong></span> <span class='ocrx_word' id='word_1_384' title='bbox 2627 2632 2731 2678; x_wconf 91' lang='lat' dir='ltr'><strong>est.</strong></span> <span class='ocrx_word' id='word_1_385' title='bbox 2769 2622 3070 2677; x_wconf 88' lang='lat' dir='ltr'><strong>Addubitat</strong></span> <span class='ocrx_word' id='word_1_386' title='bbox 3110 2622 3353 2680; x_wconf 88' lang='lat' dir='ltr'><strong>Ortelius</strong></span> <span class='ocrx_word' id='word_1_387' title='bbox 3381 2640 3477 2678; x_wconf 76' lang='lat' dir='ltr'><strong>an-</strong></span> 
     </span>
    </p>
   </div>
   <div class='ocr_carea' id='block_1_57' title="bbox 1894 2713 3471 2784">
    <p class='ocr_par' dir='ltr' id='par_1_57' title="bbox 1894 2713 3471 2784">
     <span class='ocr_line' id='line_1_57' title="bbox 1894 2713 3471 2784; baseline 0 -17"><span class='ocrx_word' id='word_1_388' title='bbox 1894 2729 1999 2769; x_wconf 91' lang='lat' dir='ltr'><strong>non</strong></span> <span class='ocrx_word' id='word_1_389' title='bbox 2030 2714 2325 2770; x_wconf 88' lang='lat' dir='ltr'><strong>Germania</strong></span> <span class='ocrx_word' id='word_1_390' title='bbox 2360 2715 2432 2770; x_wconf 88' lang='lat' dir='ltr'><strong>sit</strong></span> <span class='ocrx_word' id='word_1_391' title='bbox 2476 2713 2914 2783; x_wconf 88' lang='lat' dir='ltr'><strong>Germanopolis,</strong></span> <span class='ocrx_word' id='word_1_392' title='bbox 2956 2729 3117 2782; x_wconf 86' lang='lat' dir='ltr'><strong>quam</strong></span> <span class='ocrx_word' id='word_1_393' title='bbox 3152 2714 3205 2769; x_wconf 95' lang='lat' dir='ltr'><strong>in</strong></span> <span class='ocrx_word' id='word_1_394' title='bbox 3237 2714 3471 2784; x_wconf 87' lang='lat' dir='ltr'><strong>Paphla-</strong></span> 
     </span>
    </p>
   </div>
   <div class='ocr_carea' id='block_1_58' title="bbox 1890 2806 3471 2878">
    <p class='ocr_par' dir='ltr' id='par_1_58' title="bbox 1890 2806 3471 2878">
     <span class='ocr_line' id='line_1_58' title="bbox 1890 2806 3471 2878; baseline 0.004 -21"><span class='ocrx_word' id='word_1_395' title='bbox 1890 2822 2090 2878; x_wconf 75' lang='lat' dir='ltr'><strong>gonum</strong></span> <span class='ocrx_word' id='word_1_396' title='bbox 2139 2807 2560 2862; x_wconf 85' lang='lat' dir='ltr'><strong>mediterraneis</strong></span> <span class='ocrx_word' id='word_1_397' title='bbox 2614 2806 2848 2861; x_wconf 87' lang='lat' dir='ltr'><strong>collocat</strong></span> <span class='ocrx_word' id='word_1_398' title='bbox 2894 2806 3221 2863; x_wconf 85' lang='lat' dir='ltr'><strong>Ptolemaus</strong></span> <span class='ocrx_word' id='word_1_399' title='bbox 3273 2807 3471 2878; x_wconf 85' lang='lat' dir='ltr'><strong>Geogr.</strong></span> 
     </span>
    </p>
   </div>
   <div class='ocr_carea' id='block_1_59' title="bbox 1891 2897 3485 2969">
    <p class='ocr_par' dir='ltr' id='par_1_59' title="bbox 1891 2897 3485 2969">
     <span class='ocr_line' id='line_1_59' title="bbox 1891 2897 3485 2969; baseline 0.002 -17"><span class='ocrx_word' id='word_1_400' title='bbox 1891 2898 1986 2953; x_wconf 89' lang='lat' dir='ltr'><strong>lib.</strong></span> <span class='ocrx_word' id='word_1_401' title='bbox 2017 2913 2077 2963; x_wconf 63' lang='lat' dir='ltr'><strong>~v,</strong></span> <span class='ocrx_word' id='word_1_402' title='bbox 2106 2913 2229 2966; x_wconf 89' lang='lat' dir='ltr'><strong>cap.</strong></span> <span class='ocrx_word' id='word_1_403' title='bbox 2269 2897 2789 2969; x_wconf 85' lang='lat' dir='ltr'><strong>6,Gertnauopolim</strong></span> <span class='ocrx_word' id='word_1_404' title='bbox 2822 2910 3006 2953; x_wconf 92' lang='lat' dir='ltr'><strong>autem</strong></span> <span class='ocrx_word' id='word_1_405' title='bbox 3056 2899 3303 2954; x_wconf 89' lang='lat' dir='ltr'><strong>eamdem</strong></span> <span class='ocrx_word' id='word_1_406' title='bbox 3352 2914 3485 2955; x_wconf 82' lang='lat' dir='ltr'><strong>esse.</strong></span> 
     </span>
    </p>
   </div>
   <div class='ocr_carea' id='block_1_60' title="bbox 1888 2988 3474 3062">
    <p class='ocr_par' dir='ltr' id='par_1_60' title="bbox 1888 2988 3474 3062">
     <span class='ocr_line' id='line_1_60' title="bbox 1888 2988 3474 3062; baseline -0.001 -15"><span class='ocrx_word' id='word_1_407' title='bbox 1888 2992 2198 3061; x_wconf 81' lang='lat' dir='ltr'><strong>suspicatur</strong></span> <span class='ocrx_word' id='word_1_408' title='bbox 2225 3005 2290 3045; x_wconf 91' lang='lat' dir='ltr'><strong>ac</strong></span> <span class='ocrx_word' id='word_1_409' title='bbox 2320 2989 2820 3060; x_wconf 89' lang='lat' dir='ltr'><strong>Germanicopolim</strong></span> <span class='ocrx_word' id='word_1_410' title='bbox 2854 2988 3014 3044; x_wconf 88' lang='lat' dir='ltr'><strong>Plinii</strong></span> <span class='ocrx_word' id='word_1_411' title='bbox 3049 2989 3183 3060; x_wconf 81' lang='lat'><strong>(86),</strong></span> <span class='ocrx_word' id='word_1_412' title='bbox 3208 2990 3259 3044; x_wconf 91' lang='lat' dir='ltr'><strong>in</strong></span> <span class='ocrx_word' id='word_1_413' title='bbox 3286 2989 3474 3062; x_wconf 78' lang='lat' dir='ltr'><strong>Ilithy-</strong></span> 
     </span>
    </p>
   </div>
   <div class='ocr_carea' id='block_1_61' title="bbox 208 3078 3473 3156">
    <p class='ocr_par' dir='ltr' id='par_1_61' title="bbox 208 3078 3473 3156">
     <span class='ocr_line' id='line_1_61' title="bbox 208 3078 3473 3156; baseline 0 -20"><span class='ocrx_word' id='word_1_414' title='bbox 208 3081 686 3137; x_wconf 89' lang='lat' dir='ltr'><strong>iustructissimam</strong></span> <span class='ocrx_word' id='word_1_415' title='bbox 716 3094 747 3135; x_wconf 88' lang='lat' dir='ltr'><strong>a</strong></span> <span class='ocrx_word' id='word_1_416' title='bbox 772 3078 1097 3151; x_wconf 85' lang='lat' dir='ltr'><strong>Symmacho</strong></span> <span class='ocrx_word' id='word_1_417' title='bbox 1121 3079 1475 3137; x_wconf 82' lang='lat' dir='ltr'><strong>hareditario</strong></span> <span class='ocrx_word' id='word_1_418' title='bbox 1497 3080 1620 3151; x_wconf 89' lang='lat' dir='ltr'><strong>jure</strong></span> <span class='ocrx_word' id='word_1_419' title='bbox 1644 3083 1784 3139; x_wconf 89' lang='lat' dir='ltr'><strong>obti-</strong></span> <span class='ocrx_word' id='word_1_420' title='bbox 1810 3098 1852 3156; x_wconf 72' lang='grc' dir='ltr'>α</span> <span class='ocrx_word' id='word_1_421' title='bbox 1891 3083 1978 3136; x_wconf 84' lang='lat' dir='ltr'><strong>nia</strong></span> <span class='ocrx_word' id='word_1_422' title='bbox 2008 3082 2076 3136; x_wconf 87' lang='lat' dir='ltr'><strong>ad</strong></span> <span class='ocrx_word' id='word_1_423' title='bbox 2105 3095 2257 3136; x_wconf 88' lang='lat' dir='ltr'><strong>mare</strong></span> <span class='ocrx_word' id='word_1_424' title='bbox 2282 3081 2466 3136; x_wconf 91' lang='lat' dir='ltr'><strong>sitam.</strong></span> <span class='ocrx_word' id='word_1_425' title='bbox 2498 3081 2635 3136; x_wconf 84' lang='lat' dir='ltr'><strong>Falli</strong></span> <span class='ocrx_word' id='word_1_426' title='bbox 2668 3082 2819 3136; x_wconf 91' lang='lat' dir='ltr'><strong>illum</strong></span> <span class='ocrx_word' id='word_1_427' title='bbox 2850 3090 2960 3135; x_wconf 90' lang='lat' dir='ltr'><strong>tam</strong></span> <span class='ocrx_word' id='word_1_428' title='bbox 2991 3083 3129 3145; x_wconf 91' lang='lat' dir='ltr'><strong>scio,</strong></span> <span class='ocrx_word' id='word_1_429' title='bbox 3158 3096 3321 3151; x_wconf 90' lang='lat' dir='ltr'><strong>quam</strong></span> <span class='ocrx_word' id='word_1_430' title='bbox 3358 3084 3473 3137; x_wconf 90' lang='lat' dir='ltr'><strong>scio</strong></span> 
     </span>
    </p>
   </div>
   <div class='ocr_carea' id='block_1_62' title="bbox 207 3176 391 3231">
    <p class='ocr_par' dir='ltr' id='par_1_62' title="bbox 207 3176 391 3231">
     <span class='ocr_line' id='line_1_62' title="bbox 207 3176 391 3231; baseline -0.011 -1"><span class='ocrx_word' id='word_1_431' title='bbox 207 3176 391 3231; x_wconf 87' lang='lat' dir='ltr'><strong>nebat.</strong></span> 
     </span>
    </p>
   </div>
   <div class='ocr_carea' id='block_1_63' title="bbox 282 3261 1785 3335">
    <p class='ocr_par' dir='ltr' id='par_1_63' title="bbox 282 3261 1785 3335">
     <span class='ocr_line' id='line_1_63' title="bbox 282 3261 1785 3335; baseline 0.001 -16"><span class='ocrx_word' id='word_1_432' title='bbox 282 3265 368 3320; x_wconf 94' lang='lat' dir='ltr'><strong>Ill.</strong></span> <span class='ocrx_word' id='word_1_433' title='bbox 403 3264 517 3320; x_wconf 93' lang='lat' dir='ltr'><strong>Illic</strong></span> <span class='ocrx_word' id='word_1_434' title='bbox 557 3263 769 3335; x_wconf 90' lang='lat' dir='ltr'><strong>insigne</strong></span> <span class='ocrx_word' id='word_1_435' title='bbox 801 3261 1164 3332; x_wconf 72' lang='lat' dir='ltr'><strong>Hexaplorum</strong></span> <span class='ocrx_word' id='word_1_436' title='bbox 1197 3272 1463 3333; x_wconf 83' lang='lat' dir='ltr'><strong>Opustum</strong></span> <span class='ocrx_word' id='word_1_437' title='bbox 1494 3263 1785 3320; x_wconf 89' lang='lat' dir='ltr'><strong>inchoasse</strong></span> 
     </span>
    </p>
   </div>
   <div class='ocr_carea' id='block_1_64' title="bbox 208 3354 1781 3426">
    <p class='ocr_par' dir='ltr' id='par_1_64' title="bbox 208 3354 1781 3426">
     <span class='ocr_line' id='line_1_64' title="bbox 208 3354 1781 3426; baseline -0.001 -15"><span class='ocrx_word' id='word_1_438' title='bbox 208 3356 502 3426; x_wconf 89' lang='lat' dir='ltr'><strong>Origenem</strong></span> <span class='ocrx_word' id='word_1_439' title='bbox 556 3356 831 3420; x_wconf 82' lang='lat' dir='ltr'><strong>existimo,</strong></span> <span class='ocrx_word' id='word_1_440' title='bbox 884 3354 1181 3407; x_wconf 82' lang='lat' dir='ltr'><strong>maximam</strong></span> <span class='ocrx_word' id='word_1_441' title='bbox 1241 3363 1458 3409; x_wconf 91' lang='lat' dir='ltr'><strong>nactum</strong></span> <span class='ocrx_word' id='word_1_442' title='bbox 1514 3355 1781 3410; x_wconf 86' lang='lat' dir='ltr'><strong>librorum</strong></span> 
     </span>
    </p>
   </div>
   <div class='ocr_carea' id='block_1_65' title="bbox 206 3447 1782 3519">
    <p class='ocr_par' dir='ltr' id='par_1_65' title="bbox 206 3447 1782 3519">
     <span class='ocr_line' id='line_1_65' title="bbox 206 3447 1782 3519; baseline -0.001 -16"><span class='ocrx_word' id='word_1_443' title='bbox 206 3448 620 3519; x_wconf 81' lang='lat' dir='ltr'><strong>supelleCIilem,</strong></span> <span class='ocrx_word' id='word_1_444' title='bbox 672 3457 727 3502; x_wconf 91' lang='lat' dir='ltr'><strong>et</strong></span> <span class='ocrx_word' id='word_1_445' title='bbox 750 3447 1257 3516; x_wconf 87' lang='lat' dir='ltr'><strong>interpretationum</strong></span> <span class='ocrx_word' id='word_1_446' title='bbox 1288 3449 1589 3516; x_wconf 84' lang='lat' dir='ltr'><strong>praesertim</strong></span> <span class='ocrx_word' id='word_1_447' title='bbox 1626 3449 1782 3503; x_wconf 86' lang='lat' dir='ltr'><strong>Scri-</strong></span> 
     </span>
    </p>
   </div>
   <div class='ocr_carea' id='block_1_66' title="bbox 207 3538 1778 3612">
    <p class='ocr_par' dir='ltr' id='par_1_66' title="bbox 207 3538 1778 3612">
     <span class='ocr_line' id='line_1_66' title="bbox 207 3538 1778 3612; baseline 0 -17"><span class='ocrx_word' id='word_1_448' title='bbox 207 3553 403 3612; x_wconf 87' lang='lat' dir='ltr'><strong>ptura,</strong></span> <span class='ocrx_word' id='word_1_449' title='bbox 436 3556 571 3610; x_wconf 89' lang='lat' dir='ltr'><strong>quas</strong></span> <span class='ocrx_word' id='word_1_450' title='bbox 617 3540 670 3594; x_wconf 91' lang='lat' dir='ltr'><strong>in</strong></span> <span class='ocrx_word' id='word_1_451' title='bbox 732 3555 862 3596; x_wconf 93' lang='lat' dir='ltr'><strong>suos</strong></span> <span class='ocrx_word' id='word_1_452' title='bbox 890 3554 1020 3595; x_wconf 89' lang='lat' dir='ltr'><strong>usus</strong></span> <span class='ocrx_word' id='word_1_453' title='bbox 1067 3540 1349 3611; x_wconf 87' lang='lat' dir='ltr'><strong>collegisse</strong></span> <span class='ocrx_word' id='word_1_454' title='bbox 1390 3538 1778 3611; x_wconf 85' lang='lat' dir='ltr'><strong>Symmachum</strong></span> 
     </span>
    </p>
   </div>
   <div class='ocr_carea' id='block_1_67' title="bbox 203 3630 1782 3701">
    <p class='ocr_par' dir='ltr' id='par_1_67' title="bbox 203 3630 1782 3701">
     <span class='ocr_line' id='line_1_67' title="bbox 203 3630 1782 3701; baseline 0 -16"><span class='ocrx_word' id='word_1_455' title='bbox 203 3632 503 3687; x_wconf 84' lang='lat' dir='ltr'><strong>verisimile</strong></span> <span class='ocrx_word' id='word_1_456' title='bbox 532 3640 639 3698; x_wconf 91' lang='lat' dir='ltr'><strong>est,</strong></span> <span class='ocrx_word' id='word_1_457' title='bbox 672 3647 794 3687; x_wconf 93' lang='lat' dir='ltr'><strong>cum</strong></span> <span class='ocrx_word' id='word_1_458' title='bbox 830 3631 943 3701; x_wconf 89' lang='lat' dir='ltr'><strong>ipse</strong></span> <span class='ocrx_word' id='word_1_459' title='bbox 975 3646 1128 3685; x_wconf 88' lang='lat' dir='ltr'><strong>suam</strong></span> <span class='ocrx_word' id='word_1_460' title='bbox 1165 3631 1476 3685; x_wconf 91' lang='lat' dir='ltr'><strong>adornaret.</strong></span> <span class='ocrx_word' id='word_1_461' title='bbox 1509 3630 1627 3685; x_wconf 74' lang='lat' dir='ltr'><strong>lam</strong></span> <span class='ocrx_word' id='word_1_462' title='bbox 1669 3633 1782 3701; x_wconf 90' lang='lat' dir='ltr'><strong>pri-</strong></span> 
     </span>
    </p>
   </div>
   <div class='ocr_carea' id='block_1_68' title="bbox 204 3723 1781 3795">
    <p class='ocr_par' dir='ltr' id='par_1_68' title="bbox 204 3723 1781 3795">
     <span class='ocr_line' id='line_1_68' title="bbox 204 3723 1781 3795; baseline -0.003 -14"><span class='ocrx_word' id='word_1_463' title='bbox 204 3742 350 3781; x_wconf 70' lang='lat' dir='ltr'><strong>mum</strong></span> <span class='ocrx_word' id='word_1_464' title='bbox 384 3726 599 3795; x_wconf 91' lang='lat' dir='ltr'><strong>quidem</strong></span> <span class='ocrx_word' id='word_1_465' title='bbox 642 3739 831 3780; x_wconf 92' lang='lat' dir='ltr'><strong>eorum</strong></span> <span class='ocrx_word' id='word_1_466' title='bbox 872 3723 1295 3791; x_wconf 89' lang='lat' dir='ltr'><strong>descriptionem</strong></span> <span class='ocrx_word' id='word_1_467' title='bbox 1327 3723 1510 3779; x_wconf 89' lang='lat' dir='ltr'><strong>animo</strong></span> <span class='ocrx_word' id='word_1_468' title='bbox 1554 3724 1781 3793; x_wconf 79' lang='lat' dir='ltr'><strong>prafor-</strong></span> 
     </span>
    </p>
   </div>
   <div class='ocr_carea' id='block_1_69' title="bbox 205 3814 1778 3885">
    <p class='ocr_par' dir='ltr' id='par_1_69' title="bbox 205 3814 1778 3885">
     <span class='ocr_line' id='line_1_69' title="bbox 205 3814 1778 3885; baseline -0.001 -12"><span class='ocrx_word' id='word_1_469' title='bbox 205 3834 410 3881; x_wconf 85' lang='lat' dir='ltr'><strong>masse,</strong></span> <span class='ocrx_word' id='word_1_470' title='bbox 438 3831 560 3870; x_wconf 91' lang='lat' dir='ltr'><strong>cum</strong></span> <span class='ocrx_word' id='word_1_471' title='bbox 593 3824 913 3871; x_wconf 88' lang='lat' dir='ltr'><strong>versaretur</strong></span> <span class='ocrx_word' id='word_1_472' title='bbox 957 3814 1327 3879; x_wconf 81' lang='lat' dir='ltr'><strong>Alexandria,</strong></span> <span class='ocrx_word' id='word_1_473' title='bbox 1377 3815 1778 3885; x_wconf 90' lang='lat' dir='ltr'><strong>nonnullasque</strong></span> 
     </span>
    </p>
   </div>
   <div class='ocr_carea' id='block_1_70' title="bbox 204 3909 1777 3980">
    <p class='ocr_par' dir='ltr' id='par_1_70' title="bbox 204 3909 1777 3980">
     <span class='ocr_line' id='line_1_70' title="bbox 204 3909 1777 3980; baseline -0.002 -14"><span class='ocrx_word' id='word_1_474' title='bbox 204 3912 276 3966; x_wconf 86' lang='lat' dir='ltr'><strong>ad</strong></span> <span class='ocrx_word' id='word_1_475' title='bbox 305 3911 355 3965; x_wconf 91' lang='lat' dir='ltr'><strong>id</strong></span> <span class='ocrx_word' id='word_1_476' title='bbox 392 3910 689 3980; x_wconf 82' lang='lat' dir='ltr'><strong>Scriptura</strong></span> <span class='ocrx_word' id='word_1_477' title='bbox 736 3911 1218 3980; x_wconf 91' lang='lat' dir='ltr'><strong>interpretationes</strong></span> <span class='ocrx_word' id='word_1_478' title='bbox 1245 3909 1533 3978; x_wconf 72' lang='lat' dir='ltr'><strong>collegisse</strong></span> <span class='ocrx_word' id='word_1_479' title='bbox 1562 3917 1617 3964; x_wconf 93' lang='lat' dir='ltr'><strong>et</strong></span> <span class='ocrx_word' id='word_1_480' title='bbox 1646 3924 1777 3963; x_wconf 87' lang='lat' dir='ltr'><strong>con-</strong></span> 
     </span>
    </p>
   </div>
   <div class='ocr_carea' id='block_1_71' title="bbox 200 4000 1776 4075">
    <p class='ocr_par' dir='ltr' id='par_1_71' title="bbox 200 4000 1776 4075">
     <span class='ocr_line' id='line_1_71' title="bbox 200 4000 1776 4075; baseline -0.003 -16"><span class='ocrx_word' id='word_1_481' title='bbox 200 4004 391 4059; x_wconf 86' lang='lat' dir='ltr'><strong>tulisse</strong></span> <span class='ocrx_word' id='word_1_482' title='bbox 432 4004 740 4075; x_wconf 87' lang='lat' dir='ltr'><strong>significare</strong></span> <span class='ocrx_word' id='word_1_483' title='bbox 768 4002 980 4057; x_wconf 90' lang='lat' dir='ltr'><strong>videtur</strong></span> <span class='ocrx_word' id='word_1_484' title='bbox 1016 4002 1302 4068; x_wconf 90' lang='lat' dir='ltr'><strong>Eusebius,</strong></span> <span class='ocrx_word' id='word_1_485' title='bbox 1339 4000 1482 4055; x_wconf 82' lang='lat' dir='ltr'><strong>Hist.</strong></span> <span class='ocrx_word' id='word_1_486' title='bbox 1536 4016 1655 4072; x_wconf 89' lang='lat' dir='ltr'><strong>cap.</strong></span> <span class='ocrx_word' id='word_1_487' title='bbox 1692 4001 1776 4064; x_wconf 80' lang='grc'><strong>16,</strong></span> 
     </span>
    </p>
   </div>
   <div class='ocr_carea' id='block_1_72' title="bbox 197 4090 1778 4163">
    <p class='ocr_par' dir='ltr' id='par_1_72' title="bbox 197 4090 1778 4163">
     <span class='ocr_line' id='line_1_72' title="bbox 197 4090 1778 4163; baseline -0.003 -16"><span class='ocrx_word' id='word_1_488' title='bbox 197 4109 342 4163; x_wconf 87' lang='lat' dir='ltr'><strong>quas</strong></span> <span class='ocrx_word' id='word_1_489' title='bbox 388 4105 443 4149; x_wconf 91' lang='lat' dir='ltr'><strong>et</strong></span> <span class='ocrx_word' id='word_1_490' title='bbox 494 4093 705 4162; x_wconf 91' lang='lat' dir='ltr'><strong>magnis</strong></span> <span class='ocrx_word' id='word_1_491' title='bbox 754 4093 929 4160; x_wconf 90' lang='lat' dir='ltr'><strong>ipsum</strong></span> <span class='ocrx_word' id='word_1_492' title='bbox 988 4092 1299 4161; x_wconf 87' lang='lat' dir='ltr'><strong>sumptibus</strong></span> <span class='ocrx_word' id='word_1_493' title='bbox 1355 4090 1651 4144; x_wconf 87' lang='lat' dir='ltr'><strong>redemisse</strong></span> <span class='ocrx_word' id='word_1_494' title='bbox 1702 4092 1778 4143; x_wconf 90' lang='lat' dir='ltr'><strong>ait</strong></span> 
     </span>
    </p>
   </div>
   <div class='ocr_carea' id='block_1_73' title="bbox 197 4180 1777 4256">
    <p class='ocr_par' dir='ltr' id='par_1_73' title="bbox 197 4180 1777 4256">
     <span class='ocr_line' id='line_1_73' title="bbox 197 4180 1777 4256; baseline -0.004 -15"><span class='ocrx_word' id='word_1_495' title='bbox 197 4187 563 4256; x_wconf 79' lang='lat' dir='ltr'><strong>Hieronymus</strong></span> <span class='ocrx_word' id='word_1_496' title='bbox 598 4184 749 4254; x_wconf 80' lang='lat' dir='ltr'><strong>Apol.</strong></span> <span class='ocrx_word' id='word_1_497' title='bbox 787 4184 844 4237; x_wconf 78' lang='lat' dir='ltr'><strong>in</strong></span> <span class='ocrx_word' id='word_1_498' title='bbox 874 4182 1079 4251; x_wconf 61' lang='lat' dir='ltr'><strong>Ila/511.,</strong></span> <span class='ocrx_word' id='word_1_499' title='bbox 1116 4183 1207 4237; x_wconf 91' lang='lat' dir='ltr'><strong>lib.</strong></span> <span class='ocrx_word' id='word_1_500' title='bbox 1244 4197 1305 4245; x_wconf 89' lang='lat' dir='ltr'><strong>tt,</strong></span> <span class='ocrx_word' id='word_1_501' title='bbox 1338 4196 1459 4251; x_wconf 82' lang='lat' dir='ltr'><strong>cap.</strong></span> <span class='ocrx_word' id='word_1_502' title='bbox 1493 4180 1545 4235; x_wconf 88' lang='lat'><strong>9.</strong></span> <span class='ocrx_word' id='word_1_503' title='bbox 1596 4181 1777 4235; x_wconf 88' lang='lat' dir='ltr'><strong>Casa-</strong></span> 
     </span>
    </p>
   </div>
   <div class='ocr_carea' id='block_1_74' title="bbox 194 4272 1776 4345">
    <p class='ocr_par' dir='ltr' id='par_1_74' title="bbox 194 4272 1776 4345">
     <span class='ocr_line' id='line_1_74' title="bbox 194 4272 1776 4345; baseline -0.003 -15"><span class='ocrx_word' id='word_1_504' title='bbox 194 4292 308 4331; x_wconf 84' lang='lat' dir='ltr'><strong>rea</strong></span> <span class='ocrx_word' id='word_1_505' title='bbox 335 4291 462 4331; x_wconf 89' lang='lat' dir='ltr'><strong>vero</strong></span> <span class='ocrx_word' id='word_1_506' title='bbox 482 4274 837 4345; x_wconf 87' lang='lat' dir='ltr'><strong>Cappadocia</strong></span> <span class='ocrx_word' id='word_1_507' title='bbox 857 4274 999 4327; x_wconf 90' lang='lat' dir='ltr'><strong>serio</strong></span> <span class='ocrx_word' id='word_1_508' title='bbox 1028 4288 1249 4326; x_wconf 86' lang='lat' dir='ltr'><strong>manum</strong></span> <span class='ocrx_word' id='word_1_509' title='bbox 1285 4274 1433 4340; x_wconf 80' lang='lat' dir='ltr'><strong>Operi</strong></span> <span class='ocrx_word' id='word_1_510' title='bbox 1465 4272 1776 4325; x_wconf 54' lang='lat' dir='ltr'><strong>admovisse</strong></span> 
     </span>
    </p>
   </div>
   <div class='ocr_carea' id='block_1_75' title="bbox 190 4364 1770 4440">
    <p class='ocr_par' dir='ltr' id='par_1_75' title="bbox 190 4364 1770 4440">
     <span class='ocr_line' id='line_1_75' title="bbox 190 4364 1770 4440; baseline -0.005 -16"><span class='ocrx_word' id='word_1_511' title='bbox 190 4381 354 4439; x_wconf 87' lang='lat' dir='ltr'><strong>puto.</strong></span> <span class='ocrx_word' id='word_1_512' title='bbox 385 4369 513 4440; x_wconf 90' lang='lat' dir='ltr'><strong>Tyri</strong></span> <span class='ocrx_word' id='word_1_513' title='bbox 550 4369 766 4438; x_wconf 89' lang='lat' dir='ltr'><strong>penitus</strong></span> <span class='ocrx_word' id='word_1_514' title='bbox 805 4366 1128 4421; x_wconf 90' lang='lat' dir='ltr'><strong>absolvisse.</strong></span> <span class='ocrx_word' id='word_1_515' title='bbox 1183 4364 1262 4418; x_wconf 80' lang='lat' dir='ltr'><strong>Ex</strong></span> <span class='ocrx_word' id='word_1_516' title='bbox 1299 4380 1406 4433; x_wconf 91' lang='lat' dir='ltr'><strong>quo</strong></span> <span class='ocrx_word' id='word_1_517' title='bbox 1449 4364 1770 4434; x_wconf 88' lang='lat' dir='ltr'><strong>intelligitur</strong></span> 
     </span>
    </p>
   </div>
   <div class='ocr_carea' id='block_1_76' title="bbox 191 4450 1849 4532">
    <p class='ocr_par' dir='ltr' id='par_1_76' title="bbox 191 4450 1849 4532">
     <span class='ocr_line' id='line_1_76' title="bbox 191 4450 1849 4532; baseline -0.007 -16"><span class='ocrx_word' id='word_1_518' title='bbox 191 4461 487 4532; x_wconf 87' lang='lat' dir='ltr'><strong>Epiphanii</strong></span> <span class='ocrx_word' id='word_1_519' title='bbox 539 4461 696 4526; x_wconf 89' lang='lat' dir='ltr'><strong>ratio,</strong></span> <span class='ocrx_word' id='word_1_520' title='bbox 733 4459 861 4531; x_wconf 89' lang='lat' dir='ltr'><strong>Tyri</strong></span> <span class='ocrx_word' id='word_1_521' title='bbox 912 4473 973 4513; x_wconf 84' lang='lat' dir='ltr'><strong>ea</strong></span> <span class='ocrx_word' id='word_1_522' title='bbox 1024 4458 1299 4513; x_wconf 89' lang='lat' dir='ltr'><strong>elaborata</strong></span> <span class='ocrx_word' id='word_1_523' title='bbox 1358 4456 1524 4511; x_wconf 90' lang='lat' dir='ltr'><strong>fuisse</strong></span> <span class='ocrx_word' id='word_1_524' title='bbox 1573 4454 1771 4509; x_wconf 84' lang='lat' dir='ltr'><strong>testifi-</strong></span> <span class='ocrx_word' id='word_1_525' title='bbox 1805 4450 1849 4505; x_wconf 88' lang='lat' dir='ltr'><strong>D</strong></span> 
     </span>
    </p>
   </div>
   <div class='ocr_carea' id='block_1_77' title="bbox 188 4548 1768 4622">
    <p class='ocr_par' dir='ltr' id='par_1_77' title="bbox 188 4548 1768 4622">
     <span class='ocr_line' id='line_1_77' title="bbox 188 4548 1768 4622; baseline -0.005 -13"><span class='ocrx_word' id='word_1_526' title='bbox 188 4555 395 4619; x_wconf 87' lang='lat' dir='ltr'><strong>cautis,</strong></span> <span class='ocrx_word' id='word_1_527' title='bbox 423 4554 526 4608; x_wconf 89' lang='lat' dir='ltr'><strong>hoc</strong></span> <span class='ocrx_word' id='word_1_528' title='bbox 557 4561 660 4617; x_wconf 88' lang='lat' dir='ltr'><strong>est,</strong></span> <span class='ocrx_word' id='word_1_529' title='bbox 688 4552 883 4621; x_wconf 91' lang='lat' dir='ltr'><strong>partim</strong></span> <span class='ocrx_word' id='word_1_530' title='bbox 915 4550 1066 4622; x_wconf 89' lang='lat' dir='ltr'><strong>Tyri,</strong></span> <span class='ocrx_word' id='word_1_531' title='bbox 1106 4550 1307 4620; x_wconf 88' lang='lat' dir='ltr'><strong>partim</strong></span> <span class='ocrx_word' id='word_1_532' title='bbox 1341 4550 1396 4602; x_wconf 94' lang='lat' dir='ltr'><strong>in</strong></span> <span class='ocrx_word' id='word_1_533' title='bbox 1434 4550 1500 4603; x_wconf 90' lang='lat' dir='ltr'><strong>iis</strong></span> <span class='ocrx_word' id='word_1_534' title='bbox 1530 4548 1687 4612; x_wconf 91' lang='lat' dir='ltr'><strong>locis,</strong></span> <span class='ocrx_word' id='word_1_535' title='bbox 1716 4548 1768 4601; x_wconf 93' lang='lat' dir='ltr'><strong>in</strong></span> 
     </span>
    </p>
   </div>
   <div class='ocr_carea' id='block_1_78' title="bbox 189 4639 1763 4716">
    <p class='ocr_par' dir='ltr' id='par_1_78' title="bbox 189 4639 1763 4716">
     <span class='ocr_line' id='line_1_78' title="bbox 189 4639 1763 4716; baseline -0.007 -17"><span class='ocrx_word' id='word_1_536' title='bbox 189 4645 393 4716; x_wconf 90' lang='lat' dir='ltr'><strong>quibus</strong></span> <span class='ocrx_word' id='word_1_537' title='bbox 420 4659 626 4700; x_wconf 88' lang='lat' dir='ltr'><strong>moram</strong></span> <span class='ocrx_word' id='word_1_538' title='bbox 655 4642 781 4697; x_wconf 86' lang='lat' dir='ltr'><strong>fecit</strong></span> <span class='ocrx_word' id='word_1_539' title='bbox 815 4642 1075 4712; x_wconf 87' lang='lat' dir='ltr'><strong>Origenes</strong></span> <span class='ocrx_word' id='word_1_540' title='bbox 1107 4639 1302 4711; x_wconf 89' lang='lat' dir='ltr'><strong>viginti</strong></span> <span class='ocrx_word' id='word_1_541' title='bbox 1331 4648 1457 4694; x_wconf 89' lang='lat' dir='ltr'><strong>octo</strong></span> <span class='ocrx_word' id='word_1_542' title='bbox 1494 4651 1763 4692; x_wconf 90' lang='lat' dir='ltr'><strong>annorum</strong></span> 
     </span>
    </p>
   </div>
   <div class='ocr_carea' id='block_1_79' title="bbox 186 4728 1762 4805">
    <p class='ocr_par' dir='ltr' id='par_1_79' title="bbox 186 4728 1762 4805">
     <span class='ocr_line' id='line_1_79' title="bbox 186 4728 1762 4805; baseline -0.004 -14"><span class='ocrx_word' id='word_1_543' title='bbox 186 4738 450 4800; x_wconf 86' lang='lat' dir='ltr'><strong>decursu,</strong></span> <span class='ocrx_word' id='word_1_544' title='bbox 512 4750 649 4805; x_wconf 91' lang='lat' dir='ltr'><strong>quos</strong></span> <span class='ocrx_word' id='word_1_545' title='bbox 694 4734 825 4805; x_wconf 88' lang='lat' dir='ltr'><strong>Tyri</strong></span> <span class='ocrx_word' id='word_1_546' title='bbox 877 4743 1029 4788; x_wconf 88' lang='lat' dir='ltr'><strong>actos</strong></span> <span class='ocrx_word' id='word_1_547' title='bbox 1077 4731 1415 4801; x_wconf 89' lang='lat' dir='ltr'><strong>Epiphanius</strong></span> <span class='ocrx_word' id='word_1_548' title='bbox 1465 4728 1579 4801; x_wconf 72' lang='grc'><strong>(84)</strong></span> <span class='ocrx_word' id='word_1_549' title='bbox 1623 4729 1762 4784; x_wconf 88' lang='lat' dir='ltr'><strong>falso</strong></span> 
     </span>
    </p>
   </div>
   <div class='ocr_carea' id='block_1_80' title="bbox 188 4821 1758 4881">
    <p class='ocr_par' dir='ltr' id='par_1_80' title="bbox 188 4821 1758 4881">
     <span class='ocr_line' id='line_1_80' title="bbox 188 4821 1758 4881; baseline -0.004 -1"><span class='ocrx_word' id='word_1_550' title='bbox 188 4826 580 4881; x_wconf 82' lang='lat' dir='ltr'><strong>arbitrabatur.</strong></span> <span class='ocrx_word' id='word_1_551' title='bbox 611 4825 737 4880; x_wconf 90' lang='lat' dir='ltr'><strong>Hac</strong></span> <span class='ocrx_word' id='word_1_552' title='bbox 786 4840 816 4878; x_wconf 89' lang='lat' dir='ltr'><strong>a</strong></span> <span class='ocrx_word' id='word_1_553' title='bbox 851 4824 1008 4879; x_wconf 89' lang='lat' dir='ltr'><strong>nobis</strong></span> <span class='ocrx_word' id='word_1_554' title='bbox 1064 4825 1449 4878; x_wconf 88' lang='lat' dir='ltr'><strong>tractabuntur</strong></span> <span class='ocrx_word' id='word_1_555' title='bbox 1502 4821 1758 4876; x_wconf 88' lang='lat' dir='ltr'><strong>inferius.</strong></span> 
     </span>
    </p>
   </div>
   <div class='ocr_carea' id='block_1_81' title="bbox 185 4913 1766 4983">
    <p class='ocr_par' dir='ltr' id='par_1_81' title="bbox 185 4913 1766 4983">
     <span class='ocr_line' id='line_1_81' title="bbox 185 4913 1766 4983; baseline -0.003 -10"><span class='ocrx_word' id='word_1_556' title='bbox 185 4918 487 4973; x_wconf 80' lang='lat' dir='ltr'><strong>Commode</strong></span> <span class='ocrx_word' id='word_1_557' title='bbox 518 4933 648 4972; x_wconf 80' lang='lat' dir='ltr'><strong>vero</strong></span> <span class='ocrx_word' id='word_1_558' title='bbox 683 4918 748 4971; x_wconf 92' lang='lat' dir='ltr'><strong>ad</strong></span> <span class='ocrx_word' id='word_1_559' title='bbox 775 4932 892 4971; x_wconf 88' lang='lat' dir='ltr'><strong>eam</strong></span> <span class='ocrx_word' id='word_1_560' title='bbox 942 4916 1379 4971; x_wconf 88' lang='lat' dir='ltr'><strong>lucubrationem</strong></span> <span class='ocrx_word' id='word_1_561' title='bbox 1434 4913 1624 4970; x_wconf 88' lang='lat' dir='ltr'><strong>referri</strong></span> <span class='ocrx_word' id='word_1_562' title='bbox 1667 4929 1766 4983; x_wconf 86' lang='lat' dir='ltr'><strong>po-</strong></span> 
     </span>
    </p>
   </div>
   <div class='ocr_carea' id='block_1_82' title="bbox 188 5006 1766 5080">
    <p class='ocr_par' dir='ltr' id='par_1_82' title="bbox 188 5006 1766 5080">
     <span class='ocr_line' id='line_1_82' title="bbox 188 5006 1766 5080; baseline -0.003 -14"><span class='ocrx_word' id='word_1_563' title='bbox 188 5021 297 5066; x_wconf 85' lang='lat' dir='ltr'><strong>test</strong></span> <span class='ocrx_word' id='word_1_564' title='bbox 332 5012 477 5080; x_wconf 89' lang='lat' dir='ltr'><strong>quod</strong></span> <span class='ocrx_word' id='word_1_565' title='bbox 507 5010 585 5078; x_wconf 68' lang='lat' dir='ltr'><strong>del</strong></span> <span class='ocrx_word' id='word_1_566' title='bbox 614 5023 673 5063; x_wconf 91' lang='lat' dir='ltr'><strong>se</strong></span> <span class='ocrx_word' id='word_1_567' title='bbox 713 5010 846 5063; x_wconf 90' lang='lat' dir='ltr'><strong>dicit</strong></span> <span class='ocrx_word' id='word_1_568' title='bbox 875 5007 1161 5077; x_wconf 87' lang='lat' dir='ltr'><strong>Origenes,</strong></span> <span class='ocrx_word' id='word_1_569' title='bbox 1200 5007 1340 5077; x_wconf 87' lang='lat' dir='ltr'><strong>apud</strong></span> <span class='ocrx_word' id='word_1_570' title='bbox 1371 5006 1595 5061; x_wconf 85' lang='lat' dir='ltr'><strong>Suidam</strong></span> <span class='ocrx_word' id='word_1_571' title='bbox 1622 5007 1766 5076; x_wconf 78' lang='lat'><strong>(85),</strong></span> 
     </span>
    </p>
   </div>
   <div class='ocr_carea' id='block_1_83' title="bbox 184 5100 1767 5171">
    <p class='ocr_par' dir='ltr' id='par_1_83' title="bbox 184 5100 1767 5171">
     <span class='ocr_line' id='line_1_83' title="bbox 184 5100 1767 5171; baseline -0.004 -10"><span class='ocrx_word' id='word_1_572' title='bbox 184 5105 407 5161; x_wconf 83' lang='lat' dir='ltr'><strong>solitum</strong></span> <span class='ocrx_word' id='word_1_573' title='bbox 436 5118 556 5157; x_wconf 88' lang='lat' dir='ltr'><strong>esse</strong></span> <span class='ocrx_word' id='word_1_574' title='bbox 575 5102 699 5166; x_wconf 86' lang='lat' dir='ltr'><strong>sibi,</strong></span> <span class='ocrx_word' id='word_1_575' title='bbox 727 5102 784 5154; x_wconf 81' lang='grc' dir='ltr'><strong>ὲν</strong></span> <span class='ocrx_word' id='word_1_576' title='bbox 812 5102 1023 5171; x_wconf 83' lang='grc' dir='ltr'><strong>καιροῖς</strong></span> <span class='ocrx_word' id='word_1_577' title='bbox 1054 5100 1290 5163; x_wconf 82' lang='grc' dir='ltr'><strong>ἀνέσεως</strong></span> <span class='ocrx_word' id='word_1_578' title='bbox 1320 5100 1640 5168; x_wconf 84' lang='grc' dir='ltr'><strong>φιλολογεῖν,</strong></span> <span class='ocrx_word' id='word_1_579' title='bbox 1674 5102 1767 5154; x_wconf 78' lang='grc' dir='ltr'><strong>καὶ</strong></span> 
     </span>
    </p>
   </div>
   <div class='ocr_carea' id='block_1_84' title="bbox 182 5189 1769 5265">
    <p class='ocr_par' dir='ltr' id='par_1_84' title="bbox 182 5189 1769 5265">
     <span class='ocr_line' id='line_1_84' title="bbox 182 5189 1769 5265; baseline -0.001 -18"><span class='ocrx_word' id='word_1_580' title='bbox 182 5191 453 5265; x_wconf 75' lang='grc' dir='ltr'><strong>ἀκριϐοῦν</strong></span> <span class='ocrx_word' id='word_1_581' title='bbox 490 5190 557 5245; x_wconf 80' lang='grc' dir='ltr'><strong>τὰ</strong></span> <span class='ocrx_word' id='word_1_582' title='bbox 608 5191 949 5262; x_wconf 77' lang='grc' dir='ltr'><strong>ἀντίγραφαο</strong></span> <span class='ocrx_word' id='word_1_583' title='bbox 1002 5189 1161 5244; x_wconf 83' lang='lat' dir='ltr'><strong>facile</strong></span> <span class='ocrx_word' id='word_1_584' title='bbox 1222 5191 1368 5245; x_wconf 89' lang='lat' dir='ltr'><strong>enim</strong></span> <span class='ocrx_word' id='word_1_585' title='bbox 1434 5193 1769 5259; x_wconf 89' lang='lat' dir='ltr'><strong>persuadeor</strong></span> 
     </span>
    </p>
   </div>
   <div class='ocr_carea' id='block_1_85' title="bbox 262 5284 711 5348">
    <p class='ocr_par' dir='ltr' id='par_1_85' title="bbox 262 5284 711 5348">
     <span class='ocr_line' id='line_1_85' title="bbox 262 5284 711 5348; baseline 0.002 -10"><span class='ocrx_word' id='word_1_586' title='bbox 262 5287 285 5319; x_wconf 81' lang='grc'><strong><em>⁸</em></strong></span> <span class='ocrx_word' id='word_1_587' title='bbox 317 5285 477 5339; x_wconf 81' lang='lat' dir='ltr'><strong>lCor.</strong></span> <span class='ocrx_word' id='word_1_588' title='bbox 507 5301 596 5348; x_wconf 79' lang='lat' dir='ltr'><strong>xv,</strong></span> <span class='ocrx_word' id='word_1_589' title='bbox 620 5284 711 5339; x_wconf 78' lang='grc'><strong>52.</strong></span> 
     </span>
    </p>
   </div>
   <div class='ocr_carea' id='block_1_86' title="bbox 261 5400 1757 5477">
    <p class='ocr_par' dir='ltr' id='par_1_86' title="bbox 261 5400 1757 5477">
     <span class='ocr_line' id='line_1_86' title="bbox 261 5400 1757 5477; baseline -0.003 -18"><span class='ocrx_word' id='word_1_590' title='bbox 261 5406 374 5477; x_wconf 80' lang='grc'><strong>(85)</strong></span> <span class='ocrx_word' id='word_1_591' title='bbox 404 5404 544 5477; x_wconf 61' lang='lat' dir='ltr'><strong>(Iunt</strong></span> <span class='ocrx_word' id='word_1_592' title='bbox 585 5404 908 5477; x_wconf 76' lang='lat' dir='ltr'><strong>paulo__ame</strong></span> <span class='ocrx_word' id='word_1_593' title='bbox 983 5400 1294 5477; x_wconf 70' lang='lat' dir='ltr'><strong>Gregorium</strong></span> <span class='ocrx_word' id='word_1_594' title='bbox 1349 5411 1399 5455; x_wconf 80' lang='lat' dir='ltr'><strong>et</strong></span> <span class='ocrx_word' id='word_1_595' title='bbox 1433 5402 1757 5477; x_wconf 81' lang='lat' dir='ltr'><strong>_Alheuo_do-</strong></span> 
     </span>
    </p>
   </div>
   <div class='ocr_carea' id='block_1_87' title="bbox 183 5472 1757 5542">
    <p class='ocr_par' dir='ltr' id='par_1_87' title="bbox 183 5472 1757 5542">
     <span class='ocr_line' id='line_1_87' title="bbox 183 5472 1757 5542; baseline -0.003 -13"><span class='ocrx_word' id='word_1_596' title='bbox 183 5472 331 5538; x_wconf 76' lang='lat' dir='ltr'><strong>rum,</strong></span> <span class='ocrx_word' id='word_1_597' title='bbox 362 5486 468 5529; x_wconf 85' lang='lat' dir='ltr'><strong>etc.</strong></span> <span class='ocrx_word' id='word_1_598' title='bbox 507 5472 811 5527; x_wconf 84' lang='lat' dir='ltr'><strong>Verisimile</strong></span> <span class='ocrx_word' id='word_1_599' title='bbox 843 5487 947 5528; x_wconf 92' lang='lat' dir='ltr'><strong>non</strong></span> <span class='ocrx_word' id='word_1_600' title='bbox 996 5483 1079 5527; x_wconf 89' lang='lat' dir='ltr'><strong>est</strong></span> <span class='ocrx_word' id='word_1_601' title='bbox 1106 5474 1219 5542; x_wconf 87' lang='lat' dir='ltr'><strong>jam</strong></span> <span class='ocrx_word' id='word_1_602' title='bbox 1268 5480 1380 5542; x_wconf 84' lang='lat' dir='ltr'><strong>tum</strong></span> <span class='ocrx_word' id='word_1_603' title='bbox 1432 5472 1487 5525; x_wconf 90' lang='lat' dir='ltr'><strong>in</strong></span> <span class='ocrx_word' id='word_1_604' title='bbox 1523 5472 1757 5539; x_wconf 88' lang='lat' dir='ltr'><strong>patriam</strong></span> 
     </span>
    </p>
   </div>
   <div class='ocr_carea' id='block_1_88' title="bbox 181 5541 1761 5615">
    <p class='ocr_par' dir='ltr' id='par_1_88' title="bbox 181 5541 1761 5615">
     <span class='ocr_line' id='line_1_88' title="bbox 181 5541 1761 5615; baseline -0.004 -14"><span class='ocrx_word' id='word_1_605' title='bbox 181 5547 415 5601; x_wconf 82' lang='lat' dir='ltr'><strong>rediisse</strong></span> <span class='ocrx_word' id='word_1_606' title='bbox 446 5544 763 5615; x_wconf 89' lang='lat' dir='ltr'><strong>Gregorium</strong></span> <span class='ocrx_word' id='word_1_607' title='bbox 790 5554 844 5599; x_wconf 89' lang='lat' dir='ltr'><strong>et</strong></span> <span class='ocrx_word' id='word_1_608' title='bbox 871 5544 987 5612; x_wconf 88' lang='lat' dir='ltr'><strong>ejus</strong></span> <span class='ocrx_word' id='word_1_609' title='bbox 1018 5541 1275 5615; x_wconf 81' lang='lat' dir='ltr'><strong>fratrem.</strong></span> <span class='ocrx_word' id='word_1_610' title='bbox 1296 5541 1559 5596; x_wconf 82' lang='lat' dir='ltr'><strong>Videntur</strong></span> <span class='ocrx_word' id='word_1_611' title='bbox 1582 5543 1761 5615; x_wconf 81' lang='lat' dir='ltr'><strong>potius</strong></span> 
     </span>
    </p>
   </div>
   <div class='ocr_carea' id='block_1_89' title="bbox 181 5612 1755 5685">
    <p class='ocr_par' dir='ltr' id='par_1_89' title="bbox 181 5612 1755 5685">
     <span class='ocr_line' id='line_1_89' title="bbox 181 5612 1755 5685; baseline -0.004 -14"><span class='ocrx_word' id='word_1_612' title='bbox 181 5616 350 5671; x_wconf 89' lang='lat' dir='ltr'><strong>ambo</strong></span> <span class='ocrx_word' id='word_1_613' title='bbox 372 5612 757 5669; x_wconf 71' lang='lat' dir='ltr'><strong>Alexandriam</strong></span> <span class='ocrx_word' id='word_1_614' title='bbox 801 5615 1085 5685; x_wconf 88' lang='lat' dir='ltr'><strong>migrasse,</strong></span> <span class='ocrx_word' id='word_1_615' title='bbox 1118 5614 1313 5685; x_wconf 84' lang='lat' dir='ltr'><strong>deinde</strong></span> <span class='ocrx_word' id='word_1_616' title='bbox 1345 5622 1559 5685; x_wconf 90' lang='lat' dir='ltr'><strong>mortuo</strong></span> <span class='ocrx_word' id='word_1_617' title='bbox 1587 5612 1755 5685; x_wconf 78' lang='lat' dir='ltr'><strong>Maxi-</strong></span> 
     </span>
    </p>
   </div>
   <div class='ocr_carea' id='block_1_90' title="bbox 184 5684 1755 5753">
    <p class='ocr_par' dir='ltr' id='par_1_90' title="bbox 184 5684 1755 5753">
     <span class='ocr_line' id='line_1_90' title="bbox 184 5684 1755 5753; baseline -0.003 -13"><span class='ocrx_word' id='word_1_618' title='bbox 184 5688 339 5740; x_wconf 92' lang='lat' dir='ltr'><strong>mino</strong></span> <span class='ocrx_word' id='word_1_619' title='bbox 367 5688 431 5739; x_wconf 91' lang='lat' dir='ltr'><strong>ad</strong></span> <span class='ocrx_word' id='word_1_620' title='bbox 461 5686 770 5753; x_wconf 85' lang='lat' dir='ltr'><strong>Origenem,</strong></span> <span class='ocrx_word' id='word_1_621' title='bbox 805 5700 869 5740; x_wconf 87' lang='lat' dir='ltr'><strong>ac</strong></span> <span class='ocrx_word' id='word_1_622' title='bbox 890 5684 1119 5740; x_wconf 88' lang='lat' dir='ltr'><strong>demum</strong></span> <span class='ocrx_word' id='word_1_623' title='bbox 1144 5684 1208 5740; x_wconf 90' lang='lat' dir='ltr'><strong>ad</strong></span> <span class='ocrx_word' id='word_1_624' title='bbox 1234 5684 1463 5753; x_wconf 84' lang='lat' dir='ltr'><strong>patriam</strong></span> <span class='ocrx_word' id='word_1_625' title='bbox 1502 5684 1755 5738; x_wconf 87' lang='lat' dir='ltr'><strong>rediisse.</strong></span> 
     </span>
    </p>
   </div>
   <div class='ocr_carea' id='block_1_91' title="bbox 183 5755 802 5813">
    <p class='ocr_par' dir='ltr' id='par_1_91' title="bbox 183 5755 802 5813">
     <span class='ocr_line' id='line_1_91' title="bbox 183 5755 802 5813; baseline -0.005 -2"><span class='ocrx_word' id='word_1_626' title='bbox 183 5755 323 5812; x_wconf 72' lang='lat' dir='ltr'><strong>Vide</strong></span> <span class='ocrx_word' id='word_1_627' title='bbox 354 5767 503 5813; x_wconf 86' lang='lat' dir='ltr'><strong>notas</strong></span> <span class='ocrx_word' id='word_1_628' title='bbox 534 5758 599 5811; x_wconf 83' lang='grc' dir='ltr'><strong><em>Π</em></strong></span> <span class='ocrx_word' id='word_1_629' title='bbox 631 5766 686 5812; x_wconf 92' lang='lat' dir='ltr'><strong>ct</strong></span> <span class='ocrx_word' id='word_1_630' title='bbox 714 5756 802 5811; x_wconf 84' lang='lat'><strong>78.</strong></span> 
     </span>
    </p>
   </div>
   <div class='ocr_carea' id='block_1_92' title="bbox 1890 3173 3472 3244">
    <p class='ocr_par' dir='ltr' id='par_1_92' title="bbox 1890 3173 3472 3244">
     <span class='ocr_line' id='line_1_92' title="bbox 1890 3173 3472 3244; baseline -0.001 -16"><span class='ocrx_word' id='word_1_631' title='bbox 1890 3188 1975 3228; x_wconf 91' lang='lat' dir='ltr'><strong>me</strong></span> <span class='ocrx_word' id='word_1_632' title='bbox 2007 3174 2215 3228; x_wconf 83' lang='lat' dir='ltr'><strong>vivere.</strong></span> <span class='ocrx_word' id='word_1_633' title='bbox 2243 3173 2453 3229; x_wconf 88' lang='lat' dir='ltr'><strong>Catena</strong></span> <span class='ocrx_word' id='word_1_634' title='bbox 2488 3184 2646 3229; x_wconf 87' lang='lat' dir='ltr'><strong>vetus</strong></span> <span class='ocrx_word' id='word_1_635' title='bbox 2675 3174 2865 3230; x_wconf 88' lang='lat' dir='ltr'><strong>Graca</strong></span> <span class='ocrx_word' id='word_1_636' title='bbox 2920 3175 2975 3228; x_wconf 87' lang='lat' dir='ltr'><strong>in</strong></span> <span class='ocrx_word' id='word_1_637' title='bbox 3022 3173 3312 3244; x_wconf 79' lang='lat' dir='ltr'><strong>Evangelia</strong></span> <span class='ocrx_word' id='word_1_638' title='bbox 3354 3176 3472 3228; x_wconf 90' lang='lat' dir='ltr'><strong>lau-</strong></span> 
     </span>
    </p>
   </div>
   <div class='ocr_carea' id='block_1_93' title="bbox 1886 3262 3471 3334">
    <p class='ocr_par' dir='ltr' id='par_1_93' title="bbox 1886 3262 3471 3334">
     <span class='ocr_line' id='line_1_93' title="bbox 1886 3262 3471 3334; baseline 0.001 -17"><span class='ocrx_word' id='word_1_639' title='bbox 1886 3265 1979 3319; x_wconf 91' lang='lat' dir='ltr'><strong>dat</strong></span> <span class='ocrx_word' id='word_1_640' title='bbox 2023 3264 2284 3320; x_wconf 91' lang='lat' dir='ltr'><strong>Severum</strong></span> <span class='ocrx_word' id='word_1_641' title='bbox 2337 3266 2739 3321; x_wconf 86' lang='lat' dir='ltr'><strong>Autiochenum</strong></span> <span class='ocrx_word' id='word_1_642' title='bbox 2798 3266 2852 3319; x_wconf 93' lang='lat' dir='ltr'><strong>in</strong></span> <span class='ocrx_word' id='word_1_643' title='bbox 2901 3262 3076 3334; x_wconf 90' lang='lat' dir='ltr'><strong>Opere</strong></span> <span class='ocrx_word' id='word_1_644' title='bbox 3103 3266 3171 3319; x_wconf 90' lang='lat' dir='ltr'><strong>ad</strong></span> <span class='ocrx_word' id='word_1_645' title='bbox 3206 3265 3471 3319; x_wconf 87' lang='lat' dir='ltr'><strong>Thomam</strong></span> 
     </span>
    </p>
   </div>
   <div class='ocr_carea' id='block_1_94' title="bbox 1884 3357 3468 3428">
    <p class='ocr_par' dir='ltr' id='par_1_94' title="bbox 1884 3357 3468 3428">
     <span class='ocr_line' id='line_1_94' title="bbox 1884 3357 3468 3428; baseline -0.002 -16"><span class='ocrx_word' id='word_1_646' title='bbox 1884 3357 2192 3412; x_wconf 78' lang='lat' dir='ltr'><strong>Germania</strong></span> <span class='ocrx_word' id='word_1_647' title='bbox 2224 3357 2564 3428; x_wconf 89' lang='lat' dir='ltr'><strong>episcopum.</strong></span> <span class='ocrx_word' id='word_1_648' title='bbox 2611 3357 2753 3412; x_wconf 86' lang='lat' dir='ltr'><strong>Hinc</strong></span> <span class='ocrx_word' id='word_1_649' title='bbox 2792 3358 2988 3427; x_wconf 90' lang='lat' dir='ltr'><strong>aliquis</strong></span> <span class='ocrx_word' id='word_1_650' title='bbox 3021 3357 3317 3426; x_wconf 91' lang='lat' dir='ltr'><strong>conjecerit</strong></span> <span class='ocrx_word' id='word_1_651' title='bbox 3348 3371 3468 3411; x_wconf 90' lang='lat' dir='ltr'><strong>eam</strong></span> 
     </span>
    </p>
   </div>
   <div class='ocr_carea' id='block_1_95' title="bbox 1884 3448 3468 3520">
    <p class='ocr_par' dir='ltr' id='par_1_95' title="bbox 1884 3448 3468 3520">
     <span class='ocr_line' id='line_1_95' title="bbox 1884 3448 3468 3520; baseline -0.002 -17"><span class='ocrx_word' id='word_1_652' title='bbox 1884 3464 2005 3503; x_wconf 90' lang='lat' dir='ltr'><strong>esse</strong></span> <span class='ocrx_word' id='word_1_653' title='bbox 2035 3448 2440 3504; x_wconf 89' lang='lat' dir='ltr'><strong>Germaniciam</strong></span> <span class='ocrx_word' id='word_1_654' title='bbox 2490 3464 2611 3520; x_wconf 85' lang='lat' dir='ltr'><strong>qua</strong></span> <span class='ocrx_word' id='word_1_655' title='bbox 2667 3449 3045 3519; x_wconf 88' lang='lat' dir='ltr'><strong>Euphratesia</strong></span> <span class='ocrx_word' id='word_1_656' title='bbox 3088 3449 3221 3503; x_wconf 88' lang='lat' dir='ltr'><strong>urbs</strong></span> <span class='ocrx_word' id='word_1_657' title='bbox 3252 3456 3338 3503; x_wconf 91' lang='lat' dir='ltr'><strong>est</strong></span> <span class='ocrx_word' id='word_1_658' title='bbox 3384 3463 3468 3501; x_wconf 85' lang='lat' dir='ltr'><strong>ar-</strong></span> 
     </span>
    </p>
   </div>
   <div class='ocr_carea' id='block_1_96' title="bbox 1883 3539 3469 3613">
    <p class='ocr_par' dir='ltr' id='par_1_96' title="bbox 1883 3539 3469 3613">
     <span class='ocr_line' id='line_1_96' title="bbox 1883 3539 3469 3613; baseline -0.003 -16"><span class='ocrx_word' id='word_1_659' title='bbox 1883 3542 2326 3613; x_wconf 80' lang='lat' dir='ltr'><strong>chiepiscOpalis,</strong></span> <span class='ocrx_word' id='word_1_660' title='bbox 2384 3542 2743 3596; x_wconf 82' lang='lat' dir='ltr'><strong>Antiochcna</strong></span> <span class='ocrx_word' id='word_1_661' title='bbox 2787 3541 3005 3595; x_wconf 88' lang='lat' dir='ltr'><strong>subdita</strong></span> <span class='ocrx_word' id='word_1_662' title='bbox 3058 3540 3335 3595; x_wconf 79' lang='lat' dir='ltr'><strong>Ecclesia.</strong></span> <span class='ocrx_word' id='word_1_663' title='bbox 3399 3539 3469 3593; x_wconf 86' lang='lat' dir='ltr'><strong>At</strong></span> 
     </span>
    </p>
   </div>
   <div class='ocr_carea' id='block_1_97' title="bbox 1882 3632 3467 3703">
    <p class='ocr_par' dir='ltr' id='par_1_97' title="bbox 1882 3632 3467 3703">
     <span class='ocr_line' id='line_1_97' title="bbox 1882 3632 3467 3703; baseline -0.001 -15"><span class='ocrx_word' id='word_1_664' title='bbox 1882 3632 2174 3688; x_wconf 90' lang='lat' dir='ltr'><strong>Germania</strong></span> <span class='ocrx_word' id='word_1_665' title='bbox 2214 3633 2529 3703; x_wconf 92' lang='lat' dir='ltr'><strong>metropolis</strong></span> <span class='ocrx_word' id='word_1_666' title='bbox 2552 3642 2658 3699; x_wconf 90' lang='lat' dir='ltr'><strong>est,</strong></span> <span class='ocrx_word' id='word_1_667' title='bbox 2695 3632 3319 3702; x_wconf 81' lang='lat' dir='ltr'><strong>ConstantinOpolitana</strong></span> <span class='ocrx_word' id='word_1_668' title='bbox 3365 3633 3467 3686; x_wconf 81' lang='lat' dir='ltr'><strong>Ec—</strong></span> 
     </span>
    </p>
   </div>
   <div class='ocr_carea' id='block_1_98' title="bbox 1881 3722 3464 3794">
    <p class='ocr_par' dir='ltr' id='par_1_98' title="bbox 1881 3722 3464 3794">
     <span class='ocr_line' id='line_1_98' title="bbox 1881 3722 3464 3794; baseline -0.003 -16"><span class='ocrx_word' id='word_1_669' title='bbox 1881 3724 2066 3778; x_wconf 84' lang='lat' dir='ltr'><strong>clesia</strong></span> <span class='ocrx_word' id='word_1_670' title='bbox 2122 3722 2388 3792; x_wconf 74' lang='lat' dir='ltr'><strong>subjecta,</strong></span> <span class='ocrx_word' id='word_1_671' title='bbox 2451 3723 2644 3778; x_wconf 88' lang='lat' dir='ltr'><strong>ordine</strong></span> <span class='ocrx_word' id='word_1_672' title='bbox 2694 3722 2783 3785; x_wconf 85' lang='lat'><strong>68,</strong></span> <span class='ocrx_word' id='word_1_673' title='bbox 2840 3723 2995 3792; x_wconf 80' lang='lat' dir='ltr'><strong>juxta</strong></span> <span class='ocrx_word' id='word_1_674' title='bbox 3056 3722 3464 3794; x_wconf 75' lang='lat' dir='ltr'><strong>Dispositionem</strong></span> 
     </span>
    </p>
   </div>
   <div class='ocr_carea' id='block_1_99' title="bbox 1882 3799 3466 3887">
    <p class='ocr_par' dir='ltr' id='par_1_99' title="bbox 1882 3799 3466 3887">
     <span class='ocr_line' id='line_1_99' title="bbox 1882 3799 3466 3887; baseline -0.003 -16"><span class='ocrx_word' id='word_1_675' title='bbox 1882 3815 2080 3871; x_wconf 90' lang='lat' dir='ltr'><strong>Leonis</strong></span> <span class='ocrx_word' id='word_1_676' title='bbox 2126 3799 2442 3885; x_wconf 78' lang='lat' dir='ltr'><strong>Phi|050phi</strong></span> <span class='ocrx_word' id='word_1_677' title='bbox 2476 3831 2597 3886; x_wconf 85' lang='lat' dir='ltr'><strong>qua</strong></span> <span class='ocrx_word' id='word_1_678' title='bbox 2634 3816 2777 3887; x_wconf 89' lang='lat' dir='ltr'><strong>juris</strong></span> <span class='ocrx_word' id='word_1_679' title='bbox 2809 3814 3261 3871; x_wconf 79' lang='lat' dir='ltr'><strong>Graeco-Romani</strong></span> <span class='ocrx_word' id='word_1_680' title='bbox 3302 3815 3466 3870; x_wconf 87' lang='lat' dir='ltr'><strong>colle-</strong></span> 
     </span>
    </p>
   </div>
   <div class='ocr_carea' id='block_1_100' title="bbox 1889 3906 3461 3979">
    <p class='ocr_par' dir='ltr' id='par_1_100' title="bbox 1889 3906 3461 3979">
     <span class='ocr_line' id='line_1_100' title="bbox 1889 3906 3461 3979; baseline -0.002 -16"><span class='ocrx_word' id='word_1_681' title='bbox 1889 3906 2056 3963; x_wconf 91' lang='lat' dir='ltr'><strong>ctioni</strong></span> <span class='ocrx_word' id='word_1_682' title='bbox 2080 3906 2501 3963; x_wconf 86' lang='lat' dir='ltr'><strong>Leunclaniana</strong></span> <span class='ocrx_word' id='word_1_683' title='bbox 2538 3909 2741 3964; x_wconf 90' lang='lat' dir='ltr'><strong>inserta</strong></span> <span class='ocrx_word' id='word_1_684' title='bbox 2777 3916 2860 3963; x_wconf 91' lang='lat' dir='ltr'><strong>est</strong></span> <span class='ocrx_word' id='word_1_685' title='bbox 2883 3906 3021 3979; x_wconf 88' lang='lat'><strong>(87),</strong></span> <span class='ocrx_word' id='word_1_686' title='bbox 3056 3916 3112 3962; x_wconf 91' lang='lat' dir='ltr'><strong>et</strong></span> <span class='ocrx_word' id='word_1_687' title='bbox 3160 3907 3227 3961; x_wconf 87' lang='lat' dir='ltr'><strong>ad</strong></span> <span class='ocrx_word' id='word_1_688' title='bbox 3262 3907 3461 3961; x_wconf 78' lang='lat' dir='ltr'><strong>calcent</strong></span> 
     </span>
    </p>
   </div>
   <div class='ocr_carea' id='block_1_101' title="bbox 1881 3998 3462 4072">
    <p class='ocr_par' dir='ltr' id='par_1_101' title="bbox 1881 3998 3462 4072">
     <span class='ocr_line' id='line_1_101' title="bbox 1881 3998 3462 4072; baseline 0.002 -18"><span class='ocrx_word' id='word_1_689' title='bbox 1881 4000 2006 4055; x_wconf 85' lang='lat' dir='ltr'><strong>libri</strong></span> <span class='ocrx_word' id='word_1_690' title='bbox 2064 3999 2143 4054; x_wconf 88' lang='lat' dir='ltr'><strong>De</strong></span> <span class='ocrx_word' id='word_1_691' title='bbox 2193 4001 2374 4071; x_wconf 72' lang='lat' dir='ltr'><strong>oﬁiciis</strong></span> <span class='ocrx_word' id='word_1_692' title='bbox 2419 4000 2971 4070; x_wconf 89' lang='lat' dir='ltr'><strong>Constantinopoleos</strong></span> <span class='ocrx_word' id='word_1_693' title='bbox 3010 3998 3229 4072; x_wconf 87' lang='lat' dir='ltr'><strong>Georgii</strong></span> <span class='ocrx_word' id='word_1_694' title='bbox 3271 3999 3462 4057; x_wconf 88' lang='lat' dir='ltr'><strong>Codqu</strong></span> 
     </span>
    </p>
   </div>
   <div class='ocr_carea' id='block_1_102' title="bbox 1878 4091 3458 4160">
    <p class='ocr_par' dir='ltr' id='par_1_102' title="bbox 1878 4091 3458 4160">
     <span class='ocr_line' id='line_1_102' title="bbox 1878 4091 3458 4160; baseline -0.001 -13"><span class='ocrx_word' id='word_1_695' title='bbox 1878 4102 1966 4147; x_wconf 85' lang='lat' dir='ltr'><strong>est</strong></span> <span class='ocrx_word' id='word_1_696' title='bbox 1993 4101 2219 4148; x_wconf 80' lang='lat' dir='ltr'><strong>attexta.</strong></span> <span class='ocrx_word' id='word_1_697' title='bbox 2254 4091 2310 4148; x_wconf 91' lang='lat' dir='ltr'><strong>In</strong></span> <span class='ocrx_word' id='word_1_698' title='bbox 2353 4092 2523 4148; x_wconf 89' lang='lat' dir='ltr'><strong>altera</strong></span> <span class='ocrx_word' id='word_1_699' title='bbox 2580 4108 2710 4149; x_wconf 91' lang='lat' dir='ltr'><strong>vero</strong></span> <span class='ocrx_word' id='word_1_700' title='bbox 2764 4093 3050 4160; x_wconf 81' lang='lat' dir='ltr'><strong>Palaologi</strong></span> <span class='ocrx_word' id='word_1_701' title='bbox 3085 4092 3458 4157; x_wconf 75' lang='lat' dir='ltr'><strong>Dispositione,</strong></span> 
     </span>
    </p>
   </div>
   <div class='ocr_carea' id='block_1_103' title="bbox 1880 4184 3456 4257">
    <p class='ocr_par' dir='ltr' id='par_1_103' title="bbox 1880 4184 3456 4257">
     <span class='ocr_line' id='line_1_103' title="bbox 1880 4184 3456 4257; baseline -0.002 -16"><span class='ocrx_word' id='word_1_702' title='bbox 1880 4202 2000 4255; x_wconf 85' lang='lat' dir='ltr'><strong>qua</strong></span> <span class='ocrx_word' id='word_1_703' title='bbox 2030 4188 2269 4257; x_wconf 88' lang='lat' dir='ltr'><strong>priorem</strong></span> <span class='ocrx_word' id='word_1_704' title='bbox 2308 4188 2451 4241; x_wconf 84' lang='lat' dir='ltr'><strong>hanc</strong></span> <span class='ocrx_word' id='word_1_705' title='bbox 2479 4186 2685 4255; x_wconf 84' lang='lat' dir='ltr'><strong>excipit</strong></span> <span class='ocrx_word' id='word_1_706' title='bbox 2724 4184 2778 4239; x_wconf 91' lang='lat' dir='ltr'><strong>in</strong></span> <span class='ocrx_word' id='word_1_707' title='bbox 2832 4185 3022 4239; x_wconf 88' lang='lat' dir='ltr'><strong>eodem</strong></span> <span class='ocrx_word' id='word_1_708' title='bbox 3051 4184 3245 4237; x_wconf 90' lang='lat' dir='ltr'><strong>Codini</strong></span> <span class='ocrx_word' id='word_1_709' title='bbox 3297 4184 3456 4245; x_wconf 87' lang='lat' dir='ltr'><strong>libro,</strong></span> 
     </span>
    </p>
   </div>
   <div class='ocr_carea' id='block_1_104' title="bbox 1879 4275 3460 4349">
    <p class='ocr_par' dir='ltr' id='par_1_104' title="bbox 1879 4275 3460 4349">
     <span class='ocr_line' id='line_1_104' title="bbox 1879 4275 3460 4349; baseline -0.003 -15"><span class='ocrx_word' id='word_1_710' title='bbox 1879 4281 1957 4335; x_wconf 90' lang='lat' dir='ltr'><strong>sic</strong></span> <span class='ocrx_word' id='word_1_711' title='bbox 1993 4280 2263 4335; x_wconf 80' lang='lat' dir='ltr'><strong>habetur:</strong></span> <span class='ocrx_word' id='word_1_712' title='bbox 2304 4278 2364 4331; x_wconf 89' lang='lat'><strong>&#39;0</strong></span> <span class='ocrx_word' id='word_1_713' title='bbox 2396 4278 2654 4349; x_wconf 78' lang='grc' dir='ltr'>Γερμίου,</span> <span class='ocrx_word' id='word_1_714' title='bbox 2680 4276 2775 4330; x_wconf 70' lang='grc' dir='ltr'><strong>καὶ</strong></span> <span class='ocrx_word' id='word_1_715' title='bbox 2812 4276 2951 4329; x_wconf 79' lang='grc' dir='ltr'><strong>αὐτὰ</strong></span> <span class='ocrx_word' id='word_1_716' title='bbox 2995 4275 3070 4342; x_wconf 69' lang='grc' dir='ltr'><strong>ξςν</strong></span> <span class='ocrx_word' id='word_1_717' title='bbox 3103 4275 3231 4329; x_wconf 75' lang='grc' dir='ltr'><strong>ὄντα</strong></span> <span class='ocrx_word' id='word_1_718' title='bbox 3265 4275 3340 4328; x_wconf 82' lang='grc' dir='ltr'><strong>σθ’</strong></span> <span class='ocrx_word' id='word_1_719' title='bbox 3370 4294 3460 4345; x_wconf 86' lang='grc' dir='ltr'><strong>γε-</strong></span> 
     </span>
    </p>
   </div>
   <div class='ocr_carea' id='block_1_105' title="bbox 1878 4369 3461 4444">
    <p class='ocr_par' dir='ltr' id='par_1_105' title="bbox 1878 4369 3461 4444">
     <span class='ocr_line' id='line_1_105' title="bbox 1878 4369 3461 4444; baseline -0.004 -15"><span class='ocrx_word' id='word_1_720' title='bbox 1878 4375 2122 4444; x_wconf 77' lang='grc' dir='ltr'><strong>γόνασιν.</strong></span> <span class='ocrx_word' id='word_1_721' title='bbox 2166 4372 2306 4428; x_wconf 87' lang='lat' dir='ltr'><strong>Hinc</strong></span> <span class='ocrx_word' id='word_1_722' title='bbox 2362 4382 2588 4443; x_wconf 86' lang='lat' dir='ltr'><strong>apparet</strong></span> <span class='ocrx_word' id='word_1_723' title='bbox 2637 4372 2921 4442; x_wconf 87' lang='lat' dir='ltr'><strong>legendum</strong></span> <span class='ocrx_word' id='word_1_724' title='bbox 2969 4369 3242 4440; x_wconf 86' lang='grc' dir='ltr'><strong>Γερμίων,</strong></span> <span class='ocrx_word' id='word_1_725' title='bbox 3298 4379 3461 4438; x_wconf 89' lang='lat' dir='ltr'><strong>atque</strong></span> 
     </span>
    </p>
   </div>
   <div class='ocr_carea' id='block_1_106' title="bbox 1877 4459 3457 4520">
    <p class='ocr_par' dir='ltr' id='par_1_106' title="bbox 1877 4459 3457 4520">
     <span class='ocr_line' id='line_1_106' title="bbox 1877 4459 3457 4520; baseline -0.003 -3"><span class='ocrx_word' id='word_1_726' title='bbox 1877 4464 2020 4519; x_wconf 91' lang='lat' dir='ltr'><strong>idem</strong></span> <span class='ocrx_word' id='word_1_727' title='bbox 2046 4479 2170 4520; x_wconf 90' lang='lat' dir='ltr'><strong>esse</strong></span> <span class='ocrx_word' id='word_1_728' title='bbox 2198 4463 2417 4519; x_wconf 88' lang='lat' dir='ltr'><strong>Germia</strong></span> <span class='ocrx_word' id='word_1_729' title='bbox 2449 4477 2513 4516; x_wconf 92' lang='lat' dir='ltr'><strong>ac</strong></span> <span class='ocrx_word' id='word_1_730' title='bbox 2537 4460 2908 4516; x_wconf 86' lang='lat' dir='ltr'><strong>Germaniam.</strong></span> <span class='ocrx_word' id='word_1_731' title='bbox 2945 4459 3165 4515; x_wconf 91' lang='lat' dir='ltr'><strong>Germia</strong></span> <span class='ocrx_word' id='word_1_732' title='bbox 3196 4471 3375 4513; x_wconf 85' lang='lat' dir='ltr'><strong>autem</strong></span> <span class='ocrx_word' id='word_1_733' title='bbox 3407 4463 3457 4513; x_wconf 90' lang='lat' dir='ltr'><strong>in</strong></span> 
     </span>
    </p>
   </div>
   <div class='ocr_carea' id='block_1_107' title="bbox 1877 4547 3459 4609">
    <p class='ocr_par' dir='ltr' id='par_1_107' title="bbox 1877 4547 3459 4609">
     <span class='ocr_line' id='line_1_107' title="bbox 1877 4547 3459 4609; baseline -0.004 0"><span class='ocrx_word' id='word_1_734' title='bbox 1877 4553 2089 4609; x_wconf 91' lang='lat' dir='ltr'><strong>Galatia</strong></span> <span class='ocrx_word' id='word_1_735' title='bbox 2124 4552 2362 4609; x_wconf 90' lang='lat' dir='ltr'><strong>secunda</strong></span> <span class='ocrx_word' id='word_1_736' title='bbox 2400 4567 2497 4607; x_wconf 90' lang='lat' dir='ltr'><strong>seu</strong></span> <span class='ocrx_word' id='word_1_737' title='bbox 2554 4550 2793 4606; x_wconf 86' lang='lat' dir='ltr'><strong>Salutari</strong></span> <span class='ocrx_word' id='word_1_738' title='bbox 2840 4550 3185 4605; x_wconf 79' lang='lat' dir='ltr'><strong>consumunt</strong></span> <span class='ocrx_word' id='word_1_739' title='bbox 3235 4547 3459 4603; x_wconf 65' lang='lat' dir='ltr'><strong>Nouum</strong></span> 
     </span>
    </p>
   </div>
   <div class='ocr_carea' id='block_1_108' title="bbox 1875 4641 3459 4714">
    <p class='ocr_par' dir='ltr' id='par_1_108' title="bbox 1875 4641 3459 4714">
     <span class='ocr_line' id='line_1_108' title="bbox 1875 4641 3459 4714; baseline -0.004 -12"><span class='ocrx_word' id='word_1_740' title='bbox 1875 4657 2090 4714; x_wconf 79' lang='lat' dir='ltr'><strong>veteres,</strong></span> <span class='ocrx_word' id='word_1_741' title='bbox 2118 4654 2174 4700; x_wconf 88' lang='lat' dir='ltr'><strong>et</strong></span> <span class='ocrx_word' id='word_1_742' title='bbox 2209 4646 2351 4699; x_wconf 86' lang='lat' dir='ltr'><strong>inter</strong></span> <span class='ocrx_word' id='word_1_743' title='bbox 2376 4643 2889 4713; x_wconf 88' lang='lat' dir='ltr'><strong>archiepiscopatus</strong></span> <span class='ocrx_word' id='word_1_744' title='bbox 2938 4641 3343 4711; x_wconf 84' lang='grc' dir='ltr'>αὐτοκεφάλους</span> <span class='ocrx_word' id='word_1_745' title='bbox 3373 4657 3459 4695; x_wconf 91' lang='lat' dir='ltr'><strong>re-</strong></span> 
     </span>
    </p>
   </div>
   <div class='ocr_carea' id='block_1_109' title="bbox 1876 4732 3454 4805">
    <p class='ocr_par' dir='ltr' id='par_1_109' title="bbox 1876 4732 3454 4805">
     <span class='ocr_line' id='line_1_109' title="bbox 1876 4732 3454 4805; baseline -0.004 -14"><span class='ocrx_word' id='word_1_746' title='bbox 1876 4736 2076 4793; x_wconf 83' lang='lat' dir='ltr'><strong>ferunt.</strong></span> <span class='ocrx_word' id='word_1_747' title='bbox 2103 4736 2209 4792; x_wconf 86' lang='lat' dir='ltr'><strong>Sed</strong></span> <span class='ocrx_word' id='word_1_748' title='bbox 2242 4736 2327 4791; x_wconf 90' lang='lat' dir='ltr'><strong>his</strong></span> <span class='ocrx_word' id='word_1_749' title='bbox 2359 4743 2627 4805; x_wconf 84' lang='lat' dir='ltr'><strong>repugnat</strong></span> <span class='ocrx_word' id='word_1_750' title='bbox 2652 4734 2843 4789; x_wconf 88' lang='lat' dir='ltr'><strong>eadem</strong></span> <span class='ocrx_word' id='word_1_751' title='bbox 2892 4733 3091 4789; x_wconf 90' lang='lat' dir='ltr'><strong>Leonis</strong></span> <span class='ocrx_word' id='word_1_752' title='bbox 3116 4732 3454 4802; x_wconf 76' lang='lat' dir='ltr'><strong>Dispositio;</strong></span> 
     </span>
    </p>
   </div>
   <div class='ocr_carea' id='block_1_110' title="bbox 1874 4824 3452 4898">
    <p class='ocr_par' dir='ltr' id='par_1_110' title="bbox 1874 4824 3452 4898">
     <span class='ocr_line' id='line_1_110' title="bbox 1874 4824 3452 4898; baseline -0.004 -15"><span class='ocrx_word' id='word_1_753' title='bbox 1874 4845 1996 4883; x_wconf 89' lang='lat' dir='ltr'><strong>nam</strong></span> <span class='ocrx_word' id='word_1_754' title='bbox 2034 4838 2322 4898; x_wconf 90' lang='lat' dir='ltr'><strong>postquam</strong></span> <span class='ocrx_word' id='word_1_755' title='bbox 2365 4826 2717 4895; x_wconf 90' lang='lat' dir='ltr'><strong>metropoles,</strong></span> <span class='ocrx_word' id='word_1_756' title='bbox 2761 4834 2818 4880; x_wconf 89' lang='lat' dir='ltr'><strong>et</strong></span> <span class='ocrx_word' id='word_1_757' title='bbox 2860 4824 2913 4879; x_wconf 91' lang='lat' dir='ltr'><strong>in</strong></span> <span class='ocrx_word' id='word_1_758' title='bbox 2976 4826 3047 4880; x_wconf 91' lang='lat' dir='ltr'><strong>iis</strong></span> <span class='ocrx_word' id='word_1_759' title='bbox 3095 4824 3452 4880; x_wconf 87' lang='lat' dir='ltr'><strong>Germaniam</strong></span> 
     </span>
    </p>
   </div>
   <div class='ocr_carea' id='block_1_111' title="bbox 1875 4918 3451 4990">
    <p class='ocr_par' dir='ltr' id='par_1_111' title="bbox 1875 4918 3451 4990">
     <span class='ocr_line' id='line_1_111' title="bbox 1875 4918 3451 4990; baseline 0 -18"><span class='ocrx_word' id='word_1_760' title='bbox 1875 4921 2171 4985; x_wconf 84' lang='lat' dir='ltr'><strong>recensuit,</strong></span> <span class='ocrx_word' id='word_1_761' title='bbox 2203 4918 2482 4990; x_wconf 68' lang='lat' dir='ltr'><strong>subiungit</strong></span> <span class='ocrx_word' id='word_1_762' title='bbox 2521 4919 3054 4988; x_wconf 88' lang='lat' dir='ltr'><strong>archiepiscopatus,</strong></span> <span class='ocrx_word' id='word_1_763' title='bbox 3086 4927 3139 4972; x_wconf 90' lang='lat' dir='ltr'><strong>et</strong></span> <span class='ocrx_word' id='word_1_764' title='bbox 3185 4918 3328 4971; x_wconf 89' lang='lat' dir='ltr'><strong>inter</strong></span> <span class='ocrx_word' id='word_1_765' title='bbox 3357 4934 3451 4972; x_wconf 84' lang='lat' dir='ltr'><strong>eos</strong></span> 
     </span>
    </p>
   </div>
   <div class='ocr_carea' id='block_1_112' title="bbox 1872 5010 3448 5081">
    <p class='ocr_par' dir='ltr' id='par_1_112' title="bbox 1872 5010 3448 5081">
     <span class='ocr_line' id='line_1_112' title="bbox 1872 5010 3448 5081; baseline -0.003 -14"><span class='ocrx_word' id='word_1_766' title='bbox 1872 5011 2104 5067; x_wconf 91' lang='lat' dir='ltr'><strong>Germiis</strong></span> <span class='ocrx_word' id='word_1_767' title='bbox 2139 5012 2435 5067; x_wconf 88' lang='lat' dir='ltr'><strong>secundum</strong></span> <span class='ocrx_word' id='word_1_768' title='bbox 2472 5010 2649 5064; x_wconf 92' lang='lat' dir='ltr'><strong>locum</strong></span> <span class='ocrx_word' id='word_1_769' title='bbox 2683 5011 2944 5079; x_wconf 88' lang='lat' dir='ltr'><strong>assignat.</strong></span> <span class='ocrx_word' id='word_1_770' title='bbox 2974 5010 3114 5076; x_wconf 87' lang='lat' dir='ltr'><strong>Quid</strong></span> <span class='ocrx_word' id='word_1_771' title='bbox 3136 5010 3306 5081; x_wconf 79' lang='lat' dir='ltr'><strong>igitur</strong></span> <span class='ocrx_word' id='word_1_772' title='bbox 3337 5021 3448 5065; x_wconf 82' lang='lat' dir='ltr'><strong>sta-</strong></span> 
     </span>
    </p>
   </div>
   <div class='ocr_carea' id='block_1_113' title="bbox 1877 5099 3450 5170">
    <p class='ocr_par' dir='ltr' id='par_1_113' title="bbox 1877 5099 3450 5170">
     <span class='ocr_line' id='line_1_113' title="bbox 1877 5099 3450 5170; baseline -0.001 -15"><span class='ocrx_word' id='word_1_773' title='bbox 1877 5111 2046 5167; x_wconf 87' lang='lat' dir='ltr'><strong>tuam,</strong></span> <span class='ocrx_word' id='word_1_774' title='bbox 2084 5116 2191 5155; x_wconf 92' lang='lat' dir='ltr'><strong>uon</strong></span> <span class='ocrx_word' id='word_1_775' title='bbox 2239 5101 2417 5155; x_wconf 83' lang='lat' dir='ltr'><strong>habeo</strong></span> <span class='ocrx_word' id='word_1_776' title='bbox 2453 5123 2464 5154; x_wconf 83' lang='lat'><strong>;</strong></span> <span class='ocrx_word' id='word_1_777' title='bbox 2496 5114 2652 5153; x_wconf 91' lang='lat' dir='ltr'><strong>suum</strong></span> <span class='ocrx_word' id='word_1_778' title='bbox 2689 5099 2985 5169; x_wconf 91' lang='lat' dir='ltr'><strong>unicuique</strong></span> <span class='ocrx_word' id='word_1_779' title='bbox 3032 5101 3279 5169; x_wconf 89' lang='lat' dir='ltr'><strong>relinquo</strong></span> <span class='ocrx_word' id='word_1_780' title='bbox 3309 5100 3450 5170; x_wconf 89' lang='lat' dir='ltr'><strong>judi-</strong></span> 
     </span>
    </p>
   </div>
   <div class='ocr_carea' id='block_1_114' title="bbox 1876 5191 3449 5262">
    <p class='ocr_par' dir='ltr' id='par_1_114' title="bbox 1876 5191 3449 5262">
     <span class='ocr_line' id='line_1_114' title="bbox 1876 5191 3449 5262; baseline -0.003 -12"><span class='ocrx_word' id='word_1_781' title='bbox 1876 5193 2044 5259; x_wconf 91' lang='lat' dir='ltr'><strong>cium,</strong></span> <span class='ocrx_word' id='word_1_782' title='bbox 2074 5195 2248 5249; x_wconf 87' lang='lat' dir='ltr'><strong>satius</strong></span> <span class='ocrx_word' id='word_1_783' title='bbox 2277 5193 2486 5246; x_wconf 90' lang='lat' dir='ltr'><strong>ducens</strong></span> <span class='ocrx_word' id='word_1_784' title='bbox 2516 5191 2674 5246; x_wconf 89' lang='lat' dir='ltr'><strong>silere</strong></span> <span class='ocrx_word' id='word_1_785' title='bbox 2704 5191 2758 5245; x_wconf 93' lang='lat' dir='ltr'><strong>in</strong></span> <span class='ocrx_word' id='word_1_786' title='bbox 2792 5206 2852 5245; x_wconf 91' lang='lat' dir='ltr'><strong>re</strong></span> <span class='ocrx_word' id='word_1_787' title='bbox 2898 5192 3133 5256; x_wconf 89' lang='lat' dir='ltr'><strong>incerta,</strong></span> <span class='ocrx_word' id='word_1_788' title='bbox 3160 5208 3324 5262; x_wconf 90' lang='lat' dir='ltr'><strong>quam</strong></span> <span class='ocrx_word' id='word_1_789' title='bbox 3356 5208 3449 5246; x_wconf 85' lang='lat' dir='ltr'><strong>va-</strong></span> 
     </span>
    </p>
   </div>
   <div class='ocr_carea' id='block_1_115' title="bbox 1932 5401 3445 5474">
    <p class='ocr_par' dir='ltr' id='par_1_115' title="bbox 1932 5401 3445 5474">
     <span class='ocr_line' id='line_1_115' title="bbox 1932 5401 3445 5474; baseline 0.001 -19"><span class='ocrx_word' id='word_1_790' title='bbox 1932 5403 2040 5474; x_wconf 69' lang='lat'><strong>(84)</strong></span> <span class='ocrx_word' id='word_1_791' title='bbox 2081 5402 2279 5473; x_wconf 86' lang='lat' dir='ltr'><strong>Epiph.</strong></span> <span class='ocrx_word' id='word_1_792' title='bbox 2306 5402 2439 5457; x_wconf 83' lang='lat' dir='ltr'><strong>har.</strong></span> <span class='ocrx_word' id='word_1_793' title='bbox 2473 5401 2567 5466; x_wconf 68' lang='lat' dir='ltr'><strong>6i,</strong></span> <span class='ocrx_word' id='word_1_794' title='bbox 2608 5417 2657 5456; x_wconf 91' lang='lat' dir='ltr'><strong>c.</strong></span> <span class='ocrx_word' id='word_1_795' title='bbox 2692 5401 2746 5465; x_wconf 78' lang='grc'><strong>5,</strong></span> <span class='ocrx_word' id='word_1_796' title='bbox 2777 5411 2833 5456; x_wconf 90' lang='lat' dir='ltr'><strong>et</strong></span> <span class='ocrx_word' id='word_1_797' title='bbox 2869 5401 2943 5455; x_wconf 87' lang='lat' dir='ltr'><strong>De</strong></span> <span class='ocrx_word' id='word_1_798' title='bbox 2978 5403 3140 5470; x_wconf 83' lang='lat' dir='ltr'><strong>pond.</strong></span> <span class='ocrx_word' id='word_1_799' title='bbox 3168 5414 3215 5457; x_wconf 82' lang='lat' dir='ltr'><strong>et</strong></span> <span class='ocrx_word' id='word_1_800' title='bbox 3247 5418 3445 5471; x_wconf 54' lang='lat' dir='ltr'><strong>mena,</strong></span> 
     </span>
    </p>
   </div>
   <div class='ocr_carea' id='block_1_116' title="bbox 1859 5476 2015 5529">
    <p class='ocr_par' dir='ltr' id='par_1_116' title="bbox 1859 5476 2015 5529">
     <span class='ocr_line' id='line_1_116' title="bbox 1859 5476 2015 5529; baseline 0.013 -2"><span class='ocrx_word' id='word_1_801' title='bbox 1859 5489 1908 5529; x_wconf 92' lang='lat' dir='ltr'><strong>c.</strong></span> <span class='ocrx_word' id='word_1_802' title='bbox 1948 5476 2015 5529; x_wconf 78' lang='grc'><strong>18</strong></span> 
     </span>
    </p>
   </div>
   <div class='ocr_carea' id='block_1_117' title="bbox 1951 5513 2541 5613">
    <p class='ocr_par' dir='ltr' id='par_1_117' title="bbox 1951 5513 2541 5613">
     <span class='ocr_line' id='line_1_117' title="bbox 1951 5513 2541 5613; baseline -0.007 -14"><span class='ocrx_word' id='word_1_803' title='bbox 2076 5542 2273 5613; x_wconf 74' lang='lat' dir='ltr'><strong>Suidas</strong></span> <span class='ocrx_word' id='word_1_804' title='bbox 2303 5543 2359 5595; x_wconf 81' lang='lat' dir='ltr'><strong>in</strong></span> <span class='ocrx_word' id='word_1_805' title='bbox 2391 5540 2541 5611; x_wconf 76' lang='lat' dir='ltr'><strong>Orig.</strong></span> 
     </span>
    </p>
   </div>
   <div class='ocr_carea' id='block_1_118' title="bbox 1954 5612 2744 5681">
    <p class='ocr_par' dir='ltr' id='par_1_118' title="bbox 1954 5612 2744 5681">
     <span class='ocr_line' id='line_1_118' title="bbox 1954 5612 2744 5681; baseline 0.001 -16"><span class='ocrx_word' id='word_1_806' title='bbox 1954 5612 2040 5677; x_wconf 27' lang='lat'><strong>86’)</strong></span> <span class='ocrx_word' id='word_1_807' title='bbox 2068 5612 2240 5673; x_wconf 81' lang='lat' dir='ltr'><strong>Plin.,</strong></span> <span class='ocrx_word' id='word_1_808' title='bbox 2278 5612 2375 5667; x_wconf 88' lang='lat' dir='ltr'><strong>lib.</strong></span> <span class='ocrx_word' id='word_1_809' title='bbox 2402 5628 2471 5678; x_wconf 51' lang='lat' dir='ltr'><strong>,v,</strong></span> <span class='ocrx_word' id='word_1_810' title='bbox 2505 5627 2623 5681; x_wconf 91' lang='lat' dir='ltr'><strong>cap.</strong></span> <span class='ocrx_word' id='word_1_811' title='bbox 2653 5613 2744 5666; x_wconf 70' lang='lat'><strong>5&#39;2.</strong></span> 
     </span>
    </p>
   </div>
   <div class='ocr_carea' id='block_1_119' title="bbox 1932 5681 3044 5755">
    <p class='ocr_par' dir='ltr' id='par_1_119' title="bbox 1932 5681 3044 5755">
     <span class='ocr_line' id='line_1_119' title="bbox 1932 5681 3044 5755; baseline -0.004 -14"><span class='ocrx_word' id='word_1_812' title='bbox 1932 5681 2041 5755; x_wconf 78' lang='lat'><strong>(‘67)</strong></span> <span class='ocrx_word' id='word_1_813' title='bbox 2064 5683 2164 5738; x_wconf 77' lang='lat' dir='ltr'><strong>Jus</strong></span> <span class='ocrx_word' id='word_1_814' title='bbox 2191 5681 2582 5749; x_wconf 80' lang='lat' dir='ltr'><strong>erco—Rom.,</strong></span> <span class='ocrx_word' id='word_1_815' title='bbox 2618 5695 2753 5738; x_wconf 88' lang='lat' dir='ltr'><strong>tom.</strong></span> <span class='ocrx_word' id='word_1_816' title='bbox 2786 5682 2823 5749; x_wconf 90' lang='grc' dir='ltr'><strong>Ι,</strong></span> <span class='ocrx_word' id='word_1_817' title='bbox 2863 5682 2951 5737; x_wconf 82' lang='lat' dir='ltr'><strong>lib.</strong></span> <span class='ocrx_word' id='word_1_818' title='bbox 2987 5698 3044 5736; x_wconf 87' lang='lat' dir='ltr'><strong>ll.</strong></span> 
     </span>
    </p>
   </div>
  </div>
