3870 6220
380 259 485 313 ϐἴθ
1649 256 1707 312 Ρ.
1753 255 1956 310 ΒΑΝΙΕ

2060 281 2066 304 μ
2101 253 2336 310 HUETII
3518 254 3629 307 62‘0

381 398 477 438 nas
509 393 563 438 et
589 382 768 436 futiles
796 380 1143 449 conjecturas
1166 392 1491 449 proponere.
1521 378 1675 445 Quod
1728 380 1773 433 si
1813 379 1952 433 inte-
1978 386 2024 441 Α
2056 392 2196 431 mus.
2232 377 2303 430 At
2332 389 2455 430 cum
2489 374 2737 429 Caesarea
2786 373 3141 442 Cappadociae
3175 373 3489 434 discederet,
3530 372 3628 427 Ni-

380 490 473 545 gra
501 479 807 542 superesset
848 472 935 525 illa
965 470 1161 524 Leonis
1190 469 1555 532 Διατύπωσις,
1581 483 1681 523 nec
1702 478 1951 521 extrema

380 568 459 621 sui
490 577 641 635 parte
672 567 859 619 luisset
890 564 1157 625 mutilata,
1184 564 1234 617 in
1261 580 1364 633 qua
1422 562 1714 627 unicuique
1757 570 1954 613 metro-

380 658 484 728 poli
507 658 782 711 attributaz
805 656 1073 709 diceccses
1099 657 1547 715 recensebantur,
1581 652 1696 723 (88)
1723 649 1952 706 Germa-

379 749 482 804 niae
512 750 671 803 situm
702 747 860 803 facile
886 762 1377 818 cognosceremus.
1410 748 1584 816 Atque
1618 747 1732 800 hzec
1765 744 1952 798 hacte-

378 857 502 897 IIIIS.

448 930 511 986 V.
539 930 801 1002 Origenes
844 930 896 983 in
929 929 1156 984 Iuliana:
1178 928 1500 982 Bibliotheca
1520 929 1705 983 tandiu
1740 928 1954 983 videtur

378 1024 658 1078 delituisse
710 1023 887 1092 quoad
950 1023 1087 1077 vixit
1134 1020 1477 1076 Maximinus.
1520 1020 1572 1075 ls
1607 1021 1822 1074 demum
1883 1020 1952 1073 ad

379 1113 676 1182 Aquileiam
706 1128 805 1181 per
832 1111 1123 1165 militarem
1152 1109 1441 1164 tumultum
1476 1125 1598 1163 cum
1635 1110 1741 1163 li-lio
1771 1109 1950 1178 periit,

379 1219 523 1258 anno
560 1204 771 1272 imperii
814 1204 974 1257 tertio
1034 1218 1049 1255 :
1108 1218 1215 1271 quo
1257 1203 1503 1257 recidunt
1547 1203 1712 1255 varia:
1764 1217 1953 1257 eorum

384 1295 696 1360 sententiae,
723 1310 951 1363 quorum
978 1295 1066 1347 alii
1091 1309 1185 1363 per
1211 1294 1508 1359 biennium,
1538 1310 1633 1363 pcr
1662 1295 1952 1348 triennium

380 1387 493 1449 alii,
512 1395 647 1441 teste
662 1384 804 1441 Julio
822 1387 1123 1455 Capitolino
1141 1384 1272 1455 (89),
1290 1386 1640 1441 Maximinum
1659 1388 1954 1455 imperasse

379 1480 582 1532 volunt.
618 1477 912 1532 Maximino
945 1478 1210 1531 successit
1232 1477 1561 1533 Gordianus.
1588 1478 1778 1533 Annus
1798 1478 1954 1533 Cliri-

379 1572 446 1626 sli
490 1581 618 1624 tunc
646 1571 910 1639 agebatur
938 1570 1063 1635 237,
1098 1570 1351 1640 Origenis
1391 1588 1461 1625 ιιι
1489 1589 1503 1638 ;
1528 1571 1825 1624 Romanam
1853 1571 1952 1623 Ec-

380 1661 600 1717 clesiam
653 1663 872 1731 regebat
912 1661 1206 1723 Fabianus,
1241 1663 1296 1716 in
1345 1661 1520 1716 locum
1557 1660 1745 1715 Anteri
1785 1659 1951 1715 suffe-

2054 467 2355 521 comediam
2413 465 2591 520 obiter
2657 463 2862 518 adiisse
2912 464 3193 534 probabile
3236 477 3354 531 est,
3416 467 3629 520 visendi

2053 559 2323 613 Ambrosii
2370 572 2555 621 causa,
2597 556 2689 625 qui
2745 556 3035 625 impiorum
3092 557 3325 610 vinculis
3390 557 3628 624 elapsus,

2054 664 2260 702 moram
2289 650 2341 702 in
2373 661 2436 701 ea
2472 650 2607 703 urbe
2635 662 2760 702 cum
2796 647 3048 701 Marcella
3082 648 3316 717 conjuge
3348 663 3412 702 ac
3443 648 3631 703 liberis

2052 738 2291 795 faciebat
2341 756 2355 795 :
2400 739 2621 809 (liberos
2663 740 2896 809 quippe,
2949 740 3265 809 conjugem,
3319 738 3515 795 fratres
3558 756 3627 796 ac

2053 848 2269 887 sorores
2309 833 2495 886 habuit
2534 834 2851 888 Ambrosius
2894 849 2909 885 :
2955 833 3089 886 obiit
3121 840 3301 886 autem
3340 834 3632 901 superstite

2055 921 2311 991 Origene,
2350 921 2592 989 vitioque
2630 922 2730 989 ipsi
2761 937 2791 975 a
2838 921 3022 975 multis
3065 922 3246 975 datum
3287 932 3470 975 narrat
3504 921 3632 975 Hie-

2054 1029 2312 1084 ronymus
2349 1013 2490 1083 (90),
2524 1016 2666 1079 quod
2694 1014 2853 1067 amici
2904 1015 3068 1079 senis,
3121 1023 3175 1067 et
3229 1015 3474 1082 pauperis
3518 1029 3632 1066 mo-

2052 1107 2200 1159 riens
2232 1121 2336 1160 non
2366 1107 2437 1160 sit
2478 1107 2841 1175 recordatus.)
2894 1106 3029 1160 llinc
3080 1107 3344 1160 eruditam
3380 1107 3523 1159 illam
3557 1106 3628 1159 ad

2051 1196 2366 1251 Africanum
2392 1198 2540 1252 dedit
2571 1198 2881 1267 epistolam,
2910 1213 3014 1267 qua
3042 1197 3309 1253 Susanna
3340 1198 3625 1251 historiam

2052 1291 2249 1345 frustra
2290 1293 2358 1346 ab
2407 1306 2474 1345 eo
2509 1293 2877 1362 impugnatam
2930 1294 3242 1354 confirmat,
3288 1306 3549 1360 suamque
3573 1292 3628 1345 ei

2054 1385 2211 1439 [idem
2246 1396 2299 1439 et
2330 1388 2706 1441 auctoritatem
2741 1386 2942 1439 asserit
2982 1384 3119 1455 (91).
3163 1384 3509 1439 Atheniensis
3536 1385 3629 1439 iti-

2052 1478 2199 1530 neris
2234 1476 2513 1545 ignoratur
2550 1492 2754 1532 causa:
2792 1477 2923 1531 illud
2977 1478 3199 1543 scimus,
3225 1479 3443 1546 optimis
3473 1494 3625 1544 eum,

2052 1568 2291 1635 quandiu
2348 1570 2401 1623 in
2450 1570 2551 1624 liae
2624 1569 2759 1624 urbe
2821 1569 3078 1638 agitavit,
3141 1570 3631 1625 exercitationibus

2052 1658 2222 1710 otium
2260 1674 2415 1712 suum
2461 1660 2897 1729 consumpsisse;
2955 1674 3077 1715 nam
3124 1660 3362 1730 inceptos
3398 1663 3453 1715 in
3484 1659 3628 1716 Eze-

380 1764 524 1819 ctus,
561 1755 652 1823 qui
709 1754 1032 1807 Pontianum
1088 1768 1402 1822 exceperat,
1446 1769 1570 1807 cum
1626 1764 1853 1821 uterque
1896 1753 1948 1805 in
1980 1750 2022 1804 B
2051 1747 2266 1802 chielem
2298 1746 2717 1803 Commentarios
2746 1750 2978 1805 absolvit
3032 1752 3194 1820 (quod
3226 1766 3368 1805 anno
3397 1767 3629 1822 sexage-

380 1844 654 1898 Maximini
685 1847 1061 1914 persecutione
1097 1846 1381 1899 tolerasset
1416 1845 1767 1914 martyrium;
1804 1852 1954 1912 post-

380 1950 542 2004 quam
576 1936 664 1989 bic
694 1937 1010 1989 sexennium
1026 1937 1265 2003 circiter,
1298 1951 1539 1990 mensem
1564 1936 1652 1989 ille
1669 1935 1955 1989 admodum

387 2038 555 2078 unum
589 2040 859 2080 summum
897 2025 1266 2095 pontiﬁcatum
1305 2027 1497 2081 tenuit.

451 2117 538 2172 Vl.
575 2117 683 2174 Nos
720 2118 825 2175 illis
859 2118 1187 2186 temporibus
1223 2119 1450 2172 alteram
1497 2117 1750 2185 Origenis
1795 2117 1961 2171 Athe-

381 2210 624 2265 niensem
684 2210 1168 2280 peregrinationem
1232 2210 1499 2281 assignari
1560 2223 1720 2277 posse
1770 2223 1963 2262 cense-

456 2450 566 2522 (88‘,
603 2449 884 2522 Germania
919 2449 1089 2522 _situm
1133 2449 1287 2517 facile
1332 2463 1774 2522 cognosceremus.
1802 2466 1858 2522 _t_
1888 2448 1951 2501 Et

383 2517 505 2589 ego,
551 2523 725 2589 inquit
757 2518 1127 2581 Westbcnius,
1185 2530 1411 2573 conatus
1454 2532 1571 2589 sum
1614 2517 1813 2589 aliquid
1848 2519 1949 2571 im-

388 2587 640 2659 pendere
668 2591 828 2655 bujus
882 2593 987 2659 rei
1014 2589 1404 2651 dilucidationi,
1440 2588 1533 2659 sed
1582 2587 1714 2640 nihil
1749 2589 1953 2659 certius

392 2657 628 2727 reperire
671 2659 840 2728 potui.
877 2657 1060 2722 Τάξις,
1092 2674 1185 2711 seu
1227 2657 1508 2725 dispositio
1547 2657 1950 2728 patriarclialis,

389 2725 493 2801 qua
559 2725 989 2801 tnetropolitanis
1057 2736 1112 2781 et
1182 2725 1672 2801 episcopis_0rdo
1738 2727 1953 2781 sedendi

393 2796 717 2865 assignatur,
737 2796 967 2864 corpori
1000 2796 1264 2850 canonum
1289 2797 1542 2851 Ecclesiae
1568 2796 1771 2850 Grmca:
1795 2812 1947 2851 com—

392 2871 660 2924 mentatio
683 2869 879 2936 duplici
904 2866 1125 2921 Zonarm
1151 2878 1203 2920 et
1224 2867 1560 2920 Balsamonis
1586 2866 1855 2921 illustrato
1882 2868 1947 2920 ad

389 2941 592 2992 calcem
636 2938 867 3005 adiecta,
906 2946 956 2990 ct
988 2937 1055 2989 ab
1106 2937 1409 2990 Enimundo
1453 2937 1725 2991 Bonclidio
1761 2936 1857 2990 lib.
1906 2954 1945 2990 ιι

385 3012 535 3064 Juris
568 3009 843 3062 orientalis
891 3008 1124 3069 inserta,
1180 3009 1317 3060 inter
1351 3006 1675 3074 metrOpoles
1723 3022 1948 3061 numero

394 3096 540 3134 vatt
611 3079 760 3148 ponit
813 3079 911 3148 τὴν
973 3077 1298 3146 Γερμανίαν,
1329 3075 1722 3131 Germaniam:
1770 3087 1825 3130 at
1870 3079 1950 3131 iti-

394 3162 479 3203 ter
520 3148 1015 3216 arcliiepiscOpatus
1058 3153 1239 3201 sedem
1280 3158 1525 3215 quartam
1566 3148 1808 3214 assignat
1842 3150 1955 3211 τοῖς

390 3220 668 3291 Γερμίοις,
700 3232 754 3271 et
792 3220 1108 3291 vicesimam
1162 3230 1411 3291 octavam
1466 3220 1533 3291 τῇ
1580 3217 1956 3291 Γέρμῃηριιω

392 3286 721 3344 coiiiirmant
765 3288 1198 3341 observationem
1253 3286 1323 3341 cl.
1361 3286 1539 3341 lluetii
1592 3302 1622 3339 e
1654 3286 1878 3341 ‘Co'dino
1905 3297 1960 3342 et

391 3360 587 3413 LuOttis
620 3356 858 3421 διατάξει
917 3358 1156 3409 allatam.
1195 3356 1590 3425 Antiquissima
1632 3356 1723 3425 illa
1766 3356 1957 3423 Dispo-

390 3431 511 3483 sitio
563 3444 591 3482 a
642 3428 911 3481 Guilelmo
940 3427 1231 3494 Beveregio
1284 3424 1517 3481 in’notis
1556 3427 1621 3480 ad
1660 3424 1956 3479 Pandeclas

390 3500 670 3552 canonica:
702 3497 999 3551 Grazcorum
1032 3497 1253 3550 Oxonia:
1275 3497 1466 3561 editas,
1496 3496 1699 3567 publici
1726 3497 1956 3564 primum

392 3572 531 3637 juris
560 3568 734 3631 facta;
766 3582 867 3634 qua
916 3582 1105 3637 omnes
1146 3567 1473 3637 metropoles
1498 3566 1573 3620 iet
1619 3566 1961 3634 episcopatus

396 3635 633 3706 quinque
669 3638 990 3705 patriarcliis
1031 3635 1297 3701 Romano,
1325 3635 1960 3706 Constantinopolitano,

393 3704 752 3768 Antidcheiro,
808 3706 1178 3759 Alexandrino
1219 3717 1273 3760 et
1331 3704 1790 3775 Jerosolymitano
1839 3706 1963 3760 sub-

388 3780 517 3848 jecti
583 3788 835 3831 accurate
900 3788 1288 3848 recensentur,
1348 3775 1687 3848 Germaniam
1740 3776 1962 3829 omnino

393 3846 633 3920 praeterit
675 3866 687 3902 :
716 3857 774 3899 ut
814 3846 1212 3920 multispostea
1243 3847 1402 3899 annis
1427 3846 1811 3920 ileiiiuiiijtiter
1847 3860 1959 3920 me-

396 3914 634 3986 iropoles
668 3926 975 3984 c00ptatam
1009 3916 1179 3970 fuisse
1244 3930 1467 3970 necesse
1509 3917 1598 3970 sit.
1648 3914 1857 3986 Rursus
1909 3915 1960 3967 in

392 3985 575 4044 codice
620 4003 885 4041 canonum
922 3986 1173 4039 Ecclesia:
1218 3985 1487 4053 Africana:
1538 3988 1676 4039 inter
1723 3985 1962 4039 subscri-

394 4062 607 4128 ptiones
645 4061 1022 4128 episcoporum
1055 4072 1280 4128 numero
1315 4071 1404 4109 vni
1436 4067 1517 4109 est
1538 4065 1592 4109 et
1627 4056 1775 4128 haec:
1816 4056 1961 4109 Κάν-

391 4125 532 4192 διδος
582 4127 887 4199 Γερμανίας
934 4128 1043 4199 soi;
1100 4126 1333 4198 παροῦσι
1370 4125 1803 4199 ἐπεπραγμένοις
1857 4128 1963 4199 ὑπο

399 4195 1275 4271 ἐγραψα.’βαιιάὶόιωβξνιιιαιιιςε
1324 4197 1406 4271 his
1453 4195 1623 4271 gestis
1659 4198 1960 4262 subseripsi.

394 4265 616 4323 Licetne
665 4268 790 4321 hinc
822 4266 1149 4322 concludere
1175 4269 1336 4321 etiam
1367 4265 1717 4320 Germaniam
1767 4280 1961 4335 quam-

394 4345 514 4393 dam
549 4342 599 4391 in
636 4341 816 4391 Africa
850 4336 1054 4390 fuisse?
1088 4338 1385 4391 Audiamus
1410 4337 1536 4403 quid
1569 4338 1652 4388 vir
1690 4336 1962 4405 amplissi-

2061 1840 2199 1894 simo
2242 1838 2447 1894 factum
2498 1840 2754 1895 Erasmus
2803 1842 2914 1909 (92)
2964 1842 3260 1895 arbitratur
3302 1856 3369 1896 ex
3436 1839 3637 1906 Suida,

2067 1940 2285 1986 auctore
2314 1931 2512 1986 nullius
2549 1934 2731 2002 pretii,
2769 1935 2860 2002 qui
2894 1949 2961 1988 ex
3008 1934 3223 1989 Eusebii
3250 1936 3443 2005 pannis
3481 1937 3634 2005 prius

2064 2023 2318 2093 Origenis
2343 2024 2598 2094 elogium,
2626 2026 2681 2079 in
2706 2042 2814 2095 quo
2844 2030 3106 2096 scriptum
3144 2029 3246 2082 hoc
3277 2038 3474 2091 exstat,
3508 2042 3634 2095 per-

2071 2117 2282 2171 turbate
2326 2125 2380 2172 et
2414 2118 2768 2187 incomposite
2799 2121 3053 2188 consuit),
3093 2129 3149 2173 et
3184 2120 3464 2173 Canticum
3496 2135 3632 2173 can-

2076 2208 2300 2263 ticorum
2333 2208 2758 2277 expositionibus
2791 2208 3057 2265 illustrare
3090 2211 3322 2265 instituit
3349 2228 3363 2263 :
3399 2225 3627 2280 quarum

2064 2451 2414 2523 Epiphanius
2448 2453 2499 2505 in
2550 2455 2834 2517 Ancorato,
2890 2463 2941 2507 et
2993 2452 3189 2522 Georg.
3234 2452 3515 2523 Synt'ellns
3567 2456 3623 2508 in

2053 2520 2485 2590 Chronographia
2517 2537 2636 2590 pag.
2656 2524 2722 2576 47
2743 2539 2758 2585 ;
2781 2523 3070 2578 Carnarius
3096 2520 3361 2590 interpres
3387 2524 3620 2590 Epipbaa-

2059 2593 2133 2644 nii
2192 2589 2483 2645 Carmana:
2522 2589 2714 2646 νει-ιιι.
2767 2592 2948 2660 Itaque
3002 2604 3126 2647 sunt
3173 2589 3358 2647 ineola:
3397 2589 3622 2654 Carma-

2056 2662 2176 2732 niae,
2224 2662 2322 2730 τῆς
2366 2661 2710 2732 Καρμανίας,
2760 2664 2993 2732 regionis
3051 2664 3193 2718 inter
3247 2664 3517 2732 Persidem
3566 2675 3628 2732 et

2054 2730 2257 2783 Indiam
2288 2733 2424 2791 sitae,
2456 2730 2616 2799 quam
2642 2730 2958 2785 I’toleuimus
2987 2732 3075 2785 lib.
3101 2749 3175 2798 vi,
3212 2748 3260 2786 c.
3308 2732 3341 2787 8
3384 2730 3624 2801 Geograé

2057 2801 2197 2869 phiae
2230 2800 2507 2857 describit.
2553 2801 2700 2855 Hanc
2731 2802 3072 2855 Carmaniam
3102 2803 3353 2858 observat
3412 2800 3625 2857 Mittens

2050 2868 2105 2923 in
2184 2868 2549 2939 Topograpltia
2621 2871 2974 2925 ecclesiastica
3054 2874 3217 2927 etiam
3278 2870 3618 2926 Germaniam

2054 2942 2255 2999 vocari,
2302 2952 2357 2993 et
2415 2941 2711 2995 Salinasius
2771 2944 2913 3010 apud
2973 2940 3239 3007 Solinum,
3293 2942 3521 2997 Plinium
3570 2956 3629 2997 et

2052 3010 2381 3063 Marcianum
2439 3011 2706 3076 Capellain
2770 3013 2820 3065 in
2879 3015 3182 3066 veterrimis
3224 3014 3619 3078 exemplaribus

2059 3097 2187 3134 mss.
2251 3080 2588 3135 Germaniam
2644 3096 2740 3147 pro
2790 3081 3099 3147 Carmania,
3152 3084 3279 3136 item
3346 3081 3627 3134 Germani-

2058 3168 2173 3204 cum
2238 3166 2335 3221 pro
2390 3149 2712 3221 Germanico
2767 3154 2969 3218 scripta
3029 3154 3248 3221 reperit.
3310 3152 3440 3221 Vide
3494 3151 3629 3205 Pli-

2059 3226 2205 3274 nian.
2245 3220 2507 3292 iEgercit.
2566 3223 2620 3274 in
2649 3220 2943 3292 ﬂSolinum,
2979 3220 3125 3292 pag.
3187 3222 3313 3276 240.
3372 3220 3458 3275 Nil
3531 3225 3631 3275 ad-

2060 3293 2181 3344 dam
2224 3291 2289 3344 de
2316 3289 2605 3344 Germania
2641 3291 2926 3360 EurOpaea,
2960 3291 3025 3345 de
3065 3289 3176 3360 qua
3227 3293 3487 3360 Origenes
3538 3294 3629 3347 hic

2061 3362 2371 3428 neutiquam
2432 3363 2562 3429 agit.
2614 3360 2855 3425 Interim,
2913 3378 3069 3429 quam
3121 3361 3459 3416 Germaniam
3528 3363 3632 3415 in-

2061 3440 2145 3483 ter
2192 3433 2370 3498 plures
2422 3431 2539 3501 illas
2575 3431 2833 3500 intelligat
2876 3431 3157 3501 Origenes,
3213 3432 3344 3485 mihi
3384 3432 3631 3499 judicare

2062 3516 2167 3553 non
2202 3515 2488 3568 praesumo.
2524 3500 2719 3554 Lector
2750 3502 2995 3555 eruditus
3028 3502 3210 3570 eligat,
3242 3518 3400 3570 quam
3443 3517 3627 3555 rerum

2060 3572 2795 3641 gesniruui_circumstantiis
2828 3576 3147 3641 cognoverit
3176 3572 3632 3626 convenientissi-

2061 3654 2229 3692 main.
2264 3659 2281 3689 ι
2314 3638 2437 3693 Haec
2511 3640 2878 3695 Westbenius.
2904 3638 3001 3694 Ἅι
3039 3642 3409 3695 'l‘illemontius
3431 3680 3446 3703 ,
3496 3652 3629 3696 tom.

2066 3709 2134 3762 Ill
2194 3708 2569 3764 Memoriarum
2607 3712 2676 3763 ad
2718 3711 2999 3764 ecclesiast.
3054 3710 3281 3776 Histor.,
3340 3727 3460 3778 pag.
3498 3712 3629 3776 272,

2064 3782 2292 3831 miratur
2325 3796 2583 3848 quorsum
2612 3782 2677 3833 de
2717 3782 2817 3835 hac
2857 3781 3145 3835 Germania
3180 3791 3260 3833 tot
3303 3792 3623 3835 moveantur

2064 3848 2421 3921 dillirultates,
2464 3852 2615 3919 quasi
2648 3851 2700 3905 id
2724 3852 2865 3919 quod
2889 3854 2964 3904 ait
2993 3854 3274 3921 Origenes,
3303 3852 3369 3904 de
3395 3850 3625 3905 Germa-

2064 3921 2151 3971 nia
2199 3920 2461 3988 Europzea
2499 3937 2615 3990 non
2668 3922 2837 3989 possit
2895 3920 3137 3990 intelligi,
3191 3923 3278 3974 ubi
3337 3921 3631 3988 imperator

2065 3991 2327 4058 salutatus
2364 4001 2447 4043 est
2496 3989 2822 4044 Maximinus
2865 4000 2919 4046 et
2967 3989 3199 4044 tib-idin
3248 3990 3385 4044 bella
3438 3992 3626 4058 gessit.

2065 4057 2180 4111 Mos
2211 4062 2354 4130 enim
2390 4062 2460 4113 illi
2494 4073 2612 4114 erat
2649 4072 2783 4114 teste
2812 4060 3135 4121 Herodiano,
3182 4075 3306 4130 pag.
3347 4054 3472 4126 592',
3500 4054 3626 4127 593,

2066 4143 2131 4182 ex
2161 4129 2758 4198 remetissimisimperii
2780 4130 2976 4186 linibus
2998 4129 3359 4185 nobilissimos
3381 4130 3632 4186 homines

2066 4200 2133 4269 ad
2168 4214 2224 4251 se
2248 4212 2500 4269 evocare,
2541 4210 2596 4254 ut
2630 4216 2727 4268 per
2767 4201 2958 4255 itinera
2997 4201 3290 4269 ignominia
3344 4211 3395 4253 et
3432 4202 3634 4255 labori-

2068 4268 2520 4339 busrconlectos,
2574 4272 2914 4337 postmodum
2974 4268 3087 4339 ipse
3146 4286 3256 4324 sua:
3296 4272 3539 4323 avaritia:
3581 4280 3638 4325 et

2067 4338 2373 4409 crudelitati
2401 4340 2723 4393 immolaret.
2758 4340 2895 4406 Quid
2932 4338 3061 4409 ergo
3101 4352 3253 4395 vetat
3283 4341 3632 4394 Ambrosium

397 4424 537 4472 mus,
566 4410 805 4472 mittique
852 4409 1037 4461 multis
1078 4408 1387 4460 nominibus
1424 4407 1774 4477 honorandus
1806 4405 1954 4459 ch-
1989 4409 2032 4464 D
2063 4418 2118 4458 et
2146 4406 2510 4462 Protoctetum
2540 4412 2605 4463 ad
2628 4424 2748 4462 eum
2781 4405 2981 4477 pariter
2997 4405 3260 4465 adductos
3285 4410 3485 4463 fuisse?
3521 4414 3637 4466 Cae-

396 4479 543 4531 ricus
600 4477 879 4540 Justellus,
932 4478 985 4530 ιιι
1037 4478 1407 4542 pulcherrimo
1465 4487 1627 4544 atque
1673 4476 1959 4530 utilissimo

397 4563 559 4615 opere
605 4550 935 4601 Bibliotheca:
984 4549 1249 4601 canonica:
1299 4557 1428 4616 t_om.
1473 4547 1513 4607 l,
1550 4562 1669 4616 pag.
1714 4545 1839 4608 412,
1893 4549 1959 4600 ad

400 4614 514 4670 haec
562 4618 812 4671 observet
866 4636 879 4670 :
951 4617 1223 4669 Candidus
1289 4614 1641 4680 Germaniw,'
1690 4616 1959 4670 Candidus

393 4688 665 4755 episcopus
728 4686 1051 4741 Abitinensis
1108 4685 1633 4741 Germanicianorum
1688 4684 1956 4741 Ecclesiw.

397 4758 537 4809 Sunt
570 4768 743 4810 autetn
772 4760 1114 4811 Al-itinenses
1169 4756 1363 4809 Africa:
1392 4760 1640 4826 populus,
1674 4760 1830 4821 cujus
1862 4759 1960 4809 alie

398 4828 608 4891 quoties
636 4829 962 4880 mentionem
998 4828 1123 4880 facit
1148 4828 1481 4895 Augustinus
1513 4827 1646 4880 libro
1694 4842 1753 4878 ιιι
1779 4828 1964 4879 adver-

396 4914 486 4950 sus
523 4898 955 4950 Parmenionem.
993 4898 1047 4951 ln
1094 4894 1283 4949 iisdem
1313 4894 1514 4949 Canan.
1572 4896 1718 4949 Eccl.
1766 4898 1960 4962 Alne,

401 4984 522 5037 pag.
547 4967 673 5029 584,
700 4967 837 5037 585ε
871 4969 1109 5034 alibique
1134 4968 1194 5020 lit
1227 4968 1426 5037 mentio
1468 4967 1566 5037 τῆς
1591 4967 1714 5029 νέας
1748 4966 1965 5037 Γερμα-

397 5036 514 5101 νοῦ,
575 5037 741 5089 Nova!
797 5036 1115 5098 Germaniw,
1169 5036 1309 5089 unde
1362 5036 1602 5103 proclive
1644 5040 1787 5090 l'oret
1832 5036 1966 5091 coii-

392 5109 573 5177 jicere
610 5106 744 5177 duas
788 5107 955 5159 fuisse
982 5106 1300 5160 Germanias
1352 5110 1403 5159 in
1448 5108 1630 5160 Africa
1671 5123 1684 5159 :
1738 5109 1964 5160 alteram

401 5176 720 5244 simpliciter
746 5178 823 5230 sic
854 5177 1049 5228 dictant
1072 5178 1347 5244 ;alteram,
1372 5179 1515 5244 quod
1546 5191 1734 5230 recens
1751 5179 1963 5231 condita

399 5243 565 5309 esset,
590 5261 780 5297 novam
808 5247 1151 5313 appellatam.
1186 5243 1507 5309 Herodotus,
1536 5248 1629 5299 lib.
1657 5261 1695 5307 ι,
1721 5263 1840 5315 pag.
1874 5247 1961 5309 60,

399 5316 599 5370 Persia:
649 5316 875 5383 populos
934 5330 1197 5367 enarratis
1244 5316 1321 5368 sic
1359 5316 1594 5384 loquitur
1626 5334 1639 5370 :
1676 5316 1856 5369 Ἀλλοι
1909 5318 1966 5369 δὲ

399 5384 901 5459 Πέρσαιίεζᾳὶνιοῖδε
960 5384 1719 5459 Ποινθήλοιιοι,“Δηροι)σιιιιῖοιΞ
1754 5388 1967 5459 Γερμά-

402 5452 526 5509 νιοι.
590 5456 696 5507 Alii
749 5452 933 5509 Persa:
990 5457 1044 5507 hi
1105 5452 1225 5508 sunt
1307 5452 1616 5521 Paii't'ltelwi,
1680 5452 1964 5519 Deruiiwi,
2034 5466 2037 5469 ’

402 5526 695 5579 Germanii.
759 5525 1023 5579 Eusebius
1085 5525 1138 5578 in
1196 5523 1493 5590 Chronico,
1549 5542 1601 5595 p.
1658 5528 1765 5589 11,
1826 5528 1968 5581 inter

402 5598 624 5665 populos
676 5595 978 5668 Orientales
1009 5611 1039 5649 a
1088 5595 1248 5650 Semo
1285 5599 1591 5663 progenitos
1644 5597 1968 5668 refertl‘ep-

403 5668 625 5733 μανοὺς,
687 5665 974 5721 Germanos
1018 5679 1038 5719 .°
1094 5675 1149 5721 et
1204 5676 1326 5735 post
1380 5683 1503 5721 eum
1563 5668 1704 5722 idem
1761 5665 1967 5722 faciunt

2068 4479 2528 4553 terunLlﬂcclesiie
2573 4480 2924 4553 Caesariensis
2958 4484 3239 4553 presbyter
3280 4480 3633 4553 Protoctetns

2061 4549 2199 4614 apud
2226 4546 2609 4620 Hieronymum
2639 4552 2690 4602 in
2716 4546 3171 4619 Catalogfscrip't.
3212 4552 3418 4614 eccles.,
3447 4552 3535 4603 ubi
3571 4556 3639 4607 de

2060 4620 2368 4687 Ambrosio.
2388 4620 3018 4675 vocatur'l‘beoctistus.t
3046 4624 3374 4675 Ambrosius
3402 4636 3638 4687 primum

2063 4684 2429 4760 Mai-ciuilites;
2469 4691 2659 4744 deinde
2691 4692 2756 4743 ab
2784 4690 3017 4760 Origene
3041 4700 3349 4753 correctus,
3379 4684 3641 4744 Ecclesia:

2064 4758 2723 4830 diaconus,conlessioms
2755 4758 3044 4815 Dominicae
3066 4762 3233 4830 gloria
3257 4762 3487 4829 insignis
3515 4762 3637 4825 luit,

2064 4827 2149 4879 cui
2193 4843 2288 4900 pro
2340 4828 3026 4900 TIIBUCIISIO“pI'CSDYICI'O
3072 4827 3213 4883 liber
3256 4827 3512 4899 Origents
3561 4831 3639 4883 De

2068 4898 2609 4966 niurtyrio‘scribitur.
2624 4917 2643 4951 ι
2669 4898 2797 4953 Mitti
2818 4898 2948 4953 sane
2964 4917 3276 4969 persuasum
3291 4898 3375 4954 est
3389 4917 3635 4953 errorem

2064 4980 2184 5020 esse
2207 4973 2638 5041 amanuensium,
2669 4972 2760 5038 qui
2795 4973 3087 5039 genuinam
3119 4972 3430 5041 Hieronymi
3459 4971 3637 5024 lectio-

2067 5051 2188 5111 nem
2229 5054 2247 5086 ι
2280 5042 2367 5091 cui
2394 5051 2447 5111 et
2477 5039 2790 5111 Protoc_teto
2831 5044 3168 5111 presbytero,
3210 5060 3227 5091 ι
3263 5039 3545 5094 verterunt
3586 5041 3638 5092 in

2036 5106 2247 5180 ~istani,
2291 5130 2308 5158 ι
2350 5110 2436 5180 cui
2496 5126 2593 5179 pro
2652 5106 3364 5180 Tlieociisio'presbytero.
3406 5129 3425 5160 ι
3465 5112 3635 5180 κΙςὶιι-υι

2068 5175 2194 5249 inde
2226 5175 2541 5233 manifestus
2563 5191 2664 5245 est,
2700 5184 2838 5247 quod
2877 5198 2981 5235 non
3016 5175 3305 5234 Ambrosio
3333 5197 3429 5249 pro
3459 5179 3635 5233 Tbeo-

2075 5247 2261 5305 ctisto,
2294 5251 2386 5301 sed
2422 5252 2652 5318 utrique,
2682 5251 2977 5305 Ambrosio
3015 5266 3206 5318 nempe
3237 5259 3292 5303 et
3327 5247 3637 5304 I’rotoctetc

2068 5320 2392 5439 Brcsbytcro
2415 5336 2565 5373 suam
2601 5327 2665 5373 ad
2700 5331 3020 5392 martyrium
3061 5320 3382 5393 παραίνεσιν
3430 5322 3637 5375 miserit

2121 5403 2349 5439 nat-nes.

2121 5403 2349 5452 rigi-nes.

2140 5457 2249 5525 (89)
2281 5455 2384 5509 Jul.
2418 5458 2647 5526 Capitol.
2678 5460 2729 5511 in
2760 5459 2981 5514 Maxim.
3005 5473 3049 5515 et
3088 5460 3237 5515 Balb.

2140 5533 2251 5600 (30)
2283 5525 2621 5600 IIteronyiii.,
2662 5531 2733 5582 De
2758 5545 2937 5600 δι’νιρι.
2961 5532 3166 5596 et'cles.,
3198 5548 3317 5599 cap.
3349 5530 3440 5589 67.

2145 5598 2255 5673 (Oi)
2287 5598 2505 5673 Iﬂuseb"
2540 5598 2737 5651 Hister.
2764 5598 2913 5673 ccci?”
2956 5604 3045 5655 lib.
3087 5619 3156 5664 νι,
3188 5598 3421 5673 cup.52.

2143 5666 2253 5738 (92)
2294 5670 2500 5722 lui-asin.
2538 5672 2589 5723 in
2621 5686 2819 5723 cuntur.
2861 5672 2979 5725 libr.
3013 5673 3161 5741 Orig.

3820 1974 3825 2025 l

3822 2096 3825 2151 l
