3870 6220
234 365 336 420 681

1299 352 1868 414 ORIGENIANORUM
1903 343 2029 409 LIB.
2068 350 2112 418 ι,
2157 347 2308 408 CAP.
2345 334 2436 405 iii.

3397 353 3505 406 683

235 485 476 550 quinque
529 488 704 532 tomos
757 477 809 532 in
869 491 932 531 ea
991 475 1291 532 elaboravit
1338 476 1464 530 sede
1498 492 1512 541 ;
1578 473 1813 543 reliquos
1841 481 1889 536 Α
1916 469 2113 526 ﬂorens
2141 467 2387 539 Beryllus
2422 464 2534 538 (99)
2564 463 2951 521 Bostrenoruni
2974 465 3259 535 episcopus
3297 464 3353 520 in
3385 465 3506 520 hae-

237 570 461 626 to'tideni
505 569 768 625 Ciesareie
824 568 1098 623 Stratonis
1141 566 1400 622 confecit.
1473 565 1628 621 Circa
1675 566 1815 620 hanc

235 680 452 734 quoque
486 670 860 731 tempestatem
901 660 1226 730 jampridem
1260 658 1530 713 inchoatis
1561 659 1615 711 in
1644 655 1814 710 Joan-

235 774 352 811 nem
379 753 786 810 Commentariis
826 753 986 807 linem
1022 753 1349 822 imposuisse
1384 750 1678 804 verisimile
1705 758 1812 812 est,

235 861 294 903 ut
325 849 463 904 infra
494 847 795 902 ostendam.
824 846 1075 898 Annuum
1111 855 1324 913 tempus
1353 843 1668 897 Atheniensi
1689 843 1812 896 huic

235 956 401 995 morie
453 938 644 994 tribuit
717 936 1016 1000 Halloxius,
1084 951 1184 990 nec
1233 936 1586 1002 contradico;
1651 935 1814 990 liceat

234 1032 396 1088 modo
461 1029 750 1099 unicuique
804 1028 1074 1098 judicium
1134 1026 1277 1081 aliud
1333 1041 1400 1080 ex
1457 1041 1518 1080 re
1572 1025 1809 1096 capienti

232 1123 544 1179 dissentire.

307 1212 558 1284 Vll.(92‘)
584 1211 871 1266 Pristinam
897 1211 1078 1282 itaque
1102 1213 1308 1277 sedem,
1329 1211 1630 1267 Caesaream
1660 1213 1812 1266 Stra-

234 1307 380 1359 tonis
418 1304 580 1374 longo
611 1312 728 1372 post
758 1309 1003 1370 tempore
1025 1300 1284 1371 Origenes
1303 1301 1539 1370 repetiit,
1559 1311 1721 1368 atque
1741 1299 1810 1354 ibi

231 1405 544 1466 susceptum
586 1394 1096 1448 Commentariorum
1143 1394 1198 1446 in
1241 1391 1517 1447 Canticum
1563 1407 1700 1462 opus
1745 1393 1812 1445 ad

230 1489 434 1542 exitum
457 1488 626 1542 duxit.
649 1487 933 1542 Falluntur
955 1496 1134 1540 autem
1159 1485 1650 1555 Magdeburgenses
1672 1484 1809 1556 (93),

231 1594 356 1633 cum
409 1579 559 1633 aiunt
604 1578 891 1649 scripsisse
945 1576 1208 1640 Suidam,
1265 1575 1555 1645 Origenem
1607 1590 1809 1628 annum

230 1671 410 1726 aitatis
441 1687 551 1726 sua:
578 1671 755 1741 egisse
801 1669 1220 1739 sexagesimum,
1263 1682 1387 1723 cum
1430 1682 1492 1722 ea
1525 1667 1811 1722 Commen-

233 1762 372 1816 taria
412 1770 664 1817 exararct
697 1778 710 1816 :
745 1758 850 1815 tale
883 1761 1029 1814 enim
1061 1759 1358 1830 quidquam
1408 1759 1549 1829 apud
1587 1757 1808 1814 Suidani

1921 563 2085 619 resim
2115 562 2296 628 lapsus
2330 569 2450 626 est;
2483 573 2605 613 cum
2631 558 2929 622 Christum,
2970 568 3260 628 antequam
3294 557 3492 613 huma-

1920 672 1989 711 no
2015 671 2134 712 sese
2176 654 2410 723 illigaret
2456 651 2695 720 corpori,
2735 652 2868 707 nihil
2902 652 3158 708 habuisse
3190 651 3498 722 proprium,

1919 752 2015 804 sed
2058 750 2223 803 Deum
2273 749 2557 804 divinitate
2601 758 2827 819 paterna
2878 755 3112 811 tantum,
3148 761 3250 797 non
3282 747 3494 814 propria

1920 857 1983 895 ac
2014 857 2112 895 sua
2151 840 2318 896 fuisse
2370 841 2607 898 doceret.
2654 842 2826 908 Quam
2876 838 3124 894 hmresim
3158 837 3357 892 deinde
3409 836 3500 890 in~

1919 933 2180 985 stauravit
2212 947 2274 986 ac
2308 930 3271 1004 propugnavitSabellius.Episcopos
3287 927 3500 984 adver-

1918 1039 2036 1078 sum
2069 1039 2128 1079 se
2183 1027 2484 1096 complures
2519 1027 2764 1097 Beryllus
2793 1025 3002 1081 nefario
3034 1025 3289 1094 dogmate
3315 1019 3499 1076 conci-

1918 1119 2015 1170 vit.
2070 1116 2319 1172 Bostram
2375 1118 2452 1173 illi
2503 1120 2558 1173 in
2609 1119 2876 1190 synodum
2937 1127 3156 1182 coeunt,
3200 1115 3496 1184 multisque

1919 1207 2194 1262 hominem
2229 1209 2632 1265 velitationibus
2664 1209 3002 1264 adoriuntur.
3059 1203 3114 1261 lil
3149 1222 3271 1261 cuin
3305 1219 3496 1274 parum

1918 1301 2254 1369 procederet,
2295 1302 2361 1356 ad
2403 1301 2819 1372 expugnandam
2855 1300 3090 1357 hominis
3130 1295 3496 1369 pervicaciam

1919 1394 2216 1448 accersitus
2267 1403 2350 1450 est
2401 1395 2705 1465 Origenes;
2764 1396 2818 1449 in
2872 1394 2988 1464 ejus
3035 1392 3236 1462 quippe
3300 1386 3497 1458 peritia

1917 1486 2097 1539 omnia
2134 1487 2234 1540 sibi
2269 1487 2526 1556 proclivia
2579 1487 2694 1543 fore
2743 1487 3037 1558 sperabant
3061 1499 3271 1547 omnes,
3299 1490 3354 1536 et
3379 1482 3496 1550 ejus

1919 1577 2163 1632 consiliis
2218 1580 2664 1649 acquiescebant.
2719 1577 3116 1649 Frequentibus
3160 1574 3250 1629 ille
3303 1573 3497 1628 adver-

1918 1685 2038 1724 sum
2065 1671 2349 1728 hiereticos
2385 1683 2438 1728 et
2470 1673 2683 1728 Iudaeos
2732 1669 3188 1741 disputationibus
3213 1669 3325 1738 jam
3367 1673 3496 1720 ante

1918 1761 2209 1829 exercitus,
2264 1761 2534 1836 Beryllum
2573 1775 2782 1818 summa
2838 1760 3176 1814 humanitate
3215 1771 3279 1810 ac
3321 1755 3496 1809 dexte-

231 1869 500 1925 nusquam
537 1854 795 1924 reperias.
828 1853 924 1910 Est
955 1854 1095 1924 apud
1135 1851 1517 1924 Hieronymum
1548 1850 1683 1923 (94),
1719 1866 1811 1906 ve—
1845 1865 1885 1921 Β
1916 1855 2078 1909 ritate
2106 1871 2399 1926 aggressus
2454 1865 2558 1924 est,
2594 1856 2868 1924 variisque
2902 1868 3062 1923 super
3097 1850 3212 1920 ejus
3241 1846 3492 1903 doctrina

230 1950 378 2004 nisse
400 1948 773 2004 Firmilianum
806 1948 1071 2004 Caesarea:
1116 1945 1470 2017 Cappadociae
1496 1946 1810 2016 episcopum

230 2041 297 2094 ad
329 2040 637 2111 Origenem,
677 2055 772 2109 per
815 2054 1034 2094 causam
1087 2039 1331 2094 locorum
1387 2045 1721 2104 sanctorum,
1757 2046 1814 2089 ut

231 2134 372 2202 apud
403 2147 526 2187 eum
569 2130 828 2200 majorem
884 2130 1177 2201 Scriptura:
1213 2139 1416 2184 sancta;
1467 2138 1811 2199 compararet

229 2224 502 2290 notitiam,
525 2240 647 2279 cum
677 2226 850 2292 ipsum
881 2233 1037 2278 antea
1063 2225 1113 2276 in
1141 2221 1476 2292 Cappadocia
1508 2223 1599 2276 diu
1625 2237 1809 2276 secum

232 2319 532 2374 habuisset.
569 2319 639 2372 At
672 2318 966 2388 Gregorius
1009 2315 1284 2386 Nyssenus
1312 2314 1429 2387 (95)
1459 2315 1512 2369 in
1562 2313 1811 2385 Oi'igeiiis

229 2413 566 2483 disciplinam
608 2424 880 2483 receptum
927 2413 1096 2467 fuisse
1145 2421 1336 2466 narrat
1374 2427 1497 2466 cum
1545 2411 1810 2484 Gregorio

230 2507 636 2575 Thaumaturgo
659 2505 1057 2570 Firmilianum,
1086 2507 1377 2561 Patricium
1407 2507 1806 2577 Cappadocem,

229 2597 469 2652 nondum
521 2596 855 2664 episcopum.
913 2595 1006 2650 Bis
1065 2597 1248 2666 itaque
1297 2597 1518 2667 Origeni
1557 2599 1811 2653 erudien—

228 2688 358 2742 dum
384 2701 502 2742 sese
535 2687 810 2740 tradiderit
837 2685 1220 2754 Firmilianus;
1259 2689 1489 2758 primum
1519 2701 1807 2758 antequam

226 2778 511 2844 Ecclesite,
549 2788 712 2847 atque
743 2779 878 2833 adeo
909 2779 1126 2834 Christo
1159 2796 1354 2836 nomen
1402 2781 1674 2845 dedisset;
1712 2781 1810 2834 ite-

228 2887 373 2934 rum,
408 2881 689 2941 postquam
729 2886 796 2926 ex
829 2871 1000 2925 altero
1054 2871 1372 2927 Atheniensi
1413 2872 1607 2926 itinere
1633 2872 1810 2926 Caesa-

228 2977 379 3016 ream
424 2961 694 3018 Stratonis
739 2978 990 3017 reversus
1035 2972 1139 3018 est.
1176 2962 1286 3033 (96)
1321 2962 1455 3017 Rem
1501 2972 1679 3017 autem
1734 2962 1807 3016 ita

228 3065 419 3110 narrat
447 3054 714 3110 Eusebius
741 3055 877 3127 (97),
909 3067 1025 3111 uta
1061 3065 1252 3111 neutro
1287 3056 1588 3111 dissentiat.

303 3143 433 3200 Vlll.
473 3145 584 3216 (98)
621 3145 940 3201 Eruditione
967 3161 1062 3216 per
1084 3145 1226 3200 idem
1261 3156 1470 3216 tempus
1496 3157 1550 3200 et
1584 3146 1800 3218 ingenio

300 3302 436 3376 (92')
457 3302 690 3376 Euseb"
720 3302 924 3358 Histor.
957 3305 1108 3368 εει-ιη
1143 3304 1238 3358 lib.
1269 3320 1342 3366 vi,
1370 3319 1492 3374 cap.
1525 3303 1615 3358 52.

308 3375 418 3441 (95)
451 3375 697 3444 Magdeh.
722 3384 866 3428 cent.
900 3377 955 3438 3,
981 3391 1102 3444 cap.
1137 3377 1222 3429 ill.

301 3445 412 3518 (94)
447 3445 664 3518 ῌίειὉιι.
693 3445 866 3518 Εσιαι.
897 3447 1076 3518 script.
1106 3447 1311 3518 e_ccles.,
1350 3460 1471 3514 cap.
1504 3444 1595 3499 54.

300 3513 416 3584 (95)
443 3516 670 3585 Gregor.
702 3517 930 3585 Nyssen.
966 3513 1072 3568 Vit.
1113 3515 1392 3568 Thaiimat.

299 3588 416 3657 (96)
449 3584 572 3638 Rem
612 3584 785 3640 autem
816 3588 892 3639 ita
924 3597 1105 3640 narrat
1152 3586 1432 3649 Eusebius,
1463 3595 1566 3642 etc.
1617 3585 1805 3642 Hiero-

228 3673 396 3728 nymo
428 3659 642 3728 quidem
681 3658 948 3728 consentit
993 3657 1293 3719 Eusebius;
1344 3657 1438 3728 sed
1485 3672 1657 3728 neque
1688 3657 1798 3728 hic,

228 3725 408 3797 neque
437 3726 644 3796 uspiam
675 3728 851 3780 innuit
883 3727 1270 3797 Firniilianum
1298 3727 1449 3795 prius
1484 3725 1651 3781 fuisse
1676 3725 1800 3781 Ori-

227 3796 384 3869 genis
421 3797 761 3869 discipulum,
815 3813 878 3851 ac
921 3799 1144 3869 proinde
1174 3814 1201 3849 a
1233 3796 1482 3867 Nysscno
1513 3798 1800 3869 dissentire

229 3866 463 3923 videtur.
515 3866 714 3922 Deinde
762 3869 987 3922 multum
1034 3866 1292 3938 Nysseno’
1333 3868 1798 3938 nocetﬂGregorii

230 3941 403 4002 ipsius
434 3941 534 3992 hac
579 3941 646 3993 de
685 3952 742 3992 re
775 3939 1048 3993 silentium
1071 3937 1094 4003 ;⁷
1129 3950 1182 3992 et
1209 3940 1348 4006 quod
1384 3939 1461 3992 ait
1501 3937 1795 4009 Nyssenus,

230 4009 606 4064 Firinilianum
641 4023 745 4063 una
785 4024 906 4063 eum
930 4009 1194 4079 Gregorio
1224 4009 1568 4063 Alexandria:
1596 4012 1645 4062 in
1679 4009 1800 4062 Ori—

229 4081 386 4150 genis
422 4080 632 4135 venisse
662 4080 1028 4150 disciplinam,
1064 4097 1092 4132 a
1127 4079 1531 4148 Thaumaturgo
1565 4080 1683 4148 ipso
1716 4095 1799 4132 re-

229 4149 458 4212 fellitur,
511 4152 601 4218 qui
653 4149 819 4205 refert
851 4166 910 4204 se
951 4149 1147 4220 Beryto
1203 4152 1497 4219 praeterita,
1534 4160 1677 4204 recta
1711 4165 1804 4202 ve-

227 4223 379 4276 nisse
407 4221 709 4274 Cmsareain
739 4221 826 4274 ubi
859 4221 910 4274 in
936 4220 1223 4290 Origenein
1254 4220 1468 4283 incidit,
1493 4231 1547 4275 et
1571 4221 1656 4274 ubi
1685 4227 1805 4290 post

229 4293 526 4345 multorum
560 4305 824 4344 annorum
871 4293 1010 4359 apud
1052 4293 1196 4344 illiilli
1237 4291 1594 4359 disciplinam,
1648 4305 1805 4360 pane-

225 4364 469 4434 gyricain
499 4361 804 4434 orationem
852 4364 903 4415 in
947 4362 1062 4430 ejus
1091 4363 1298 4416 laudem
1341 4362 1552 4425 habuit,
1586 4376 1710 4416 cuin
1749 4361 1802 4414 in

225 4433 461 4502 patriam
497 4433 993 4502 redituniipararet.

301 4503 415 4574 (97)
453 4502 671 4574 Euseb,
707 4500 847 4555 Hist.
874 4505 1024 4566 eccl.,
1052 4503 1142 4558 lib.
1179 4519 1253 4562 Vl,
1285 4517 1334 4557 c.
1367 4502 1438 4556 9.6
1465 4501 1625 4556 et27.

299 4572 412 4644 (98)
446 4572 833 4644 [άεηῃιὴὺδῃ
866 4592 984 4643 cap.
1016 4574 1084 4627 ΞΟ
1114 4583 1167 4628 et
1204 4574 1293 4628 55,

303 4583 390 4644 (υδ
446 4583 606 4635 Ideni,
637 4583 730 4626 lib.
763 4589 833 4635 Vl,
866 4592 984 4643 cap.
1016 4583 1084 4627 '20
1114 4583 1167 4628 et
1204 4583 1293 4628 55,

303 4583 414 4714 (99)
442 4641 686 4712 Beryllus
733 4642 1107 4697 Bostrenorum
1161 4646 1432 4713 episcopus
1480 4644 1536 4696 in
1565 4644 1807 4714 hwresim

223 4713 411 4782 lapsus
451 4722 562 4800 ‘est,
619 4723 728 4768 etc.
772 4715 984 4800 Eusebii
1022 4716 1185 4800 verba
1255 4726 1380 4800 stitit
1409 4733 1420 4767 :
1454 4714 1556 4800 Τὸγ
1609 4713 1810 4800 ἔκκλη-

226 4784 506 4838 σιαστικὺν
557 4784 952 4856 παρεκτρέπων
1011 4785 1230 4846 κανόνα,
1283 4783 1408 4848 ξένα
1434 4784 1554 4838 τινὰ
1580 4785 1679 4856 τῆς
1719 4783 1808 4856 πί-

227 4855 811 4935 στεωςβαρεισίφέρειν
842 4857 1130 4935 ὲπειρᾷτο·
1172 4856 1262 4935 ςτὸν
1298 4856 1523 4928 Σωτῆρα
1548 4859 1663 4935 ,καὶ
1693 4855 1807 4909 Κύ-

230 4942 346 4998 ρᾲισν
401 4926 558 4998 ἡμῶν
618 4926 795 4993 λέγειν
854 4926 1068 4997 τολμῶν
1132 4927 1205 4998 μὴ
1252 4926 1654 4998 προῦφὲστάναι
1690 4929 1807 4979 κατ’

228 4995 368 5070 ξδξαν
396 4995 963 5070 οὐσίας-περαραφῂν
986 4998 1091 5070 πρὸ
1242 4995 1320 5070 ei;
1343 4995 1663 5070 ἁνθρῴπους
1691 4999 1810 5050 ἐπι-

222 5067 428 5137 δημίας
455 5084 475 5138 ’ί
507 5068 642 5138 μηδὲ
828 5067 1057 5138 θεότητὰ
1106 5067 1239 5122 ἰδίαν
1267 5067 1597 5138 ἔχειν,’ἀλλ’
1638 5071 1809 5138 ἐμπο-

223 5137 579 5211 λιτεῳομένην
605 5137 754 5210 αὐτῷ
788 5139 955 5210 μόνην
975 5137 1083 5209 ίτὴν
1111 5137 1402 5211 πατρικήν.
1457 5141 1536 5192 Ad
1571 5137 1805 5211 litteram

225 5209 368 5262 verti
405 5221 581 5277 potest
608 5225 620 5260 :
663 5229 680 5260 i
718 5209 1159 5264 Ecclesiasticam
1189 5209 1509 5279 pervertens
1539 5210 1802 5279 regulam,

226 5293 370 5333 nova
407 5282 651 5348 quaedam
703 5293 758 5335 et
813 5282 990 5334 aliena
1027 5295 1056 5333 a
1088 5282 1194 5334 lide
1242 5281 1508 5334 catholica
1554 5281 1809 5333 inducere

225 5359 459 5403 conatus
483 5361 567 5404 est
596 5369 610 5405 :
646 5366 812 5406 ausus
853 5366 1097 5406 asserere
1132 5352 1416 5404 Dominum
1451 5366 1514 5403 ac
1555 5350 1804 5403 Salvato-

227 5434 348 5474 reiii
386 5431 650 5486 nostrum,
683 5433 975 5492 antequam
1019 5423 1160 5476 inter
1203 5423 1448 5475 homines
1475 5430 1804 5492 versaretur,

226 5505 339 5545 non
362 5492 679 5562 substitisse
704 5490 998 5547 secundum
1033 5493 1266 5562 propria:
1313 5493 1626 5545 substantiae
1655 5490 1808 5545 dill‘e—

225 5560 500 5628 rentiain;
555 5578 653 5617 nec
700 5566 995 5632 pr0priani,
1033 5560 1146 5618 'sed
1206 5571 1487 5630 paternam
1545 5565 1808 5632 duntaxat

223 5632 571 5687 divinitatem
603 5636 656 5686 iii
699 5631 757 5687 se
800 5631 1122 5688 residentem
1157 5633 1374 5686 habere.
1418 5652 1435 5683 ι
1471 5631 1671 5694 υὺσέας
1715 5649 1807 5684 πε-

225 5704 473 5774 ριγραφὴ
506 5704 639 5757 nihil
665 5705 809 5758 aliud
841 5715 956 5767 est,
995 5720 1157 5773 quam
1194 5705 1511 5758 substantia:
1556 5705 1807 5757 dill‘eren-

225 5773 469 5827 tia.Non
499 5777 718 5829 errabat
748 5777 912 5844 igitur
944 5776 1206 5846 Beryllus.
1235 5792 1358 5830 cuni
1381 5775 1654 5828 Christum
1681 5783 1807 5827 ante

61 5831 144 5930 ζ
224 5846 663 5900 incarnationem
718 5831 823 5899 an
872 5831 1519 5902 substitisse,secundum
1553 5846 1804 5900 substan-

551 5941 823 6002 PATBOL.
859 5943 975 6002 Gri.
1019 5941 1212 6002 XVII.

1918 1946 2117 2002 habitis
2147 1950 2511 2016 sermonibus,
2554 1947 2956 2018 deprehensum
3001 1943 3217 1999 tandem
3252 1955 3494 1996 errorem

1916 2041 2252 2109 argumentis
2296 2042 2366 2096 ita
2412 2041 2681 2111 coarguit,
2726 2050 2785 2095 ut
2830 2054 2952 2094 eum
2986 2038 3203 2107 penitus
3257 2033 3496 2102 eiuraret

1915 2130 2177 2202 Beryllus,
2231 2148 2458 2202 seseque
2499 2135 2653 2189 bona:
2697 2133 2863 2187 menti
2918 2131 3132 2187 restitui
3194 2138 3493 2200 pateretur.

1914 2223 2029 2290 Qua
2069 2239 2124 2278 re
2154 2239 2220 2278 ex
2252 2236 2377 2280 voto
2409 2228 2683 2291 confecta,
2720 2227 2773 2280 in
2811 2224 3154 2279 Palaestinam
3189 2223 3309 2278 sine
3342 2236 3494 2276 mora

1914 2315 2173 2385 Origenes
2212 2333 2272 2373 se
2309 2321 2534 2386 recepit.
2562 2319 2744 2388 Neque
2772 2332 2904 2372 sane
2935 2317 3066 2371 tanti
3102 2314 3353 2372 beneﬁcii
3380 2328 3497 2368 me-

1915 2407 2164 2472 moriam,
2215 2410 2305 2474 qui
2337 2410 2438 2464 fuit
2467 2411 2705 2466 hominis
2750 2409 2977 2475 candor,
3027 2408 3167 2477 apud
3220 2422 3346 2462 sese
3381 2406 3496 2460 diu-

1916 2500 2172 2554 turnitate
2205 2503 2556 2556 extabcscere
2584 2519 2779 2572 passus
2813 2513 2897 2558 cst
2935 2501 3211 2575 Beryllus;
3247 2500 3341 2556 sed
3367 2515 3494 2557 eam

1913 2591 2270 2659 sequentibus
2320 2594 2519 2648 deinde
2571 2595 2729 2650 annis
2782 2597 3028 2658 recoluit,
3075 2605 3129 2650 et
3180 2594 3393 2666 scriptis
3424 2597 3494 2648 ad

1911 2682 2202 2754 Origeneni
2258 2685 2499 2754 epistolis
2555 2695 2783 2742 testatus
2837 2697 2938 2742 est.
2980 2687 3103 2742 llaec
3133 2702 3256 2743 cum
3299 2687 3495 2757 synodi

1912 2777 2069 2843 actis,
2133 2777 2365 2847 aliisque
2412 2778 2571 2848 hujus
2616 2778 2718 2832 viri
2751 2779 3112 2833 monumentis
3158 2777 3324 2832 multo
3374 2785 3494 2846 post

1911 2879 2141 2926 servata:
2167 2881 2224 2925 et
2267 2872 2547 2926 doctorum
2597 2870 2827 2926 lectione
2867 2881 3140 2942 usurpata:
3191 2879 3352 2935 sunt;
3395 2869 3493 2925 sed

1915 2964 2171 3034 temporis
2200 2965 2416 3018 demum
2449 2973 2723 3020 vetustate
2755 2963 3170 3019 interciderunt.

1981 3056 2074 3112 lX.
2120 3057 2311 3112 Annus
2341 3056 2544 3113 Christi
2595 3057 2724 3121 244,
2778 3060 2870 3127 qui
2934 3056 3039 3111 fuit
3085 3056 3339 3127 Origenis
3371 3071 3488 3120 Lix,

1912 3148 2188 3203 Gordiano
2251 3157 2461 3204 sextum
2520 3147 2632 3218 jam
2691 3163 2891 3203 annum
2953 3149 3240 3217 imperanti
3304 3146 3492 3204 feralis

1832 3310 1876 3367 C
1913 3304 2000 3360 tite
2033 3303 2395 3360 differentiam
2431 3304 2662 3368 dicebat,
2692 3305 2733 3358 si
2761 3304 2948 3368 οὐσίας
2985 3307 3203 3362 nomine
3229 3305 3488 3361 substan-

1913 3376 2042 3430 tiain
2075 3392 2178 3429 non
2204 3391 2488 3446 personam
2540 3376 2912 3446 intelligebat;
2969 3391 3142 3444 neque
3189 3375 3331 3430 enini
3379 3376 3484 3430 alia

1910 3455 1996 3501 est
2026 3443 2326 3500 substantia
2358 3444 2556 3510 Patris,
2584 3447 2688 3500 alia
2721 3443 2842 3500 Filii
2874 3463 2888 3499 :
2923 3461 3024 3500 non
3054 3443 3272 3500 errabat
3299 3447 3488 3517 utique

1911 3531 2033 3571 cum
2078 3517 2362 3570 Dominum
2415 3530 2656 3570 nosuuin
2691 3532 2796 3570 non
2852 3517 3055 3571 habere
3109 3519 3323 3571 dicebat
3355 3533 3492 3586 pro-

1929 3588 2084 3640 iriam
2116 3587 2392 3650 deitatem,
2433 3589 2527 3640 sed
2559 3597 2768 3642 tantum
2802 3597 3078 3656 paternam
3107 3589 3158 3640 in
3184 3588 3302 3657 ipso
3332 3589 3490 3643 inha-

1948 3658 2196 3728 itantein:
2226 3657 2407 3726 Neque
2435 3658 2578 3710 enim
2607 3657 2823 3728 propria
2874 3666 2958 3713 est
2997 3659 3253 3728 divinitas
3284 3658 3487 3721 Patris,

1910 3728 2128 3796 propria
2159 3727 2317 3794 Filii;
2353 3728 2448 3780 sed
2481 3745 2581 3781 una
2611 3727 2909 3797 eademque
2939 3739 3022 3781 est
3051 3727 3230 3782 Patris
3270 3744 3334 3782 ac
3361 3729 3487 3784 Filii

1907 3814 1971 3852 ac
2005 3799 2239 3867 Spiritus
2270 3798 2441 3852 sancti
2473 3799 2729 3853 divinitas
2759 3816 2772 3851 :
2803 3798 3002 3866 alioqui
3033 3807 3143 3854 tres
3170 3808 3356 3853 essent
3387 3801 3486 3864 dii,

1909 3885 2012 3923 non
2043 3883 2178 3921 unus
2203 3868 2362 3924 Deus.
2400 3869 2471 3921 lla
2503 3868 2547 3922 si
2573 3871 2744 3924 sensit
2770 3868 3032 3939 Beryllus.
3070 3870 3340 3923 immerito
3373 3869 3490 3924 cul-

1909 3951 2066 4007 patur
2125 3940 2270 4008 quod
2325 3940 2754 3994 ecclesiasticam
2823 3941 3148 4008 pervenerit
3201 3939 3484 4010 regulam:

1910 4013 2019 4064 imo
2067 4011 2355 4062 Arianismi
2411 4025 2559 4062 reum
2610 4025 2670 4065 se
2722 4011 3041 4080 proditipse
3095 4011 3382 4076 Eusebius,
3436 4013 3485 4066 si

1909 4082 2087 4135 liaeCi-e
2120 4092 2276 4133 vocat
2333 4095 2470 4134 n0va
2509 4089 2563 4135 et
2593 4082 2661 4135 ab
2722 4081 2994 4135 catholica
3050 4081 3155 4136 ﬁde
3179 4082 3354 4135 aliena
3390 4081 3488 4135 do-

1909 4161 2113 4219 gmata.
2173 4150 2366 4206 Verum
2412 4151 2700 4205 admodum
2747 4152 3028 4222 probabile
3081 4163 3162 4206 est
3213 4151 3484 4222 Beryllum

1905 4222 2092 4292 obstem
2124 4223 2397 4290 accepisse
2425 4237 2522 4288 pro
2546 4236 2800 4290 persona,
2845 4238 2995 4277 inore
3024 4224 3104 4276 sui
3133 4223 3341 4286 saaculi,
3378 4237 3486 4292 quo

1905 4291 2060 4345 οὐσία
2091 4305 2145 4346 et
2191 4292 2509 4356 ὑπόστασις,
2539 4293 2680 4347 inter
2706 4309 2766 4347 se
2804 4293 3294 4347 confundebantur.
3327 4291 3489 4346 Erra-

1909 4366 2000 4417 bat
2031 4364 2193 4434 igitur
2233 4363 2496 4432 Beryllus.
2531 4365 2624 4432 qui
2681 4363 2959 4434 Christum
2993 4374 3120 4417 ante
3150 4363 3485 4434 incarnatio-

1911 4449 2032 4486 nem
2060 4433 2257 4487 nullam
2295 4435 2522 4502 propriae
2551 4449 2798 4501 persona:
2826 4433 3188 4487 dill'erentiain
3228 4433 3487 4488 habuisse

1838 4535 1880 4590 Β
1911 4504 2143 4590 dicebat.
2169 4505 2326 4558 Certe
2354 4505 2727 4590 Hierpnynius.
2754 4505 2805 4590 in
2838 4504 3094 4590 Catalrogo
3128 4505 3378 4590 scriptor.
3407 4519 3488 4585 ec:

1916 4574 2221 4636 clesiastic.,
2274 4592 2393 4641 cap.
2437 4575 2528 4636 60,
2565 4591 2668 4628 non
2716 4575 2766 4628 id
2810 4578 2952 4643 quod
2981 4575 3243 4628 Eusebius
3270 4574 3485 4628 crimini

1917 4647 2078 4716 vertit
2115 4645 2363 4715 Beryllo;
2411 4645 2504 4698 sed
2546 4645 2598 4698 id
2650 4645 2822 4700 solum
2857 4648 3076 4709 asserit,
3120 4643 3391 4716 Berylluin
3430 4645 3485 4699 iii

1917 4715 2166 4768 hau-rsini
2215 4716 2490 4780 incidisse,
2533 4734 2551 4766 ς
2586 4731 2705 4785 qua:
2758 4716 3032 4769 Christum
3067 4727 3193 4768 ante
3233 4715 3488 4769 incarna-

1919 4787 2116 4856 tionem
2151 4795 2334 4855 negat.
2367 4805 2384 4836 ι
2419 4786 2494 4856 De
2518 4787 2710 4841 haeresi
2739 4785 2934 4856 Berylli
2980 4785 3363 4856 intelligendus
3402 4797 3488 4841 est

1916 4853 2165 4924 Origenis
2189 4853 2335 4910 locus
2368 4857 2419 4909 in
2446 4853 2856 4911 Commentariis
2877 4855 3131 4922 Epistola:
3164 4853 3253 4910 _ad
3287 4855 3484 4920 Titum,

1915 4928 2006 4995 qui
2041 4928 2119 4981 sic
2151 4928 2356 4981 habet:
2391 4945 2410 4979 ι
2467 4927 2572 4980 Sed
2628 4938 2682 4981 et
2737 4942 2828 4981 eos
2860 4928 2950 4996 qui
2989 4928 3260 4979 hominem
3299 4929 3486 4980 dicunt

1919 4999 2200 5051 Dominum
2244 4996 2430 5052 Jesum
2475 5000 2861 5066 prmcognituni
2916 5010 2970 5052 et
3012 4999 3483 5064 priedestinatum,

1917 5069 2008 5135 qui
2046 5080 2169 5121 ante
2197 5071 2487 5122 adventum
2517 5071 2787 5122 carnalem
2819 5069 3250 5122 substantialiter
3277 5080 3329 5120 et
3365 5084 3486 5135 pro-

1917 5140 2034 5206 prie
2090 5156 2192 5192 non
2245 5140 2538 5201 exstiterit,
2591 5141 2682 5194 sed
2728 5143 2868 5208 quod
2904 5140 3062 5193 homo
3097 5151 3256 5192 natus
3305 5138 3486 5191 Patris

1915 5211 2084 5262 solum
2115 5210 2247 5263 inse
2279 5211 2526 5264 habuerit
2558 5211 2837 5271 deitatem,
2862 5225 2927 5260 ne
2954 5212 3098 5278 ipsos
3120 5212 3336 5277 quidem
3367 5211 3486 5262 sine

1915 5283 2157 5347 periculo
2188 5282 2444 5335 Ecclesia:
2483 5282 2703 5334 sociari.
2751 5301 2767 5331 ι
2815 5281 3054 5334 Ιι.ιι›εειιη·
3096 5282 3181 5334 hic
3227 5282 3375 5332 iocus
3431 5284 3483 5331 in

1913 5352 2248 5419 Apologetico
2283 5351 2544 5420 Pamphili
2571 5369 2663 5418 pro
2690 5353 2865 5420 0rig.,
2895 5365 2945 5403 c.
2984 5351 3034 5414 l,
3068 5370 3118 5421 p.
3149 5349 3242 5402 ‘22.
3297 5349 3485 5402 Menn-

1916 5424 1996 5476 nit
2028 5424 2190 5475 etiam
2233 5422 2545 5475 Gennadius
2589 5423 2639 5475 in
2672 5422 2811 5475 libro
2851 5421 2923 5474 De
2953 5425 3284 5491 dogmatibus
3329 5421 3483 5482 eccl.,

1913 5507 2032 5562 Cap.
2058 5492 2093 5545 4
2123 5510 2136 5544 :
2161 5510 2178 5543 t
2218 5492 2401 5562 Neque
2431 5495 2510 5545 sic
2542 5503 2623 5547 est
2661 5505 2820 5546 natus
2852 5508 2918 5546 ex
2952 5490 3192 5561 Virgine,
3229 5501 3284 5541 ut
3316 5503 3370 5543 et
3402 5491 3484 5562 ili-_

1915 5560 2154 5617 vinitatis
2197 5560 2411 5617 initium
2455 5563 2617 5618 homo
2664 5567 2938 5618 nasci-nilo
2984 5560 3276 5631 acceperit,
3328 5560 3482 5628 quasi

1913 5643 2204 5702 antequam
2243 5642 2560 5689 nasceretur
2581 5652 2645 5689 ex
2685 5635 2923 5703 Virgine,
2961 5634 3112 5703 Deus
3159 5649 3262 5686 non
3298 5631 3481 5694 fuerit,

1914 5707 2434 5769 sicutArteinun,et
2499 5702 2868 5776 Berylluspret
2929 5702 3216 5756 Marcellus
3279 5703 3481 5757 docue-

1916 5785 2058 5830 rttlil.
2075 5795 2094 5827 ι

3123 5939 3202 5996 22
