3870 6220
420 337 522 394 685

1685 327 1746 384 P.
1788 320 2105 380 DANlELlS
2145 322 2376 379 HUETII

3576 328 3689 382 684

423 466 560 527 fuit;
605 476 727 517 nam
758 446 1197 531 postquum‘ejus
1247 456 1425 510 locum
1463 467 1560 524 per
1587 469 1851 509 summam
1880 467 2003 524 per-
2037 456 2079 511 Α
2106 449 2321 518 penitus
2350 447 2521 503 fuisse
2550 446 2897 518 consopitas;
2938 445 3253 519 Dionysium
3278 462 3407 504 vero
3440 447 3688 505 lleracla.

425 557 604 610 tidiam
653 552 854 609 invasit
900 550 1196 621 Philippus,
1224 550 1388 603 vitam
1430 549 1477 603 ei
1514 547 1697 604 statim
1729 546 1846 617 pari
1881 560 2000 599 sce-

423 650 536 704 lere
590 647 865 703 exhausit.
922 644 1028 699 Sed
1080 651 1341 714 concepta
1393 642 1633 697 facinora
1682 639 1997 708 paenitentia

422 743 765 806 emendasse,
801 750 856 795 et
898 738 963 792 ad
1017 737 1217 794 Christi
1252 751 1470 807 quoque
1522 745 1702 805 partes
1741 734 2001 788 transisse

424 836 673 891 historici
703 834 921 905 quidam
951 832 1269 895 Christiani,
1304 831 1380 885 uti
1407 845 1531 884 mox
1565 828 1763 883 dicturi
1790 842 1997 891 sumus,

398 929 803 1001 prodiderunt.
830 926 1088 990 Utut-est,
1116 924 1331 978 tertium
1357 921 1468 991 jam
1524 919 1735 987 imperii
1759 933 1823 972 eo
1847 932 2001 989 agen-

427 1031 480 1073 te
509 1033 709 1073 annum
748 1016 1007 1071 Ecclesia:
1055 1011 1434 1067 Alexandrina:
1472 1006 1998 1063 administrationem

403 1112 715 1184 'capessivit
748 1109 1040 1179 Dionysius
1082 1106 1196 1170 ille,
1226 1120 1386 1173 quem
1433 1101 1772 1156 Alexandriae
1807 1099 1999 1170 Orige-

427 1220 523 1259 nes
554 1202 839 1272 prazceptis
871 1200 1000 1253 olim
1057 1196 1464 1258 informaverat,
1526 1202 1742 1247 mortuo
1774 1191 1999 1247 Heracla

408 1294 683 1366 Origenis
714 1304 768 1348 et
806 1293 922 1363 ipso
943 1288 1227 1359 discipulo,
1265 1294 1551 1356 postquam
1574 1283 2000 1337 Alexandrinum

427 1389 796 1457 episcopatum
848 1399 945 1453 per
990 1382 1185 1436 multos
1229 1395 1401 1435 annos
1452 1378 1648 1432 tenuit.
1721 1376 2000 1431 Annorum

426 1480 727 1535 octodecim
750 1490 1030 1532 numerum
1050 1474 1240 1529 definit
1260 1471 1524 1527 Eusebius
1554 1470 1605 1524 in
1628 1468 1886 1523 Chronico
1903 1467 2000 1538 (1),

427 1576 698 1634 sexdecim
723 1575 777 1627 in
815 1570 1052 1625 Historia
1083 1581 1101 1619 :
1133 1581 1319 1620 verum
1354 1581 1453 1635 pro
1478 1562 1793 1629 ἑκκαίδεκα,
1824 1561 2000 1630 aliqua

427 1667 762 1738 exemplaria
807 1662 1110 1732 praetulisse
1159 1658 1369 1722 ἕνδεκα,
1408 1656 1492 1711 vel
1524 1657 1594 1710 ita
1630 1664 1777 1710 certe
1809 1653 2003 1725 legisse

429 1764 755 1831 interpretes
794 1756 1027 1824 aliquos,
1076 1766 1141 1805 ex
1190 1750 1257 1803 iis
1304 1749 1473 1818 liquet
1517 1762 1635 1815 quae
1661 1746 1715 1800 in
1756 1745 1807 1799 id
1841 1758 2003 1814 argu-

428 1866 670 1910 mentum
708 1849 926 1919 scripsit
953 1845 1220 1899 Baronius
1241 1843 1349 1911 (2).
1386 1841 1638 1896 Errorem
1672 1839 1789 1906 ipse
1818 1838 1875 1891 in
1905 1852 2003 1890 nu-

428 1961 637 2002 merum
688 1944 833 1998 hunc
882 1938 1168 2009 irrepsisse
1202 1936 1361 1998 vidit,
1393 1942 1448 1988 et
1475 1947 1540 1986 ex
1588 1928 1822 1986 Eusebio
1869 1942 2003 1996 qua-

429 2038 730 2093 tuordecim
782 2032 973 2089 saltem
1027 2029 1185 2085 annis
1234 2028 1289 2081 in
1333 2023 1702 2080 Alexandrina
1739 2021 2001 2077 cathedra

426 2128 713 2185 Heraclam
750 2125 952 2181 sedisse
998 2119 1287 2176 conclusit.
1326 2116 1491 2172 Plane
1537 2130 1721 2168 verum
1763 2123 1847 2169 est
1876 2113 2003 2166 totis

426 2220 739 2291 quindecim
766 2217 971 2271 sedisse
1002 2213 1192 2278 annis;
1250 2226 1375 2266 nam
1409 2211 1478 2264 ab
1517 2221 1661 2261 anno
1711 2203 2001 2260 Alexandri

429 2313 664 2375 decimo,
693 2325 799 2378 quo
829 2322 968 2361 anno
1000 2304 1252 2376 ponimus
1283 2301 1619 2371 acquievisse
1645 2296 2002 2358 Demetrium,

429 2407 497 2459 ad
532 2402 760 2471 Philippi
788 2399 1036 2461 tertium,
1073 2394 1215 2465 pleni
1252 2392 1562 2462 quindecim
1604 2390 1730 2444 anni
1764 2389 2002 2443 interce-

430 2498 583 2551 dunt.
616 2490 913 2546 Dicendum
953 2501 1085 2557 ergo
1121 2484 1429 2554 quindecim
1458 2482 1512 2537 in
1544 2479 1864 2551 pontificatu
1895 2488 2006 2530 tra-

429 2587 609 2641 ductis
634 2584 815 2648 annis,
867 2580 1079 2635 decimo
1120 2584 1274 2631 sexto
1316 2573 1599 2630 Heraclam
1634 2581 1841 2626 naturae
1868 2585 2003 2626 con-

428 2678 682 2734 cessisse.
716 2676 789 2729 lta
838 2671 1245 2743 intelligendum
1290 2668 1421 2740 puto
1467 2664 1762 2721 Eusebium
1800 2673 2006 2733 :atque

429 2774 473 2826 si
513 2778 663 2825 recte
699 2766 1040 2835 conjicimus,
1087 2777 1153 2818 eo
1184 2762 1300 2832 ipso
1329 2774 1472 2815 anno
1501 2757 1810 2813 Demetrius
1854 2756 2007 2811 obie-

432 2866 522 2926 rit,
558 2876 668 2931 quo
713 2859 978 2929 Origenes
1007 2854 1302 2926 Egyptum
1336 2851 1575 2920 reliquit.
1612 2848 1752 2903 Hinc
1792 2862 2007 2918 quoque

431 2948 748 3002 manifestus
779 2943 1069 3012 Nicephori
1115 2942 1191 3014 ('5)
1218 2955 1393 3003 error,
1443 2939 1533 3007 qui
1574 2947 1697 3007 post
1734 2937 2004 2991 decimum

432 3039 651 3093 tertium
704 3036 1052 3107 episcopatus
1102 3046 1301 3087 annum
1372 3032 1674 3099 imperante
1726 3027 2005 3083 Gordiano

2103 558 2474 597 successorem
2521 540 2741 611 Origeni
2790 541 3216 597 infensissimum
3254 557 3313 596 se
3361 542 3687 611 prasbuisse.

2104 634 2179 707 (5)
2233 635 2410 705 Supra
2456 636 2890 689 demonstratum
2943 650 2974 688 a
3016 632 3173 689 nobis
3223 644 3307 688 est
3375 634 3690 689 testimonio

2102 728 2399 793 Gennadii,
2459 726 2604 783 Petri
2668 726 3053 790 Alexandrini,
3111 725 3355 792 epistohe
3406 727 3687 796 synodicae

2103 820 2478 890 Egyptiorum
2530 821 2841 888 praasnlum,
2901 828 2957 875 et
3001 818 3205 881 Photii,
3256 834 3361 872 non
3425 820 3584 874 aliter
3614 820 3683 875 in

2103 913 2388 984 Origenem
2426 912 2723 965 animatum
2764 910 2931 965 fuisse
2973 909 3285 976 Heraclam,
3332 924 3397 964 ac
3431 911 3683 967 decesso-

2104 1022 2217 1061 rem
2256 1005 2422 1071 ipsius
2471 1003 2824 1058 Demetrium.
2867 1002 3099 1057 Causam
3135 1016 3268 1057 vero
3296 1018 3393 1057 cur
3431 1004 3682 1059 eumdem

2104 1115 2133 1153 a
2168 1098 2420 1170 Dionysio
2451 1106 2817 1167 oppugnatum
2853 1095 3099 1149 crederet
3126 1095 3414 1161 Baronius,
3469 1097 3587 1151 sive
3613 1112 3681 1152 ex

2104 1193 2451 1255 auctoritate,
2480 1192 2594 1246 sive
2633 1205 2700 1245 ex
2726 1191 3201 1245 verisimilitudine
3228 1192 3452 1260 petitam
3479 1193 3683 1249 addere

2105 1281 2319 1346 debuit;
2354 1298 2475 1352 quae
2501 1293 2649 1336 certe
2678 1282 2824 1335 nulla
2844 1292 2950 1336 est.
2981 1282 3173 1335 Merito
3202 1283 3382 1352 itaque
3404 1284 3549 1340 hanc
3566 1285 3683 1355 ejus

2102 1375 2413 1445 Opinionem
2453 1374 2759 1445 repudiavit
2807 1373 3085 1429 Halloxius
3115 1376 3214 1445 (6),
3251 1385 3305 1430 et
3353 1376 3685 1447 Origenem,

2104 1471 2282 1537 quoad
2320 1467 2475 1532 vixit,
2507 1482 2853 1536 summopere
2887 1482 2915 1521 a
2948 1467 3203 1539 Dionysio
3226 1471 3599 1537 observatum,
3628 1481 3686 1526 et

2104 1568 2224 1622 post
2257 1568 2483 1614 mortem
2511 1558 2673 1613 etiam
2699 1558 2971 1613 laudatum
2997 1558 3166 1615 fuisse
3188 1562 3504 1628 contendit;
3540 1563 3685 1633 quod

2104 1659 2160 1706 et
2187 1666 2285 1706 nos
2315 1650 2454 1705 infra
2488 1652 2862 1707 ostendemus.

2128 1778 2129 1783 η
2176 1742 2269 1797 XI.
2299 1740 2375 1812 (7)
2409 1742 2675 1797 Creterum
2704 1743 3062 1813 sexagenario
3083 1743 3199 1812 jam‘
3223 1744 3395 1812 major
3416 1745 3688 1819 Origenes

2036 1805 2078 1860 Β
2108 1836 2247 1890 haud
2298 1836 2518 1905 segnius
2558 1837 2757 1890 rerum'
2787 1836 3111 1892 divinarum.
3148 1840 3451 1909 satagebat,
3507 1805 3689 1911 neque

2092 1928 2276 1982 ullum
2326 1928 2440 1985 fere
2487 1928 2885 1984 intermittebat
2918 1932 3083 1997 diem,
3120 1932 3255 1999 quin
3305 1933 3388 1987 vel
3420 1934 3485 1987 ad
3513 1949 3689 2005 popu-

2105 2021 2214 2076 lum
2244 2021 2309 2075 de
2333 2021 2443 2075 Deo
2490 2024 2655 2077 verba
2692 2022 2920 2087 faceret,
2952 2024 3036 2079 vel
3088 2025 3376 2091 scriberet,
3417 2028 3502 2081 vel
3542 2027 3689 2099 lege-

2106 2122 2207 2177 ret,
2239 2109 2322 2165 vel
2351 2110 2772 2181 colloqueretur.
2802 2114 2991 2169 Testes
3022 2124 3150 2169 sunt
3174 2115 3323 2167 omni
3358 2129 3530 2169 sacrae
3554 2132 3688 2172 eru-

2107 2204 2328 2259 ditionis
2381 2202 2532 2273 fruge
2582 2204 2765 2261 referti
2810 2206 2927 2261 libri
2961 2217 3142 2259 contra
3192 2205 3430 2269 Celsum,
3486 2209 3688 2277 quibus

2106 2292 2353 2365 Epicurei
2421 2298 2679 2366 sophista:
2743 2298 3099 2363 petulantiam
3166 2298 3443 2353 Ambrosii
3516 2316 3687 2356 suasu

2107 2390 2355 2445 contudit
2411 2392 2675 2461 (quosque
2726 2392 3004 2447 Gordiano
3081 2393 3387 2459 imperante
3449 2394 3690 2463 scriptos

2107 2480 2243 2537 falso
2284 2481 2565 2537 Marianos
2612 2484 2808 2539 Scotus
2842 2484 2917 2557 (8)
2953 2486 3307 2552 existimavit,
3359 2500 3416 2544 et
3445 2505 3685 2559 quorum

2108 2573 2539 2630 lucubrationem
2571 2576 2638 2631 ad
2668 2590 2870 2631 annum
2903 2576 3007 2631 237
3039 2594 3320 2649 perperam
3357 2582 3544 2635 retulit
3574 2582 3686 2635 Da-

2108 2666 2199 2719 vid
2239 2665 2545 2721 Blondellus
2575 2665 2673 2738 (9),
2708 2681 3051 2737 summopere
3092 2667 3238 2736 licet,
3270 2669 3321 2723 in
3368 2683 3428 2723 re
3453 2683 3684 2738 praeser-

2111 2756 2205 2811 tim
2232 2758 2636 2829 chronologica,
2662 2767 2857 2813 cautus
2884 2768 2938 2813 et
2972 2759 3233 2829 diligens;
3272 2776 3433 2830 atque
3466 2762 3541 2814 ita
3573 2769 3689 2814 toto

2109 2851 2384 2906 aberravit
2430 2850 2727 2916 decennio,
2778 2851 2975 2921 quippe
3032 2853 3123 2921 qui
3177 2853 3382 2908 obitum
3433 2852 3689 2922 Origenis

2108 2957 2249 2998 anno
2272 2940 2377 2995 256
2406 2942 2775 3011 assignasset),
2807 2952 2967 2997 testes
2997 2943 3137 2997 docti
3178 2946 3230 2996 in
3274 2942 3584 2997 Matthazum
3632 2953 3689 2998 et

2107 3037 2164 3088 in
2231 3034 2520 3104 PrOphetas
2562 3029 2643 3089 ἰιι
2696 3033 3107 3099 Commentarii;
3161 3044 3327 3090 testes
3382 3036 3689 3090 innumera!

430 3130 718 3187 lleraclam
767 3126 1065 3184 decessisse
1127 3125 1334 3181 Scribit.
1396 3124 1465 3177 Αι
1537 3121 1780 3192 Scaliger
1811 3121 1888 3193 (4)
1917 3121 2006 3176 hic
2032 3147 2075 3206 ο
2108 3130 2177 3183 ad
2207 3129 2387 3183 varios
2412 3129 2630 3199 scriptae
2660 3128 2935 3198 Epistolze,
2968 3144 3109 3199 quas
3136 3129 3431 3199 plusquam
3465 3139 3688 3184 centum

430 3221 689 3279 memoria
713 3219 923 3287 lapsum
944 3215 1224 3271 contendit
1248 3213 1563 3278 Eusebium,
1582 3211 1806 3281 ejusque
1830 3211 2007 3267 adhae-

433 3322 518 3368 ret
542 3310 824 3374 Chrmtico,
856 3308 997 3378 quod
1038 3321 1179 3361 anno
1225 3304 1456 3375 Philippi
1493 3305 1684 3375 quinto
1718 3305 2005 3375 episcopa-

432 3413 546 3456 t-um
587 3399 1012 3455 Alexandrinum
1044 3412 1072 3450 a
1108 3394 1365 3467 Dionysio
1396 3394 1588 3448 initum
1625 3394 1791 3449 fuisse
1820 3397 1997 3448 docet.

430 3496 487 3549 ld
516 3508 584 3549 ex
613 3491 886 3548 constanti
922 3491 1181 3545 duntaxat
1213 3487 1456 3543 codicum
1487 3502 1756 3541 consensu
1790 3488 2004 3556 probat,

430 3587 523 3655 qui
588 3585 668 3640 sic
718 3585 938 3639 habent.
978 3583 1152 3638 Futile
1203 3590 1583 3651 argumentum
1632 3581 1838 3647 :quasi
1898 3595 2003 3634 non

434 3677 685 3733 Historia:
734 3678 1052 3732 Eusebiante
1102 3678 1317 3731 codices
1364 3676 1521 3729 tertio
1575 3674 1803 3743 Philippi
1863 3689 2006 3727 anno

431 3784 748 3827 constanter
775 3786 991 3840 quoque
1025 3770 1075 3824 id
1099 3770 1404 3840 assignent.
1431 3768 1592 3823 Certe
1622 3769 1665 3822 si
1694 3784 1758 3820 ex
1789 3767 2005 3820 Eusebii

431 3866 691 3917 Chronico
741 3862 1055 3931 castiganda
1114 3871 1195 3917 est
1247 3860 1366 3931 ejus
1421 3858 1679 3922 Historia,
1732 3859 2007 3913 sexcentis

431 3956 729 4027 castigetur
757 3956 919 4021 locis,
950 3956 1005 4009 in
1050 3955 1252 4025 quibus
1282 3953 1629 4007 dissentiunt.
1684 3950 1777 4005 Vel
1814 3952 1866 4005 in
1904 3952 2006 4005 hoc

430 4048 675 4103 lleraclte
724 4062 991 4102 annorum
1025 4044 1363 4117 ἐπιλογισμῷ
1394 4044 1605 4098 initium
1644 4043 1760 4111 ejus
1796 4042 2009 4111 episco-

424 4153 591 4211 patus
633 4140 846 4196 confert
880 4139 1182 4194 Chronicon
1222 4140 1277 4193 in
1332 4153 1531 4192 annum
1579 4135 1873 4190 Alexandri
1917 4148 2008 4188 n0-

414 4250 596 4303 ,nnm;
650 4234 855 4288 exitum
902 4231 1153 4302 Origenis
1204 4246 1271 4285 ex
1311 4229 1640 4284 Alexandria
1682 4229 1733 4280 in
1782 4227 2007 4281 undeci-

432 4343 608 4394 mum;
639 4342 760 4382 cum
784 4326 953 4381 exitui
991 4324 1245 4394 Origenis
1272 4338 1473 4378 annum
1532 4321 1823 4375 Alexandri
1858 4320 2005 4374 deci-

416 4434 577 4475 'inum
632 4417 1185 4487 ascribatllliuoria,
1214 4444 1217 4449 ·
1247 4425 1303 4473 et
1347 4426 1470 4487 post
1517 4416 1755 4485 ejusdem
1798 4414 2004 4468 exitum

2110 3222 2467 3290 undecunque
2500 3230 2690 3276 nactas
2736 3221 3027 3290 collegerat
3062 3229 3223 3276 aetate
3255 3237 3350 3277 sua
3394 3222 3687 3288 Eusebius,

2110 3322 2164 3367 et
2195 3311 2247 3364 in
2300 3310 2468 3365 libros
2514 3311 2833 3382 digesserat.
2876 3310 2989 3382 (l0)
3024 3308 3148 3366 lllas
3192 3326 3461 3366 annorum
3515 3312 3691 3366 series

2110 3403 2463 3472 consumpsit.

2180 3494 2294 3549 Xll.
2326 3497 2500 3564 Atque
2533 3494 2736 3547 utinam
2785 3492 2871 3546 vel
2901 3494 3019 3548 dua:
3044 3494 3146 3550 illa:
3178 3504 3529 3565 superessent
3571 3496 3691 3563 epi-

2108 3588 2281 3652 stolae,
2332 3602 2467 3656 quas
2521 3586 2586 3639 ad
2639 3585 2943 3655 Philippum
2998 3587 3407 3651 imperatorem,
3462 3584 3691 3657 ejusque

2108 3691 2331 3732 uxorem
2391 3677 2648 3732 Severam
2689 3679 2985 3747 Augustam
3034 3679 3275 3746 scripsit.
3337 3677 3477 3733 Hinc
3533 3687 3691 3735 certo

2105 3772 2302 3843 conjici
2352 3780 2556 3841 posset,
2607 3786 2806 3825 verene
2842 3771 3058 3825 Christo
3094 3771 3442 3833 adhaeserint,
3493 3786 3689 3840 quem-

2108 3864 2396 3919 admodum
2426 3864 2495 3916 ab
2526 3862 2840 3917 auctoribus
2879 3862 3203 3917 Christianis
3252 3864 3521 3930 proditum
3554 3871 3638 3917 est
3671 3880 3685 3915 :

2108 3972 2175 4009 an
2205 3972 2234 4009 a
2269 3953 2595 4010 Christianis
2639 3954 2885 4023 partibus
2914 3951 3119 4007 fuerint
3162 3953 3348 4017 alieni,
3381 3954 3529 4023 quod
3562 3970 3686 4024 per-

2109 4048 2302 4102 suadet
2353 4046 2695 4101 ethnicorum
2738 4052 3022 4100 auctorum
3051 4046 3118 4099 de
3146 4060 3282 4099 nova
3312 4046 3380 4099 ab
3410 4047 3478 4101 iis
3502 4061 3690 4101 susce-

2106 4150 2199 4211 pta
2234 4139 2493 4208 religione
2518 4137 2831 4197 silentium;
2883 4146 2937 4191 et
2961 4137 3252 4192 multorum
3280 4146 3545 4206 prmterea
3578 4148 3691 4194 tum

2108 4232 2574 4293 Christianorum,
2619 4237 2733 4282 tum
2781 4229 3124 4283 ethnicorum
3153 4243 3475 4293 consensus,
3504 4246 3538 4284 a
3573 4232 3691 4301 qul-

2108 4324 2210 4379 bus
2244 4325 2451 4394 primus
2500 4321 2643 4376 inter
2703 4322 3060 4391 imperatores
3093 4318 3367 4376 Christum
3413 4324 3691 4392 professos

2110 4415 2499 4472 Constantinus
2544 4413 2867 4468 celebratur.
2935 4412 3047 4482 Ego
3095 4414 3313 4483 quidem
3373 4431 3689 4487 magnorum

420 4508 724 4565 decessisse
761 4506 1093 4563 Demetrium
1125 4507 1414 4578 significet,
1465 4521 1587 4561 eum
1622 4505 1708 4560 cui
1742 4504 2003 4559 Heraclas
2038 4504 2082 4559 D
2113 4511 2352 4564 virorum
2385 4507 2669 4562 sententiis
2698 4522 2876 4562 meum
2907 4521 3122 4577 quoque
3144 4507 3407 4576 judicium
3431 4550 3446 4574 ,
3475 4511 3694 4579 quando

431 4605 709 4660 successit.

502 4697 569 4753 Χ.
602 4698 868 4751 Baronins
900 4695 966 4749 ad
991 4708 1192 4747 annum
1239 4691 1366 4757 248,
1403 4706 1553 4746 num.
1595 4692 1646 4757 1,
1692 4690 1911 4762 Origeni
1948 4691 2002 4746 in

432 4792 679 4847 omnibus
713 4790 996 4846 lleraclam
1047 4787 1247 4842 favisse
1277 4786 1488 4850 scribit,
1524 4796 1685 4854 atque
1718 4786 1841 4840 ideo
1879 4798 2002 4856 post

432 4884 686 4940 Demetrii
729 4892 958 4937 mortem
1013 4879 1262 4936 concitas
1318 4878 1579 4932 adversus
1626 4890 1748 4932 eum
1812 4878 1997 4932 turbas

501 5112 572 5181 (ι)
602 5110 821 5174 Euseb.,
860 5109 1001 5163 "ist.
1034 5108 1185 5181 eccl.,
1214 5107 1307 5162 lib.
1334 5121 1407 5181 vr,
1443 5120 1567 5181 cap,
1598 5102 1687 5159 35.

410 5232 416 5240 .
613 5181 811 5234 Baron.
842 5182 906 5232 ad
935 5197 1021 5232 an.
1053 5180 1179 5241 248,
1207 5194 1356 5232 num.
1386 5179 1409 5231 1
1446 5185 1499 5230 et
1526 5174 1581 5228 5.

411 5254 418 5299 ξ
500 5254 578 5318 (5)
611 5251 861 5319 Niceph.,
892 5250 983 5302 lib.
1016 5265 1071 5310 ν,
1104 5266 1225 5315 cap.
1252 5248 1345 5301 26.

498 5314 577 5392 (4)
607 5314 808 5391 δεδιῖε.
852 5314 1216 5374 Animadvers.
1245 5320 1302 5371 in
1331 5315 1528 5371 Chron.
1563 5314 1760 5369 Euseb.
1784 5314 1847 5367 ad
1876 5330 2001 5368 ann.

424 5393 589 5448 £264.

501 5464 580 5533 (5)
611 5463 787 5531 Supra
833 5464 1243 5533 demonstratam
1303 5475 1335 5511 a
1385 5456 1655 5533 nobis_e_st
1708 5456 2003 5533 testimonio

435 5525 718 5596 Gennadii',
754 5541 859 5586 etc.
896 5530 1203 5584 Verisimile
1235 5544 1338 5581 non
1361 5538 1445 5583 est
1474 5528 1769 5596 quidquam
1806 5528 1873 5580 ab
1900 5525 2008 5580 He-

435 5605 575 5658 racla
603 5613 791 5655 contra
821 5602 1108 5669 Origcnem
1157 5608 1338 5653 actum
1381 5596 1570 5663 fuisse,
1612 5608 1669 5650 ut
1703 5598 1814 5665 jam
1845 5612 2005 5666 supra

435 5674 769 5727 ostendimus
799 5671 852 5726 in
886 5686 1005 5737 cap.
1032 5669 1087 5733 2,
1124 5686 1177 5724 n.
1221 5669 1307 5724 15.

502 5743 835 5865 (magnum.
894 5740 1081 5796 Natat.
1150 5743 1218 5795 ad
1268 5739 1485 5811 Origen.
1552 5738 1753 5807 defens.
1818 5737 1912 5794 lib.
1967 5755 2005 5805 I,

435 5828 547 5882 cap.
577 5828 665 5865 22.

2116 4618 2204 4659 me
2238 4617 2323 4656 res
2367 4601 2417 4655 id
2444 4600 2718 4663 admonet,
2772 4598 3134 4668 interponam.
3191 4599 3247 4653 Si
3294 4599 3510 4669 publice
3540 4602 3695 4656 Chri-

2115 4695 2417 4751 stianorum
2446 4692 2604 4746 fidem
2635 4690 2909 4761 professus
2940 4690 3128 4746 fuisset
3157 4690 3466 4761 Philippus,
3499 4695 3694 4748 verisi-

2115 4785 2241 4841 mile
2300 4783 2489 4852 utique
2545 4790 2765 4836 nonest
2822 4780 3088 4838 tacituros
3142 4784 3193 4837 id
3247 4783 3415 4839 fuisse
3446 4786 3695 4842 ethnicos

2109 4877 2424 4946 scriptores,
2454 4874 2800 4942 futuramque
2827 4873 2903 4927 rei
2947 4873 3129 4941 hujus,
3167 4874 3307 4930 sicut
3335 4876 3461 4943 fuit,
3489 4880 3691 4933 obscu-

2189 5104 2267 5175 (7)
2300 5105 2521 5169 Euseb.,
2550 5103 2760 5158 Histor.
2786 5103 2938 5170 eccl.,
2966 5104 3058 5159 lib.
3093 5120 3169 5172 vt,
3198 5120 3317 5174 cap.
3345 5105 3437 5160 56.

2186 5175 2263 5245 (8)
2294 5176 2517 5230 Marian.
2552 5175 2701 5230 Scot.
2734 5176 2799 5245 ad
2824 5191 2912 5228 an.
2945 5176 3147 5230 Christi
3172 5175 3299 5229 242.

2113 5318 2161 5370 Ε
2184 5244 2262 5368 (9)
2287 5245 2476 5369 Blondl.
2510 5246 2606 5301 lib.
2637 5245 2691 5299 in
2724 5244 3136 5299 Hlustramentis
3164 5246 3338 5315 famil.
3365 5258 3608 5306 contror.
3637 5254 3689 5303 όι

2166 5335 2227 5370 nc
2247 5336 2313 5370 ι..
2350 5332 2400 5370 c.
2473 5356 2487 5370 .

2166 5332 2313 5380 ncn.,
2350 5332 2400 5370 c.
2430 5332 2487 5370 4.

2186 5387 2301 5459 (10)
2346 5385 2482 5441 Illas
2552 5404 2831 5459 annorum,
2868 5387 3027 5440 series
3066 5388 3420 5459 consumpsit.
3491 5388 3691 5443 llarutu

2112 5457 2414 5527 fragmenta
2440 5458 2683 5526 quadam
2714 5458 2983 5511 edidimus
3005 5458 3159 5511 initio
3193 5457 3375 5511 tomi.l
3397 5462 3691 5527 quasdam-

2114 5544 2221 5596 que
2258 5529 2531 5597 integras;
2566 5542 2629 5581 ac
2680 5529 2904 5598 proinde
2948 5544 3053 5582 non
3088 5543 3288 5598 omnes
3342 5530 3685 5585 intercidere.

2112 5599 2301 5669 Neque
2339 5598 2505 5652 etiam
2549 5597 2737 5669 omnes
2766 5598 2867 5651 ilhc
2908 5597 3168 5666 epistolzc,
3210 5613 3350 5669 quas
3397 5600 3687 5669 collegerat

2112 5666 2398 5735 Eusebius,
2450 5669 2518 5723 ab
2549 5666 2783 5738 Origene
2817 5669 3177 5738 sexagenario
3230 5666 3438 5737 majore
3474 5666 3687 5739 scriptae

2112 5749 2261 5820 sunt,
2287 5748 2343 5795 ut
2378 5748 2525 5811 patet
2575 5754 2641 5794 ex
2679 5748 2864 5796 nostra
2898 5740 2953 5795 in
2986 5742 3085 5796 has
3136 5740 3398 5809 epistolas
3446 5741 3685 5797 admoni-

2114 5819 2281 5865 llOllC.
