3870 6220
280 360 386 420 685

1335 380 1914 439 ORIGENIANORUM
1955 382 2082 441 LIB.
2124 386 2163 449 Ι,
2202 386 2353 441 CAP.
2396 386 2484 441 Ill.

3435 390 3540 446 686

272 510 390 550 ram
424 493 625 551 famam
656 509 713 553 et
733 499 1021 556 incertam.
1046 501 1153 557 Nec
1182 502 1349 558 multo
1370 504 1720 559 verisimilius
1750 515 1853 569 est,
1886 509 1933 565 Α
1962 522 2086 575 pum
2126 508 2193 561 ab
2223 508 2467 564 Ecclesia
2510 516 2783 579 segregat,
2814 518 3167 580 veterumque
3194 508 3537 566 Christiano-

269 588 317 643 si
344 588 689 645 Christianus
716 608 823 647 non
849 592 1058 657 fuisset.
1086 596 1139 649 id
1165 596 1505 663 proditurum
1531 597 1848 665 Eusebium,

270 680 602 750 temporibus
629 683 737 739 illis
774 686 1102 754 proximum,
1136 704 1256 742 cum
1284 696 1575 758 utramque
1625 706 1747 746 eum
1787 694 1851 746 ad

269 770 572 844 Philippum
600 784 654 831 et
693 776 953 833 Severam
982 778 1051 833 ab
1095 778 1329 850 Origene
1358 781 1617 851 scriptam
1648 784 1854 851 episto-

269 866 375 920 lam
408 868 608 923 vidisse
649 880 883 938 constet,
925 883 1088 941 quam
1140 886 1247 926 non
1297 874 1485 943 paucis
1526 883 1647 943 post
1680 876 1850 931 Euse-

268 957 417 1011 bium
449 959 609 1014 annis
638 961 840 1015 vidisse
875 978 1095 1033 quoque
1125 964 1469 1019 Vincentium
1506 964 1848 1021 Lirinensem

268 1048 503 1103 solerter
534 1049 891 1119 deprehendit
938 1052 1205 1109 Baronios
1236 1055 1375 1125 (11).
1412 1054 1525 1127 (12)
1565 1056 1657 1111 Sie
1686 1058 1851 1127 igitur

268 1141 467 1205 sentio,
513 1140 718 1196 Christi
773 1145 945 1201 sacris
995 1161 1025 1201 a
1072 1146 1315 1202 Fabiano
1380 1162 1522 1217 papa
1577 1148 1848 1203 initiatum

265 1230 433 1286 fuisse
462 1232 788 1303 Philippum,
820 1236 914 1291 sed
948 1239 1183 1304 occulte,
1218 1239 1382 1310 idque
1412 1239 1553 1294 clam
1599 1241 1849 1297 ethnicos

265 1325 541 1390 habuisse,
576 1334 645 1381 ne
687 1326 817 1397 quid
866 1327 992 1383 inde
1040 1345 1129 1385 res
1167 1346 1278 1385 suze
1327 1330 1640 1386 detrimenti
1692 1347 1846 1399 cape-

263 1424 409 1478 rent,
440 1430 575 1484 quas
596 1417 841 1484 pristinae
873 1418 1151 1489 religionis
1181 1422 1405 1489 ejuratm
1439 1424 1581 1480 fama
1615 1423 1846 1481 forsitan

262 1507 663 1564 conturbasset.
697 1508 834 1565 Hinc
868 1512 937 1565 ab
968 1513 1202 1569 ethnicis
1230 1516 1592 1587 scriptoribus
1617 1519 1845 1572 tacitum

262 1600 398 1655 illud
430 1612 531 1667 est,
564 1617 592 1655 a
614 1602 945 1659 Christianis
976 1606 1334 1664 celebratum.
1378 1609 1530 1677 Quod
1566 1620 1746 1665 autem
1777 1626 1843 1665 ex

262 1693 496 1750 Eusebio
525 1696 640 1765 (I5)
684 1696 846 1765 obiici
904 1708 1101 1769 potest,
1136 1692 1507 1771 publice'eum
1555 1703 1609 1758 in
1658 1704 1844 1759 Eccle-

265 1786 403 1839 siam
428 1786 496 1840 ab
525 1787 781 1857 episcopo
824 1789 896 1861 (is
923 1790 1023 1844 fuit
1051 1789 1309 1863 Babylas)
1366 1792 1686 1862 admissum,
1717 1811 1844 1865 pre-

1956 613 2077 651 rum
2114 602 2493 655 auctoritatem
2527 600 2834 669 proculcat,
2885 616 2997 654 uno
3043 602 3144 656 hoc
3189 602 3341 657 nisus
3373 618 3536 673 argu-

1956 700 2161 755 mento,
2226 692 2367 761 quod
2435 691 2685 763 injuriam
2731 691 2949 747 Christo
3000 692 3228 757 faciunt,
3273 693 3365 763 qui
3440 695 3537 749 ho-

1958 783 2157 837 minem
2220 800 2479 855 nequam,
2544 793 2601 839 et
2654 783 2867 839 Domini
2931 786 3011 840 sui
3082 785 3535 848 interfectorem.

1953 874 2326 930 Christianum
2369 875 2485 929 ausi
2536 885 2663 931 sunt
2718 876 2921 932 dicere.
2973 878 3049 933 Ac
3106 880 3149 933 si
3208 878 3342 933 nulli
3395 879 3535 933 inter

1953 968 2295 1024 Christianos
2341 969 2557 1025 scelesti
2602 971 2938 1039 reperiantur
2969 988 2982 1025 :
3013 986 3077 1027 ac
3132 972 3174 1026 si
3216 971 3534 1042 nequissimi

1955 1074 2060 1112 non
2112 1058 2309 1113 fuerint
2342 1060 2700 1130 imperatores
2731 1062 2951 1129 quidam
3008 1061 3329 1117 Christiani.
3380 1062 3528 1116 Pras-

1955 1161 2104 1204 terea
2137 1150 2371 1205 nondum
2402 1150 2775 1207 Christianum
2803 1151 2972 1209 fuisse
3004 1152 3320 1224 Philippum
3350 1154 3531 1209 docui-

1955 1254 2094 1303 mus,
2132 1255 2253 1292 cum
2291 1238 2499 1310 flagitia
2547 1242 2662 1297 haec
2704 1244 2948 1299 admisit.
3001 1244 3112 1299 Nec
3172 1245 3304 1300 mihi
3361 1248 3531 1317 magis

1952 1328 2095 1383 Petri
2126 1328 2355 1384 Halloxii
2400 1330 2511 1401 (I7)
2552 1334 2817 1403 probatur
2844 1333 3155 1403 conjectura
3185 1353 3200 1403 ;
3237 1352 3359 1392 cum
3403 1339 3532 1395 Ori-

1951 1436 2141 1490 genem
2172 1437 2235 1477 ex
2265 1437 2330 1479 eo
2356 1423 2467 1494 jam
2506 1436 2755 1497 tempore
2799 1440 2908 1497 quo
2938 1427 3192 1482 Arabiam
3243 1429 3530 1499 petiverat.

1950 1510 2201 1584 Philippo
2234 1515 2575 1584 imperatori,
2602 1525 2793 1587 utpote
2825 1517 3018 1585 Arabi,
3046 1529 3102 1575 et
3133 1520 3347 1577 Bostris
3380 1532 3530 1592 nato,

1952 1603 2121 1660 fuisse
2177 1608 2460 1678 cognitum
2510 1609 2845 1680 suspicatur.
2924 1610 2971 1664 A
3042 1627 3209 1682 puero
3260 1613 3529 1684 siquidem

1952 1695 2139 1752 relicto
2168 1699 2346 1767 patrio
2380 1698 2497 1754 solo
2543 1702 2597 1755 in
2654 1699 2901 1756 militiam
2954 1703 3233 1772 profectus
3284 1707 3529 1761 creditur

1952 1787 2252 1858 Philippus.
2296 1790 2362 1844 Et
2404 1799 2464 1844 ut
2502 1790 2742 1847 nondum
2781 1792 2956 1862 patria
2988 1795 3343 1862 excessisset,
3394 1811 3527 1866 quo-

262 1878 537 1934 cationum
564 1881 887 1951 participem
918 1883 1088 1940 fuisse
1133 1862 1367 1950 factum,
1416 1862 1843 1957 postquam-cri-
1877 1862 1921 1921 Β
1951 1896 2073 1936 nam
2106 1892 2430 1952 argumento
2464 1884 2680 1954 probari
2737 1894 2915 1955 potest
2968 1887 3243 1944 hominem
3296 1890 3528 1946 obscuro

262 1972 410 2025 mina
452 1972 734 2029 confessus
782 1976 835 2030 in
873 1978 1251 2047 ptenitentium
1293 1979 1542 2037 ordinem
1588 1982 1845 2036 redactus

259 2074 377 2131 est;
422 2064 473 2119 id
496 2080 626 2121 sane
656 2066 1192 2123 animadvertendum
1236 2080 1412 2125 estex
1452 2071 1659 2127 incerta
1691 2073 1846 2129 audi-

260 2156 410 2212 tione
435 2156 738 2214 Eusebium-
759 2160 1027 2216 retulisse.
1060 2162 1359 2217 Antiochia:
1397 2172 1658 2233 praeterea
1709 2180 1841 2221 con-

261 2250 447 2319 tigisse
474 2250 648 2305 fertur
680 2251 829 2317 illud,
858 2254 946 2307 ubi
972 2252 1235 2308 ﬂorebant
1267 2269 1352 2309 res
1378 2254 1837 2322 Christianorum,

259 2343 456 2409 quibus
486 2352 595 2397 tum
629 2354 862 2414 praeerat
890 2345 1174 2416 episcopus
1195 2346 1462 2419 Babylas;
1497 2348 1549 2403 in
1579 2353 1842 2406 extremis

258 2435 512 2491 videlicet
540 2435 798 2491 Romana;
839 2438 1062 2492 ditionis
1106 2439 1244 2501 oris,
1291 2440 1534 2508 procula
1572 2441 1842 2500 Romano-

258 2540 381 2580 rum
413 2538 731 2599 conspectu,
778 2544 913 2598 quos
960 2546 1070 2600 pra:
1098 2531 1311 2586 caeteris
1340 2532 1603 2600 ejusmodi
1632 2534 1843 2591 facinus

256 2627 477 2688 poterat
532 2635 893 2677 commovere.
927 2620 1043 2677 Huc
1082 2624 1295 2678 accedit
1353 2625 1407 2679 in
1446 2627 1627 2683 medio
1680 2627 1843 2683 Chri-

256 2711 560 2767 stianorum
593 2723 757 2781 coetu,
795 2714 1013 2769 conscio
1061 2730 1181 2769 cum
1216 2716 1401 2784 paucis
1429 2718 1706 2790 episcopo,
1739 2721 1842 2775 im-

253 2814 563 2875 peratorem
594 2804 752 2860 facile
782 2805 1007 2861 delitere
1050 2806 1314 2873 potuisse,
1360 2818 1565 2864 mutata
1596 2820 1748 2868 veste
1778 2822 1834 2868 et

253 2897 624 2967 imperatoriis
654 2897 952 2967 insignibus
988 2899 1266 2957 detractis.

331 2986 444 3060 (Ii)
460 2988 575 3044 Sub
594 2987 707 3061 ipsa
728 3005 890 3061 porro
909 2991 1117 3059 imperii
1138 2994 1218 3045 sui
1239 2993 1388 3049 initia
1408 2994 1609 3051 Christi
1635 2997 1839 3052 doctri-

258 3095 383 3134 nam
405 3081 709 3149 amplexum
731 3082 900 3139 fuisse
922 3083 1225 3157 Philippum
1249 3102 1315 3142 ex
1336 3087 1601 3159 eoliquet,
1620 3091 1761 3160 quod
1782 3090 1836 3145 in

1948 1974 2067 2030 loco
2098 1984 2303 2041 natum,
2337 1986 2391 2031 et
2421 1977 2650 2032 fortuna!
2678 1979 2878 2042 tenuis,
2907 1980 2961 2034 in
2990 1982 3241 2036 notitiam
3276 1982 3528 2055 Origenis

1947 2067 2183 2133 venisse,
2220 2069 2323 2123 viri
2359 2070 2568 2140 magnis
2611 2071 2675 2125 de
2705 2070 2867 2126 rebus
2905 2071 2971 2126 ad
3018 2073 3137 2128 haec
3184 2074 3301 2130 loca
3351 2077 3526 2143 missi,

1946 2166 1999 2210 et
2033 2158 2371 2226 gravissimis
2389 2159 2618 2230 negotiis
2648 2159 2923 2215 districti?
2961 2161 3098 2228 Quid
3128 2172 3214 2218 est
3243 2164 3526 2233 hariolari,

1946 2250 1990 2305 si
2023 2251 2126 2306 hoc
2156 2266 2262 2306 non
2301 2252 2419 2305 est?
2470 2252 2689 2308 Minime
2736 2262 2914 2307 autem
2958 2255 3202 2311 omnium
3230 2258 3526 2315 audiendus

1948 2342 2030 2396 vir
2070 2345 2335 2410 eruditus,
2383 2344 2472 2413 qui
2512 2344 2564 2398 in
2613 2345 3061 2403 Adnotationibus
3116 2350 3187 2402 ad
3257 2348 3524 2420 Nicepho-

1947 2451 2064 2488 rum
2095 2434 2209 2506 (18)
2249 2436 2492 2491 Fabiano
2521 2451 2674 2506 papae
2703 2438 2912 2503 tribuit,
2936 2440 3078 2508 quod
3117 2456 3224 2495 uno
3253 2456 3525 2498 consensu

1944 2526 2206 2584 Leontius
2246 2529 2646 2593 Antiochenus,
2682 2528 3127 2598 Chrysostomus,
3161 2540 3215 2587 et
3244 2548 3312 2587 ex
3347 2532 3525 2589 Leon-

1947 2619 2020 2674 tio
2050 2619 2301 2675 Cltronici
2335 2620 2686 2674 Alexandrini
2714 2630 2909 2674 auctor
2940 2620 3158 2694 Babylae
3187 2624 3516 2681 tribuerunt.

1943 2712 2060 2768 Non
2086 2714 2199 2784 jam
2234 2713 2451 2782 diSputo
2478 2728 2741 2769 verumne
2772 2714 2843 2769 sit
2870 2718 3013 2784 quod
3049 2717 3320 2786 conjectat
3348 2717 3521 2772 Baro-

1944 2806 2086 2872 nius,
2123 2804 2427 2876 Philippum
2458 2806 2759 2876 Augustum
2796 2822 2920 2862 cum
2953 2807 3201 2880 Philippo
3235 2811 3523 2883 Augustali

1942 2896 2165 2970 [Egypti
2215 2898 2472 2969 praefecto
2517 2898 2773 2954 confundi
2806 2917 2821 2954 :
2849 2899 2938 2955 hic
2990 2912 3141 2957 certe
3182 2903 3362 2959 locum
3389 2944 3406 2971 ,
3442 2908 3523 2961 uti

1944 2990 2148 3045 fatetur
2190 2993 2338 3062 ipse,
2388 2991 2590 3046 habere
2644 2992 2696 3047 id
2753 2994 3069 3063 neutiquam
3132 3005 3351 3065 potest;
3411 3013 3521 3053 non

1942 3084 2143 3139 idcirco
2168 3092 2402 3150 tantum,
2432 3086 2576 3155 quod
2617 3085 2754 3141 duas
2794 3084 2916 3140 illas
2964 3085 3217 3157 Origenis
3262 3090 3520 3160 epistolas

253 3183 459 3228 emtum
490 3171 923 3230 Christianorum
949 3178 1061 3248 jam
1090 3189 1309 3234 creatus
1336 3181 1638 3251 imperator
1663 3184 1831 3253 recipi
1862 3217 1905 3277 ο
1939 3177 2147 3232 Viderat
2182 3176 2445 3233 Eusebius
2472 3195 2487 3245 ;
2512 3177 2606 3232 sed
2630 3176 2798 3233 multo
2826 3177 2995 3249 magis
3019 3179 3187 3248 quod,
3216 3181 3521 3252 imperante

252 3266 615 3334 postulaverit
645 3266 974 3336 Antiochiae,
1015 3285 1123 3340 quo
1155 3273 1373 3327 nonnisi
1409 3284 1529 3344 post
1556 3285 1831 3346 arreptum

251 3373 451 3413 recens
478 3360 764 3429 imperium
795 3376 916 3417 sese
946 3378 1177 3433 usquam
1212 3366 1461 3421 contulit.
1487 3366 1833 3439 Quaecunque

250 3459 436 3502 autem
479 3451 739 3508 adversus
786 3453 937 3525 hanc,
976 3458 1296 3511 sententiam
1342 3468 1658 3527 argumenta
1706 3476 1835 3530 pro-

249 3539 361 3595 fert
402 3539 665 3598 Baronius
726 3543 860 3615 (I5),
926 3556 985 3601 ut
1050 3549 1343 3617 postremis
1397 3549 1611 3619 imperii
1674 3552 1833 3608 annis

249 3633 472 3689 Christo
508 3651 701 3691 nomen
749 3636 1057 3711 Philippum
1110 3640 1325 3697 dedisse
1367 3643 1601 3711 probet,
1646 3659 1710 3699 ex
1767 3644 1834 3702 iis

249 3740 373 3794 qua
432 3727 667 3783 diximus
730 3728 889 3785 facile
948 3731 1291 3787 refelluntur.
1359 3733 1577 3789 Cadunt
1643 3735 1830 3791 itidem

248 3818 614 3883 pronuntiata:
661 3821 717 3874 in
754 3835 875 3875 eam
917 3838 1028 3877 rem
1074 3840 1102 3877 a
1146 3824 1425 3893 Scaligero
1475 3823 1587 3897 (I6)
1642 3825 1827 3897 κυρίαν.

245 3908 416 3974 663m-
449 3913 526 3966 sic
576 3913 719 3968 enim
760 3912 921 3970 ell‘ata
955 3915 1072 3985 ejus
1117 3913 1349 3987 appello,
1384 3917 1582 3986 quibus
1617 3915 1824 3988 Philip-

318 4029 436 4098 (11)
462 4029 657 4085 Baron.
692 4031 757 4086 ad
786 4047 877 4085 an.
915 4033 1044 4097 246,
1072 4050 1221 4089 num.
1250 4036 1303 4091 8.

321 4099 434 4175 (12)
461 4099 551 4175 _Sic
576 4101 955 4175 igiturgsentig,
976 4102 1177 4158 Christi
1204 4105 1369 4175 sacris
1393 4122 1435 4175 αν
1458 4102 1700 4159 Fabiano
1731 4122 1826 4175 pa-

244 4188 315 4239 pa
352 4171 623 4245 initiatum
672 4173 837 4245 [uisse
888 4172 1209 4245 Philippum.
1239 4174 1338 4229 ilic
1373 4174 1551 4245 aliqua
1578 4190 1642 4228 ex
1672 4171 1826 4243 parte

242 4241 494 4309 sequitur
541 4240 768 4315 unctius
797 4246 929 4297 Acta
990 4240 1073 4299 SI
1108 4244 1307 4307 Pontii,
1339 4240 1479 4314 qua!
1516 4240 1824 4315 Philippum

247 4320 474 4365 narrant
500 4328 528 4363 a
589 4313 650 4366 S.
691 4312 883 4369 Pontio
918 4316 983 4369 ad
1016 4314 1217 4370 Christi
1274 4312 1433 4369 fidem
1487 4312 1673 4370 fuisse
1697 4312 1827 4369 con-

247 4397 488 4443 versum,
533 4382 659 4436 dum
694 4384 801 4437 ludi
855 4385 1148 4440 sazculares
1198 4385 1323 4439 anni
1376 4386 1541 4441 Urbis
1594 4387 1826 4441 condita:

245 4451 859 4526 millesimiagerentur,
886 4463 939 4508 et
966 4471 993 4507 a
1020 4454 1264 4509 Fabiano
1295 4471 1430 4526 papa
1463 4457 1818 4523 baptizatum.

228 4523 355 4596 Sed
378 4522 597 4596 jamdiu
620 4525 735 4579 hinc
757 4525 890 4578 Acta
937 4526 1006 4581 ab
1051 4522 1381 4581 eruditis—ut
1400 4522 1584 4596 spuria
1610 4536 1666 4581 et
1694 4527 1828 4581 licti-

245 4594 324 4646 tia
362 4594 739 4662 reprobantur.

320 4662 433 4733 (I3)
464 4664 686 4726 Euseb.,
717 4664 926 4723 Hister.
957 4666 1108 4733 eccl.,
1142 4666 1236 4721 lib.
1269 4683 1342 4729 γι,
1371 4683 1489 4733 cap.
1519 4667 1609 4721 54.

321 4734 435 4801 (14)
503 4733 613 4788 Sub
660 4736 774 4803 ipsa
818 4752 975 4801 porro
1014 4739 1217 4805 imperii
1276 4739 1357 4790 sui
1413 4740 1568 4791 initia
1627 4736 1824 4790 Christi

241 4805 541 4858 doctrinam
566 4806 863 4877 a_ntplea:unt
888 4806 1052 4875 fuisse
1090 4805 1397 4876 Philippum
1437 4824 1502 4861 ex
1540 4825 1599 4862 eo
1642 4808 1821 4877 liquet,

239 4881 408 4947 quod,
445 4883 548 4947 etc.
575 4874 803 4947 En‘ipsa
840 4874 1057 4931 Eusebii
1088 4874 1284 4940 verba,
1330 4894 1394 4933 ex
1444 4879 1641 4947 quibus
1685 4874 1824 4933 male

244 4944 333 5019 hic
360 4944 648 5019 concludit
662 4944 885 5019 Huetius
909 4965 920 4999 :
941 4948 1139 5019 Τοῦτον
1156 4950 1376 5017 κατέχει
1394 4944 1548 5017 λὸῩος
1563 4950 1824 5019 Χριστια-

240 5014 334 5090 γὸν
358 5016 595 5090 ὖνσίαηὲγ
627 5016 808 5090 ἡμέρᾳ
831 5018 927 5090 τῆς
950 5017 1185 5090 ὑστάτης
1213 5014 1521 5090 τοῦπάσαχα
1558 5014 1821 5089 πάννυχί-

239 5085 365 5162 δοςι
383 5086 493 5162 τῷ)
514 5086 607 5162 ἐπὶ
642 5085 1067 5162 ’ξῆξὲκκλησίας
1099 5085 1274 5162 εὖχῷν
1306 5089 1383 5161 τῷ
1414 5085 1609 5162 πλήθει
1648 5085 1820 5162 pars-

243 5156 393 5225 σχεῖν
422 5154 673 5232 ὲεξελῆσᾳι
698 5154 721 5187 ὀ
751 5160 810 5211 οὐ
847 5154 1111 5232 πρὸτερον
1268 5154 1519 5232 07:81:96-
1564 5154 1818 5232 τηὺικάδε

239 5226 587 5301 προεστῶτος
610 5226 988 5301 ἐπιτραπῆναι
1020 5226 1339 5301 ίείσὸαλεῖν,
1366 5231 1398 5301 ἢ
1424 5226 1821 5301 ἐξομολογήσα-

312 5314 390 5372 at,
427 5298 657 5372 καὶτοῖς
689 5298 757 5351 tu
783 5298 1220 5372 παραπτώμασιν
1264 5298 1820 5372 ὲξετὲιζοῴνοιςζμε-

238 5369 459 5441 cavata;
484 5386 542 5441 τε
578 5368 760 5441 χώραν
778 5368 1037 5441 ἴσχουσιν.
1058 5368 1261 5425 ἑαυτὸν
1302 5368 1593 5436 καταλέξαι
1613 5388 1625 5400 ·
1645 5368 1819 5435 ἄλλως

238 5437 354 5509 γὰρ
382 5438 455 5509 μὴ
472 5440 536 5493 ἄν
559 5437 687 5492 ποτὲ
714 5437 1055 5513 πρὸξαὺτοῧ,
1124 5442 1295 5515 ὴοὺχὶ
1317 5442 1473 5495 τοῦτο
1489 5444 1813 5511 ποιήσαντα,

238 5509 331 5562 διὰ
385 5510 583 5565 πολλὰς
629 5510 736 5564 τῶν
789 5518 906 5565 κατ’
965 5461 1130 5565 animi:
1185 5514 1360 5565 αἰτίας
1391 5514 1811 5565 παοαόεγοῆναι·

235 5509 331 5585 6ιᾲ
385 5510 583 5573 πολλὰς
629 5509 772 5585 ’Ξῶνά
789 5518 906 5565 κατ’
965 5509 1157 5585 αὐτόν’
1185 5509 1360 5585 cilicia;
1391 5509 1811 5585 παραδεχοῆναι·

396 5581 757 5655 nauigari;an
790 5600 853 5648 γε
883 5584 1175 5655 προθύμως
1216 5580 1481 5651 λέγεται]
1506 5585 1565 5637 τὸ
1593 5580 1814 5655 Ῠνήσιον

204 5651 336 5725 aut
385 5644 751 5725 εὐλαῧξξίίτῆς
804 5644 936 5725 napi
976 5644 1074 5707 τὸκῖ
1115 5644 1257 5707 θὲῖον
1289 5644 1475 5723 ’φόϐον
1520 5644 1812 5716 διαθέσεως

232 5722 423 5795 ξργοις
458 5722 915 5795 ἐπιδεδειγμένούε
943 5745 961 5777 ι
991 5725 1143 5781 llunc
1184 5722 1369 5793 utpote
1414 5727 1810 5795 Christianum,

234 5792 384 5866 fama
409 5802 492 5866 est
524 5795 576 5846 in
605 5792 871 5866 postrema
905 5794 1124 5850 Pascha:
1146 5792 1321 5866 vigilia
1357 5798 1725 5866 precationum
1756 5794 1807 5866 in

232 5863 467 5918 ecclesia
498 5865 818 5934 participem
853 5866 1013 5922 simul
1040 5882 1178 5941 cum
1204 5863 1431 5940 ireliquo
1460 5866 1658 5941 populo
1692 5864 1805 5919 fieri

1944 3267 2167 3334 Severo,
2223 3270 2485 3341 martyrio
2553 3281 2905 3340 consumptus
2949 3270 3028 3325 'sit
3081 3270 3359 3352 Philippus
3428 3276 3520 3332 ille

1943 3359 2259 3429 Augustalis
2294 3361 2623 3429 praefectus;
2671 3361 2741 3416 ab
2775 3362 3007 3417 Eusebio
3039 3373 3221 3419 autem
3251 3381 3520 3423 memora-

1943 3462 2052 3506 tum
2096 3451 2322 3523 Philippi
2378 3453 2607 3524 Augusti
2667 3452 2897 3520 facinus,
2943 3454 3199 3526 ipsojam
3231 3458 3517 3526 imperium

1940 3528 2136 3614 adepto
2193 3545 2399 3599 editum
2458 3546 2549 3600 sit.
2606 3545 2799 3600 Exstat
2851 3546 2978 3601 hinc
3030 3547 3196 3602 etiam
3246 3548 3518 3604 meritone

1942 3634 2224 3704 scripserit
2246 3634 2578 3704 Pomponius
2607 3634 2810 3701 Laetus,
2840 3633 3172 3708 Philippum,
3215 3649 3272 3693 ut
3312 3640 3517 3696 scelera

1943 3736 2163 3797 tegeret,
2207 3729 2410 3781 cultum
2449 3726 2744 3781 Christiani
2795 3729 3033 3784 nominis
3067 3730 3373 3787 simulasse.
3408 3732 3516 3789 Sed

1936 3830 2280 3876 revertamur
2309 3822 2376 3875 ad
2408 3821 2770 3891 propositum.

2005 3912 2143 3967 XIII.
2174 3912 2288 3987 (19)
2323 3912 2435 3967 Hac
2459 3913 2693 3983 primum
2730 3923 3049 3987 tempestate
3081 3916 3334 3972 homilias
3361 3932 3511 3983 snas,

1938 4031 2177 4105 voluisse
2209 4050 2223 4086 :
2254 4032 2347 4105 sed
2371 4032 2684 4105 episcopum
2703 4033 2795 4102 qui
2817 4042 2949 4088 tunc
2981 4032 3234 4091 Ecclesia:
3257 4048 3512 4105 praeerat.

1938 4118 2042 4158 non
2079 4102 2230 4173 prius
2270 4102 2343 4155 illi
2380 4103 2584 4156 aditum
2620 4106 2950 4173 permisisse,
2997 4121 3158 4173 quam
3213 4102 3515 4163 confessio-

1936 4189 2059 4248 nem
2080 4171 2357 4248 scelerum
2404 4171 2646 4248 fecisset,
2684 4175 2858 4248 iisque
2883 4176 2979 4248 qui
3017 4171 3331 4233 humanitus
3373 4178 3514 4248 lapsi

1934 4243 2172 4306 fuerant,
2223 4251 2278 4297 et
2326 4243 2377 4296 in
2433 4246 2812 4312 pmniteutium
2866 4243 3059 4301 ordine
3099 4248 3340 4311 stabant,
3386 4243 3511 4304 sese

1935 4313 2295 4386 adjunxisset.
2365 4313 2573 4383 Quippe
2622 4316 2693 4368 ob
2755 4315 2923 4369 multa
2982 4332 3103 4386 qua:
3160 4319 3512 4373 commiserat

1933 4384 2209 4445 crimina.
2263 4398 2541 4455 nunquam
2604 4386 2830 4455 omnino
2889 4387 2958 4440 ab
3000 4384 3263 4455 episcopo
3320 4386 3512 4445 fuisset

1935 4454 2228 4529 admissus,
2261 4453 2362 4509 nisi
2393 4455 2445 4509 id
2479 4455 2629 4510 prius
2672 4454 2912 4509 fecisset.
2945 4456 3019 4529 Et
3041 4453 3351 4529 imperator
3382 4461 3509 4529 qui-

1934 4527 2055 4578 dem
2093 4524 2341 4600 libenter
2398 4541 2807 4600 obtemperasse
2836 4527 3072 4600 _mc_itu_r,
3123 4524 3508 4600 Sincerumque

1860 4574 1907 4632 ι)
1932 4574 2341 4668 assignans
2378 4574 3506 4668 έᾱεέιὶῖἧῗιῖἧῖἆτῑζίρἆζὀιῖὲῖἷιῆὶῖίιῖέὲξ

1930 4664 2263 4719 declarasse.
2299 4683 2318 4715 ι
2386 4664 2556 4720 Porro
2615 4682 2683 4721 ex
2740 4667 2841 4719 hac
2906 4664 3121 4721 Eusebii
3185 4664 3507 4725 narratione

1931 4734 2120 4802 liquet,
2156 4733 2489 4809 Philippum
2540 4752 2649 4791 non
2704 4737 2924 4809 quidem
2977 4738 3279 4807 postulasse
3334 4750 3392 4793 ut
3449 4743 3505 4809 in

1926 4816 2129 4859 emtum
2146 4805 2584 4876 Christianorum
2611 4805 3083 4876 reciperetur,'sed
3109 4809 3218 4876 jam
3246 4806 3507 4866 Christia-

1929 4891 2056 4951 num
2102 4875 2337 4930 voluisse
2394 4875 2766 4951 precationuin
2811 4879 2862 4930 in
2911 4875 3151 4933 Ecclesia
3181 4883 3501 4951 participem

1926 4945 2043 5019 fieri
2075 4960 2088 4997 :
2124 4960 2296 5013 neque
2337 4946 2577 5019 proinde
2603 4949 2703 5001 sub
2752 4949 2863 5018 ipsa
2924 4950 3132 5016 imperii
3175 4945 3257 5003 sui
3306 4945 3456 5006 initia
3483 4994 3500 5019 ,

1924 5017 2016 5069 sed
2057 5026 2350 5085 antequam
2394 5018 2680 5084 imperium
2726 5017 3123 5087 adipisceretur
3160 5022 3362 5075 Christi
3404 5017 3503 5076 do;

1922 5089 2154 5140 ctriuam
2197 5088 2307 5159 jam
2356 5088 2663 5157 amplexum
2706 5104 2832 5143 eum
2886 5090 3056 5144 fuisse
3093 5109 3106 5145 :
3138 5094 3285 5159 quod
3330 5094 3497 5145 etiam

1926 5157 2488 5232 testanturLeontius
2534 5160 2946 5232 Antiochenus,
2988 5157 3411 5232 Οὴνγδίοειυηιιις
3446 5176 3500 5217 et

1921 5241 1986 5281 ex
2026 5226 2252 5282 Leontio
2280 5226 2602 5281 Chronicum
2651 5226 3117 5285 Alexandrinum:
3156 5231 3285 5285 Vide
3337 5234 3498 5287 Tille-

1924 5299 2212 5373 montium,
2253 5297 2396 5352 Hist.
2434 5300 2681 5369 imperat.
2734 5310 2863 5354 tom.
2895 5299 2982 5366 Ill,
3018 5302 3144 5356 Not.
3182 5304 3235 5356 in
3263 5303 3495 5373 Philipp.

1921 5383 1983 5437 pa
2027 5410 2040 5423 .
2077 5369 2181 5422 645
2217 5380 2269 5423 et
2299 5386 2451 5439 seqq.

2134 5439 2567 5523 l‘iaron.,_ad‘an.
2589 5440 2902 5523 ﬁguram.
2925 5442 2981 5507 2,
3011 5444 3045 5498 5
3070 5454 3132 5523 et
3161 5444 3210 5498 1.

1914 5510 2100 5633 geist?)
2132 5511 2333 5580 Scalig.
2362 5516 2416 5564 in
2445 5512 2693 5565 Animad.
2726 5516 2780 5565 in
2829 5512 3029 5569 Chron.
3060 5514 3255 5568 Euseb.
3298 5516 3363 5567 ad
3397 5530 3489 5569 an.

1988 5651 2100 5725 (17)
2128 5650 2349 5725 ῌδΙΙοχ.
2388 5651 2537 5725 Orig.
2573 5654 2774 5722 defens.
2814 5654 2906 5707 lib.
2940 5671 2981 5719 ι,
3014 5670 3137 5725 cap.
3172 5655 3258 5709 18.

1987 5722 2099 5791 (18)
2128 5721 2354 5790 Νιουνιι,
2389 5724 2482 5776 lib.
2523 5738 2574 5784 ν,
2603 5721 2727 5792 cap.
2760 5724 2851 5779 25.

1986 5792 2098 5860 (19)
2129 5792 2349 5858 Euseb.,
2381 5792 2588 5847 Hister.
2619 5795 2774 5858 8001.,
2815 5797 2905 5851 lib.
2948 5812 3023 5863 v1,
3057 5812 3176 5866 cap.
3208 5794 3298 5851 56.
