  <div class='ocr_page' id='page_1' title='image "/cluster/home/n/w/nwhite01/storage/ocr_20150623/17/nnc1.0046978615/353.png"; bbox 0 0 3840 6222; ppageno 0'>
   <div class='ocr_carea' id='block_1_1' title="bbox 420 315 523 370">
    <p class='ocr_par' dir='ltr' id='par_1_1' title="bbox 420 315 523 370">
     <span class='ocr_line' id='line_1_1' title="bbox 420 315 523 370; baseline -0.019 0"><span class='ocrx_word' id='word_1_1' title='bbox 420 315 523 370; x_wconf 77' lang='lat'>687</span> 
     </span>
    </p>
   </div>
   <div class='ocr_carea' id='block_1_2' title="bbox 1688 313 2379 373">
    <p class='ocr_par' dir='ltr' id='par_1_2' title="bbox 1688 313 2379 373">
     <span class='ocr_line' id='line_1_2' title="bbox 1688 313 2379 373; baseline 0.009 -6"><span class='ocrx_word' id='word_1_2' title='bbox 1688 313 1747 369; x_wconf 79' lang='grc' dir='ltr'><strong>Ρ.</strong></span> <span class='ocrx_word' id='word_1_3' title='bbox 1792 313 2107 370; x_wconf 75' lang='lat' dir='ltr'><strong>DANIELIS</strong></span> <span class='ocrx_word' id='word_1_4' title='bbox 2145 316 2379 373; x_wconf 79' lang='lat' dir='ltr'><strong>IIUETII</strong></span> 
     </span>
    </p>
   </div>
   <div class='ocr_carea' id='block_1_3' title="bbox 3556 317 3656 373">
    <p class='ocr_par' dir='ltr' id='par_1_3' title="bbox 3556 317 3656 373">
     <span class='ocr_line' id='line_1_3' title="bbox 3556 317 3656 373; baseline 0 0"><span class='ocrx_word' id='word_1_5' title='bbox 3556 317 3656 373; x_wconf 78' lang='lat'><strong>688</strong></span> 
     </span>
    </p>
   </div>
   <div class='ocr_carea' id='block_1_4' title="bbox 414 429 3656 504">
    <p class='ocr_par' dir='ltr' id='par_1_4' title="bbox 414 429 3656 504">
     <span class='ocr_line' id='line_1_4' title="bbox 414 429 3656 504; baseline 0 -16"><span class='ocrx_word' id='word_1_6' title='bbox 414 450 551 503; x_wconf 79' lang='lat' dir='ltr'><strong>quas</strong></span> <span class='ocrx_word' id='word_1_7' title='bbox 580 431 694 487; x_wconf 75' lang='lat' dir='ltr'><strong>fere</strong></span> <span class='ocrx_word' id='word_1_8' title='bbox 720 431 960 501; x_wconf 75' lang='lat' dir='ltr'><strong>quotidie</strong></span> <span class='ocrx_word' id='word_1_9' title='bbox 984 432 1039 485; x_wconf 92' lang='lat' dir='ltr'><strong>in</strong></span> <span class='ocrx_word' id='word_1_10' title='bbox 1067 430 1309 486; x_wconf 83' lang='lat' dir='ltr'><strong>Ecclesia</strong></span> <span class='ocrx_word' id='word_1_11' title='bbox 1347 429 1576 484; x_wconf 83' lang='lat' dir='ltr'><strong>habebat</strong></span> <span class='ocrx_word' id='word_1_12' title='bbox 1613 446 1676 484; x_wconf 74' lang='lat' dir='ltr'><strong>ex</strong></span> <span class='ocrx_word' id='word_1_13' title='bbox 1713 441 1979 500; x_wconf 83' lang='lat' dir='ltr'><strong>tempore,</strong></span> <span class='ocrx_word' id='word_1_14' title='bbox 2013 443 2056 493; x_wconf 70' lang='grc' dir='ltr'><strong>Α</strong></span> <span class='ocrx_word' id='word_1_15' title='bbox 2154 433 2293 488; x_wconf 80' lang='lat' dir='ltr'><strong>XIV.</strong></span> <span class='ocrx_word' id='word_1_16' title='bbox 2329 433 2441 504; x_wconf 79' lang='grc'>(21)</span> <span class='ocrx_word' id='word_1_17' title='bbox 2469 433 2538 488; x_wconf 74' lang='lat' dir='ltr'><strong>At</strong></span> <span class='ocrx_word' id='word_1_18' title='bbox 2572 435 2809 490; x_wconf 89' lang='lat' dir='ltr'><strong>nondum</strong></span> <span class='ocrx_word' id='word_1_19' title='bbox 2839 435 3006 489; x_wconf 88' lang='lat' dir='ltr'><strong>etiam</strong></span> <span class='ocrx_word' id='word_1_20' title='bbox 3030 432 3388 490; x_wconf 78' lang='lat' dir='ltr'><strong>Adamantius</strong></span> <span class='ocrx_word' id='word_1_21' title='bbox 3421 435 3656 488; x_wconf 83' lang='lat' dir='ltr'><strong>vacatio-</strong></span> 
     </span>
    </p>
   </div>
   <div class='ocr_carea' id='block_1_5' title="bbox 414 522 1983 590">
    <p class='ocr_par' dir='ltr' id='par_1_5' title="bbox 414 522 1983 590">
     <span class='ocr_line' id='line_1_5' title="bbox 414 522 1983 590; baseline -0.003 -9"><span class='ocrx_word' id='word_1_22' title='bbox 414 545 442 580; x_wconf 86' lang='lat' dir='ltr'><strong>a</strong></span> <span class='ocrx_word' id='word_1_23' title='bbox 497 525 722 580; x_wconf 89' lang='lat' dir='ltr'><strong>notariis</strong></span> <span class='ocrx_word' id='word_1_24' title='bbox 775 524 913 578; x_wconf 90' lang='lat' dir='ltr'><strong>inter</strong></span> <span class='ocrx_word' id='word_1_25' title='bbox 967 523 1395 578; x_wconf 87' lang='lat' dir='ltr'><strong>concionandum</strong></span> <span class='ocrx_word' id='word_1_26' title='bbox 1457 522 1632 590; x_wconf 77' lang='lat' dir='ltr'><strong>excipi</strong></span> <span class='ocrx_word' id='word_1_27' title='bbox 1667 536 1869 590; x_wconf 82' lang='lat' dir='ltr'><strong>passus</strong></span> <span class='ocrx_word' id='word_1_28' title='bbox 1900 531 1983 576; x_wconf 89' lang='lat' dir='ltr'><strong>est</strong></span> 
     </span>
    </p>
   </div>
   <div class='ocr_carea' id='block_1_6' title="bbox 410 615 1978 688">
    <p class='ocr_par' dir='ltr' id='par_1_6' title="bbox 410 615 1978 688">
     <span class='ocr_line' id='line_1_6' title="bbox 410 615 1978 688; baseline -0.001 -16"><span class='ocrx_word' id='word_1_29' title='bbox 410 620 696 688; x_wconf 79' lang='lat' dir='ltr'><strong>Origenes.</strong></span> <span class='ocrx_word' id='word_1_30' title='bbox 742 617 884 685; x_wconf 90' lang='lat' dir='ltr'><strong>quod</strong></span> <span class='ocrx_word' id='word_1_31' title='bbox 935 624 1093 669; x_wconf 88' lang='lat' dir='ltr'><strong>antea</strong></span> <span class='ocrx_word' id='word_1_32' title='bbox 1147 629 1423 682; x_wconf 85' lang='lat' dir='ltr'><strong>nunquam</strong></span> <span class='ocrx_word' id='word_1_33' title='bbox 1473 615 1587 669; x_wconf 84' lang='lat' dir='ltr'><strong>ﬁeri</strong></span> <span class='ocrx_word' id='word_1_34' title='bbox 1633 616 1978 683; x_wconf 85' lang='lat' dir='ltr'><strong>permiserat.</strong></span> 
     </span>
    </p>
   </div>
   <div class='ocr_carea' id='block_1_7' title="bbox 413 707 1978 776">
    <p class='ocr_par' dir='ltr' id='par_1_7' title="bbox 413 707 1978 776">
     <span class='ocr_line' id='line_1_7' title="bbox 413 707 1978 776; baseline -0.003 -11"><span class='ocrx_word' id='word_1_35' title='bbox 413 712 550 766; x_wconf 91' lang='lat' dir='ltr'><strong>Ilinc</strong></span> <span class='ocrx_word' id='word_1_36' title='bbox 593 723 788 763; x_wconf 87' lang='lat' dir='ltr'><strong>nomen</strong></span> <span class='ocrx_word' id='word_1_37' title='bbox 823 707 941 776; x_wconf 87' lang='lat' dir='ltr'><strong>ejus</strong></span> <span class='ocrx_word' id='word_1_38' title='bbox 982 709 1154 776; x_wconf 87' lang='lat' dir='ltr'><strong>magis</strong></span> <span class='ocrx_word' id='word_1_39' title='bbox 1202 708 1478 776; x_wconf 80' lang='lat' dir='ltr'><strong>magisque</strong></span> <span class='ocrx_word' id='word_1_40' title='bbox 1517 707 1899 762; x_wconf 77' lang='lat' dir='ltr'><strong>celebrabatur</strong></span> <span class='ocrx_word' id='word_1_41' title='bbox 1927 709 1978 762; x_wconf 92' lang='lat' dir='ltr'><strong>in</strong></span> 
     </span>
    </p>
   </div>
   <div class='ocr_carea' id='block_1_8' title="bbox 413 796 1980 866">
    <p class='ocr_par' dir='ltr' id='par_1_8' title="bbox 413 796 1980 866">
     <span class='ocr_line' id='line_1_8' title="bbox 413 796 1980 866; baseline -0.001 -12"><span class='ocrx_word' id='word_1_42' title='bbox 413 802 568 866; x_wconf 89' lang='lat' dir='ltr'><strong>dies;</strong></span> <span class='ocrx_word' id='word_1_43' title='bbox 603 799 694 854; x_wconf 90' lang='lat' dir='ltr'><strong>sed</strong></span> <span class='ocrx_word' id='word_1_44' title='bbox 723 799 796 852; x_wconf 90' lang='lat' dir='ltr'><strong>ita</strong></span> <span class='ocrx_word' id='word_1_45' title='bbox 829 808 1004 853; x_wconf 91' lang='lat' dir='ltr'><strong>tamen</strong></span> <span class='ocrx_word' id='word_1_46' title='bbox 1063 810 1120 850; x_wconf 92' lang='lat' dir='ltr'><strong>ut</strong></span> <span class='ocrx_word' id='word_1_47' title='bbox 1154 812 1366 850; x_wconf 87' lang='lat' dir='ltr'><strong>summa</strong></span> <span class='ocrx_word' id='word_1_48' title='bbox 1411 796 1710 852; x_wconf 68' lang='lat' dir='ltr'><strong>adiceretur</strong></span> <span class='ocrx_word' id='word_1_49' title='bbox 1741 798 1980 852; x_wconf 86' lang='lat' dir='ltr'><strong>admira-</strong></span> 
     </span>
    </p>
   </div>
   <div class='ocr_carea' id='block_1_9' title="bbox 415 888 1981 960">
    <p class='ocr_par' dir='ltr' id='par_1_9' title="bbox 415 888 1981 960">
     <span class='ocr_line' id='line_1_9' title="bbox 415 888 1981 960; baseline -0.003 -14"><span class='ocrx_word' id='word_1_50' title='bbox 415 895 563 948; x_wconf 87' lang='lat' dir='ltr'><strong>tione</strong></span> <span class='ocrx_word' id='word_1_51' title='bbox 589 907 618 945; x_wconf 91' lang='lat' dir='ltr'><strong>a</strong></span> <span class='ocrx_word' id='word_1_52' title='bbox 650 890 935 960; x_wconf 88' lang='lat' dir='ltr'><strong>plurimis;</strong></span> <span class='ocrx_word' id='word_1_53' title='bbox 968 904 999 944; x_wconf 89' lang='lat' dir='ltr'><strong>a</strong></span> <span class='ocrx_word' id='word_1_54' title='bbox 1027 889 1324 953; x_wconf 90' lang='lat' dir='ltr'><strong>nonnullis,</strong></span> <span class='ocrx_word' id='word_1_55' title='bbox 1367 900 1425 942; x_wconf 92' lang='lat' dir='ltr'><strong>ut</strong></span> <span class='ocrx_word' id='word_1_56' title='bbox 1470 889 1605 942; x_wconf 89' lang='lat' dir='ltr'><strong>varii</strong></span> <span class='ocrx_word' id='word_1_57' title='bbox 1644 904 1764 943; x_wconf 88' lang='lat' dir='ltr'><strong>esse</strong></span> <span class='ocrx_word' id='word_1_58' title='bbox 1805 888 1981 942; x_wconf 89' lang='lat' dir='ltr'><strong>solent</strong></span> 
     </span>
    </p>
   </div>
   <div class='ocr_carea' id='block_1_10' title="bbox 406 980 1981 1049">
    <p class='ocr_par' dir='ltr' id='par_1_10' title="bbox 406 980 1981 1049">
     <span class='ocr_line' id='line_1_10' title="bbox 406 980 1981 1049; baseline -0.003 -11"><span class='ocrx_word' id='word_1_59' title='bbox 406 984 688 1038; x_wconf 72' lang='lat' dir='ltr'><strong>hominum</strong></span> <span class='ocrx_word' id='word_1_60' title='bbox 743 996 977 1042; x_wconf 86' lang='lat' dir='ltr'><strong>sensus,</strong></span> <span class='ocrx_word' id='word_1_61' title='bbox 1037 980 1412 1034; x_wconf 84' lang='lat' dir='ltr'><strong>infamaretur.</strong></span> <span class='ocrx_word' id='word_1_62' title='bbox 1467 981 1668 1034; x_wconf 86' lang='lat' dir='ltr'><strong>Ansam</strong></span> <span class='ocrx_word' id='word_1_63' title='bbox 1711 981 1981 1049; x_wconf 67' lang='lat' dir='ltr'><strong>praecipue</strong></span> 
     </span>
    </p>
   </div>
   <div class='ocr_carea' id='block_1_11' title="bbox 418 1071 1980 1142">
    <p class='ocr_par' dir='ltr' id='par_1_11' title="bbox 418 1071 1980 1142">
     <span class='ocr_line' id='line_1_11' title="bbox 418 1071 1980 1142; baseline 0 -16"><span class='ocrx_word' id='word_1_64' title='bbox 418 1076 621 1129; x_wconf 88' lang='lat' dir='ltr'><strong>dabant</strong></span> <span class='ocrx_word' id='word_1_65' title='bbox 654 1074 1168 1142; x_wconf 76' lang='lat' dir='ltr'><strong>reprehensionibus</strong></span> <span class='ocrx_word' id='word_1_66' title='bbox 1200 1073 1412 1126; x_wconf 88' lang='lat' dir='ltr'><strong>erudita</strong></span> <span class='ocrx_word' id='word_1_67' title='bbox 1437 1071 1676 1140; x_wconf 85' lang='lat' dir='ltr'><strong>quidem,</strong></span> <span class='ocrx_word' id='word_1_68' title='bbox 1711 1086 1814 1125; x_wconf 91' lang='lat' dir='ltr'><strong>non</strong></span> <span class='ocrx_word' id='word_1_69' title='bbox 1849 1073 1980 1127; x_wconf 84' lang='lat' dir='ltr'><strong>satis</strong></span> 
     </span>
    </p>
   </div>
   <div class='ocr_carea' id='block_1_12' title="bbox 411 1159 1981 1231">
    <p class='ocr_par' dir='ltr' id='par_1_12' title="bbox 411 1159 1981 1231">
     <span class='ocr_line' id='line_1_12' title="bbox 411 1159 1981 1231; baseline -0.002 -14"><span class='ocrx_word' id='word_1_70' title='bbox 411 1173 592 1218; x_wconf 86' lang='lat' dir='ltr'><strong>tamen</strong></span> <span class='ocrx_word' id='word_1_71' title='bbox 622 1163 881 1218; x_wconf 84' lang='lat' dir='ltr'><strong>meditate</strong></span> <span class='ocrx_word' id='word_1_72' title='bbox 920 1163 1120 1231; x_wconf 88' lang='lat' dir='ltr'><strong>scripta</strong></span> <span class='ocrx_word' id='word_1_73' title='bbox 1157 1177 1342 1230; x_wconf 89' lang='lat' dir='ltr'><strong>opera,</strong></span> <span class='ocrx_word' id='word_1_74' title='bbox 1388 1172 1442 1215; x_wconf 90' lang='lat' dir='ltr'><strong>ct</strong></span> <span class='ocrx_word' id='word_1_75' title='bbox 1490 1161 1543 1214; x_wconf 94' lang='lat' dir='ltr'><strong>in</strong></span> <span class='ocrx_word' id='word_1_76' title='bbox 1583 1171 1826 1215; x_wconf 85' lang='lat' dir='ltr'><strong>secretos</strong></span> <span class='ocrx_word' id='word_1_77' title='bbox 1866 1159 1981 1214; x_wconf 84' lang='lat' dir='ltr'><strong>fere</strong></span> 
     </span>
    </p>
   </div>
   <div class='ocr_carea' id='block_1_13' title="bbox 401 1253 1982 1323">
    <p class='ocr_par' dir='ltr' id='par_1_13' title="bbox 401 1253 1982 1323">
     <span class='ocr_line' id='line_1_13' title="bbox 401 1253 1982 1323; baseline -0.003 -13"><span class='ocrx_word' id='word_1_78' title='bbox 401 1255 684 1310; x_wconf 79' lang='lat' dir='ltr'><strong>elaborata</strong></span> <span class='ocrx_word' id='word_1_79' title='bbox 711 1270 861 1320; x_wconf 88' lang='lat' dir='ltr'><strong>usus,</strong></span> <span class='ocrx_word' id='word_1_80' title='bbox 887 1270 949 1308; x_wconf 89' lang='lat' dir='ltr'><strong>ac</strong></span> <span class='ocrx_word' id='word_1_81' title='bbox 990 1255 1209 1308; x_wconf 84' lang='lat' dir='ltr'><strong>incaute</strong></span> <span class='ocrx_word' id='word_1_82' title='bbox 1237 1263 1414 1308; x_wconf 89' lang='lat' dir='ltr'><strong>tamen</strong></span> <span class='ocrx_word' id='word_1_83' title='bbox 1447 1254 1719 1323; x_wconf 85' lang='lat' dir='ltr'><strong>evulgata.</strong></span> <span class='ocrx_word' id='word_1_84' title='bbox 1769 1253 1982 1322; x_wconf 79' lang='lat' dir='ltr'><strong>Oppor—</strong></span> 
     </span>
    </p>
   </div>
   <div class='ocr_carea' id='block_1_14' title="bbox 410 1343 1979 1411">
    <p class='ocr_par' dir='ltr' id='par_1_14' title="bbox 410 1343 1979 1411">
     <span class='ocr_line' id='line_1_14' title="bbox 410 1343 1979 1411; baseline -0.001 -13"><span class='ocrx_word' id='word_1_85' title='bbox 410 1355 541 1398; x_wconf 88' lang='lat' dir='ltr'><strong>tuna</strong></span> <span class='ocrx_word' id='word_1_86' title='bbox 590 1344 705 1399; x_wconf 79' lang='lat' dir='ltr'><strong>haec</strong></span> <span class='ocrx_word' id='word_1_87' title='bbox 751 1355 910 1398; x_wconf 89' lang='lat' dir='ltr'><strong>erant</strong></span> <span class='ocrx_word' id='word_1_88' title='bbox 955 1343 1198 1398; x_wconf 84' lang='lat' dir='ltr'><strong>sinistris</strong></span> <span class='ocrx_word' id='word_1_89' title='bbox 1227 1344 1606 1398; x_wconf 64' lang='lat' dir='ltr'><strong>haereticorum</strong></span> <span class='ocrx_word' id='word_1_90' title='bbox 1651 1344 1979 1411; x_wconf 88' lang='lat' dir='ltr'><strong>interpreta-</strong></span> 
     </span>
    </p>
   </div>
   <div class='ocr_carea' id='block_1_15' title="bbox 411 1431 1981 1502">
    <p class='ocr_par' dir='ltr' id='par_1_15' title="bbox 411 1431 1981 1502">
     <span class='ocr_line' id='line_1_15' title="bbox 411 1431 1981 1502; baseline -0.001 -17"><span class='ocrx_word' id='word_1_91' title='bbox 411 1433 679 1496; x_wconf 86' lang='lat' dir='ltr'><strong>tionibus,</strong></span> <span class='ocrx_word' id='word_1_92' title='bbox 726 1441 780 1485; x_wconf 85' lang='lat' dir='ltr'><strong>et</strong></span> <span class='ocrx_word' id='word_1_93' title='bbox 813 1447 955 1502; x_wconf 75' lang='lat' dir='ltr'><strong>saepe</strong></span> <span class='ocrx_word' id='word_1_94' title='bbox 994 1431 1080 1486; x_wconf 86' lang='lat' dir='ltr'><strong>vel</strong></span> <span class='ocrx_word' id='word_1_95' title='bbox 1119 1433 1184 1486; x_wconf 87' lang='lat' dir='ltr'><strong>ad</strong></span> <span class='ocrx_word' id='word_1_96' title='bbox 1218 1431 1560 1487; x_wconf 83' lang='lat' dir='ltr'><strong>conﬂandam</strong></span> <span class='ocrx_word' id='word_1_97' title='bbox 1590 1431 1808 1501; x_wconf 90' lang='lat' dir='ltr'><strong>Origeni</strong></span> <span class='ocrx_word' id='word_1_98' title='bbox 1839 1431 1981 1484; x_wconf 87' lang='lat' dir='ltr'><strong>invi-</strong></span> 
     </span>
    </p>
   </div>
   <div class='ocr_carea' id='block_1_16' title="bbox 410 1522 1979 1594">
    <p class='ocr_par' dir='ltr' id='par_1_16' title="bbox 410 1522 1979 1594">
     <span class='ocr_line' id='line_1_16' title="bbox 410 1522 1979 1594; baseline -0.002 -16"><span class='ocrx_word' id='word_1_99' title='bbox 410 1526 578 1589; x_wconf 89' lang='lat' dir='ltr'><strong>diam,</strong></span> <span class='ocrx_word' id='word_1_100' title='bbox 613 1539 852 1594; x_wconf 89' lang='lat' dir='ltr'><strong>eumque</strong></span> <span class='ocrx_word' id='word_1_101' title='bbox 884 1525 1033 1580; x_wconf 80' lang='lat' dir='ltr'><strong>falsis</strong></span> <span class='ocrx_word' id='word_1_102' title='bbox 1057 1523 1388 1578; x_wconf 88' lang='lat' dir='ltr'><strong>criminibus</strong></span> <span class='ocrx_word' id='word_1_103' title='bbox 1413 1522 1979 1587; x_wconf 86' lang='lat' dir='ltr'><strong>circumveniendum,</strong></span> 
     </span>
    </p>
   </div>
   <div class='ocr_carea' id='block_1_17' title="bbox 409 1612 1977 1686">
    <p class='ocr_par' dir='ltr' id='par_1_17' title="bbox 409 1612 1977 1686">
     <span class='ocr_line' id='line_1_17' title="bbox 409 1612 1977 1686; baseline -0.002 -17"><span class='ocrx_word' id='word_1_104' title='bbox 409 1617 494 1670; x_wconf 83' lang='lat' dir='ltr'><strong>vel</strong></span> <span class='ocrx_word' id='word_1_105' title='bbox 529 1617 595 1671; x_wconf 91' lang='lat' dir='ltr'><strong>ad</strong></span> <span class='ocrx_word' id='word_1_106' title='bbox 627 1618 978 1686; x_wconf 68' lang='lat' dir='ltr'><strong>quaerendum</strong></span> <span class='ocrx_word' id='word_1_107' title='bbox 1011 1614 1239 1669; x_wconf 86' lang='lat' dir='ltr'><strong>nefariis</strong></span> <span class='ocrx_word' id='word_1_108' title='bbox 1268 1614 1613 1682; x_wconf 71' lang='lat' dir='ltr'><strong>dogmatibus</strong></span> <span class='ocrx_word' id='word_1_109' title='bbox 1637 1612 1977 1680; x_wconf 86' lang='lat' dir='ltr'><strong>splendidum</strong></span> 
     </span>
    </p>
   </div>
   <div class='ocr_carea' id='block_1_18' title="bbox 410 1706 1978 1780">
    <p class='ocr_par' dir='ltr' id='par_1_18' title="bbox 410 1706 1978 1780">
     <span class='ocr_line' id='line_1_18' title="bbox 410 1706 1978 1780; baseline -0.003 -17"><span class='ocrx_word' id='word_1_110' title='bbox 410 1709 772 1780; x_wconf 89' lang='lat' dir='ltr'><strong>patrocinium</strong></span> <span class='ocrx_word' id='word_1_111' title='bbox 803 1707 1274 1764; x_wconf 89' lang='lat' dir='ltr'><strong>adulterabantur.</strong></span> <span class='ocrx_word' id='word_1_112' title='bbox 1315 1706 1410 1760; x_wconf 89' lang='lat' dir='ltr'><strong>Cui</strong></span> <span class='ocrx_word' id='word_1_113' title='bbox 1448 1707 1589 1760; x_wconf 88' lang='lat' dir='ltr'><strong>malo</strong></span> <span class='ocrx_word' id='word_1_114' title='bbox 1616 1714 1676 1760; x_wconf 93' lang='lat' dir='ltr'><strong>ut</strong></span> <span class='ocrx_word' id='word_1_115' title='bbox 1719 1718 1978 1760; x_wconf 86' lang='lat' dir='ltr'><strong>occurre-</strong></span> 
     </span>
    </p>
   </div>
   <div class='ocr_carea' id='block_1_19' title="bbox 2087 525 3655 595">
    <p class='ocr_par' dir='ltr' id='par_1_19' title="bbox 2087 525 3655 595">
     <span class='ocr_line' id='line_1_19' title="bbox 2087 525 3655 595; baseline 0 -17"><span class='ocrx_word' id='word_1_116' title='bbox 2087 540 2208 578; x_wconf 91' lang='lat' dir='ltr'><strong>nem</strong></span> <span class='ocrx_word' id='word_1_117' title='bbox 2241 541 2269 578; x_wconf 90' lang='lat' dir='ltr'><strong>a</strong></span> <span class='ocrx_word' id='word_1_118' title='bbox 2301 526 2581 581; x_wconf 88' lang='lat' dir='ltr'><strong>laboribus</strong></span> <span class='ocrx_word' id='word_1_119' title='bbox 2622 525 2828 580; x_wconf 90' lang='lat' dir='ltr'><strong>habuit.</strong></span> <span class='ocrx_word' id='word_1_120' title='bbox 2868 525 3067 581; x_wconf 83' lang='lat' dir='ltr'><strong>Exorta</strong></span> <span class='ocrx_word' id='word_1_121' title='bbox 3105 525 3305 595; x_wconf 90' lang='lat' dir='ltr'><strong>quippe</strong></span> <span class='ocrx_word' id='word_1_122' title='bbox 3336 539 3474 578; x_wconf 90' lang='lat' dir='ltr'><strong>nova</strong></span> <span class='ocrx_word' id='word_1_123' title='bbox 3519 527 3655 592; x_wconf 83' lang='lat' dir='ltr'><strong>apud</strong></span> 
     </span>
    </p>
   </div>
   <div class='ocr_carea' id='block_1_20' title="bbox 2081 615 3650 683">
    <p class='ocr_par' dir='ltr' id='par_1_20' title="bbox 2081 615 3650 683">
     <span class='ocr_line' id='line_1_20' title="bbox 2081 615 3650 683; baseline -0.003 -13"><span class='ocrx_word' id='word_1_124' title='bbox 2081 615 2289 670; x_wconf 86' lang='lat' dir='ltr'><strong>Arabes</strong></span> <span class='ocrx_word' id='word_1_125' title='bbox 2317 617 2506 670; x_wconf 71' lang='lat' dir='ltr'><strong>haeresi</strong></span> <span class='ocrx_word' id='word_1_126' title='bbox 2529 656 2545 680; x_wconf 92' lang='lat'><strong>,</strong></span> <span class='ocrx_word' id='word_1_127' title='bbox 2579 632 2697 683; x_wconf 64' lang='lat' dir='ltr'><strong>quae</strong></span> <span class='ocrx_word' id='word_1_128' title='bbox 2739 617 2974 670; x_wconf 89' lang='lat' dir='ltr'><strong>animam</strong></span> <span class='ocrx_word' id='word_1_129' title='bbox 3002 617 3186 670; x_wconf 84' lang='lat' dir='ltr'><strong>statim</strong></span> <span class='ocrx_word' id='word_1_130' title='bbox 3237 631 3266 669; x_wconf 83' lang='lat' dir='ltr'><strong>a</strong></span> <span class='ocrx_word' id='word_1_131' title='bbox 3320 627 3495 670; x_wconf 90' lang='lat' dir='ltr'><strong>morte</strong></span> <span class='ocrx_word' id='word_1_132' title='bbox 3531 631 3650 668; x_wconf 90' lang='lat' dir='ltr'><strong>cum</strong></span> 
     </span>
    </p>
   </div>
   <div class='ocr_carea' id='block_1_21' title="bbox 2083 703 3654 774">
    <p class='ocr_par' dir='ltr' id='par_1_21' title="bbox 2083 703 3654 774">
     <span class='ocr_line' id='line_1_21' title="bbox 2083 703 3654 774; baseline 0.001 -17"><span class='ocrx_word' id='word_1_133' title='bbox 2083 703 2408 772; x_wconf 90' lang='lat' dir='ltr'><strong>corporibus</strong></span> <span class='ocrx_word' id='word_1_134' title='bbox 2437 704 2711 773; x_wconf 78' lang='lat' dir='ltr'><strong>exstingui</strong></span> <span class='ocrx_word' id='word_1_135' title='bbox 2735 744 2753 768; x_wconf 88' lang='lat'><strong>,</strong></span> <span class='ocrx_word' id='word_1_136' title='bbox 2781 714 2945 773; x_wconf 90' lang='lat' dir='ltr'><strong>atque</strong></span> <span class='ocrx_word' id='word_1_137' title='bbox 2975 706 3160 760; x_wconf 87' lang='lat' dir='ltr'><strong>itidem</strong></span> <span class='ocrx_word' id='word_1_138' title='bbox 3197 720 3318 760; x_wconf 90' lang='lat' dir='ltr'><strong>cum</strong></span> <span class='ocrx_word' id='word_1_139' title='bbox 3341 704 3654 774; x_wconf 81' lang='lat' dir='ltr'><strong>corporibus</strong></span> 
     </span>
    </p>
   </div>
   <div class='ocr_carea' id='block_1_22' title="bbox 2085 794 3648 862">
    <p class='ocr_par' dir='ltr' id='par_1_22' title="bbox 2085 794 3648 862">
     <span class='ocr_line' id='line_1_22' title="bbox 2085 794 3648 862; baseline 0.001 -15"><span class='ocrx_word' id='word_1_140' title='bbox 2085 794 2136 847; x_wconf 92' lang='lat' dir='ltr'><strong>in</strong></span> <span class='ocrx_word' id='word_1_141' title='bbox 2182 805 2424 848; x_wconf 78' lang='lat' dir='ltr'><strong>extrema</strong></span> <span class='ocrx_word' id='word_1_142' title='bbox 2460 796 2547 850; x_wconf 92' lang='lat' dir='ltr'><strong>die</strong></span> <span class='ocrx_word' id='word_1_143' title='bbox 2595 798 2888 850; x_wconf 81' lang='lat' dir='ltr'><strong>excitatum</strong></span> <span class='ocrx_word' id='word_1_144' title='bbox 2934 797 2998 850; x_wconf 90' lang='lat' dir='ltr'><strong>iri</strong></span> <span class='ocrx_word' id='word_1_145' title='bbox 3046 797 3351 862; x_wconf 86' lang='lat' dir='ltr'><strong>sciscebat,</strong></span> <span class='ocrx_word' id='word_1_146' title='bbox 3403 804 3648 851; x_wconf 89' lang='lat' dir='ltr'><strong>coactum</strong></span> 
     </span>
    </p>
   </div>
   <div class='ocr_carea' id='block_1_23' title="bbox 2082 887 3650 958">
    <p class='ocr_par' dir='ltr' id='par_1_23' title="bbox 2082 887 3650 958">
     <span class='ocr_line' id='line_1_23' title="bbox 2082 887 3650 958; baseline 0.001 -18"><span class='ocrx_word' id='word_1_147' title='bbox 2082 887 2265 940; x_wconf 86' lang='lat' dir='ltr'><strong>statim</strong></span> <span class='ocrx_word' id='word_1_148' title='bbox 2301 898 2383 942; x_wconf 87' lang='lat' dir='ltr'><strong>est</strong></span> <span class='ocrx_word' id='word_1_149' title='bbox 2432 887 2686 958; x_wconf 87' lang='lat' dir='ltr'><strong>lrequens</strong></span> <span class='ocrx_word' id='word_1_150' title='bbox 2737 889 3053 954; x_wconf 82' lang='lat' dir='ltr'><strong>concilium,</strong></span> <span class='ocrx_word' id='word_1_151' title='bbox 3113 890 3181 943; x_wconf 87' lang='lat' dir='ltr'><strong>ad</strong></span> <span class='ocrx_word' id='word_1_152' title='bbox 3228 889 3388 958; x_wconf 88' lang='lat' dir='ltr'><strong>idque</strong></span> <span class='ocrx_word' id='word_1_153' title='bbox 3451 888 3650 942; x_wconf 90' lang='lat' dir='ltr'><strong>accitus</strong></span> 
     </span>
    </p>
   </div>
   <div class='ocr_carea' id='block_1_24' title="bbox 2081 979 3648 1048">
    <p class='ocr_par' dir='ltr' id='par_1_24' title="bbox 2081 979 3648 1048">
     <span class='ocr_line' id='line_1_24' title="bbox 2081 979 3648 1048; baseline -0.003 -13"><span class='ocrx_word' id='word_1_154' title='bbox 2081 979 2346 1048; x_wconf 80' lang='lat' dir='ltr'><strong>Origenes</strong></span> <span class='ocrx_word' id='word_1_155' title='bbox 2411 981 2697 1036; x_wconf 67' lang='lat' dir='ltr'><strong>haereticos</strong></span> <span class='ocrx_word' id='word_1_156' title='bbox 2756 981 3028 1036; x_wconf 85' lang='lat' dir='ltr'><strong>rationum</strong></span> <span class='ocrx_word' id='word_1_157' title='bbox 3095 995 3314 1035; x_wconf 89' lang='lat' dir='ltr'><strong>suarum</strong></span> <span class='ocrx_word' id='word_1_158' title='bbox 3369 979 3648 1034; x_wconf 86' lang='lat' dir='ltr'><strong>momentis</strong></span> 
     </span>
    </p>
   </div>
   <div class='ocr_carea' id='block_1_25' title="bbox 2082 1074 3636 1144">
    <p class='ocr_par' dir='ltr' id='par_1_25' title="bbox 2082 1074 3636 1144">
     <span class='ocr_line' id='line_1_25' title="bbox 2082 1074 3636 1144; baseline 0 -18"><span class='ocrx_word' id='word_1_159' title='bbox 2082 1074 2356 1128; x_wconf 89' lang='lat' dir='ltr'><strong>convictos</strong></span> <span class='ocrx_word' id='word_1_160' title='bbox 2395 1083 2450 1128; x_wconf 89' lang='lat' dir='ltr'><strong>et</strong></span> <span class='ocrx_word' id='word_1_161' title='bbox 2488 1089 2778 1144; x_wconf 87' lang='lat' dir='ltr'><strong>oppressos</strong></span> <span class='ocrx_word' id='word_1_162' title='bbox 2817 1075 2882 1128; x_wconf 88' lang='lat' dir='ltr'><strong>ad</strong></span> <span class='ocrx_word' id='word_1_163' title='bbox 2929 1074 3206 1129; x_wconf 87' lang='lat' dir='ltr'><strong>meliorem</strong></span> <span class='ocrx_word' id='word_1_164' title='bbox 3255 1083 3488 1128; x_wconf 89' lang='lat' dir='ltr'><strong>mentem</strong></span> <span class='ocrx_word' id='word_1_165' title='bbox 3535 1084 3636 1127; x_wconf 82' lang='lat' dir='ltr'><strong>tra-</strong></span> 
     </span>
    </p>
   </div>
   <div class='ocr_carea' id='block_1_26' title="bbox 2081 1163 3651 1234">
    <p class='ocr_par' dir='ltr' id='par_1_26' title="bbox 2081 1163 3651 1234">
     <span class='ocr_line' id='line_1_26' title="bbox 2081 1163 3651 1234; baseline -0.001 -15"><span class='ocrx_word' id='word_1_166' title='bbox 2081 1164 2255 1219; x_wconf 84' lang='lat' dir='ltr'><strong>duxit.</strong></span> <span class='ocrx_word' id='word_1_167' title='bbox 2292 1163 2416 1218; x_wconf 86' lang='lat' dir='ltr'><strong>Pari</strong></span> <span class='ocrx_word' id='word_1_168' title='bbox 2451 1179 2666 1234; x_wconf 85' lang='lat' dir='ltr'><strong>quoque</strong></span> <span class='ocrx_word' id='word_1_169' title='bbox 2699 1165 2962 1220; x_wconf 89' lang='lat' dir='ltr'><strong>felicitate</strong></span> <span class='ocrx_word' id='word_1_170' title='bbox 2990 1163 3414 1220; x_wconf 87' lang='lat' dir='ltr'><strong>Helcesaitarum</strong></span> <span class='ocrx_word' id='word_1_171' title='bbox 3455 1163 3651 1220; x_wconf 88' lang='lat' dir='ltr'><strong>doctri-</strong></span> 
     </span>
    </p>
   </div>
   <div class='ocr_carea' id='block_1_27' title="bbox 2082 1254 3648 1327">
    <p class='ocr_par' dir='ltr' id='par_1_27' title="bbox 2082 1254 3648 1327">
     <span class='ocr_line' id='line_1_27' title="bbox 2082 1254 3648 1327; baseline 0.002 -20"><span class='ocrx_word' id='word_1_172' title='bbox 2082 1269 2229 1320; x_wconf 90' lang='lat' dir='ltr'><strong>nam,</strong></span> <span class='ocrx_word' id='word_1_173' title='bbox 2256 1270 2283 1308; x_wconf 88' lang='lat' dir='ltr'><strong>a</strong></span> <span class='ocrx_word' id='word_1_174' title='bbox 2316 1254 2479 1324; x_wconf 87' lang='lat' dir='ltr'><strong>Papia</strong></span> <span class='ocrx_word' id='word_1_175' title='bbox 2517 1257 2734 1310; x_wconf 72' lang='lat' dir='ltr'><strong>Achaia:</strong></span> <span class='ocrx_word' id='word_1_176' title='bbox 2763 1259 3088 1327; x_wconf 71' lang='lat' dir='ltr'><strong>presbytero</strong></span> <span class='ocrx_word' id='word_1_177' title='bbox 3115 1255 3241 1311; x_wconf 92' lang='lat' dir='ltr'><strong>olim</strong></span> <span class='ocrx_word' id='word_1_178' title='bbox 3270 1271 3395 1311; x_wconf 91' lang='lat' dir='ltr'><strong>cum</strong></span> <span class='ocrx_word' id='word_1_179' title='bbox 3422 1257 3648 1325; x_wconf 90' lang='lat' dir='ltr'><strong>primum</strong></span> 
     </span>
    </p>
   </div>
   <div class='ocr_carea' id='block_1_28' title="bbox 2079 1347 3649 1416">
    <p class='ocr_par' dir='ltr' id='par_1_28' title="bbox 2079 1347 3649 1416">
     <span class='ocr_line' id='line_1_28' title="bbox 2079 1347 3649 1416; baseline 0.001 -16"><span class='ocrx_word' id='word_1_180' title='bbox 2079 1347 2316 1401; x_wconf 89' lang='lat' dir='ltr'><strong>oriretur</strong></span> <span class='ocrx_word' id='word_1_181' title='bbox 2371 1359 2775 1416; x_wconf 67' lang='lat' dir='ltr'><strong>expugnatam,</strong></span> <span class='ocrx_word' id='word_1_182' title='bbox 2835 1358 2963 1403; x_wconf 91' lang='lat' dir='ltr'><strong>tunc</strong></span> <span class='ocrx_word' id='word_1_183' title='bbox 3022 1357 3390 1402; x_wconf 80' lang='lat' dir='ltr'><strong>renascentem</strong></span> <span class='ocrx_word' id='word_1_184' title='bbox 3446 1349 3649 1414; x_wconf 90' lang='lat' dir='ltr'><strong>denuo,</strong></span> 
     </span>
    </p>
   </div>
   <div class='ocr_carea' id='block_1_29' title="bbox 2082 1437 3648 1506">
    <p class='ocr_par' dir='ltr' id='par_1_29' title="bbox 2082 1437 3648 1506">
     <span class='ocr_line' id='line_1_29' title="bbox 2082 1437 3648 1506; baseline 0.001 -17"><span class='ocrx_word' id='word_1_185' title='bbox 2082 1451 2186 1490; x_wconf 93' lang='lat' dir='ltr'><strong>non</strong></span> <span class='ocrx_word' id='word_1_186' title='bbox 2214 1437 2690 1505; x_wconf 89' lang='lat' dir='ltr'><strong>congressionibus</strong></span> <span class='ocrx_word' id='word_1_187' title='bbox 2719 1446 2774 1490; x_wconf 91' lang='lat' dir='ltr'><strong>et</strong></span> <span class='ocrx_word' id='word_1_188' title='bbox 2803 1437 3112 1506; x_wconf 86' lang='lat' dir='ltr'><strong>colloquiis,</strong></span> <span class='ocrx_word' id='word_1_189' title='bbox 3135 1437 3228 1491; x_wconf 88' lang='lat' dir='ltr'><strong>sed</strong></span> <span class='ocrx_word' id='word_1_190' title='bbox 3265 1437 3479 1505; x_wconf 85' lang='lat' dir='ltr'><strong>scriptis</strong></span> <span class='ocrx_word' id='word_1_191' title='bbox 3516 1451 3648 1491; x_wconf 90' lang='lat' dir='ltr'><strong>con-</strong></span> 
     </span>
    </p>
   </div>
   <div class='ocr_carea' id='block_1_30' title="bbox 2083 1527 3646 1599">
    <p class='ocr_par' dir='ltr' id='par_1_30' title="bbox 2083 1527 3646 1599">
     <span class='ocr_line' id='line_1_30' title="bbox 2083 1527 3646 1599; baseline -0.001 -15"><span class='ocrx_word' id='word_1_192' title='bbox 2083 1530 2243 1584; x_wconf 83' lang='lat' dir='ltr'><strong>tudit.</strong></span> <span class='ocrx_word' id='word_1_193' title='bbox 2307 1531 2512 1584; x_wconf 86' lang='lat' dir='ltr'><strong>Auctor</strong></span> <span class='ocrx_word' id='word_1_194' title='bbox 2565 1529 2938 1583; x_wconf 86' lang='lat' dir='ltr'><strong>Theodoretus</strong></span> <span class='ocrx_word' id='word_1_195' title='bbox 2971 1528 3109 1599; x_wconf 86' lang='grc'><strong>(22),</strong></span> <span class='ocrx_word' id='word_1_196' title='bbox 3153 1529 3244 1598; x_wconf 91' lang='lat' dir='ltr'><strong>qui</strong></span> <span class='ocrx_word' id='word_1_197' title='bbox 3279 1529 3395 1583; x_wconf 69' lang='lat' dir='ltr'><strong>haec</strong></span> <span class='ocrx_word' id='word_1_198' title='bbox 3441 1527 3646 1582; x_wconf 87' lang='lat' dir='ltr'><strong>habet:</strong></span> 
     </span>
    </p>
   </div>
   <div class='ocr_carea' id='block_1_31' title="bbox 2078 1618 3650 1692">
    <p class='ocr_par' dir='ltr' id='par_1_31' title="bbox 2078 1618 3650 1692">
     <span class='ocr_line' id='line_1_31' title="bbox 2078 1618 3650 1692; baseline -0.001 -19"><span class='ocrx_word' id='word_1_199' title='bbox 2078 1618 2235 1673; x_wconf 82' lang='grc' dir='ltr'><strong>Κατὰ</strong></span> <span class='ocrx_word' id='word_1_200' title='bbox 2283 1621 2484 1690; x_wconf 81' lang='grc' dir='ltr'><strong>ταύτης</strong></span> <span class='ocrx_word' id='word_1_201' title='bbox 2532 1621 2631 1691; x_wconf 71' lang='grc' dir='ltr'><strong>τῆς</strong></span> <span class='ocrx_word' id='word_1_202' title='bbox 2673 1620 2937 1692; x_wconf 77' lang='grc' dir='ltr'><strong>αἱρέσεως</strong></span> <span class='ocrx_word' id='word_1_203' title='bbox 2993 1621 3277 1691; x_wconf 84' lang='grc' dir='ltr'><strong>Ὠριγένης</strong></span> <span class='ocrx_word' id='word_1_204' title='bbox 3317 1619 3650 1691; x_wconf 74' lang='grc' dir='ltr'><strong>συνέγραψεν</strong></span> 
     </span>
    </p>
   </div>
   <div class='ocr_carea' id='block_1_32' title="bbox 2077 1711 3655 1784">
    <p class='ocr_par' dir='ltr' id='par_1_32' title="bbox 2077 1711 3655 1784">
     <span class='ocr_line' id='line_1_32' title="bbox 2077 1711 3655 1784; baseline 0.001 -20"><span class='ocrx_word' id='word_1_205' title='bbox 2077 1711 2290 1781; x_wconf 82' lang='grc' dir='ltr'><strong>ἀληθῶς</strong></span> <span class='ocrx_word' id='word_1_206' title='bbox 2333 1729 2344 1740; x_wconf 94' lang='grc'>·</span> <span class='ocrx_word' id='word_1_207' title='bbox 2388 1712 2746 1781; x_wconf 85' lang='grc' dir='ltr'><strong>συνεκρότησε</strong></span> <span class='ocrx_word' id='word_1_208' title='bbox 2805 1711 2862 1764; x_wconf 85' lang='grc' dir='ltr'><strong>δὲ</strong></span> <span class='ocrx_word' id='word_1_209' title='bbox 2919 1712 3088 1784; x_wconf 81' lang='grc' dir='ltr'>αὐτὴν</span> <span class='ocrx_word' id='word_1_210' title='bbox 3165 1711 3534 1783; x_wconf 72' lang='grc' dir='ltr'>Ἁλκιϐιάδης,</span> <span class='ocrx_word' id='word_1_211' title='bbox 3589 1712 3655 1778; x_wconf 73' lang='grc' dir='ltr'>ἐξ</span> 
     </span>
    </p>
   </div>
   <div class='ocr_carea' id='block_1_33' title="bbox 410 1791 1968 1876">
    <p class='ocr_par' dir='ltr' id='par_1_33' title="bbox 410 1794 1968 1869">
     <span class='ocr_line' id='line_1_33' title="bbox 410 1794 1968 1869; baseline -0.004 -14"><span class='ocrx_word' id='word_1_212' title='bbox 410 1812 515 1865; x_wconf 89' lang='lat' dir='ltr'><strong>ret,</strong></span> <span class='ocrx_word' id='word_1_213' title='bbox 570 1814 738 1869; x_wconf 86' lang='lat' dir='ltr'><strong>seque</strong></span> <span class='ocrx_word' id='word_1_214' title='bbox 793 1801 894 1854; x_wconf 88' lang='lat' dir='ltr'><strong>hac</strong></span> <span class='ocrx_word' id='word_1_215' title='bbox 953 1800 1263 1869; x_wconf 90' lang='lat' dir='ltr'><strong>suspicione</strong></span> <span class='ocrx_word' id='word_1_216' title='bbox 1309 1797 1603 1863; x_wconf 82' lang='lat' dir='ltr'><strong>evolveret,</strong></span> <span class='ocrx_word' id='word_1_217' title='bbox 1666 1794 1968 1850; x_wconf 82' lang='lat' dir='ltr'><strong>consultum</strong></span> 
     </span>
    </p>
   </div>
   <div class='ocr_carea' id='block_1_34' title="bbox 2071 1791 3648 1876">
    <p class='ocr_par' dir='ltr' id='par_1_34' title="bbox 2092 1803 3648 1876">
     <span class='ocr_line' id='line_1_34' title="bbox 2092 1803 3648 1876; baseline 0.002 -19"><span class='ocrx_word' id='word_1_218' title='bbox 2092 1804 2392 1873; x_wconf 73' lang='grc' dir='ltr'><strong>Ἀπαμείας</strong></span> <span class='ocrx_word' id='word_1_219' title='bbox 2439 1806 2537 1874; x_wconf 79' lang='grc' dir='ltr'><strong>τῆς</strong></span> <span class='ocrx_word' id='word_1_220' title='bbox 2575 1804 2773 1876; x_wconf 83' lang='grc' dir='ltr'><strong>Συρίας</strong></span> <span class='ocrx_word' id='word_1_221' title='bbox 2817 1803 3154 1876; x_wconf 80' lang='grc' dir='ltr'><strong>ὁρμώμενος.</strong></span> <span class='ocrx_word' id='word_1_222' title='bbox 3191 1804 3495 1874; x_wconf 80' lang='lat' dir='ltr'><strong>Legendum</strong></span> <span class='ocrx_word' id='word_1_223' title='bbox 3531 1803 3648 1860; x_wconf 81' lang='lat' dir='ltr'><strong>for—</strong></span> 
     </span>
    </p>
   </div>
   <div class='ocr_carea' id='block_1_35' title="bbox 407 1887 1979 1958">
    <p class='ocr_par' dir='ltr' id='par_1_35' title="bbox 407 1887 1979 1958">
     <span class='ocr_line' id='line_1_35' title="bbox 407 1887 1979 1958; baseline -0.004 -12"><span class='ocrx_word' id='word_1_224' title='bbox 407 1894 530 1948; x_wconf 88' lang='lat' dir='ltr'><strong>fore</strong></span> <span class='ocrx_word' id='word_1_225' title='bbox 565 1902 713 1947; x_wconf 88' lang='lat' dir='ltr'><strong>ratus</strong></span> <span class='ocrx_word' id='word_1_226' title='bbox 743 1900 827 1946; x_wconf 92' lang='lat' dir='ltr'><strong>est</strong></span> <span class='ocrx_word' id='word_1_227' title='bbox 855 1906 1006 1946; x_wconf 90' lang='lat' dir='ltr'><strong>suam</strong></span> <span class='ocrx_word' id='word_1_228' title='bbox 1035 1891 1100 1945; x_wconf 92' lang='lat' dir='ltr'><strong>de</strong></span> <span class='ocrx_word' id='word_1_229' title='bbox 1139 1889 1271 1954; x_wconf 89' lang='lat' dir='ltr'><strong>Deo,</strong></span> <span class='ocrx_word' id='word_1_230' title='bbox 1306 1889 1579 1958; x_wconf 88' lang='lat' dir='ltr'><strong>rebusque</strong></span> <span class='ocrx_word' id='word_1_231' title='bbox 1619 1887 1818 1942; x_wconf 85' lang='lat' dir='ltr'><strong>divinis</strong></span> <span class='ocrx_word' id='word_1_232' title='bbox 1855 1901 1979 1942; x_wconf 87' lang='lat' dir='ltr'><strong>sen-</strong></span> 
     </span>
    </p>
   </div>
   <div class='ocr_carea' id='block_1_36' title="bbox 409 1980 1977 2052">
    <p class='ocr_par' dir='ltr' id='par_1_36' title="bbox 409 1980 1977 2052">
     <span class='ocr_line' id='line_1_36' title="bbox 409 1980 1977 2052; baseline -0.004 -15"><span class='ocrx_word' id='word_1_233' title='bbox 409 1984 634 2038; x_wconf 89' lang='lat' dir='ltr'><strong>tentiam</strong></span> <span class='ocrx_word' id='word_1_234' title='bbox 673 1983 853 2038; x_wconf 87' lang='lat' dir='ltr'><strong>missis</strong></span> <span class='ocrx_word' id='word_1_235' title='bbox 896 1983 961 2037; x_wconf 89' lang='lat' dir='ltr'><strong>ad</strong></span> <span class='ocrx_word' id='word_1_236' title='bbox 1002 1981 1304 2036; x_wconf 85' lang='lat' dir='ltr'><strong>Fabianum</strong></span> <span class='ocrx_word' id='word_1_237' title='bbox 1361 1996 1555 2052; x_wconf 83' lang='lat' dir='ltr'><strong>papam</strong></span> <span class='ocrx_word' id='word_1_238' title='bbox 1603 1980 1844 2048; x_wconf 87' lang='lat' dir='ltr'><strong>aliosque</strong></span> <span class='ocrx_word' id='word_1_239' title='bbox 1883 1995 1977 2032; x_wconf 89' lang='lat' dir='ltr'><strong>an-</strong></span> 
     </span>
    </p>
   </div>
   <div class='ocr_carea' id='block_1_37' title="bbox 406 2072 1976 2145">
    <p class='ocr_par' dir='ltr' id='par_1_37' title="bbox 406 2072 1976 2145">
     <span class='ocr_line' id='line_1_37' title="bbox 406 2072 1976 2145; baseline -0.004 -15"><span class='ocrx_word' id='word_1_240' title='bbox 406 2077 601 2131; x_wconf 90' lang='lat' dir='ltr'><strong>tistites</strong></span> <span class='ocrx_word' id='word_1_241' title='bbox 627 2075 871 2145; x_wconf 90' lang='lat' dir='ltr'><strong>epistolis</strong></span> <span class='ocrx_word' id='word_1_242' title='bbox 900 2074 1181 2144; x_wconf 86' lang='lat' dir='ltr'><strong>proﬁteri,</strong></span> <span class='ocrx_word' id='word_1_243' title='bbox 1219 2083 1274 2127; x_wconf 92' lang='lat' dir='ltr'><strong>et</strong></span> <span class='ocrx_word' id='word_1_244' title='bbox 1307 2074 1350 2128; x_wconf 92' lang='lat' dir='ltr'><strong>si</strong></span> <span class='ocrx_word' id='word_1_245' title='bbox 1380 2074 1509 2142; x_wconf 92' lang='lat' dir='ltr'><strong>quid</strong></span> <span class='ocrx_word' id='word_1_246' title='bbox 1538 2072 1826 2126; x_wconf 91' lang='lat' dir='ltr'><strong>scribendo</strong></span> <span class='ocrx_word' id='word_1_247' title='bbox 1848 2084 1976 2140; x_wconf 85' lang='lat' dir='ltr'><strong>pec-</strong></span> 
     </span>
    </p>
   </div>
   <div class='ocr_carea' id='block_1_38' title="bbox 401 2163 1977 2237">
    <p class='ocr_par' dir='ltr' id='par_1_38' title="bbox 401 2163 1977 2237">
     <span class='ocr_line' id='line_1_38' title="bbox 401 2163 1977 2237; baseline -0.003 -17"><span class='ocrx_word' id='word_1_248' title='bbox 401 2177 664 2231; x_wconf 81' lang='lat' dir='ltr'><strong>caverat,</strong></span> <span class='ocrx_word' id='word_1_249' title='bbox 724 2178 942 2221; x_wconf 86' lang='lat' dir='ltr'><strong>matura</strong></span> <span class='ocrx_word' id='word_1_250' title='bbox 995 2166 1319 2237; x_wconf 72' lang='lat' dir='ltr'><strong>paenitentia</strong></span> <span class='ocrx_word' id='word_1_251' title='bbox 1383 2163 1698 2219; x_wconf 91' lang='lat' dir='ltr'><strong>emendare.</strong></span> <span class='ocrx_word' id='word_1_252' title='bbox 1769 2163 1977 2218; x_wconf 85' lang='lat' dir='ltr'><strong>Causas</strong></span> 
     </span>
    </p>
   </div>
   <div class='ocr_carea' id='block_1_39' title="bbox 403 2255 1976 2326">
    <p class='ocr_par' dir='ltr' id='par_1_39' title="bbox 403 2255 1976 2326">
     <span class='ocr_line' id='line_1_39' title="bbox 403 2255 1976 2326; baseline -0.002 -14"><span class='ocrx_word' id='word_1_253' title='bbox 403 2267 582 2312; x_wconf 89' lang='lat' dir='ltr'><strong>autem</strong></span> <span class='ocrx_word' id='word_1_254' title='bbox 637 2260 967 2314; x_wconf 82' lang='lat' dir='ltr'><strong>temeritatis</strong></span> <span class='ocrx_word' id='word_1_255' title='bbox 1023 2259 1211 2313; x_wconf 87' lang='lat' dir='ltr'><strong>retulit</strong></span> <span class='ocrx_word' id='word_1_256' title='bbox 1261 2259 1313 2312; x_wconf 92' lang='lat' dir='ltr'><strong>in</strong></span> <span class='ocrx_word' id='word_1_257' title='bbox 1375 2256 1766 2318; x_wconf 85' lang='lat' dir='ltr'><strong>Ambrosium,</strong></span> <span class='ocrx_word' id='word_1_258' title='bbox 1831 2255 1976 2326; x_wconf 88' lang='lat' dir='ltr'><strong>quod</strong></span> 
     </span>
    </p>
   </div>
   <div class='ocr_carea' id='block_1_40' title="bbox 404 2347 1977 2421">
    <p class='ocr_par' dir='ltr' id='par_1_40' title="bbox 404 2347 1977 2421">
     <span class='ocr_line' id='line_1_40' title="bbox 404 2347 1977 2421; baseline -0.003 -15"><span class='ocrx_word' id='word_1_259' title='bbox 404 2359 616 2406; x_wconf 88' lang='lat' dir='ltr'><strong>secreto</strong></span> <span class='ocrx_word' id='word_1_260' title='bbox 633 2351 777 2406; x_wconf 89' lang='lat' dir='ltr'><strong>edita</strong></span> <span class='ocrx_word' id='word_1_261' title='bbox 815 2352 872 2404; x_wconf 91' lang='lat' dir='ltr'><strong>in</strong></span> <span class='ocrx_word' id='word_1_262' title='bbox 901 2350 1172 2420; x_wconf 92' lang='lat' dir='ltr'><strong>publicum</strong></span> <span class='ocrx_word' id='word_1_263' title='bbox 1218 2349 1554 2421; x_wconf 89' lang='lat' dir='ltr'><strong>protulisset.</strong></span> <span class='ocrx_word' id='word_1_264' title='bbox 1603 2347 1843 2402; x_wconf 87' lang='lat' dir='ltr'><strong>Gravem</strong></span> <span class='ocrx_word' id='word_1_265' title='bbox 1887 2347 1977 2401; x_wconf 86' lang='lat' dir='ltr'><strong>hic</strong></span> 
     </span>
    </p>
   </div>
   <div class='ocr_carea' id='block_1_41' title="bbox 410 2437 1970 2510">
    <p class='ocr_par' dir='ltr' id='par_1_41' title="bbox 410 2437 1970 2510">
     <span class='ocr_line' id='line_1_41' title="bbox 410 2437 1970 2510; baseline -0.004 -14"><span class='ocrx_word' id='word_1_266' title='bbox 410 2441 640 2496; x_wconf 86' lang='lat' dir='ltr'><strong>Eusebio</strong></span> <span class='ocrx_word' id='word_1_267' title='bbox 670 2441 846 2496; x_wconf 86' lang='lat' dir='ltr'><strong>dicam</strong></span> <span class='ocrx_word' id='word_1_268' title='bbox 879 2440 1127 2510; x_wconf 81' lang='lat' dir='ltr'><strong>impingit</strong></span> <span class='ocrx_word' id='word_1_269' title='bbox 1157 2439 1423 2494; x_wconf 83' lang='lat' dir='ltr'><strong>Baronius</strong></span> <span class='ocrx_word' id='word_1_270' title='bbox 1448 2438 1588 2506; x_wconf 84' lang='grc'>(20),</span> <span class='ocrx_word' id='word_1_271' title='bbox 1623 2437 1768 2507; x_wconf 90' lang='lat' dir='ltr'><strong>quod</strong></span> <span class='ocrx_word' id='word_1_272' title='bbox 1800 2452 1970 2506; x_wconf 82' lang='lat' dir='ltr'><strong>repu-</strong></span> 
     </span>
    </p>
   </div>
   <div class='ocr_carea' id='block_1_42' title="bbox 404 2529 1974 2602">
    <p class='ocr_par' dir='ltr' id='par_1_42' title="bbox 404 2529 1974 2602">
     <span class='ocr_line' id='line_1_42' title="bbox 404 2529 1974 2602; baseline -0.006 -12"><span class='ocrx_word' id='word_1_273' title='bbox 404 2532 607 2590; x_wconf 74' lang='lat' dir='ltr'><strong>dlttam</strong></span> <span class='ocrx_word' id='word_1_274' title='bbox 636 2532 776 2587; x_wconf 90' lang='lat' dir='ltr'><strong>hanc</strong></span> <span class='ocrx_word' id='word_1_275' title='bbox 803 2547 832 2586; x_wconf 90' lang='lat' dir='ltr'><strong>a</strong></span> <span class='ocrx_word' id='word_1_276' title='bbox 861 2531 1104 2586; x_wconf 87' lang='lat' dir='ltr'><strong>Fabiano</strong></span> <span class='ocrx_word' id='word_1_277' title='bbox 1130 2532 1524 2602; x_wconf 76' lang='lat' dir='ltr'><strong>professionem</strong></span> <span class='ocrx_word' id='word_1_278' title='bbox 1557 2529 1974 2598; x_wconf 64' lang='lat' dir='ltr'><strong>fidei,et&#39;ipsum</strong></span> 
     </span>
    </p>
   </div>
   <div class='ocr_carea' id='block_1_43' title="bbox 402 2618 1975 2681">
    <p class='ocr_par' dir='ltr' id='par_1_43' title="bbox 402 2618 1975 2681">
     <span class='ocr_line' id='line_1_43' title="bbox 402 2618 1975 2681; baseline -0.004 -2"><span class='ocrx_word' id='word_1_279' title='bbox 402 2626 470 2681; x_wconf 86' lang='lat' dir='ltr'><strong>ad</strong></span> <span class='ocrx_word' id='word_1_280' title='bbox 514 2640 739 2680; x_wconf 88' lang='lat' dir='ltr'><strong>causam</strong></span> <span class='ocrx_word' id='word_1_281' title='bbox 775 2625 1058 2680; x_wconf 88' lang='lat' dir='ltr'><strong>dicendam</strong></span> <span class='ocrx_word' id='word_1_282' title='bbox 1100 2625 1335 2678; x_wconf 90' lang='lat' dir='ltr'><strong>accitum</strong></span> <span class='ocrx_word' id='word_1_283' title='bbox 1379 2622 1548 2677; x_wconf 89' lang='lat' dir='ltr'><strong>fuisse</strong></span> <span class='ocrx_word' id='word_1_284' title='bbox 1581 2621 1806 2676; x_wconf 82' lang='lat' dir='ltr'><strong>Romam</strong></span> <span class='ocrx_word' id='word_1_285' title='bbox 1853 2618 1975 2676; x_wconf 81' lang='lat' dir='ltr'><strong>Ori-</strong></span> 
     </span>
    </p>
   </div>
   <div class='ocr_carea' id='block_1_44' title="bbox 399 2711 1976 2786">
    <p class='ocr_par' dir='ltr' id='par_1_44' title="bbox 399 2711 1976 2786">
     <span class='ocr_line' id='line_1_44' title="bbox 399 2711 1976 2786; baseline -0.004 -16"><span class='ocrx_word' id='word_1_286' title='bbox 399 2731 592 2786; x_wconf 82' lang='lat' dir='ltr'><strong>geriem</strong></span> <span class='ocrx_word' id='word_1_287' title='bbox 621 2717 746 2773; x_wconf 93' lang='lat' dir='ltr'><strong>dolo</strong></span> <span class='ocrx_word' id='word_1_288' title='bbox 781 2717 925 2771; x_wconf 90' lang='lat' dir='ltr'><strong>malo</strong></span> <span class='ocrx_word' id='word_1_289' title='bbox 951 2717 1264 2782; x_wconf 87' lang='lat' dir='ltr'><strong>reticuerit;</strong></span> <span class='ocrx_word' id='word_1_290' title='bbox 1310 2717 1403 2771; x_wconf 90' lang='lat' dir='ltr'><strong>sed</strong></span> <span class='ocrx_word' id='word_1_291' title='bbox 1437 2715 1548 2784; x_wconf 91' lang='lat' dir='ltr'><strong>jam</strong></span> <span class='ocrx_word' id='word_1_292' title='bbox 1579 2728 1740 2782; x_wconf 91' lang='lat' dir='ltr'><strong>supra</strong></span> <span class='ocrx_word' id='word_1_293' title='bbox 1769 2713 1836 2766; x_wconf 90' lang='lat' dir='ltr'><strong>ab</strong></span> <span class='ocrx_word' id='word_1_294' title='bbox 1874 2711 1976 2765; x_wconf 90' lang='lat' dir='ltr'><strong>hac</strong></span> 
     </span>
    </p>
   </div>
   <div class='ocr_carea' id='block_1_45' title="bbox 398 2807 1973 2863">
    <p class='ocr_par' dir='ltr' id='par_1_45' title="bbox 398 2807 1973 2863">
     <span class='ocr_line' id='line_1_45' title="bbox 398 2807 1973 2863; baseline -0.004 0"><span class='ocrx_word' id='word_1_295' title='bbox 398 2807 613 2863; x_wconf 85' lang='lat' dir='ltr'><strong>Baronii</strong></span> <span class='ocrx_word' id='word_1_296' title='bbox 663 2807 937 2862; x_wconf 88' lang='lat' dir='ltr'><strong>calumnia</strong></span> <span class='ocrx_word' id='word_1_297' title='bbox 995 2808 1282 2863; x_wconf 89' lang='lat' dir='ltr'><strong>Eusebium</strong></span> <span class='ocrx_word' id='word_1_298' title='bbox 1348 2807 1745 2861; x_wconf 72' lang='lat' dir='ltr'><strong>vindicarimus</strong></span> <span class='ocrx_word' id='word_1_299' title='bbox 1793 2823 1806 2858; x_wconf 90' lang='lat'><strong>:</strong></span> <span class='ocrx_word' id='word_1_300' title='bbox 1849 2817 1973 2858; x_wconf 91' lang='lat' dir='ltr'><strong>nam</strong></span> 
     </span>
    </p>
   </div>
   <div class='ocr_carea' id='block_1_46' title="bbox 398 2898 1976 2969">
    <p class='ocr_par' dir='ltr' id='par_1_46' title="bbox 398 2898 1976 2969">
     <span class='ocr_line' id='line_1_46' title="bbox 398 2898 1976 2969; baseline -0.002 -19"><span class='ocrx_word' id='word_1_301' title='bbox 398 2899 527 2967; x_wconf 80' lang='lat' dir='ltr'><strong>quid</strong></span> <span class='ocrx_word' id='word_1_302' title='bbox 572 2899 675 2954; x_wconf 91' lang='lat' dir='ltr'><strong>hac</strong></span> <span class='ocrx_word' id='word_1_303' title='bbox 708 2898 1048 2969; x_wconf 88' lang='lat' dir='ltr'><strong>professione</strong></span> <span class='ocrx_word' id='word_1_304' title='bbox 1083 2898 1283 2953; x_wconf 90' lang='lat' dir='ltr'><strong>factum</strong></span> <span class='ocrx_word' id='word_1_305' title='bbox 1329 2898 1400 2954; x_wconf 91' lang='lat' dir='ltr'><strong>sit</strong></span> <span class='ocrx_word' id='word_1_306' title='bbox 1443 2899 1710 2952; x_wconf 88' lang='lat' dir='ltr'><strong>incertum</strong></span> <span class='ocrx_word' id='word_1_307' title='bbox 1752 2904 1879 2959; x_wconf 91' lang='lat' dir='ltr'><strong>est,</strong></span> <span class='ocrx_word' id='word_1_308' title='bbox 1921 2902 1976 2948; x_wconf 91' lang='lat' dir='ltr'><strong>et</strong></span> 
     </span>
    </p>
   </div>
   <div class='ocr_carea' id='block_1_47' title="bbox 398 2984 1976 3056">
    <p class='ocr_par' dir='ltr' id='par_1_47' title="bbox 398 2984 1976 3056">
     <span class='ocr_line' id='line_1_47' title="bbox 398 2984 1976 3056; baseline -0.002 -14"><span class='ocrx_word' id='word_1_309' title='bbox 398 2988 688 3044; x_wconf 88' lang='lat' dir='ltr'><strong>admodum</strong></span> <span class='ocrx_word' id='word_1_310' title='bbox 719 2989 888 3045; x_wconf 88' lang='lat' dir='ltr'><strong>semel</strong></span> <span class='ocrx_word' id='word_1_311' title='bbox 920 2989 1144 3045; x_wconf 88' lang='lat' dir='ltr'><strong>Romam</strong></span> <span class='ocrx_word' id='word_1_312' title='bbox 1196 2989 1359 3044; x_wconf 86' lang='lat' dir='ltr'><strong>ivisse</strong></span> <span class='ocrx_word' id='word_1_313' title='bbox 1391 2987 1685 3056; x_wconf 88' lang='lat' dir='ltr'><strong>Origenem</strong></span> <span class='ocrx_word' id='word_1_314' title='bbox 1733 2984 1976 3041; x_wconf 86' lang='lat' dir='ltr'><strong>certissi-</strong></span> 
     </span>
    </p>
   </div>
   <div class='ocr_carea' id='block_1_48' title="bbox 404 3090 682 3134">
    <p class='ocr_par' dir='ltr' id='par_1_48' title="bbox 404 3090 682 3134">
     <span class='ocr_line' id='line_1_48' title="bbox 404 3090 682 3134; baseline 0.007 -2"><span class='ocrx_word' id='word_1_315' title='bbox 404 3095 550 3133; x_wconf 79' lang='lat' dir='ltr'><strong>ttttttn</strong></span> <span class='ocrx_word' id='word_1_316' title='bbox 580 3090 682 3134; x_wconf 82' lang='lat' dir='ltr'><strong>est.</strong></span> 
     </span>
    </p>
   </div>
   <div class='ocr_carea' id='block_1_49' title="bbox 2081 1895 3651 1967">
    <p class='ocr_par' dir='ltr' id='par_1_49' title="bbox 2081 1895 3651 1967">
     <span class='ocr_line' id='line_1_49' title="bbox 2081 1895 3651 1967; baseline 0.003 -19"><span class='ocrx_word' id='word_1_317' title='bbox 2081 1902 2245 1958; x_wconf 89' lang='lat' dir='ltr'><strong>tasse,</strong></span> <span class='ocrx_word' id='word_1_318' title='bbox 2294 1897 2666 1967; x_wconf 80' lang='grc' dir='ltr'>συνεκράτησε</span> <span class='ocrx_word' id='word_1_319' title='bbox 2701 1913 2712 1925; x_wconf 92' lang='grc'>·</span> <span class='ocrx_word' id='word_1_320' title='bbox 2748 1897 2826 1950; x_wconf 92' lang='lat' dir='ltr'><strong>sic</strong></span> <span class='ocrx_word' id='word_1_321' title='bbox 2870 1897 3014 1949; x_wconf 83' lang='lat' dir='ltr'><strong>enim</strong></span> <span class='ocrx_word' id='word_1_322' title='bbox 3059 1897 3124 1950; x_wconf 89' lang='lat' dir='ltr'><strong>de</strong></span> <span class='ocrx_word' id='word_1_323' title='bbox 3159 1897 3346 1951; x_wconf 83' lang='lat' dir='ltr'><strong>eadem</strong></span> <span class='ocrx_word' id='word_1_324' title='bbox 3393 1911 3450 1950; x_wconf 90' lang='lat' dir='ltr'><strong>re</strong></span> <span class='ocrx_word' id='word_1_325' title='bbox 3492 1895 3651 1952; x_wconf 79' lang='lat' dir='ltr'><strong>Nice-</strong></span> 
     </span>
    </p>
   </div>
   <div class='ocr_carea' id='block_1_50' title="bbox 2077 1979 3656 2056">
    <p class='ocr_par' dir='ltr' id='par_1_50' title="bbox 2077 1979 3656 2056">
     <span class='ocr_line' id='line_1_50' title="bbox 2077 1979 3656 2056; baseline 0.004 -24"><span class='ocrx_word' id='word_1_326' title='bbox 2077 1979 2279 2048; x_wconf 87' lang='lat' dir='ltr'><strong>phorus</strong></span> <span class='ocrx_word' id='word_1_327' title='bbox 2335 1981 2447 2052; x_wconf 79' lang='grc'>(25)</span> <span class='ocrx_word' id='word_1_328' title='bbox 2481 1999 2495 2036; x_wconf 89' lang='lat'><strong>:</strong></span> <span class='ocrx_word' id='word_1_329' title='bbox 2525 1982 2667 2036; x_wconf 84' lang='grc' dir='ltr'><strong>κατὰ</strong></span> <span class='ocrx_word' id='word_1_330' title='bbox 2707 1984 2764 2035; x_wconf 83' lang='grc' dir='ltr'><strong>δὲ</strong></span> <span class='ocrx_word' id='word_1_331' title='bbox 2812 1983 3016 2054; x_wconf 83' lang='grc' dir='ltr'><strong>ταύτης</strong></span> <span class='ocrx_word' id='word_1_332' title='bbox 3064 1985 3158 2038; x_wconf 79' lang='grc' dir='ltr'><strong>καὶ</strong></span> <span class='ocrx_word' id='word_1_333' title='bbox 3208 1985 3541 2056; x_wconf 78' lang='grc' dir='ltr'>Ἀλκιϐιάδης</span> <span class='ocrx_word' id='word_1_334' title='bbox 3589 1987 3656 2051; x_wconf 73' lang='grc' dir='ltr'><strong>ἐξ</strong></span> 
     </span>
    </p>
   </div>
   <div class='ocr_carea' id='block_1_51' title="bbox 2089 2071 3650 2150">
    <p class='ocr_par' dir='ltr' id='par_1_51' title="bbox 2089 2071 3650 2150">
     <span class='ocr_line' id='line_1_51' title="bbox 2089 2071 3650 2150; baseline 0.004 -25"><span class='ocrx_word' id='word_1_335' title='bbox 2089 2071 2388 2143; x_wconf 68' lang='grc' dir='ltr'>Ἀπαμείας</span> <span class='ocrx_word' id='word_1_336' title='bbox 2428 2074 2525 2144; x_wconf 84' lang='grc' dir='ltr'><strong>τῆς</strong></span> <span class='ocrx_word' id='word_1_337' title='bbox 2567 2074 2766 2145; x_wconf 80' lang='grc' dir='ltr'>Συρίας</span> <span class='ocrx_word' id='word_1_338' title='bbox 2787 2075 3078 2146; x_wconf 79' lang='grc' dir='ltr'>πάμπολλα</span> <span class='ocrx_word' id='word_1_339' title='bbox 3118 2078 3420 2146; x_wconf 75' lang='grc' dir='ltr'><strong>ἡγωνίσατθ</strong></span> <span class='ocrx_word' id='word_1_340' title='bbox 3450 2095 3463 2108; x_wconf 86' lang='grc'>·</span> <span class='ocrx_word' id='word_1_341' title='bbox 3507 2079 3650 2150; x_wconf 85' lang='grc' dir='ltr'><strong>Ὦρι-</strong></span> 
     </span>
    </p>
   </div>
   <div class='ocr_carea' id='block_1_52' title="bbox 2076 2165 3648 2242">
    <p class='ocr_par' dir='ltr' id='par_1_52' title="bbox 2076 2165 3648 2242">
     <span class='ocr_line' id='line_1_52' title="bbox 2076 2165 3648 2242; baseline 0.004 -25"><span class='ocrx_word' id='word_1_342' title='bbox 2076 2165 2240 2235; x_wconf 81' lang='grc' dir='ltr'><strong>γένης</strong></span> <span class='ocrx_word' id='word_1_343' title='bbox 2280 2165 2340 2219; x_wconf 78' lang='grc' dir='ltr'><strong>δὲ</strong></span> <span class='ocrx_word' id='word_1_344' title='bbox 2371 2168 2483 2229; x_wconf 85' lang='grc' dir='ltr'>τοῖς</span> <span class='ocrx_word' id='word_1_345' title='bbox 2521 2168 2640 2219; x_wconf 70' lang='grc' dir='ltr'><strong>κατ’</strong></span> <span class='ocrx_word' id='word_1_346' title='bbox 2671 2167 2840 2240; x_wconf 78' lang='grc' dir='ltr'><strong>αὐτῆς</strong></span> <span class='ocrx_word' id='word_1_347' title='bbox 2872 2168 3114 2239; x_wconf 81' lang='grc' dir='ltr'>ἐλέγχοις</span> <span class='ocrx_word' id='word_1_348' title='bbox 3148 2170 3429 2242; x_wconf 71' lang='grc' dir='ltr'>ἠρίστευε.</span> <span class='ocrx_word' id='word_1_349' title='bbox 3464 2169 3648 2237; x_wconf 85' lang='lat' dir='ltr'><strong>Quan-</strong></span> 
     </span>
    </p>
   </div>
   <div class='ocr_carea' id='block_1_53' title="bbox 2077 2257 3656 2330">
    <p class='ocr_par' dir='ltr' id='par_1_53' title="bbox 2077 2257 3656 2330">
     <span class='ocr_line' id='line_1_53' title="bbox 2077 2257 3656 2330; baseline 0.005 -22"><span class='ocrx_word' id='word_1_350' title='bbox 2077 2271 2237 2325; x_wconf 85' lang='lat' dir='ltr'><strong>quam</strong></span> <span class='ocrx_word' id='word_1_351' title='bbox 2282 2257 2417 2312; x_wconf 83' lang='lat' dir='ltr'><strong>nil&#39;til</strong></span> <span class='ocrx_word' id='word_1_352' title='bbox 2479 2257 2692 2314; x_wconf 71' lang='lat' dir='ltr'><strong>afﬁrmo</strong></span> <span class='ocrx_word' id='word_1_353' title='bbox 2735 2277 2752 2313; x_wconf 89' lang='lat'><strong>:</strong></span> <span class='ocrx_word' id='word_1_354' title='bbox 2801 2274 2928 2312; x_wconf 84' lang='lat' dir='ltr'><strong>nam</strong></span> <span class='ocrx_word' id='word_1_355' title='bbox 2993 2259 3285 2330; x_wconf 83' lang='lat' dir='ltr'><strong>Nicephori</strong></span> <span class='ocrx_word' id='word_1_356' title='bbox 3341 2261 3656 2316; x_wconf 76' lang='lat' dir='ltr'><strong>auctoritati</strong></span> 
     </span>
    </p>
   </div>
   <div class='ocr_carea' id='block_1_54' title="bbox 2076 2348 3648 2422">
    <p class='ocr_par' dir='ltr' id='par_1_54' title="bbox 2076 2348 3648 2422">
     <span class='ocr_line' id='line_1_54' title="bbox 2076 2348 3648 2422; baseline 0.003 -20"><span class='ocrx_word' id='word_1_357' title='bbox 2076 2363 2270 2418; x_wconf 89' lang='lat' dir='ltr'><strong>parum</strong></span> <span class='ocrx_word' id='word_1_358' title='bbox 2326 2351 2528 2406; x_wconf 89' lang='lat' dir='ltr'><strong>tribuo.</strong></span> <span class='ocrx_word' id='word_1_359' title='bbox 2591 2348 2877 2405; x_wconf 83' lang='lat' dir='ltr'><strong>Geminam</strong></span> <span class='ocrx_word' id='word_1_360' title='bbox 2931 2351 3069 2405; x_wconf 85' lang='lat' dir='ltr'><strong>hanc</strong></span> <span class='ocrx_word' id='word_1_361' title='bbox 3113 2352 3181 2405; x_wconf 85' lang='lat' dir='ltr'><strong>ab</strong></span> <span class='ocrx_word' id='word_1_362' title='bbox 3221 2352 3452 2422; x_wconf 83' lang='lat' dir='ltr'><strong>Origene</strong></span> <span class='ocrx_word' id='word_1_363' title='bbox 3480 2352 3648 2407; x_wconf 81' lang='lat' dir='ltr'><strong>victo-</strong></span> 
     </span>
    </p>
   </div>
   <div class='ocr_carea' id='block_1_55' title="bbox 2076 2438 3644 2511">
    <p class='ocr_par' dir='ltr' id='par_1_55' title="bbox 2076 2438 3644 2511">
     <span class='ocr_line' id='line_1_55' title="bbox 2076 2438 3644 2511; baseline 0.003 -19"><span class='ocrx_word' id='word_1_364' title='bbox 2076 2439 2214 2492; x_wconf 85' lang='lat' dir='ltr'><strong>riam</strong></span> <span class='ocrx_word' id='word_1_365' title='bbox 2245 2439 2367 2494; x_wconf 92' lang='lat' dir='ltr'><strong>dolo</strong></span> <span class='ocrx_word' id='word_1_366' title='bbox 2409 2438 2549 2494; x_wconf 89' lang='lat' dir='ltr'><strong>malo</strong></span> <span class='ocrx_word' id='word_1_367' title='bbox 2571 2439 2795 2495; x_wconf 84' lang='lat' dir='ltr'><strong>reticuit</strong></span> <span class='ocrx_word' id='word_1_368' title='bbox 2838 2440 3104 2511; x_wconf 83' lang='lat' dir='ltr'><strong>G&#39;eorgius</strong></span> <span class='ocrx_word' id='word_1_369' title='bbox 3139 2440 3450 2511; x_wconf 83' lang='lat' dir='ltr'><strong>Syncellus,</strong></span> <span class='ocrx_word' id='word_1_370' title='bbox 3491 2441 3644 2497; x_wconf 60' lang='lat' dir='ltr'><strong>Grae-</strong></span> 
     </span>
    </p>
   </div>
   <div class='ocr_carea' id='block_1_56' title="bbox 2075 2533 3650 2606">
    <p class='ocr_par' dir='ltr' id='par_1_56' title="bbox 2075 2533 3650 2606">
     <span class='ocr_line' id='line_1_56' title="bbox 2075 2533 3650 2606; baseline 0.003 -20"><span class='ocrx_word' id='word_1_371' title='bbox 2075 2546 2264 2586; x_wconf 89' lang='lat' dir='ltr'><strong>corum</strong></span> <span class='ocrx_word' id='word_1_372' title='bbox 2318 2534 2560 2587; x_wconf 87' lang='lat' dir='ltr'><strong>omnium</strong></span> <span class='ocrx_word' id='word_1_373' title='bbox 2631 2547 2838 2589; x_wconf 87' lang='lat' dir='ltr'><strong>morem</strong></span> <span class='ocrx_word' id='word_1_374' title='bbox 2910 2533 2963 2587; x_wconf 84' lang='lat' dir='ltr'><strong>in</strong></span> <span class='ocrx_word' id='word_1_375' title='bbox 3024 2534 3359 2604; x_wconf 85' lang='lat' dir='ltr'><strong>suggillando</strong></span> <span class='ocrx_word' id='word_1_376' title='bbox 3416 2534 3650 2606; x_wconf 83' lang='lat' dir='ltr'><strong>Origene</strong></span> 
     </span>
    </p>
   </div>
   <div class='ocr_carea' id='block_1_57' title="bbox 2075 2622 3646 2682">
    <p class='ocr_par' dir='ltr' id='par_1_57' title="bbox 2075 2622 3646 2682">
     <span class='ocr_line' id='line_1_57' title="bbox 2075 2622 3646 2682; baseline 0.002 -3"><span class='ocrx_word' id='word_1_377' title='bbox 2075 2633 2317 2679; x_wconf 73' lang='lat' dir='ltr'><strong>secutus.</strong></span> <span class='ocrx_word' id='word_1_378' title='bbox 2368 2622 2480 2678; x_wconf 81' lang='lat' dir='ltr'><strong>Nec</strong></span> <span class='ocrx_word' id='word_1_379' title='bbox 2511 2624 2802 2680; x_wconf 86' lang='lat' dir='ltr'><strong>absurdum</strong></span> <span class='ocrx_word' id='word_1_380' title='bbox 2836 2623 3068 2678; x_wconf 86' lang='lat' dir='ltr'><strong>fortasse</strong></span> <span class='ocrx_word' id='word_1_381' title='bbox 3104 2625 3266 2679; x_wconf 90' lang='lat' dir='ltr'><strong>fuerit</strong></span> <span class='ocrx_word' id='word_1_382' title='bbox 3298 2625 3487 2680; x_wconf 90' lang='lat' dir='ltr'><strong>iisdem</strong></span> <span class='ocrx_word' id='word_1_383' title='bbox 3512 2641 3646 2682; x_wconf 87' lang='lat' dir='ltr'><strong>con-</strong></span> 
     </span>
    </p>
   </div>
   <div class='ocr_carea' id='block_1_58' title="bbox 2069 2713 3645 2786">
    <p class='ocr_par' dir='ltr' id='par_1_58' title="bbox 2069 2713 3645 2786">
     <span class='ocr_line' id='line_1_58' title="bbox 2069 2713 3645 2786; baseline 0.004 -20"><span class='ocrx_word' id='word_1_384' title='bbox 2069 2713 2300 2785; x_wconf 85' lang='lat' dir='ltr'><strong>jungere</strong></span> <span class='ocrx_word' id='word_1_385' title='bbox 2370 2713 2707 2784; x_wconf 86' lang='lat' dir='ltr'><strong>temporibus</strong></span> <span class='ocrx_word' id='word_1_386' title='bbox 2755 2713 3108 2783; x_wconf 86' lang='lat' dir='ltr'><strong>Apellitarum</strong></span> <span class='ocrx_word' id='word_1_387' title='bbox 3164 2715 3596 2786; x_wconf 82' lang='lat' dir='ltr'><strong>proﬂigationem</strong></span> <span class='ocrx_word' id='word_1_388' title='bbox 3627 2757 3645 2785; x_wconf 87' lang='lat'><strong>,</strong></span> 
     </span>
    </p>
   </div>
   <div class='ocr_carea' id='block_1_59' title="bbox 2073 2804 3645 2878">
    <p class='ocr_par' dir='ltr' id='par_1_59' title="bbox 2073 2804 3645 2878">
     <span class='ocr_line' id='line_1_59' title="bbox 2073 2804 3645 2878; baseline 0.004 -20"><span class='ocrx_word' id='word_1_389' title='bbox 2073 2820 2209 2875; x_wconf 89' lang='lat' dir='ltr'><strong>quos</strong></span> <span class='ocrx_word' id='word_1_390' title='bbox 2263 2819 2360 2874; x_wconf 90' lang='lat' dir='ltr'><strong>per</strong></span> <span class='ocrx_word' id='word_1_391' title='bbox 2399 2804 2682 2860; x_wconf 87' lang='lat' dir='ltr'><strong>Orientem</strong></span> <span class='ocrx_word' id='word_1_392' title='bbox 2721 2817 3030 2876; x_wconf 83' lang='lat' dir='ltr'><strong>grassantes</strong></span> <span class='ocrx_word' id='word_1_393' title='bbox 3081 2807 3320 2862; x_wconf 89' lang='lat' dir='ltr'><strong>coercuit</strong></span> <span class='ocrx_word' id='word_1_394' title='bbox 3361 2805 3645 2878; x_wconf 81' lang='lat' dir='ltr'><strong>Origenes,</strong></span> 
     </span>
    </p>
   </div>
   <div class='ocr_carea' id='block_1_60' title="bbox 2073 2897 3652 2968">
    <p class='ocr_par' dir='ltr' id='par_1_60' title="bbox 2073 2897 3652 2968">
     <span class='ocr_line' id='line_1_60' title="bbox 2073 2897 3652 2968; baseline 0.001 -15"><span class='ocrx_word' id='word_1_395' title='bbox 2073 2905 2128 2954; x_wconf 91' lang='lat' dir='ltr'><strong>et</strong></span> <span class='ocrx_word' id='word_1_396' title='bbox 2153 2912 2250 2968; x_wconf 91' lang='lat' dir='ltr'><strong>per</strong></span> <span class='ocrx_word' id='word_1_397' title='bbox 2277 2897 2520 2968; x_wconf 88' lang='lat' dir='ltr'><strong>singulas</strong></span> <span class='ocrx_word' id='word_1_398' title='bbox 2551 2912 2795 2968; x_wconf 89' lang='lat' dir='ltr'><strong>quasque</strong></span> <span class='ocrx_word' id='word_1_399' title='bbox 2827 2898 2988 2955; x_wconf 83' lang='lat' dir='ltr'><strong>urbes</strong></span> <span class='ocrx_word' id='word_1_400' title='bbox 3029 2899 3331 2955; x_wconf 87' lang='lat' dir='ltr'><strong>insectatus</strong></span> <span class='ocrx_word' id='word_1_401' title='bbox 3367 2900 3652 2956; x_wconf 80' lang='lat' dir='ltr'><strong>concioni-</strong></span> 
     </span>
    </p>
   </div>
   <div class='ocr_carea' id='block_1_61' title="bbox 2075 2989 2495 3060">
    <p class='ocr_par' dir='ltr' id='par_1_61' title="bbox 2075 2989 2495 3060">
     <span class='ocr_line' id='line_1_61' title="bbox 2075 2989 2495 3060; baseline 0 -14"><span class='ocrx_word' id='word_1_402' title='bbox 2075 2989 2178 3046; x_wconf 89' lang='lat' dir='ltr'><strong>bus</strong></span> <span class='ocrx_word' id='word_1_403' title='bbox 2215 2991 2495 3060; x_wconf 87' lang='lat' dir='ltr'><strong>repressit.</strong></span> 
     </span>
    </p>
   </div>
   <div class='ocr_carea' id='block_1_62' title="bbox 1486 3339 2560 3447">
    <p class='ocr_par' dir='ltr' id='par_1_62' title="bbox 1486 3339 2560 3447">
     <span class='ocr_line' id='line_1_62' title="bbox 1486 3339 2560 3447; baseline -0.006 -17"><span class='ocrx_word' id='word_1_404' title='bbox 1486 3340 1864 3432; x_wconf 83' lang='lat' dir='ltr'><strong>CAPUT</strong></span> <span class='ocrx_word' id='word_1_405' title='bbox 1939 3339 2560 3447; x_wconf 80' lang='lat' dir='ltr'><strong>QUARTUM.</strong></span> 
     </span>
    </p>
   </div>
   <div class='ocr_carea' id='block_1_63' title="bbox 396 3531 3650 3607">
    <p class='ocr_par' dir='ltr' id='par_1_63' title="bbox 396 3531 3650 3607">
     <span class='ocr_line' id='line_1_63' title="bbox 396 3531 3650 3607; baseline -0.001 -15"><span class='ocrx_word' id='word_1_406' title='bbox 396 3538 438 3594; x_wconf 77' lang='grc' dir='ltr'><strong>Ι.</strong></span> <span class='ocrx_word' id='word_1_407' title='bbox 498 3536 775 3607; x_wconf 78' lang='lat' dir='ltr'><strong>Philippus</strong></span> <span class='ocrx_word' id='word_1_408' title='bbox 838 3540 1128 3606; x_wconf 73' lang='lat' dir='ltr'><strong>imperator</strong></span> <span class='ocrx_word' id='word_1_409' title='bbox 1187 3536 1519 3604; x_wconf 71' lang='lat' dir='ltr'><strong>interﬁcitur.</strong></span> <span class='ocrx_word' id='word_1_410' title='bbox 1576 3537 1906 3607; x_wconf 77' lang='lat' dir='ltr'><strong>Subrogatur</strong></span> <span class='ocrx_word' id='word_1_411' title='bbox 1956 3531 2166 3607; x_wconf 82' lang='lat' dir='ltr'><strong>Decius.</strong></span> <span class='ocrx_word' id='word_1_412' title='bbox 2204 3534 2437 3607; x_wconf 76' lang='lat' dir='ltr'><strong>septima</strong></span> <span class='ocrx_word' id='word_1_413' title='bbox 2483 3536 2790 3607; x_wconf 69' lang='lat' dir='ltr'><strong>persecutio.</strong></span> <span class='ocrx_word' id='word_1_414' title='bbox 2831 3535 2922 3607; x_wconf 9' lang='lat' dir='ltr'><strong>rll.</strong></span> <span class='ocrx_word' id='word_1_415' title='bbox 2986 3534 3237 3607; x_wconf 80' lang='lat' dir='ltr'><strong>Origenes</strong></span> <span class='ocrx_word' id='word_1_416' title='bbox 3291 3535 3650 3607; x_wconf 22' lang='lat' dir='ltr'><strong>proMCltrjsto</strong></span> 
     </span>
    </p>
   </div>
   <div class='ocr_carea' id='block_1_64' title="bbox 465 3595 3640 3676">
    <p class='ocr_par' dir='ltr' id='par_1_64' title="bbox 465 3595 3640 3676">
     <span class='ocr_line' id='line_1_64' title="bbox 465 3595 3640 3676; baseline -0 -17"><span class='ocrx_word' id='word_1_417' title='bbox 465 3595 797 3676; x_wconf 47' lang='lat' dir='ltr'><strong>gravissimos</strong></span> <span class='ocrx_word' id='word_1_418' title='bbox 825 3595 1091 3662; x_wconf 70' lang='lat' dir='ltr'><strong>cruciatus</strong></span> <span class='ocrx_word' id='word_1_419' title='bbox 1125 3595 1360 3660; x_wconf 69' lang='lat' dir='ltr'><strong>sustinet.</strong></span> <span class='ocrx_word' id='word_1_420' title='bbox 1398 3607 1480 3660; x_wconf 95' lang='lat' dir='ltr'><strong>Ill.</strong></span> <span class='ocrx_word' id='word_1_421' title='bbox 1512 3607 1730 3660; x_wconf 86' lang='lat' dir='ltr'><strong>Librum</strong></span> <span class='ocrx_word' id='word_1_422' title='bbox 1750 3595 1832 3660; x_wconf 68' lang='lat' dir='ltr'><strong>De</strong></span> <span class='ocrx_word' id='word_1_423' title='bbox 1867 3595 2338 3676; x_wconf 73' lang='lat' dir='ltr'><strong>tuartyrit)_scribit</strong></span> <span class='ocrx_word' id='word_1_424' title='bbox 2369 3606 2436 3676; x_wconf 79' lang='lat' dir='ltr'><strong>ad</strong></span> <span class='ocrx_word' id='word_1_425' title='bbox 2468 3595 2587 3676; x_wconf 73' lang='lat' dir='ltr'><strong>eum</strong></span> <span class='ocrx_word' id='word_1_426' title='bbox 2619 3605 2903 3674; x_wconf 81' lang='lat' dir='ltr'><strong>Dionysius</strong></span> <span class='ocrx_word' id='word_1_427' title='bbox 2935 3595 3341 3659; x_wconf 60' lang='lat' dir='ltr'><strong>Alexandrinus.</strong></span> <span class='ocrx_word' id='word_1_428' title='bbox 3389 3605 3475 3658; x_wconf 86' lang='lat' dir='ltr'><strong>IV.</strong></span> <span class='ocrx_word' id='word_1_429' title='bbox 3513 3605 3640 3659; x_wconf 73' lang='grc' dir='ltr'><strong>0νὲ-</strong></span> 
     </span>
    </p>
   </div>
   <div class='ocr_carea' id='block_1_65' title="bbox 499 3673 3638 3746">
    <p class='ocr_par' dir='ltr' id='par_1_65' title="bbox 499 3673 3638 3746">
     <span class='ocr_line' id='line_1_65' title="bbox 499 3673 3638 3746; baseline -0.001 -16"><span class='ocrx_word' id='word_1_430' title='bbox 499 3680 607 3730; x_wconf 74' lang='lat' dir='ltr'><strong>anis</strong></span> <span class='ocrx_word' id='word_1_431' title='bbox 634 3680 908 3732; x_wconf 83' lang='lat' dir='ltr'><strong>modestia.</strong></span> <span class='ocrx_word' id='word_1_432' title='bbox 945 3675 1137 3730; x_wconf 83' lang='lat' dir='ltr'><strong>Utrum</strong></span> <span class='ocrx_word' id='word_1_433' title='bbox 1161 3679 1229 3729; x_wconf 86' lang='lat' dir='ltr'><strong>ad</strong></span> <span class='ocrx_word' id='word_1_434' title='bbox 1264 3677 1532 3730; x_wconf 84' lang='lat' dir='ltr'><strong>vitandum</strong></span> <span class='ocrx_word' id='word_1_435' title='bbox 1553 3678 1822 3744; x_wconf 63' lang='lat' dir='ltr'><strong>Aithiopis</strong></span> <span class='ocrx_word' id='word_1_436' title='bbox 1849 3686 2091 3746; x_wconf 56' lang='lat' dir='ltr'><strong>stuprum</strong></span> <span class='ocrx_word' id='word_1_437' title='bbox 2125 3673 2319 3746; x_wconf 67' lang='lat' dir='ltr'><strong>Christi</strong></span> <span class='ocrx_word' id='word_1_438' title='bbox 2348 3675 2500 3746; x_wconf 68' lang='lat' dir='ltr'><strong>ﬁdem</strong></span> <span class='ocrx_word' id='word_1_439' title='bbox 2526 3673 2848 3746; x_wconf 10' lang='lat' dir='ltr'><strong>ejurarit,ret</strong></span> <span class='ocrx_word' id='word_1_440' title='bbox 2877 3693 2977 3746; x_wconf 84' lang='lat' dir='ltr'><strong>quo</strong></span> <span class='ocrx_word' id='word_1_441' title='bbox 3007 3677 3061 3746; x_wconf 79' lang='lat' dir='ltr'><strong>id</strong></span> <span class='ocrx_word' id='word_1_442' title='bbox 3087 3686 3312 3746; x_wconf 65' lang='lat' dir='ltr'><strong>tempore</strong></span> <span class='ocrx_word' id='word_1_443' title='bbox 3337 3677 3638 3744; x_wconf 83' lang='lat' dir='ltr'><strong>contigerit.</strong></span> 
     </span>
    </p>
   </div>
   <div class='ocr_carea' id='block_1_66' title="bbox 515 3740 3649 3817">
    <p class='ocr_par' dir='ltr' id='par_1_66' title="bbox 515 3740 3649 3817">
     <span class='ocr_line' id='line_1_66' title="bbox 515 3740 3649 3817; baseline -0.001 -16"><span class='ocrx_word' id='word_1_444' title='bbox 515 3786 531 3801; x_wconf 93' lang='lat'><strong>.</strong></span> <span class='ocrx_word' id='word_1_445' title='bbox 574 3747 878 3817; x_wconf 79' lang='lat' dir='ltr'><strong>Castigatur</strong></span> <span class='ocrx_word' id='word_1_446' title='bbox 921 3748 1223 3800; x_wconf 87' lang='lat' dir='ltr'><strong>criticorum</strong></span> <span class='ocrx_word' id='word_1_447' title='bbox 1267 3748 1656 3817; x_wconf 75' lang='lat' dir='ltr'><strong>nonnullorum</strong></span> <span class='ocrx_word' id='word_1_448' title='bbox 1683 3740 1970 3817; x_wconf 61' lang='lat' dir='ltr'><strong>temeritas.</strong></span> <span class='ocrx_word' id='word_1_449' title='bbox 2009 3740 2093 3795; x_wconf 81' lang='lat' dir='ltr'><strong>VI.</strong></span> <span class='ocrx_word' id='word_1_450' title='bbox 2143 3743 2352 3798; x_wconf 82' lang='lat' dir='ltr'><strong>Mortuo</strong></span> <span class='ocrx_word' id='word_1_451' title='bbox 2400 3740 2577 3817; x_wconf 79' lang='lat' dir='ltr'><strong>Decio,</strong></span> <span class='ocrx_word' id='word_1_452' title='bbox 2616 3745 2839 3817; x_wconf 59' lang='lat' dir='ltr'><strong>vinculis</strong></span> <span class='ocrx_word' id='word_1_453' title='bbox 2889 3740 3114 3817; x_wconf 73' lang='lat' dir='ltr'><strong>soluitur</strong></span> <span class='ocrx_word' id='word_1_454' title='bbox 3147 3743 3420 3817; x_wconf 71' lang='lat' dir='ltr'><strong>Origenes.</strong></span> <span class='ocrx_word' id='word_1_455' title='bbox 3481 3740 3649 3799; x_wconf 77' lang='lat' dir='ltr'><strong>Decio</strong></span> 
     </span>
    </p>
   </div>
   <div class='ocr_carea' id='block_1_67' title="bbox 463 3811 3638 3883">
    <p class='ocr_par' dir='ltr' id='par_1_67' title="bbox 463 3811 3638 3883">
     <span class='ocr_line' id='line_1_67' title="bbox 463 3811 3638 3883; baseline -0.001 -14"><span class='ocrx_word' id='word_1_456' title='bbox 463 3811 744 3870; x_wconf 63' lang='lat' dir='ltr'><strong>succeduni</strong></span> <span class='ocrx_word' id='word_1_457' title='bbox 792 3818 978 3871; x_wconf 80' lang='lat' dir='ltr'><strong>Gallus</strong></span> <span class='ocrx_word' id='word_1_458' title='bbox 1009 3828 1057 3870; x_wconf 87' lang='lat' dir='ltr'><strong>et</strong></span> <span class='ocrx_word' id='word_1_459' title='bbox 1105 3817 1443 3869; x_wconf 80' lang='lat' dir='ltr'><strong>Volusianus.</strong></span> <span class='ocrx_word' id='word_1_460' title='bbox 1483 3818 1586 3870; x_wconf 76' lang='lat' dir='ltr'><strong>VII.</strong></span> <span class='ocrx_word' id='word_1_461' title='bbox 1629 3816 1748 3869; x_wconf 86' lang='lat' dir='ltr'><strong>Obit</strong></span> <span class='ocrx_word' id='word_1_462' title='bbox 1794 3815 2059 3883; x_wconf 73' lang='lat' dir='ltr'><strong>Origenes</strong></span> <span class='ocrx_word' id='word_1_463' title='bbox 2092 3829 2232 3883; x_wconf 85' lang='lat' dir='ltr'><strong>anno</strong></span> <span class='ocrx_word' id='word_1_464' title='bbox 2279 3815 2446 3867; x_wconf 65' lang='lat' dir='ltr'><strong>aetatis</strong></span> <span class='ocrx_word' id='word_1_465' title='bbox 2501 3829 2649 3868; x_wconf 83' lang='lat' dir='ltr'><strong>thx.</strong></span> <span class='ocrx_word' id='word_1_466' title='bbox 2693 3811 2923 3870; x_wconf 81' lang='lat' dir='ltr'><strong>Pereunt</strong></span> <span class='ocrx_word' id='word_1_467' title='bbox 2955 3814 3140 3868; x_wconf 79' lang='lat' dir='ltr'><strong>Gallus</strong></span> <span class='ocrx_word' id='word_1_468' title='bbox 3172 3811 3260 3883; x_wconf 16' lang='lat' dir='ltr'><strong>iet,</strong></span> <span class='ocrx_word' id='word_1_469' title='bbox 3295 3814 3638 3869; x_wconf 76' lang='lat' dir='ltr'><strong>Volusianus.</strong></span> 
     </span>
    </p>
   </div>
   <div class='ocr_carea' id='block_1_68' title="bbox 475 3879 3636 3955">
    <p class='ocr_par' dir='ltr' id='par_1_68' title="bbox 475 3879 3636 3955">
     <span class='ocr_line' id='line_1_68' title="bbox 475 3879 3636 3955; baseline -0 -17"><span class='ocrx_word' id='word_1_470' title='bbox 475 3887 603 3939; x_wconf 83' lang='lat' dir='ltr'><strong>VIII.</strong></span> <span class='ocrx_word' id='word_1_471' title='bbox 654 3888 896 3955; x_wconf 76' lang='lat' dir='ltr'><strong>Elogium</strong></span> <span class='ocrx_word' id='word_1_472' title='bbox 936 3885 1199 3954; x_wconf 81' lang='lat' dir='ltr'><strong>Origenis.</strong></span> <span class='ocrx_word' id='word_1_473' title='bbox 1239 3885 1327 3941; x_wconf 73' lang='lat' dir='ltr'><strong>IX.</strong></span> <span class='ocrx_word' id='word_1_474' title='bbox 1360 3886 1625 3954; x_wconf 86' lang='lat' dir='ltr'><strong>Sepelitur</strong></span> <span class='ocrx_word' id='word_1_475' title='bbox 1656 3887 1795 3955; x_wconf 88' lang='lat' dir='ltr'><strong>Tyri.</strong></span> <span class='ocrx_word' id='word_1_476' title='bbox 1844 3879 1995 3939; x_wconf 67' lang='lat' dir='ltr'><strong>vana</strong></span> <span class='ocrx_word' id='word_1_477' title='bbox 2025 3879 2089 3934; x_wconf 83' lang='lat' dir='ltr'><strong>de</strong></span> <span class='ocrx_word' id='word_1_478' title='bbox 2120 3882 2233 3951; x_wconf 74' lang='lat' dir='ltr'><strong>ejus</strong></span> <span class='ocrx_word' id='word_1_479' title='bbox 2260 3884 2431 3938; x_wconf 84' lang='lat' dir='ltr'><strong>salute</strong></span> <span class='ocrx_word' id='word_1_480' title='bbox 2452 3886 2674 3954; x_wconf 75' lang='lat' dir='ltr'><strong>quwstio</strong></span> <span class='ocrx_word' id='word_1_481' title='bbox 2695 3887 3139 3953; x_wconf 73' lang='lat' dir='ltr'><strong>prwtermittitur.</strong></span> <span class='ocrx_word' id='word_1_482' title='bbox 3171 3882 3236 3939; x_wconf 70' lang='grc' dir='ltr'><strong>Χ.</strong></span> <span class='ocrx_word' id='word_1_483' title='bbox 3267 3883 3448 3953; x_wconf 78' lang='lat' dir='ltr'><strong>Ipsius</strong></span> <span class='ocrx_word' id='word_1_484' title='bbox 3478 3887 3636 3938; x_wconf 77' lang='lat' dir='ltr'><strong>disci-</strong></span> 
     </span>
    </p>
   </div>
   <div class='ocr_carea' id='block_1_69' title="bbox 458 3958 953 4026">
    <p class='ocr_par' dir='ltr' id='par_1_69' title="bbox 458 3958 953 4026">
     <span class='ocr_line' id='line_1_69' title="bbox 458 3958 953 4026; baseline -0.004 -16"><span class='ocrx_word' id='word_1_485' title='bbox 458 3958 570 4026; x_wconf 83' lang='lat' dir='ltr'><strong>puli</strong></span> <span class='ocrx_word' id='word_1_486' title='bbox 603 3968 953 4011; x_wconf 71' lang='lat' dir='ltr'><strong>reseruantur.</strong></span> 
     </span>
    </p>
   </div>
   <div class='ocr_carea' id='block_1_70' title="bbox 1979 4049 2050 4062">
    <p class='ocr_par' dir='ltr' id='par_1_70' title="bbox 1979 4049 2050 4062">
     <span class='ocr_line' id='line_1_70' title="bbox 1979 4049 2050 4062; baseline -0.028 0"><span class='ocrx_word' id='word_1_487' title='bbox 1979 4049 2050 4062; x_wconf 66' lang='lat'><strong>.—</strong></span> 
     </span>
    </p>
   </div>
   <div class='ocr_carea' id='block_1_71' title="bbox 459 4190 3642 4268">
    <p class='ocr_par' dir='ltr' id='par_1_71' title="bbox 459 4190 3642 4268">
     <span class='ocr_line' id='line_1_71' title="bbox 459 4190 3642 4268; baseline 0 -16"><span class='ocrx_word' id='word_1_488' title='bbox 459 4196 656 4268; x_wconf 66' lang='grc'><strong>1.(24)</strong></span> <span class='ocrx_word' id='word_1_489' title='bbox 704 4195 996 4265; x_wconf 87' lang='lat' dir='ltr'><strong>Triplicem</strong></span> <span class='ocrx_word' id='word_1_490' title='bbox 1046 4196 1211 4258; x_wconf 87' lang='lat' dir='ltr'><strong>hanc,</strong></span> <span class='ocrx_word' id='word_1_491' title='bbox 1265 4208 1424 4262; x_wconf 87' lang='lat' dir='ltr'><strong>quam</strong></span> <span class='ocrx_word' id='word_1_492' title='bbox 1457 4194 1701 4262; x_wconf 82' lang='lat' dir='ltr'><strong>proxime</strong></span> <span class='ocrx_word' id='word_1_493' title='bbox 1724 4195 2027 4254; x_wconf 84' lang='lat' dir='ltr'><strong>comme-C</strong></span> <span class='ocrx_word' id='word_1_494' title='bbox 2059 4191 2340 4246; x_wconf 85' lang='lat' dir='ltr'><strong>sccutione</strong></span> <span class='ocrx_word' id='word_1_495' title='bbox 2412 4192 2665 4263; x_wconf 88' lang='lat' dir='ltr'><strong>princeps</strong></span> <span class='ocrx_word' id='word_1_496' title='bbox 2732 4190 2985 4246; x_wconf 82' lang='lat' dir='ltr'><strong>occubuit</strong></span> <span class='ocrx_word' id='word_1_497' title='bbox 3047 4193 3322 4250; x_wconf 85' lang='lat' dir='ltr'><strong>Fabianus</strong></span> <span class='ocrx_word' id='word_1_498' title='bbox 3391 4196 3642 4267; x_wconf 68' lang='lat' dir='ltr'><strong>pontifex.</strong></span> 
     </span>
    </p>
   </div>
   <div class='ocr_carea' id='block_1_72' title="bbox 388 4280 1963 4351">
    <p class='ocr_par' dir='ltr' id='par_1_72' title="bbox 388 4280 1963 4351">
     <span class='ocr_line' id='line_1_72' title="bbox 388 4280 1963 4351; baseline -0.002 -12"><span class='ocrx_word' id='word_1_499' title='bbox 388 4288 742 4351; x_wconf 71' lang='lat' dir='ltr'><strong>mutavimus,</strong></span> <span class='ocrx_word' id='word_1_500' title='bbox 763 4286 1026 4338; x_wconf 78' lang='lat' dir='ltr'><strong>adversus</strong></span> <span class='ocrx_word' id='word_1_501' title='bbox 1059 4292 1470 4338; x_wconf 86' lang='lat' dir='ltr'><strong>succrescentes</strong></span> <span class='ocrx_word' id='word_1_502' title='bbox 1500 4283 1739 4337; x_wconf 66' lang='lat' dir='ltr'><strong>haereses</strong></span> <span class='ocrx_word' id='word_1_503' title='bbox 1769 4280 1963 4336; x_wconf 86' lang='lat' dir='ltr'><strong>velita-</strong></span> 
     </span>
    </p>
   </div>
   <div class='ocr_carea' id='block_1_73' title="bbox 387 4374 1962 4446">
    <p class='ocr_par' dir='ltr' id='par_1_73' title="bbox 387 4374 1962 4446">
     <span class='ocr_line' id='line_1_73' title="bbox 387 4374 1962 4446; baseline -0.004 -13"><span class='ocrx_word' id='word_1_504' title='bbox 387 4381 590 4433; x_wconf 76' lang='lat' dir='ltr'><strong>tionem</strong></span> <span class='ocrx_word' id='word_1_505' title='bbox 643 4379 854 4432; x_wconf 87' lang='lat' dir='ltr'><strong>videtur</strong></span> <span class='ocrx_word' id='word_1_506' title='bbox 887 4378 1150 4446; x_wconf 87' lang='lat' dir='ltr'><strong>Origenes</strong></span> <span class='ocrx_word' id='word_1_507' title='bbox 1183 4375 1498 4428; x_wconf 77' lang='lat' dir='ltr'><strong>exercuisse</strong></span> <span class='ocrx_word' id='word_1_508' title='bbox 1542 4375 1832 4444; x_wconf 89' lang='lat' dir='ltr'><strong>postremis</strong></span> <span class='ocrx_word' id='word_1_509' title='bbox 1868 4374 1962 4427; x_wconf 88' lang='lat' dir='ltr'><strong>im-</strong></span> 
     </span>
    </p>
   </div>
   <div class='ocr_carea' id='block_1_74' title="bbox 388 4462 1957 4537">
    <p class='ocr_par' dir='ltr' id='par_1_74' title="bbox 388 4462 1957 4537">
     <span class='ocr_line' id='line_1_74' title="bbox 388 4462 1957 4537; baseline -0.003 -17"><span class='ocrx_word' id='word_1_510' title='bbox 388 4469 520 4537; x_wconf 86' lang='lat' dir='ltr'><strong>perii</strong></span> <span class='ocrx_word' id='word_1_511' title='bbox 556 4467 785 4536; x_wconf 87' lang='lat' dir='ltr'><strong>Philippi</strong></span> <span class='ocrx_word' id='word_1_512' title='bbox 818 4468 1019 4529; x_wconf 88' lang='lat' dir='ltr'><strong>annis;</strong></span> <span class='ocrx_word' id='word_1_513' title='bbox 1062 4464 1175 4535; x_wconf 74' lang='grc'>(25)</span> <span class='ocrx_word' id='word_1_514' title='bbox 1210 4463 1300 4532; x_wconf 91' lang='lat' dir='ltr'><strong>qui</strong></span> <span class='ocrx_word' id='word_1_515' title='bbox 1338 4479 1461 4517; x_wconf 85' lang='lat' dir='ltr'><strong>cunt</strong></span> <span class='ocrx_word' id='word_1_516' title='bbox 1507 4466 1798 4534; x_wconf 88' lang='lat' dir='ltr'><strong>septimum</strong></span> <span class='ocrx_word' id='word_1_517' title='bbox 1845 4462 1957 4532; x_wconf 89' lang='lat' dir='ltr'><strong>jam</strong></span> 
     </span>
    </p>
   </div>
   <div class='ocr_carea' id='block_1_75' title="bbox 383 4556 1956 4626">
    <p class='ocr_par' dir='ltr' id='par_1_75' title="bbox 383 4556 1956 4626">
     <span class='ocr_line' id='line_1_75' title="bbox 383 4556 1956 4626; baseline 0 -16"><span class='ocrx_word' id='word_1_518' title='bbox 383 4575 586 4612; x_wconf 87' lang='lat' dir='ltr'><strong>annum</strong></span> <span class='ocrx_word' id='word_1_519' title='bbox 644 4573 822 4612; x_wconf 88' lang='lat' dir='ltr'><strong>rerum</strong></span> <span class='ocrx_word' id='word_1_520' title='bbox 873 4559 1158 4626; x_wconf 86' lang='lat' dir='ltr'><strong>potiretur,</strong></span> <span class='ocrx_word' id='word_1_521' title='bbox 1194 4558 1338 4612; x_wconf 75' lang='lat' dir='ltr'><strong>Decii</strong></span> <span class='ocrx_word' id='word_1_522' title='bbox 1387 4557 1575 4610; x_wconf 85' lang='lat' dir='ltr'><strong>fraude</strong></span> <span class='ocrx_word' id='word_1_523' title='bbox 1613 4557 1841 4611; x_wconf 73' lang='lat' dir='ltr'><strong>Verona:</strong></span> <span class='ocrx_word' id='word_1_524' title='bbox 1887 4556 1956 4610; x_wconf 86' lang='lat' dir='ltr'><strong>ab</strong></span> 
     </span>
    </p>
   </div>
   <div class='ocr_carea' id='block_1_76' title="bbox 383 4647 1949 4717">
    <p class='ocr_par' dir='ltr' id='par_1_76' title="bbox 383 4647 1949 4717">
     <span class='ocr_line' id='line_1_76' title="bbox 383 4647 1949 4717; baseline -0.001 -16"><span class='ocrx_word' id='word_1_525' title='bbox 383 4651 628 4702; x_wconf 79' lang='lat' dir='ltr'><strong>exercitu</strong></span> <span class='ocrx_word' id='word_1_526' title='bbox 659 4650 982 4704; x_wconf 87' lang='lat' dir='ltr'><strong>interfectus</strong></span> <span class='ocrx_word' id='word_1_527' title='bbox 1025 4659 1127 4703; x_wconf 90' lang='lat' dir='ltr'><strong>est.</strong></span> <span class='ocrx_word' id='word_1_528' title='bbox 1167 4648 1504 4717; x_wconf 85' lang='lat' dir='ltr'><strong>Subrogatur</strong></span> <span class='ocrx_word' id='word_1_529' title='bbox 1531 4649 1580 4699; x_wconf 96' lang='lat' dir='ltr'><strong>in</strong></span> <span class='ocrx_word' id='word_1_530' title='bbox 1613 4648 1730 4713; x_wconf 83' lang='lat' dir='ltr'><strong>ejus</strong></span> <span class='ocrx_word' id='word_1_531' title='bbox 1772 4647 1949 4700; x_wconf 88' lang='lat' dir='ltr'><strong>locum</strong></span> 
     </span>
    </p>
   </div>
   <div class='ocr_carea' id='block_1_77' title="bbox 384 4739 1952 4810">
    <p class='ocr_par' dir='ltr' id='par_1_77' title="bbox 384 4739 1952 4810">
     <span class='ocr_line' id='line_1_77' title="bbox 384 4739 1952 4810; baseline -0.001 -18"><span class='ocrx_word' id='word_1_532' title='bbox 384 4739 601 4803; x_wconf 88' lang='lat' dir='ltr'><strong>Decius,</strong></span> <span class='ocrx_word' id='word_1_533' title='bbox 643 4741 732 4810; x_wconf 90' lang='lat' dir='ltr'><strong>qui</strong></span> <span class='ocrx_word' id='word_1_534' title='bbox 767 4751 824 4794; x_wconf 90' lang='lat' dir='ltr'><strong>ut</strong></span> <span class='ocrx_word' id='word_1_535' title='bbox 852 4741 904 4794; x_wconf 93' lang='lat' dir='ltr'><strong>in</strong></span> <span class='ocrx_word' id='word_1_536' title='bbox 940 4741 1168 4810; x_wconf 89' lang='lat' dir='ltr'><strong>Philippi</strong></span> <span class='ocrx_word' id='word_1_537' title='bbox 1204 4740 1520 4795; x_wconf 85' lang='lat' dir='ltr'><strong>memoriam</strong></span> <span class='ocrx_word' id='word_1_538' title='bbox 1551 4739 1804 4792; x_wconf 91' lang='lat' dir='ltr'><strong>incensus</strong></span> <span class='ocrx_word' id='word_1_539' title='bbox 1831 4747 1952 4792; x_wconf 88' lang='lat' dir='ltr'><strong>erat</strong></span> 
     </span>
    </p>
   </div>
   <div class='ocr_carea' id='block_1_78' title="bbox 379 4830 1953 4902">
    <p class='ocr_par' dir='ltr' id='par_1_78' title="bbox 379 4830 1953 4902">
     <span class='ocr_line' id='line_1_78' title="bbox 379 4830 1953 4902; baseline 0.001 -21"><span class='ocrx_word' id='word_1_540' title='bbox 379 4833 527 4893; x_wconf 85' lang='lat' dir='ltr'><strong>odio.</strong></span> <span class='ocrx_word' id='word_1_541' title='bbox 561 4832 1015 4895; x_wconf 86' lang='lat' dir='ltr'><strong>Christianorum,</strong></span> <span class='ocrx_word' id='word_1_542' title='bbox 1047 4848 1183 4902; x_wconf 90' lang='lat' dir='ltr'><strong>quos</strong></span> <span class='ocrx_word' id='word_1_543' title='bbox 1207 4835 1353 4886; x_wconf 89' lang='lat' dir='ltr'><strong>visus</strong></span> <span class='ocrx_word' id='word_1_544' title='bbox 1379 4838 1499 4885; x_wconf 87' lang='lat' dir='ltr'><strong>erat</strong></span> <span class='ocrx_word' id='word_1_545' title='bbox 1526 4831 1726 4884; x_wconf 89' lang='lat' dir='ltr'><strong>charos</strong></span> <span class='ocrx_word' id='word_1_546' title='bbox 1755 4830 1953 4883; x_wconf 90' lang='lat' dir='ltr'><strong>habere</strong></span> 
     </span>
    </p>
   </div>
   <div class='ocr_carea' id='block_1_79' title="bbox 379 4917 1954 4986">
    <p class='ocr_par' dir='ltr' id='par_1_79' title="bbox 379 4917 1954 4986">
     <span class='ocr_line' id='line_1_79' title="bbox 379 4917 1954 4986; baseline -0.001 -15"><span class='ocrx_word' id='word_1_547' title='bbox 379 4917 656 4986; x_wconf 83' lang='lat' dir='ltr'><strong>Philippus</strong></span> <span class='ocrx_word' id='word_1_548' title='bbox 690 4920 816 4974; x_wconf 87' lang='lat' dir='ltr'><strong>du-m</strong></span> <span class='ocrx_word' id='word_1_549' title='bbox 845 4922 1069 4983; x_wconf 88' lang='lat' dir='ltr'><strong>viveret,</strong></span> <span class='ocrx_word' id='word_1_550' title='bbox 1103 4935 1191 4975; x_wconf 88' lang='lat' dir='ltr'><strong>res</strong></span> <span class='ocrx_word' id='word_1_551' title='bbox 1217 4927 1461 4983; x_wconf 86' lang='lat' dir='ltr'><strong>vastare,</strong></span> <span class='ocrx_word' id='word_1_552' title='bbox 1498 4934 1564 4972; x_wconf 90' lang='lat' dir='ltr'><strong>ac</strong></span> <span class='ocrx_word' id='word_1_553' title='bbox 1591 4934 1788 4972; x_wconf 89' lang='lat' dir='ltr'><strong>nomen</strong></span> <span class='ocrx_word' id='word_1_554' title='bbox 1829 4919 1954 4970; x_wconf 89' lang='lat' dir='ltr'><strong>fun-</strong></span> 
     </span>
    </p>
   </div>
   <div class='ocr_carea' id='block_1_80' title="bbox 389 5007 1956 5078">
    <p class='ocr_par' dir='ltr' id='par_1_80' title="bbox 389 5007 1956 5078">
     <span class='ocr_line' id='line_1_80' title="bbox 389 5007 1956 5078; baseline 0.001 -18"><span class='ocrx_word' id='word_1_555' title='bbox 389 5009 533 5062; x_wconf 91' lang='lat' dir='ltr'><strong>ditus</strong></span> <span class='ocrx_word' id='word_1_556' title='bbox 571 5007 751 5065; x_wconf 89' lang='lat' dir='ltr'><strong>delere</strong></span> <span class='ocrx_word' id='word_1_557' title='bbox 778 5013 1085 5066; x_wconf 89' lang='lat' dir='ltr'><strong>constituit.</strong></span> <span class='ocrx_word' id='word_1_558' title='bbox 1116 5012 1170 5064; x_wconf 93' lang='lat' dir='ltr'><strong>lu</strong></span> <span class='ocrx_word' id='word_1_559' title='bbox 1200 5011 1477 5065; x_wconf 89' lang='lat' dir='ltr'><strong>teterrima</strong></span> <span class='ocrx_word' id='word_1_560' title='bbox 1502 5009 1601 5064; x_wconf 90' lang='lat' dir='ltr'><strong>hac</strong></span> <span class='ocrx_word' id='word_1_561' title='bbox 1628 5011 1789 5078; x_wconf 82' lang='lat' dir='ltr'><strong>igitur</strong></span> <span class='ocrx_word' id='word_1_562' title='bbox 1834 5024 1956 5077; x_wconf 88' lang='lat' dir='ltr'><strong>pcr-</strong></span> 
     </span>
    </p>
   </div>
   <div class='ocr_carea' id='block_1_81' title="bbox 452 5139 1516 5281">
    <p class='ocr_par' dir='ltr' id='par_1_81' title="bbox 452 5139 1516 5281">
     <span class='ocr_line' id='line_1_81' title="bbox 452 5139 1516 5281; baseline 0.003 -88"><span class='ocrx_word' id='word_1_563' title='bbox 452 5139 567 5281; x_wconf 53' lang='grc'><strong>(20)</strong></span> <span class='ocrx_word' id='word_1_564' title='bbox 590 5141 782 5197; x_wconf 86' lang='lat' dir='ltr'><strong>Baron.</strong></span> <span class='ocrx_word' id='word_1_565' title='bbox 822 5146 886 5198; x_wconf 88' lang='lat' dir='ltr'><strong>ad</strong></span> <span class='ocrx_word' id='word_1_566' title='bbox 919 5160 1008 5200; x_wconf 90' lang='lat' dir='ltr'><strong>an.</strong></span> <span class='ocrx_word' id='word_1_567' title='bbox 1036 5145 1158 5204; x_wconf 70' lang='grc'><strong>248.</strong></span> <span class='ocrx_word' id='word_1_568' title='bbox 1192 5162 1341 5198; x_wconf 91' lang='lat' dir='ltr'><strong>num.</strong></span> <span class='ocrx_word' id='word_1_569' title='bbox 1374 5146 1426 5201; x_wconf 86' lang='lat' dir='ltr'><strong>I.</strong></span> <span class='ocrx_word' id='word_1_570' title='bbox 1465 5145 1516 5196; x_wconf 88' lang='grc'><strong>2.</strong></span> 
     </span>
     <span class='ocr_line' id='line_1_82' title="bbox 473 5212 1516 5277; baseline 0.004 -13"><span class='ocrx_word' id='word_1_571' title='bbox 473 5212 562 5277; x_wconf 80' lang='grc'><strong>21)</strong></span> <span class='ocrx_word' id='word_1_572' title='bbox 597 5213 820 5276; x_wconf 80' lang='lat' dir='ltr'><strong>Euseb.,</strong></span> <span class='ocrx_word' id='word_1_573' title='bbox 851 5213 1050 5267; x_wconf 85' lang='lat' dir='ltr'><strong>Histor.</strong></span> <span class='ocrx_word' id='word_1_574' title='bbox 1081 5217 1233 5277; x_wconf 85' lang='lat' dir='ltr'><strong>eccl.,</strong></span> <span class='ocrx_word' id='word_1_575' title='bbox 1273 5218 1364 5268; x_wconf 91' lang='lat' dir='ltr'><strong>lib.</strong></span> <span class='ocrx_word' id='word_1_576' title='bbox 1394 5231 1516 5276; x_wconf 28' lang='lat' dir='ltr'><strong>vt,c.</strong></span> 
     </span>
    </p>
   </div>
   <div class='ocr_carea' id='block_1_82' title="bbox 473 5212 1837 5282">
    <p class='ocr_par' dir='ltr' id='par_1_82' title="bbox 473 5212 1837 5282">
     <span class='ocr_line' id='line_1_83' title="bbox 473 5212 1837 5282; baseline 0.001 -18"><span class='ocrx_word' id='word_1_577' title='bbox 473 5212 562 5277; x_wconf 80' lang='grc'><strong>21)</strong></span> <span class='ocrx_word' id='word_1_578' title='bbox 597 5213 820 5276; x_wconf 80' lang='lat' dir='ltr'><strong>Euseb.,</strong></span> <span class='ocrx_word' id='word_1_579' title='bbox 851 5213 1050 5267; x_wconf 85' lang='lat' dir='ltr'><strong>Histor.</strong></span> <span class='ocrx_word' id='word_1_580' title='bbox 1081 5217 1233 5277; x_wconf 85' lang='lat' dir='ltr'><strong>eccl.,</strong></span> <span class='ocrx_word' id='word_1_581' title='bbox 1273 5218 1364 5268; x_wconf 91' lang='lat' dir='ltr'><strong>lib.</strong></span> <span class='ocrx_word' id='word_1_582' title='bbox 1394 5231 1600 5282; x_wconf 80' lang='lat' dir='ltr'><strong>v|,c:tp.</strong></span> <span class='ocrx_word' id='word_1_583' title='bbox 1627 5215 1716 5276; x_wconf 80' lang='grc'><strong>57,</strong></span> <span class='ocrx_word' id='word_1_584' title='bbox 1747 5213 1837 5267; x_wconf 79' lang='grc'><strong>58.</strong></span> 
     </span>
    </p>
   </div>
   <div class='ocr_carea' id='block_1_83' title="bbox 453 5282 1707 5353">
    <p class='ocr_par' dir='ltr' id='par_1_83' title="bbox 453 5282 1707 5353">
     <span class='ocr_line' id='line_1_84' title="bbox 453 5282 1707 5353; baseline 0.002 -19"><span class='ocrx_word' id='word_1_585' title='bbox 453 5284 566 5353; x_wconf 69' lang='grc'><strong>(22)</strong></span> <span class='ocrx_word' id='word_1_586' title='bbox 595 5282 918 5353; x_wconf 58' lang='lat' dir='ltr'><strong>Theodoret.</strong></span> <span class='ocrx_word' id='word_1_587' title='bbox 955 5284 1103 5337; x_wconf 77' lang='lat' dir='ltr'><strong>&quot;ter.</strong></span> <span class='ocrx_word' id='word_1_588' title='bbox 1134 5285 1266 5337; x_wconf 85' lang='lat' dir='ltr'><strong>Fab.</strong></span> <span class='ocrx_word' id='word_1_589' title='bbox 1300 5287 1391 5338; x_wconf 89' lang='lat' dir='ltr'><strong>lib.</strong></span> <span class='ocrx_word' id='word_1_590' title='bbox 1427 5302 1485 5347; x_wconf 89' lang='lat' dir='ltr'><strong>ll,</strong></span> <span class='ocrx_word' id='word_1_591' title='bbox 1509 5301 1628 5353; x_wconf 77' lang='lat' dir='ltr'><strong>cap.</strong></span> <span class='ocrx_word' id='word_1_592' title='bbox 1656 5284 1707 5337; x_wconf 88' lang='lat'><strong>8.</strong></span> 
     </span>
    </p>
   </div>
   <div class='ocr_carea' id='block_1_84' title="bbox 447 5352 1303 5423">
    <p class='ocr_par' dir='ltr' id='par_1_84' title="bbox 447 5352 1303 5423">
     <span class='ocr_line' id='line_1_85' title="bbox 447 5352 1303 5423; baseline 0.004 -18"><span class='ocrx_word' id='word_1_593' title='bbox 447 5352 560 5423; x_wconf 58' lang='grc'><strong>(⁷25)</strong></span> <span class='ocrx_word' id='word_1_594' title='bbox 594 5352 816 5420; x_wconf 84' lang='lat' dir='ltr'><strong>Niccpb.</strong></span> <span class='ocrx_word' id='word_1_595' title='bbox 851 5355 942 5408; x_wconf 90' lang='lat' dir='ltr'><strong>lib.</strong></span> <span class='ocrx_word' id='word_1_596' title='bbox 978 5369 1028 5417; x_wconf 81' lang='grc' dir='ltr'>ν,</span> <span class='ocrx_word' id='word_1_597' title='bbox 1059 5371 1178 5423; x_wconf 85' lang='lat' dir='ltr'><strong>cap.</strong></span> <span class='ocrx_word' id='word_1_598' title='bbox 1214 5355 1303 5408; x_wconf 70' lang='grc'><strong>24.</strong></span> 
     </span>
    </p>
   </div>
   <div class='ocr_carea' id='block_1_85' title="bbox 445 5421 1732 5493">
    <p class='ocr_par' dir='ltr' id='par_1_85' title="bbox 445 5421 1732 5493">
     <span class='ocr_line' id='line_1_86' title="bbox 445 5421 1732 5493; baseline 0.001 -19"><span class='ocrx_word' id='word_1_599' title='bbox 445 5421 558 5491; x_wconf 60' lang='grc'>(24)</span> <span class='ocrx_word' id='word_1_600' title='bbox 593 5423 811 5487; x_wconf 87' lang='lat' dir='ltr'><strong>Euseb.,</strong></span> <span class='ocrx_word' id='word_1_601' title='bbox 847 5423 1049 5478; x_wconf 84' lang='lat' dir='ltr'><strong>IIistor.</strong></span> <span class='ocrx_word' id='word_1_602' title='bbox 1082 5421 1230 5485; x_wconf 73' lang='grc' dir='ltr'><strong>θέει..</strong></span> <span class='ocrx_word' id='word_1_603' title='bbox 1266 5426 1354 5477; x_wconf 89' lang='lat' dir='ltr'><strong>lib.</strong></span> <span class='ocrx_word' id='word_1_604' title='bbox 1383 5441 1454 5490; x_wconf 74' lang='lat' dir='ltr'><strong>vr,</strong></span> <span class='ocrx_word' id='word_1_605' title='bbox 1492 5440 1609 5493; x_wconf 88' lang='lat' dir='ltr'><strong>cap.</strong></span> <span class='ocrx_word' id='word_1_606' title='bbox 1642 5425 1732 5479; x_wconf 73' lang='lat'><strong>59.</strong></span> 
     </span>
    </p>
   </div>
   <div class='ocr_carea' id='block_1_86' title="bbox 446 5493 1940 5562">
    <p class='ocr_par' dir='ltr' id='par_1_86' title="bbox 446 5493 1940 5562">
     <span class='ocr_line' id='line_1_87' title="bbox 446 5493 1940 5562; baseline 0.002 -18"><span class='ocrx_word' id='word_1_607' title='bbox 446 5493 556 5561; x_wconf 73' lang='grc'>(25)</span> <span class='ocrx_word' id='word_1_608' title='bbox 591 5493 694 5556; x_wconf 77' lang='lat' dir='ltr'><strong>Qui</strong></span> <span class='ocrx_word' id='word_1_609' title='bbox 734 5510 850 5546; x_wconf 88' lang='lat' dir='ltr'><strong>cum</strong></span> <span class='ocrx_word' id='word_1_610' title='bbox 895 5497 1165 5562; x_wconf 84' lang='lat' dir='ltr'><strong>septimum</strong></span> <span class='ocrx_word' id='word_1_611' title='bbox 1194 5497 1310 5562; x_wconf 87' lang='lat' dir='ltr'><strong>jam</strong></span> <span class='ocrx_word' id='word_1_612' title='bbox 1359 5512 1554 5548; x_wconf 84' lang='lat' dir='ltr'><strong>annum</strong></span> <span class='ocrx_word' id='word_1_613' title='bbox 1596 5511 1767 5546; x_wconf 88' lang='lat' dir='ltr'><strong>rerum</strong></span> <span class='ocrx_word' id='word_1_614' title='bbox 1806 5496 1940 5562; x_wconf 84' lang='lat' dir='ltr'><strong>poti-</strong></span> 
     </span>
    </p>
   </div>
   <div class='ocr_carea' id='block_1_87' title="bbox 375 5564 1931 5634">
    <p class='ocr_par' dir='ltr' id='par_1_87' title="bbox 375 5564 1931 5634">
     <span class='ocr_line' id='line_1_88' title="bbox 375 5564 1931 5634; baseline 0.003 -21"><span class='ocrx_word' id='word_1_615' title='bbox 375 5573 564 5634; x_wconf 52' lang='lat' dir='ltr'><strong>retur.</strong></span> <span class='ocrx_word' id='word_1_616' title='bbox 592 5564 807 5632; x_wconf 75' lang='lat' dir='ltr'><strong>Septem</strong></span> <span class='ocrx_word' id='word_1_617' title='bbox 849 5565 1003 5618; x_wconf 85' lang='lat' dir='ltr'><strong>annis</strong></span> <span class='ocrx_word' id='word_1_618' title='bbox 1043 5567 1351 5634; x_wconf 82' lang='lat' dir='ltr'><strong>regnavisse</strong></span> <span class='ocrx_word' id='word_1_619' title='bbox 1384 5564 1687 5634; x_wconf 81' lang='lat' dir='ltr'><strong>Philippum</strong></span> <span class='ocrx_word' id='word_1_620' title='bbox 1741 5566 1931 5618; x_wconf 81' lang='lat' dir='ltr'><strong>scribit</strong></span> 
     </span>
    </p>
   </div>
   <div class='ocr_carea' id='block_1_88' title="bbox 377 5632 1930 5703">
    <p class='ocr_par' dir='ltr' id='par_1_88' title="bbox 377 5632 1930 5703">
     <span class='ocr_line' id='line_1_89' title="bbox 377 5632 1930 5703; baseline 0.004 -21"><span class='ocrx_word' id='word_1_621' title='bbox 377 5632 674 5703; x_wconf 70' lang='lat' dir='ltr'><strong>Eusebius,</strong></span> <span class='ocrx_word' id='word_1_622' title='bbox 736 5649 895 5703; x_wconf 91' lang='lat' dir='ltr'><strong>quem</strong></span> <span class='ocrx_word' id='word_1_623' title='bbox 952 5632 1252 5703; x_wconf 77' lang='lat' dir='ltr'><strong>sequuntur</strong></span> <span class='ocrx_word' id='word_1_624' title='bbox 1311 5632 1570 5697; x_wconf 80' lang='lat' dir='ltr'><strong>Orosius,</strong></span> <span class='ocrx_word' id='word_1_625' title='bbox 1612 5633 1930 5702; x_wconf 82' lang='lat' dir='ltr'><strong>Eutycbius,</strong></span> 
     </span>
    </p>
   </div>
   <div class='ocr_carea' id='block_1_89' title="bbox 372 5700 1934 5775">
    <p class='ocr_par' dir='ltr' id='par_1_89' title="bbox 372 5700 1934 5775">
     <span class='ocr_line' id='line_1_90' title="bbox 372 5700 1934 5775; baseline 0.005 -25"><span class='ocrx_word' id='word_1_626' title='bbox 372 5700 770 5770; x_wconf 43' lang='lat' dir='ltr'><strong>Albularuyus,’</strong></span> <span class='ocrx_word' id='word_1_627' title='bbox 812 5700 1078 5774; x_wconf 80' lang='lat' dir='ltr'><strong>Georgius</strong></span> <span class='ocrx_word' id='word_1_628' title='bbox 1130 5703 1434 5775; x_wconf 79' lang='lat' dir='ltr'><strong>Synoellus,</strong></span> <span class='ocrx_word' id='word_1_629' title='bbox 1499 5700 1831 5773; x_wconf 83' lang='lat' dir='ltr'><strong>Epiphanius</strong></span> <span class='ocrx_word' id='word_1_630' title='bbox 1879 5715 1934 5758; x_wconf 90' lang='lat' dir='ltr'><strong>et</strong></span> 
     </span>
    </p>
   </div>
   <div class='ocr_carea' id='block_1_90' title="bbox 2069 4281 3635 4351">
    <p class='ocr_par' dir='ltr' id='par_1_90' title="bbox 2069 4281 3635 4351">
     <span class='ocr_line' id='line_1_91' title="bbox 2069 4281 3635 4351; baseline 0.006 -17"><span class='ocrx_word' id='word_1_631' title='bbox 2069 4283 2355 4346; x_wconf 81' lang='lat' dir='ltr'><strong>maximus,</strong></span> <span class='ocrx_word' id='word_1_632' title='bbox 2386 4283 2442 4337; x_wconf 91' lang='lat' dir='ltr'><strong>in</strong></span> <span class='ocrx_word' id='word_1_633' title='bbox 2472 4282 2631 4351; x_wconf 87' lang='lat' dir='ltr'><strong>cujus</strong></span> <span class='ocrx_word' id='word_1_634' title='bbox 2671 4281 2851 4337; x_wconf 91' lang='lat' dir='ltr'><strong>locum</strong></span> <span class='ocrx_word' id='word_1_635' title='bbox 2889 4281 3148 4341; x_wconf 72' lang='lat' dir='ltr'><strong>sullectus</strong></span> <span class='ocrx_word' id='word_1_636' title='bbox 3194 4296 3274 4340; x_wconf 89' lang='lat' dir='ltr'><strong>est</strong></span> <span class='ocrx_word' id='word_1_637' title='bbox 3322 4286 3635 4344; x_wconf 86' lang='lat' dir='ltr'><strong>Cornelius.</strong></span> 
     </span>
    </p>
   </div>
   <div class='ocr_carea' id='block_1_91' title="bbox 2065 4373 3636 4452">
    <p class='ocr_par' dir='ltr' id='par_1_91' title="bbox 2065 4373 3636 4452">
     <span class='ocr_line' id='line_1_92' title="bbox 2065 4373 3636 4452; baseline 0.005 -26"><span class='ocrx_word' id='word_1_638' title='bbox 2065 4373 2124 4426; x_wconf 92' lang='lat' dir='ltr'><strong>In</strong></span> <span class='ocrx_word' id='word_1_639' title='bbox 2149 4388 2428 4428; x_wconf 90' lang='lat' dir='ltr'><strong>carcerem</strong></span> <span class='ocrx_word' id='word_1_640' title='bbox 2450 4389 2665 4444; x_wconf 87' lang='lat' dir='ltr'><strong>quoque</strong></span> <span class='ocrx_word' id='word_1_641' title='bbox 2695 4376 2960 4445; x_wconf 85' lang='lat' dir='ltr'><strong>compacti</strong></span> <span class='ocrx_word' id='word_1_642' title='bbox 2987 4387 3114 4430; x_wconf 92' lang='lat' dir='ltr'><strong>sunt</strong></span> <span class='ocrx_word' id='word_1_643' title='bbox 3135 4379 3340 4434; x_wconf 90' lang='lat' dir='ltr'><strong>nobiles</strong></span> <span class='ocrx_word' id='word_1_644' title='bbox 3370 4381 3636 4452; x_wconf 80' lang='lat' dir='ltr'><strong>opiscOpi,</strong></span> 
     </span>
    </p>
   </div>
   <div class='ocr_carea' id='block_1_92' title="bbox 2061 4461 3638 4540">
    <p class='ocr_par' dir='ltr' id='par_1_92' title="bbox 2061 4461 3638 4540">
     <span class='ocr_line' id='line_1_93' title="bbox 2061 4461 3638 4540; baseline 0.008 -26"><span class='ocrx_word' id='word_1_645' title='bbox 2061 4461 2394 4525; x_wconf 80' lang='lat' dir='ltr'><strong>Alexander,</strong></span> <span class='ocrx_word' id='word_1_646' title='bbox 2440 4464 2486 4518; x_wconf 90' lang='lat' dir='ltr'><strong>is</strong></span> <span class='ocrx_word' id='word_1_647' title='bbox 2541 4480 2569 4516; x_wconf 92' lang='lat' dir='ltr'><strong>a</strong></span> <span class='ocrx_word' id='word_1_648' title='bbox 2618 4480 2733 4534; x_wconf 83' lang='lat' dir='ltr'><strong>quo</strong></span> <span class='ocrx_word' id='word_1_649' title='bbox 2771 4465 2914 4519; x_wconf 91' lang='lat' dir='ltr'><strong>inter</strong></span> <span class='ocrx_word' id='word_1_650' title='bbox 2956 4467 3308 4537; x_wconf 84' lang='lat' dir='ltr'><strong>presbyteros</strong></span> <span class='ocrx_word' id='word_1_651' title='bbox 3361 4474 3638 4540; x_wconf 75' lang='lat' dir='ltr'><strong>quondam</strong></span> 
     </span>
    </p>
   </div>
   <div class='ocr_carea' id='block_1_93' title="bbox 2061 4551 3646 4632">
    <p class='ocr_par' dir='ltr' id='par_1_93' title="bbox 2061 4551 3646 4632">
     <span class='ocr_line' id='line_1_94' title="bbox 2061 4551 3646 4632; baseline 0.008 -25"><span class='ocrx_word' id='word_1_652' title='bbox 2061 4551 2322 4622; x_wconf 90' lang='lat' dir='ltr'><strong>Origenes</strong></span> <span class='ocrx_word' id='word_1_653' title='bbox 2364 4552 2544 4608; x_wconf 86' lang='lat' dir='ltr'><strong>fuerat</strong></span> <span class='ocrx_word' id='word_1_654' title='bbox 2591 4565 2896 4624; x_wconf 80' lang='lat' dir='ltr'><strong>cooptatus,</strong></span> <span class='ocrx_word' id='word_1_655' title='bbox 2946 4567 3000 4611; x_wconf 91' lang='lat' dir='ltr'><strong>et</strong></span> <span class='ocrx_word' id='word_1_656' title='bbox 3057 4557 3288 4630; x_wconf 81' lang='lat' dir='ltr'><strong>Babylas</strong></span> <span class='ocrx_word' id='word_1_657' title='bbox 3319 4579 3333 4614; x_wconf 91' lang='lat'><strong>:</strong></span> <span class='ocrx_word' id='word_1_658' title='bbox 3366 4563 3463 4632; x_wconf 87' lang='lat' dir='ltr'><strong>qui</strong></span> <span class='ocrx_word' id='word_1_659' title='bbox 3515 4579 3646 4619; x_wconf 67' lang='lat' dir='ltr'><strong>cum.</strong></span> 
     </span>
    </p>
   </div>
   <div class='ocr_carea' id='block_1_94' title="bbox 2062 4643 3636 4721">
    <p class='ocr_par' dir='ltr' id='par_1_94' title="bbox 2062 4643 3636 4721">
     <span class='ocr_line' id='line_1_95' title="bbox 2062 4643 3636 4721; baseline 0.01 -25"><span class='ocrx_word' id='word_1_660' title='bbox 2062 4643 2206 4699; x_wconf 84' lang='lat' dir='ltr'><strong>letho</strong></span> <span class='ocrx_word' id='word_1_661' title='bbox 2235 4645 2491 4699; x_wconf 90' lang='lat' dir='ltr'><strong>destinati</strong></span> <span class='ocrx_word' id='word_1_662' title='bbox 2531 4646 2584 4699; x_wconf 93' lang='lat' dir='ltr'><strong>in</strong></span> <span class='ocrx_word' id='word_1_663' title='bbox 2617 4646 2849 4702; x_wconf 87' lang='lat' dir='ltr'><strong>vinculis</strong></span> <span class='ocrx_word' id='word_1_664' title='bbox 2877 4647 3140 4704; x_wconf 90' lang='lat' dir='ltr'><strong>obiissent</strong></span> <span class='ocrx_word' id='word_1_665' title='bbox 3162 4691 3178 4716; x_wconf 92' lang='lat'><strong>,</strong></span> <span class='ocrx_word' id='word_1_666' title='bbox 3225 4653 3349 4706; x_wconf 90' lang='lat' dir='ltr'><strong>huic</strong></span> <span class='ocrx_word' id='word_1_667' title='bbox 3390 4653 3598 4712; x_wconf 86' lang='lat' dir='ltr'><strong>Fabius</strong></span> <span class='ocrx_word' id='word_1_668' title='bbox 3619 4697 3636 4721; x_wconf 91' lang='lat'><strong>,</strong></span> 
     </span>
    </p>
   </div>
   <div class='ocr_carea' id='block_1_95' title="bbox 2061 4735 3639 4809">
    <p class='ocr_par' dir='ltr' id='par_1_95' title="bbox 2061 4735 3639 4809">
     <span class='ocr_line' id='line_1_96' title="bbox 2061 4735 3639 4809; baseline 0.01 -20"><span class='ocrx_word' id='word_1_669' title='bbox 2061 4737 2134 4790; x_wconf 95' lang='lat' dir='ltr'><strong>illi</strong></span> <span class='ocrx_word' id='word_1_670' title='bbox 2169 4735 2491 4791; x_wconf 84' lang='lat' dir='ltr'><strong>Mazabanes</strong></span> <span class='ocrx_word' id='word_1_671' title='bbox 2517 4739 2802 4792; x_wconf 91' lang='lat' dir='ltr'><strong>successit.</strong></span> <span class='ocrx_word' id='word_1_672' title='bbox 2851 4739 2915 4792; x_wconf 88' lang='lat' dir='ltr'><strong>Et</strong></span> <span class='ocrx_word' id='word_1_673' title='bbox 2948 4743 3076 4809; x_wconf 89' lang='lat' dir='ltr'><strong>quid</strong></span> <span class='ocrx_word' id='word_1_674' title='bbox 3104 4759 3198 4798; x_wconf 86' lang='lat' dir='ltr'><strong>eos</strong></span> <span class='ocrx_word' id='word_1_675' title='bbox 3222 4760 3415 4802; x_wconf 88' lang='lat' dir='ltr'><strong>omnes</strong></span> <span class='ocrx_word' id='word_1_676' title='bbox 3444 4765 3639 4804; x_wconf 73' lang='lat' dir='ltr'><strong>recen-</strong></span> 
     </span>
    </p>
   </div>
   <div class='ocr_carea' id='block_1_96' title="bbox 2062 4829 3648 4898">
    <p class='ocr_par' dir='ltr' id='par_1_96' title="bbox 2062 4829 3648 4898">
     <span class='ocr_line' id='line_1_97' title="bbox 2062 4829 3648 4898; baseline 0.01 -17"><span class='ocrx_word' id='word_1_677' title='bbox 2062 4844 2181 4882; x_wconf 91' lang='lat' dir='ltr'><strong>sere</strong></span> <span class='ocrx_word' id='word_1_678' title='bbox 2213 4829 2427 4892; x_wconf 86' lang='lat' dir='ltr'><strong>attinet,</strong></span> <span class='ocrx_word' id='word_1_679' title='bbox 2457 4844 2594 4898; x_wconf 91' lang='lat' dir='ltr'><strong>quos</strong></span> <span class='ocrx_word' id='word_1_680' title='bbox 2639 4829 3009 4886; x_wconf 85' lang='lat' dir='ltr'><strong>funestissima</strong></span> <span class='ocrx_word' id='word_1_681' title='bbox 3039 4834 3128 4888; x_wconf 90' lang='lat' dir='ltr'><strong>illa</strong></span> <span class='ocrx_word' id='word_1_682' title='bbox 3171 4835 3426 4893; x_wconf 77' lang='lat' dir='ltr'><strong>Ecclesiae</strong></span> <span class='ocrx_word' id='word_1_683' title='bbox 3455 4843 3648 4896; x_wconf 85' lang='lat' dir='ltr'><strong>clades-</strong></span> 
     </span>
    </p>
   </div>
   <div class='ocr_carea' id='block_1_97' title="bbox 2062 4922 3636 4990">
    <p class='ocr_par' dir='ltr' id='par_1_97' title="bbox 2062 4922 3636 4990">
     <span class='ocr_line' id='line_1_98' title="bbox 2062 4922 3636 4990; baseline 0.01 -16"><span class='ocrx_word' id='word_1_684' title='bbox 2062 4923 2440 4990; x_wconf 83' lang='lat' dir='ltr'><strong>cousumpsit?</strong></span> <span class='ocrx_word' id='word_1_685' title='bbox 2471 4922 2695 4978; x_wconf 80' lang='lat' dir='ltr'><strong>Referta</strong></span> <span class='ocrx_word' id='word_1_686' title='bbox 2744 4934 2871 4979; x_wconf 90' lang='lat' dir='ltr'><strong>sunt</strong></span> <span class='ocrx_word' id='word_1_687' title='bbox 2913 4941 3098 4981; x_wconf 91' lang='lat' dir='ltr'><strong>eorum</strong></span> <span class='ocrx_word' id='word_1_688' title='bbox 3145 4932 3458 4989; x_wconf 89' lang='lat' dir='ltr'><strong>nominibus</strong></span> <span class='ocrx_word' id='word_1_689' title='bbox 3491 4937 3636 4990; x_wconf 85' lang='lat' dir='ltr'><strong>anti-</strong></span> 
     </span>
    </p>
   </div>
   <div class='ocr_carea' id='block_1_98' title="bbox 2062 5013 3640 5092">
    <p class='ocr_par' dir='ltr' id='par_1_98' title="bbox 2062 5013 3640 5092">
     <span class='ocr_line' id='line_1_99' title="bbox 2062 5013 3640 5092; baseline 0.01 -27"><span class='ocrx_word' id='word_1_690' title='bbox 2062 5029 2164 5081; x_wconf 89' lang='lat' dir='ltr'><strong>qua</strong></span> <span class='ocrx_word' id='word_1_691' title='bbox 2228 5013 2644 5084; x_wconf 77' lang='lat' dir='ltr'><strong>Martyrologia-</strong></span> <span class='ocrx_word' id='word_1_692' title='bbox 2687 5014 2792 5070; x_wconf 91' lang='lat' dir='ltr'><strong>Sed</strong></span> <span class='ocrx_word' id='word_1_693' title='bbox 2846 5016 3190 5074; x_wconf 69' lang='lat' dir='ltr'><strong>Palazstinam</strong></span> <span class='ocrx_word' id='word_1_694' title='bbox 3243 5025 3522 5092; x_wconf 67' lang='lat' dir='ltr'><strong>praecipue</strong></span> <span class='ocrx_word' id='word_1_695' title='bbox 3576 5042 3640 5081; x_wconf 86' lang='lat' dir='ltr'><strong>ea</strong></span> 
     </span>
    </p>
   </div>
   <div class='ocr_carea' id='block_1_99' title="bbox 2056 5146 3642 5220">
    <p class='ocr_par' dir='ltr' id='par_1_99' title="bbox 2056 5146 3642 5220">
     <span class='ocr_line' id='line_1_100' title="bbox 2056 5146 3642 5220; baseline 0.011 -19"><span class='ocrx_word' id='word_1_696' title='bbox 2056 5146 2704 5220; x_wconf 70' lang='lat' dir='ltr'><strong>NicephoriChronicon.</strong></span> <span class='ocrx_word' id='word_1_697' title='bbox 2725 5149 2830 5204; x_wconf 91' lang='lat' dir='ltr'><strong>Sed</strong></span> <span class='ocrx_word' id='word_1_698' title='bbox 2858 5167 2923 5206; x_wconf 78' lang='lat' dir='ltr'><strong>ex</strong></span> <span class='ocrx_word' id='word_1_699' title='bbox 2956 5152 3215 5210; x_wconf 76' lang='lat' dir='ltr'><strong>Chronico</strong></span> <span class='ocrx_word' id='word_1_700' title='bbox 3242 5157 3642 5220; x_wconf 67' lang='lat' dir='ltr'><strong>Alexandrino.</strong></span> 
     </span>
    </p>
   </div>
   <div class='ocr_carea' id='block_1_100' title="bbox 2056 5219 3637 5290">
    <p class='ocr_par' dir='ltr' id='par_1_100' title="bbox 2056 5219 3637 5290">
     <span class='ocr_line' id='line_1_101' title="bbox 2056 5219 3637 5290; baseline 0.006 -21"><span class='ocrx_word' id='word_1_701' title='bbox 2056 5229 2286 5288; x_wconf 87' lang='lat' dir='ltr'><strong>utroque</strong></span> <span class='ocrx_word' id='word_1_702' title='bbox 2331 5219 2568 5284; x_wconf 80' lang='lat' dir='ltr'><strong>Victore,</strong></span> <span class='ocrx_word' id='word_1_703' title='bbox 2603 5221 2884 5290; x_wconf 73' lang='lat' dir='ltr'><strong>EutrOpio,</strong></span> <span class='ocrx_word' id='word_1_704' title='bbox 2943 5223 3173 5286; x_wconf 81' lang='lat' dir='ltr'><strong>Zonara,</strong></span> <span class='ocrx_word' id='word_1_705' title='bbox 3206 5219 3637 5283; x_wconf 77' lang='lat' dir='ltr'><strong>numisutatibus</strong></span> 
     </span>
    </p>
   </div>
   <div class='ocr_carea' id='block_1_101' title="bbox 2054 5289 3633 5356">
    <p class='ocr_par' dir='ltr' id='par_1_101' title="bbox 2054 5289 3633 5356">
     <span class='ocr_line' id='line_1_102' title="bbox 2054 5289 3633 5356; baseline 0.008 -16"><span class='ocrx_word' id='word_1_706' title='bbox 2054 5290 2320 5356; x_wconf 81' lang='lat' dir='ltr'><strong>plurimis.</strong></span> <span class='ocrx_word' id='word_1_707' title='bbox 2359 5291 2544 5343; x_wconf 91' lang='lat' dir='ltr'><strong>codice</strong></span> <span class='ocrx_word' id='word_1_708' title='bbox 2593 5289 2904 5345; x_wconf 83' lang='lat' dir='ltr'><strong>Justiniano</strong></span> <span class='ocrx_word' id='word_1_709' title='bbox 2944 5303 2998 5346; x_wconf 91' lang='lat' dir='ltr'><strong>et</strong></span> <span class='ocrx_word' id='word_1_710' title='bbox 3053 5309 3118 5347; x_wconf 76' lang='lat' dir='ltr'><strong>ex</strong></span> <span class='ocrx_word' id='word_1_711' title='bbox 3168 5297 3289 5351; x_wconf 88' lang='lat' dir='ltr'><strong>aliis</strong></span> <span class='ocrx_word' id='word_1_712' title='bbox 3322 5301 3633 5353; x_wconf 82' lang='lat' dir='ltr'><strong>auctorita-</strong></span> 
     </span>
    </p>
   </div>
   <div class='ocr_carea' id='block_1_102' title="bbox 2054 5360 3636 5438">
    <p class='ocr_par' dir='ltr' id='par_1_102' title="bbox 2054 5360 3636 5438">
     <span class='ocr_line' id='line_1_103' title="bbox 2054 5360 3636 5438; baseline 0.006 -28"><span class='ocrx_word' id='word_1_713' title='bbox 2054 5360 2194 5438; x_wconf 80' lang='lat' dir='ltr'><strong>tibus</strong></span> <span class='ocrx_word' id='word_1_714' title='bbox 2248 5370 2360 5411; x_wconf 88' lang='lat' dir='ltr'><strong>tum</strong></span> <span class='ocrx_word' id='word_1_715' title='bbox 2395 5360 2674 5429; x_wconf 89' lang='lat' dir='ltr'><strong>antiquis,</strong></span> <span class='ocrx_word' id='word_1_716' title='bbox 2740 5371 2850 5414; x_wconf 90' lang='lat' dir='ltr'><strong>tum</strong></span> <span class='ocrx_word' id='word_1_717' title='bbox 2907 5365 3324 5438; x_wconf 78' lang='lat' dir='ltr'><strong>recentioribus,</strong></span> <span class='ocrx_word' id='word_1_718' title='bbox 3387 5371 3636 5438; x_wconf 84' lang='lat' dir='ltr'><strong>quinque</strong></span> 
     </span>
    </p>
   </div>
   <div class='ocr_carea' id='block_1_103' title="bbox 2051 5430 3634 5504">
    <p class='ocr_par' dir='ltr' id='par_1_103' title="bbox 2051 5430 3634 5504">
     <span class='ocr_line' id='line_1_104' title="bbox 2051 5430 3634 5504; baseline 0.008 -25"><span class='ocrx_word' id='word_1_719' title='bbox 2051 5430 2311 5504; x_wconf 73' lang='lat' dir='ltr'><strong>duntaxat</strong></span> <span class='ocrx_word' id='word_1_720' title='bbox 2342 5445 2510 5482; x_wconf 90' lang='lat' dir='ltr'><strong>annos</strong></span> <span class='ocrx_word' id='word_1_721' title='bbox 2543 5441 2604 5504; x_wconf 82' lang='lat' dir='ltr'><strong>et</strong></span> <span class='ocrx_word' id='word_1_722' title='bbox 2638 5433 3091 5504; x_wconf 81' lang='lat' dir='ltr'><strong>mensesaliquot</strong></span> <span class='ocrx_word' id='word_1_723' title='bbox 3133 5430 3438 5504; x_wconf 74' lang='lat' dir='ltr'><strong>imperasse</strong></span> <span class='ocrx_word' id='word_1_724' title='bbox 3487 5430 3634 5492; x_wconf 69' lang='grc' dir='ltr'><strong>νίἱιε·</strong></span> 
     </span>
    </p>
   </div>
   <div class='ocr_carea' id='block_1_104' title="bbox 2051 5499 3637 5569">
    <p class='ocr_par' dir='ltr' id='par_1_104' title="bbox 2051 5499 3637 5569">
     <span class='ocr_line' id='line_1_105' title="bbox 2051 5499 3637 5569; baseline 0.009 -22"><span class='ocrx_word' id='word_1_725' title='bbox 2051 5507 2136 5550; x_wconf 90' lang='lat' dir='ltr'><strong>tur</strong></span> <span class='ocrx_word' id='word_1_726' title='bbox 2176 5499 2474 5567; x_wconf 87' lang='lat' dir='ltr'><strong>Philippus,</strong></span> <span class='ocrx_word' id='word_1_727' title='bbox 2505 5501 2574 5554; x_wconf 85' lang='lat' dir='ltr'><strong>ab</strong></span> <span class='ocrx_word' id='word_1_728' title='bbox 2608 5515 2750 5554; x_wconf 90' lang='lat' dir='ltr'><strong>anno</strong></span> <span class='ocrx_word' id='word_1_729' title='bbox 2775 5499 2991 5556; x_wconf 76' lang='lat' dir='ltr'><strong>scilicet</strong></span> <span class='ocrx_word' id='word_1_730' title='bbox 3013 5503 3139 5568; x_wconf 70' lang='grc'><strong>244,</strong></span> <span class='ocrx_word' id='word_1_731' title='bbox 3180 5499 3243 5558; x_wconf 62' lang='lat' dir='ltr'><strong>all</strong></span> <span class='ocrx_word' id='word_1_732' title='bbox 3264 5499 3480 5562; x_wconf 80' lang='lat' dir='ltr'><strong>annum</strong></span> <span class='ocrx_word' id='word_1_733' title='bbox 3503 5509 3637 5569; x_wconf 63' lang='lat'><strong>259,</strong></span> 
     </span>
    </p>
   </div>
   <div class='ocr_carea' id='block_1_105' title="bbox 2038 5569 3646 5644">
    <p class='ocr_par' dir='ltr' id='par_1_105' title="bbox 2038 5569 3646 5644">
     <span class='ocr_line' id='line_1_106' title="bbox 2038 5569 3646 5644; baseline 0.009 -25"><span class='ocrx_word' id='word_1_734' title='bbox 2038 5583 2144 5636; x_wconf 91' lang='lat' dir='ltr'><strong>quo</strong></span> <span class='ocrx_word' id='word_1_735' title='bbox 2174 5584 2201 5622; x_wconf 88' lang='lat' dir='ltr'><strong>a</strong></span> <span class='ocrx_word' id='word_1_736' title='bbox 2231 5569 2393 5623; x_wconf 88' lang='lat' dir='ltr'><strong>Decio</strong></span> <span class='ocrx_word' id='word_1_737' title='bbox 2419 5570 2633 5644; x_wconf 72' lang='lat' dir='ltr'><strong>occisus</strong></span> <span class='ocrx_word' id='word_1_738' title='bbox 2658 5580 2757 5624; x_wconf 90' lang='lat' dir='ltr'><strong>est.</strong></span> <span class='ocrx_word' id='word_1_739' title='bbox 2782 5570 2936 5644; x_wconf 47' lang='lat' dir='ltr'><strong>fide</strong></span> <span class='ocrx_word' id='word_1_740' title='bbox 2968 5572 3299 5638; x_wconf 83' lang='lat' dir='ltr'><strong>Tillemont.,</strong></span> <span class='ocrx_word' id='word_1_741' title='bbox 3339 5576 3491 5631; x_wconf 76' lang='lat' dir='ltr'><strong>Hist.</strong></span> <span class='ocrx_word' id='word_1_742' title='bbox 3539 5582 3646 5644; x_wconf 61' lang='lat' dir='ltr'><strong>ius:</strong></span> 
     </span>
    </p>
   </div>
   <div class='ocr_carea' id='block_1_106' title="bbox 2038 5636 3498 5717">
    <p class='ocr_par' dir='ltr' id='par_1_106' title="bbox 2038 5636 3498 5717">
     <span class='ocr_line' id='line_1_107' title="bbox 2038 5636 3498 5717; baseline 0.008 -25"><span class='ocrx_word' id='word_1_743' title='bbox 2038 5648 2207 5705; x_wconf 86' lang='lat' dir='ltr'><strong>perat.</strong></span> <span class='ocrx_word' id='word_1_744' title='bbox 2241 5650 2375 5698; x_wconf 89' lang='lat' dir='ltr'><strong>tom.</strong></span> <span class='ocrx_word' id='word_1_745' title='bbox 2418 5639 2504 5705; x_wconf 94' lang='lat' dir='ltr'><strong>lll,</strong></span> <span class='ocrx_word' id='word_1_746' title='bbox 2539 5639 2662 5695; x_wconf 83' lang='lat' dir='ltr'><strong>Not.</strong></span> <span class='ocrx_word' id='word_1_747' title='bbox 2689 5644 2744 5696; x_wconf 88' lang='lat' dir='ltr'><strong>in</strong></span> <span class='ocrx_word' id='word_1_748' title='bbox 2771 5636 3029 5708; x_wconf 79' lang='lat' dir='ltr'><strong>Cprdian.</strong></span> <span class='ocrx_word' id='word_1_749' title='bbox 3065 5658 3117 5700; x_wconf 89' lang='lat' dir='ltr'><strong>et</strong></span> <span class='ocrx_word' id='word_1_750' title='bbox 3144 5645 3204 5701; x_wconf 86' lang='lat' dir='ltr'><strong>in</strong></span> <span class='ocrx_word' id='word_1_751' title='bbox 3243 5636 3498 5717; x_wconf 66' lang='lat' dir='ltr'><strong>Philipp-</strong></span> 
     </span>
    </p>
   </div>
  </div>
