3840 6222
292 252 398 309 689

1346 252 1926 311 ORIGENIANORUM
1964 253 2094 312 LIB.
2136 255 2179 322 ι,
2222 257 2369 311 CAP.
2408 257 2504 314 ιν.

3434 266 3540 325 690

294 381 509 441 strages
540 369 721 427 aﬂecit
753 386 767 422 :
799 369 958 425 multi
1006 369 1278 441 siquidem
1312 369 1564 441 Origenis
1602 370 1861 426 exhorta-
1892 374 1935 431 A
1965 370 2795 442 bliothecarius(28)etZonaras
2810 373 2949 448 (29),
2979 376 3065 432 vix
3086 376 3333 446 equidem
3350 386 3536 449 credo,

296 463 537 517 tionibus
566 460 784 517 accensi
825 459 972 516 Decii
1010 459 1288 516 furoribus
1322 474 1448 516 sese
1475 460 1688 516 fortiter
1716 460 1867 531 obje-

293 562 510 607 cerunt.

365 645 430 700 ll.
462 645 563 712 Qui
612 645 817 716 Tyrum
863 644 977 713 jam
1029 656 1157 701 ante
1192 645 1532 700 concessisse
1568 642 1862 715 'Origettcm

295 740 548 803 credunt,
584 754 746 809 quam
774 737 1069 793 Christiani
1109 753 1141 792 a
1170 737 1337 794 Decio
1366 737 1667 808 oppugnari
1702 724 1863 806 capti

292 833 426 895 sint,
460 832 615 889 facile
641 833 707 887 iis
729 832 1000 887 assentior
1023 846 1304 887 :secessus
1336 847 1535 884 annum
1562 831 1863 900 assignare,

294 925 553 980 hariolari
587 934 694 980 est.
747 922 802 978 In
835 939 959 979 eum
994 934 1144 981 certe
1184 924 1421 978 maxima
1471 920 1865 993 persecutionis

264 1019 467 1089 .hujtts
526 1018 769 1084 gravitas
822 1011 1107 1082 incubuit,
1166 1030 1328 1085 quam
1394 1015 1582 1069 eadem
1643 1013 1865 1082 pertulit

296 1113 632 1173 constantia,
661 1125 767 1180 qua
794 1109 916 1167 aliis
938 1124 1059 1165 earn
1088 1120 1146 1164 ut
1169 1107 1497 1179 perferrent,
1528 1116 1717 1161 auctor
1747 1106 1865 1164 fue-

292 1215 399 1262 rat.
446 1202 578 1258 Nam
615 1203 848 1271 primum
881 1202 937 1257 in
974 1201 1297 1271 profundum
1351 1214 1628 1255 carcerem
1682 1199 1865 1253 detru-

291 1312 387 1351 sus
414 1304 531 1363 est;
560 1295 770 1365 torquis
792 1294 1001 1350 ferreus
1022 1293 1162 1349 collo
1193 1292 1455 1363 injectus;
1488 1291 1865 1362 pedesligneis

292 1387 499 1457 pedicis
527 1386 724 1457 grandi
752 1385 1039 1442 intervallo
1072 1386 1303 1440 invicem
1332 1384 1553 1439 remotis
1584 1385 1653 1438 ita
1677 1383 1862 1439 inserti

290 1488 441 1547 sunt,
476 1488 536 1534 ut
562 1478 877 1533 divaricatis
903 1479 1160 1534 cruribus
1192 1478 1515 1533 distractum
1544 1492 1741 1546 corpus
1768 1492 1865 1545 per

290 1570 491 1625 multos
542 1571 659 1627 dies
707 1570 986 1625 dirissime
1027 1579 1373 1639 torqueretur
1405 1585 1420 1623 :
1451 1567 1866 1623 intentabantur

282 1662 495 1733 ignium
524 1672 581 1717 et
608 1661 996 1731 suppliciorum
1023 1661 1206 1725 minae,
1233 1675 1299 1715 ac
1318 1659 1599 1729 multiplici
1630 1659 1864 1727 denique

290 1762 561 1810 tormento
586 1753 757 1808 senile
780 1768 978 1822 corpus
1001 1752 1370 1807 cruciabatur.
1408 1750 1590 1805 Altum
1616 1750 1706 1805 ille
1730 1766 1861 1806 con-

288 1854 395 1910 tra,
425 1857 483 1900 et
504 1855 748 1901 erectum
772 1846 1014 1900 animum
1046 1859 1216 1914 super
1245 1843 1524 1899 fortunam
1555 1856 1776 1913 gerens,
1808 1851 1864 1897 et

286 1939 455 1993 vitam
492 1952 648 1993 suam
677 1947 801 2006 post
825 1937 1028 1993 Christi
1053 1936 1214 1991 fidem
1240 1935 1459 2001 ducens,
1489 1948 1680 1990 omnes
1709 1949 1864 2004 aspe-

284 2029 483 2083 ritates
513 2027 835 2098 supervasit.
869 2027 946 2083 Ac
963 2043 1151 2083 secum
1174 2026 1441 2098 prmclare
1470 2035 1652 2082 actum
1671 2026 1864 2081 existi-

287 2130 510 2183 masset,
556 2121 601 2175 si
646 2130 953 2175 extremum
994 2120 1062 2174 ab
1101 2134 1167 2174 eo
1206 2119 1536 2188 supplicium
1581 2118 1864 2187 improbus

284 2212 644 2280 espetivisset
677 2212 881 2280 judes,
918 2212 1007 2267 cui
1056 2227 1221 2266 unum
1272 2210 1325 2267 id
1357 2210 1461 2266 fuit
1501 2209 1860 2281 propositum,

274 2318 479 2359 omnes
530 2304 777 2374 martyrii
821 2303 1098 2359 cruciatus
1158 2303 1609 2360 innocentissimo
1652 2302 1860 2357 homini

290 2395 554 2466 inﬂigere,
584 2397 836 2451 eumdem
881 2411 1010 2451 vero
1054 2406 1268 2466 sperata
1305 2411 1403 2467 per
1439 2404 1671 2453 mortem
1712 2411 1859 2449 mar-

287 2482 417 2553 tyrii
460 2483 706 2537 mercede
750 2484 986 2554 privare.
1035 2485 1377 2542 Ostentatnm
1427 2486 1610 2555 itaque
1676 2497 1858 2540 certa-

285 2574 454 2630 minis
499 2585 556 2629 et
600 2574 844 2631 laborum
876 2577 1154 2646 praemium
1189 2578 1244 2631 in
1289 2575 1438 2632 aliud
1479 2588 1693 2647 tempus
1725 2577 1861 2631 dila-

278 2679 403 2726 ‘lllm
432 2683 534 2728 εει.

360 2764 445 2821 Ill.
481 2764 594 2834 (26)
623 2764 768 2821 Bene
793 2775 975 2822 autem
1004 2766 1070 2822 de
1092 2780 1153 2823 se
1191 2766 1387 2822 merito
1412 2768 1699 2835 magistro,
1731 2771 1858 2824 dum

286 2857 344 2910 in
377 2857 661 2911 tormentis
685 2867 851 2923 esset,
893 2858 1132 2928 optimus
1174 2858 1501 2929 discipulus,
1553 2868 1612 2916 et
1659 2865 1861 2917 veteris

276 2947 540 3001 amicitia:
570 2962 777 3002 memor
795 2948 1083 3021 Dionysius
1105 2948 1503 3007 Alexandrinus
1524 2967 1635 3007 non
1667 2952 1857 3019 defuit,

1967 463 2057 532 qui
2097 464 2495 535 subiectissime
2536 466 2602 520 de
2645 481 2704 521 se
2736 482 2800 522 ac
2838 468 3196 525 demisissime
3232 470 3286 525 in
3322 470 3474 527 libris
3501 491 3532 528 a

1967 570 2025 608 se
2058 556 2160 611 hoc
2203 567 2442 625 tempore
2497 559 2720 628 scriptis
2767 568 2823 612 ct
2873 560 3404 629 loquituretsentit.
3454 565 3535 619 Ad

1967 646 2085 701 hinc
2128 657 2414 718 postquam
2467 649 2522 704 in
2572 651 2951 719 persecutione
3004 651 3235 708 Deciana
3288 656 3535 709 nuntium

1968 738 2187 795 Christo
2220 742 2497 796 remisisse
2525 742 2811 813 Origenem
2838 743 3083 813 scripsit.
3131 745 3280 799 addit
3318 747 3371 801 in
3398 747 3539 801 mul-

1969 840 2053 885 tas
2095 830 2287 886 deinde
2346 833 2601 888 incidisse
2665 835 2936 899 haereses,
2986 835 3273 905 multisque
3319 839 3535 892 errandi

1967 937 2188 978 causam
2216 924 2456 990 dedisse,
2491 941 2555 982 ac
2591 926 2759 982 multo
2779 936 2905 996 post
2929 935 3169 996 tempore
3197 926 3537 983 Christiano-

1968 1029 2088 1069 rnnt
2151 1017 2535 1072 communione
2602 1018 2769 1075 fuisse
2824 1019 3143 1089 privatum:
3180 1035 3299 1090 quae
3351 1035 3535 1075 secum

1967 1105 2258 1162 manifesto
2304 1117 2564 1178 pugnant,
2625 1124 2746 1164 cum
2788 1110 3075 1180 perpaucis
3124 1120 3249 1166 ante
3289 1110 3540 1181 Origenis

1965 1197 2177 1254 obitum
2221 1201 2380 1255 annis
2423 1200 2714 1257 instinctus
2739 1201 2931 1256 furore
2972 1202 3167 1257 Decius
3212 1204 3540 1261 Christianis

1966 1290 2163 1347 bellum
2213 1290 2488 1347 indixerit.
2533 1293 2824 1349 Sciendum
2872 1304 3136 1363 praeterea
3195 1295 3246 1349 id
3294 1296 3541 1350 hausisse

1966 1381 2330 1450 Nicephorum
2361 1398 2432 1439 cx
2455 1384 2784 1456 Epiphanio,
2818 1388 2907 1453 qui
2937 1387 3078 1440 hanc
3119 1385 3371 1456 Origeuis
3411 1403 3536 1458 per-

1965 1470 2289 1526 duellionem
2345 1488 2576 1528 narrans
2619 1474 2751 1529 liter.
2790 1474 2878 1540 64,
2910 1491 3029 1543 cap.
3076 1476 3131 1539 2,
3172 1476 3239 1531 de
3282 1490 3538 1544 persecu-

1967 1565 2111 1619 tione
2152 1563 2387 1621 Deciana
2428 1567 2595 1621 altum
2647 1568 2792 1632 silet,
2843 1569 3295 1639 quemadmodum
3342 1568 3538 1625 Cedre-

1967 1673 2066 1713 nus
2096 1668 2152 1713 et
2184 1656 2383 1714 Suidas
2415 1679 2429 1713 :
2469 1660 2520 1714 in
2544 1660 2681 1716 libro
2709 1670 2889 1715 autem
2940 1661 3016 1716 De
3056 1679 3219 1716 mens.
3258 1673 3305 1717 et
3344 1664 3538 1731 pond.,

1966 1766 2025 1804 n.
2056 1750 2145 1813 18,
2176 1764 2297 1805 cum
2342 1750 2587 1805 Deciana:
2614 1750 3015 1820 persecutionis
3058 1753 3325 1817 meminit,
3354 1752 3538 1824 Orige-

1964 1857 2089 1896 nem
2123 1841 2341 1912 quidem
2386 1844 2553 1897 multa
2592 1851 2723 1896 tunc
2767 1858 3079 1913 perpessum
3135 1845 3303 1900 fuisse
3357 1848 3537 1910 docet,

1963 1933 2280 2004 Ethiopem
2309 1948 2440 1989 vero
2471 1936 2785 2005 neutiquam
2811 1948 3225 1993 commemorat.
3258 1936 3368 1994 Nec
3395 1953 3538 1994 com-

1965 2032 2235 2079 memorat
2286 2032 2437 2078 certe
2495 2020 2731 2078 Joannes
2790 2023 3035 2079 Zonaras
3083 2024 3216 2095 (30),
3268 2026 3359 2095 qui
3412 2042 3536 2081 eum

1966 2123 2147 2169 tamen
2184 2113 2474 2169 tormentis
2499 2114 2701 2169 victum
2725 2115 2826 2170 sub
2856 2115 3022 2171 Decio
3055 2131 3086 2170 a
3111 2115 3214 2171 ﬁde
3242 2115 3537 2173 descivisse

1965 2204 2171 2271 tradit;
2216 2214 2272 2261 et
2301 2206 2619 2276 arrogantia
2659 2205 2861 2261 elatum
2903 2224 3193 2274 pravorum
3223 2208 3535 2282 dogmatum

1963 2307 2238 2352 auctorem
2272 2297 2456 2353 fuisse.
2492 2296 2758 2351 Zonaram
2790 2298 3094 2353 fefellerunt
3138 2299 3279 2355 male
3311 2312 3535 2371 accepta

1962 2390 2076 2445 haec
2108 2390 2392 2460 Epipltanii
2422 2392 2585 2445 verba
2608 2393 2749 2446 :Kat
2770 2392 2931 2455 αὐτὸς
2960 2392 3016 2444 δὲ
3055 2392 3335 2464 Ὠριγένης
3366 2392 3537 2448 πολλὰ

1962 2481 2263 2545 πεπονθὼς,
2294 2483 2371 2546 εἰς
2397 2482 2547 2546 τέλος
2586 2482 2676 2535 τοῦ
2717 2483 3015 2555 μαρτυρίου
3042 2484 3141 2537 οὐκ
3167 2483 3413 2555 ἔφθανεν,
3439 2485 3536 2541 ob-

1919 2602 1935 2620 ο
1961 2585 2140 2630 stante
2169 2576 2423 2629 nimirum
2474 2576 2678 2629 saevitia
2716 2575 2935 2646 judicis,
2966 2591 3070 2629 non
3092 2574 3342 2645 Origenis
3375 2578 3536 2647 perii-

1962 2668 2072 2735 dia,
2119 2667 2413 2737 quominus
2463 2668 2711 2738 martyrii
2766 2682 3025 2723 coronam
3081 2679 3531 2740 consequeretur.

1962 2757 2100 2815 Male
2127 2774 2191 2815 ea
2219 2774 2439 2829 quoque
2470 2758 2748 2815 intellecta
2779 2770 2905 2814 sunt
2929 2761 2997 2814 ah
3029 2758 3316 2817 Anastasio
3340 2761 3535 2819 Biblio-

1962 2851 2225 2918 tbecario,
2248 2860 2303 2906 et
2324 2851 2392 2905 ad
2415 2864 2617 2904 annum
2634 2850 2841 2907 Christi
2861 2851 2969 2906 244
3005 2866 3289 2922 perperam
3315 2850 3488 2909 relata
3514 2872 3530 2909 :

1961 2959 2069 3014 quo
2096 2960 2240 2999 anno
2265 2943 2552 3013 imperium
2577 2944 2802 3014 adeptus
2832 2953 2915 3000 est
2938 2943 3243 3016 Philippus,
3270 2947 3534 3002 sexennio

276 3037 595 3106 librumque
635 3039 703 3093 ad
745 3054 869 3095 eum
900 3040 974 3096 De
1005 3041 1261 3111 martyrio
1292 3043 1534 3112 scripsit,
1579 3058 1687 3114 quo
1741 3046 1856 3101 ani.
1883 3055 1928 3117 ς
1958 3052 2135 3106 eoque
2166 3034 2396 3106 amplius
2429 3046 2557 3091 ante
2596 3036 2883 3091 Decianam
2918 3039 3371 3106 persecutionem.
3400 3037 3533 3111 Gly-

278 3144 435 3184 mum
487 3130 561 3183 illi
589 3130 773 3187 dolore
804 3146 867 3188 ac
895 3131 1115 3188 miseria
1158 3134 1530 3191 tabescentem
1563 3136 1854 3203 relevaret.

274 3230 339 3273 et
367 3220 416 3274 ei
462 3221 642 3276 solatii
674 3232 959 3291 praestaret
986 3223 1186 3292 vicem,
1216 3224 1311 3295 qui
1344 3225 1468 3282 aliis
1510 3227 1651 3282 hanc
1678 3229 1860 3283 enmi-

284 3309 392 3365 btts
417 3313 658 3379 praebere
680 3313 872 3369 solitus
898 3324 1035 3371 erat.

358 3400 445 3456 iV.
493 3402 827 3472 Nicephorus
853 3406 1070 3463 Eusebii
1101 3418 1393 3478 perpetuus
1427 3419 1729 3468 assectator
1759 3411 1860 3467 dn-

272 3508 401 3546 cem
428 3510 584 3548 suum
618 3496 708 3551 hic
740 3499 976 3565 deserit,
1013 3509 1068 3554 et
1098 3501 1149 3555 in
1189 3509 1413 3557 atroces
1447 3503 1709 3559 adversus
1736 3503 1858 3559 Ori-

278 3600 498 3652 genem,
558 3603 707 3644 more
762 3590 1063 3646 recentium
1126 3592 1452 3649 Graecorum
1488 3635 1505 3662 ,
1556 3596 1858 3653 calumnias

282 3675 525 3734 divertit.
567 3680 702 3734 Eum
749 3682 826 3735 ait
879 3684 1141 3738 modestia
1185 3701 1251 3741 ac
1296 3687 1606 3743 Chrisﬁana
1646 3688 1859 3744 humili-

284 3775 424 3831 tate,
452 3782 571 3836 qua:
600 3771 860 3825 virtutum
885 3773 1130 3827 onmium
1163 3790 1363 3844 parens
1388 3787 1494 3841 est,
1529 3778 1750 3843 amissa,
1803 3780 1854 3833 in

285 3856 523 3912 Deciana
578 3862 958 3929 persecutione
1009 3868 1297 3922 tormentis
1342 3866 1635 3935 amictum,
1701 3886 1853 3924 suam

278 3947 499 4016 quidem
524 3951 881 4006 constantiam
911 3969 974 4008 ac
1008 3954 1168 4010 ﬁdem
1202 3954 1466 4012 Ecclesiae
1498 3960 1852 4029 praestitisse;

278 4055 471 4095 verum
500 4045 720 4100 admoto
753 4045 1011 4116 .Ethiope
1045 4048 1135 4117 qui
1168 4049 1476 4105 castissime
1498 4051 1713 4120 corpori
1743 4050 1859 4105 illu-

279 4133 464 4199 deret,
495 4134 656 4189 thura
686 4136 793 4192 diis
823 4139 1043 4194 adolere
1075 4138 1365 4207 maluisse,
1398 4157 1561 4210 quam
1590 4142 1853 4211 ejusmodi

274 4222 543 4290 probrum
575 4225 628 4279 in
658 4240 717 4282 se
755 4228 1046 4285 admittere
1076 4246 1090 4283 :
1121 4240 1288 4301 atque
1317 4233 1441 4287 inde
1471 4234 1652 4288 divina
1680 4236 1854 4303 gratia

276 4329 405 4369 cum
435 4318 747 4385 excidisset,
788 4321 842 4374 in
877 4324 1063 4378 varias
1089 4323 1325 4380 hatreses
1366 4325 1668 4396 delapsum,
1712 4328 1851 4380 mni-

1954 3146 2053 3187 cas
2067 3139 2246 3186 autem
2268 3128 2570 3199 Epiphanio
2595 3130 2821 3185 adhaesit
2837 3130 2973 3202 (51).
2991 3130 3329 3200 Nicephorus
3344 3131 3530 3202 igitur,

1958 3225 2051 3295 qui
2088 3224 2192 3279 hoc
2224 3222 2343 3277 loco
2366 3222 2583 3278 videtur
2616 3222 2981 3293 Epiphanium
3013 3233 3285 3289 sectatus,
3324 3233 3379 3279 et
3406 3224 3530 3295 qui-

1952 3332 2173 3390 cunque
2206 3317 2311 3374 hoc
2342 3316 2598 3390 Origenis
2626 3316 2839 3372 facinus
2862 3316 3111 3372 Deciana;
3131 3316 3531 3388 persecutionis

1961 3410 2295 3480 temporibus
2320 3409 2628 3481 assignant,
2662 3408 2887 3463 minime
2918 3408 3141 3479 quidem
3170 3408 3537 3479 Epiphaniam

1962 3513 2242 3560 auctorem
2289 3504 2513 3559 habent.
2556 3500 2673 3557 imo
2719 3518 2866 3567 vero,
2900 3510 3086 3571 aperte
3115 3503 3221 3557 illis
3251 3500 3530 3557 contradi-

1957 3608 2104 3659 cere,
2155 3593 2202 3647 si
2246 3591 2372 3662 quis
2413 3590 2479 3646 ad
2516 3591 2850 3646 narrationis
2898 3591 3041 3646 illius
3071 3600 3383 3646 contextum
3414 3589 3532 3646 ani-

1961 3684 2292 3748 madvertat,
2327 3681 2491 3752 plane
2522 3681 2783 3735 fatebitur
2814 3698 2828 3734 :
2863 3678 2918 3735 id
2950 3682 3148 3751 quippe
3187 3678 3531 3735 Alexandria:

1958 3776 2258 3845 contigisse
2290 3775 2523 3838 scribit,
2564 3782 2726 3842 atque
2764 3772 3058 3844 Origenem
3092 3773 3295 3828 idcirco
3323 3773 3391 3827 ab
3424 3773 3528 3829 Ec-

1958 3866 2128 3922 clesia
2192 3865 2361 3921 fuisse
2415 3866 2715 3936 deiectum;
2764 3880 2999 3935 cumque
3048 3878 3106 3919 se
3160 3864 3344 3919 irrisui
3407 3879 3529 3920 esse

1960 3957 2289 4030 perdoleret,
2312 3957 2487 4028 patria
2512 3955 2921 4011 escessisse.At
2948 3954 3180 4010 Deciana
3207 3963 3531 4025 tempestate

1954 4064 2133 4117 neotue
2171 4049 2514 4104 Alexandriae
2552 4048 2718 4103 fuisse
2760 4047 3075 4116 Origenem,
3108 4062 3285 4116 neque
3318 4048 3387 4103 ab
3424 4047 3529 4102 Ec-

1956 4143 2139 4199 clesiae
2169 4141 2554 4197 communione
2585 4150 2957 4210 segregatum,
2992 4154 3167 4210 neque
3201 4138 3527 4194 Alexandria

1960 4233 2122 4288 fuisse
2178 4230 2480 4302 profectum
2528 4230 2614 4285 vel
2654 4230 2841 4285 docuit
2892 4231 3203 4300 quisquam,
3258 4229 3341 4284 vel
3378 4230 3528 4285 credi

1959 4332 2173 4393 potest;
2206 4331 2261 4376 et
2291 4336 2357 4376 es
2389 4321 2634 4384 Eusebii,
2661 4320 2944 4388 ipsiusque
2970 4318 3256 4389 Nicephori
3276 4359 3291 4385 ,
3314 4326 3371 4373 et
3394 4317 3527 4371 alio.

270 4406 461 4476 sisque
506 4409 562 4463 in
603 4425 845 4467 errorem
907 4414 1167 4482 inductis,
1229 4417 1297 4470 ab
1351 4417 1593 4473 Ecclesia
1644 4420 1849 4475 Christi

1963 4427 2076 4466 rum
2102 4410 2344 4469 historiis
2363 4410 2499 4465 satis
2519 4409 2805 4464 refellitur.
2829 4408 2944 4477 (δὲ)
2963 4408 3092 4477 Quae
3107 4408 3324 4478 quidem
3344 4408 3526 4461 omnia

271 4494 441 4568 longo
469 4510 589 4569 post
615 4514 856 4573 tempore
875 4504 1044 4562 fuisse
1066 4508 1507 4564 exterminatum.
1537 4509 1663 4566 iiasc
1688 4512 1851 4566 habet

273 4590 616 4661 Nicephorus
653 4593 794 4667 (27),
824 4612 943 4666 quae
975 4598 1043 4654 ad
1078 4600 1329 4656 veritatis
1379 4601 1640 4655 amussim
1691 4617 1839 4657 revo-

268 4692 435 4749 cata,
465 4695 521 4741 et
574 4701 698 4741 cum
755 4698 1001 4744 veterum
1047 4692 1295 4763 scriptis,
1347 4692 1489 4748 unde
1535 4695 1848 4764 deprompta

270 4786 425 4840 sunt,
478 4777 753 4846 conﬂicta,
808 4779 969 4835 ﬁdem
1021 4797 1174 4838 suam
1233 4785 1551 4853 decoquent.
1609 4784 1842 4840 Nimiam

268 4863 420 4918 enim
471 4866 573 4920 sibi
626 4869 938 4938 superbiam
990 4879 1118 4935 tunc
1169 4873 1465 4942 sumpsisse
1516 4872 1835 4946 Origenem,

269 4956 524 5024 quamvis
544 4968 672 5015 ante
688 4959 1050 5030 Nicephorum
1074 4964 1393 5034 scripserint
1413 4965 1732 5021 Anastasius
1752 4966 1847 5021 Bi-

346 5196 459 5276 (26‘)
497 5199 721 5276 Enseh.,
748 5200 885 5255 Hist.
909 5201 1064 5276 ecci.,
1083 5203 1178 5276 lib.
1207 5220 1282 5269 vt,
1313 5220 1432 5276 cap.
1466 5205 1556 5260 46.
1579 5204 1715 5260 Bene
1739 5222 1840 5260 att-

264 5279 377 5322 tem
411 5268 474 5321 de
497 5286 552 5322 se
590 5270 776 5324 merito
816 5268 1088 5340 magistro,
1122 5274 1247 5327 dum
1269 5268 1333 5329 in
1372 5268 1643 5329 fortiteutt's
1685 5286 1839 5340 esset,

266 5349 384 5415 etc.
453 5340 590 5415 Cum
644 5340 908 5415 Eusebius
960 5342 1199 5415 libellum
1255 5344 1330 5398 De
1389 5347 1647 5415 martyrio
1702 5347 1843 5400 inter

265 5408 529 5486 epistolas
598 5411 753 5479 paulo
808 5420 931 5478 post
992 5413 1443 5486 Deciiustragem
1495 5408 1554 5467 a'
1587 5416 1842 5486 Dionysio

268 5478 502 5551 scriptas
557 5478 871 5544 recenseat,
923 5481 1223 5551 verisimile
1269 5478 1372 5538 no'u
1417 5486 1628 5539 videtur
1676 5478 1841 5551 hunc,

261 5546 803 5669 diuisomltormentis
843 5560 988 5605 esset
1014 5550 1299 5622 Origenes,
1330 5553 1495 5611 fuisse
1526 5572 1555 5610 a
1590 5546 1843 5627 Dionysio

261 5630 299 5669 θ
324 5632 355 5667 3
434 5632 488 5669 fa
518 5635 626 5669 Ill“.

258 5628 488 5671 elabora
496 5628 548 5672 ιιι
556 5636 604 5672 ΙΙΙ
613 5660 626 5673 .

347 5687 462 5757 (27)
497 5688 723 5761 Niceph.
757 5689 851 5746 lib.
886 5705 938 5759 v,
972 5706 1091 5763 cap.
1120 5692 1206 5749 52.

1964 4506 2090 4561 huic
2141 4504 2386 4573 apprime
2427 4503 2571 4556 atati
2622 4503 2972 4564 conveniunt,
3027 4500 3079 4554 in
3131 4514 3291 4568 quam
3327 4498 3527 4555 factuut

1963 4599 2092 4653 illud
2122 4596 2479 4667 conjecimus.
2508 4594 2641 4649 Nam
2670 4604 2725 4649 et
2752 4607 2864 4647 tum
2898 4592 3242 4648 Alexandria:
3268 4590 3527 4645 versaba-

1960 4699 2047 4744 tur
2104 4688 2406 4757 Origenes,
2456 4697 2511 4742 et
2568 4687 2750 4741 statim
2804 4695 2924 4755 post
2975 4683 3240 4755 ﬂagitium
3306 4683 3527 4752 reliquit

1956 4780 2367 4843 Alexandriam,
2396 4787 2450 4832 et
2475 4794 2503 4831 a
2522 4777 2963 4833 Christianorum
2991 4777 3251 4833 societate
3271 4777 3525 4847 depulsus

1952 4884 2057 4937 est,
2091 4888 2193 4928 nec
2228 4871 2398 4925 multo
2426 4884 2551 4942 post
2586 4870 2983 4942 Jerosolytnam
3015 4869 3180 4935 adiit,
3217 4869 3308 4925 ubi
3341 4870 3393 4923 in
3424 4884 3525 4941 pu-

1951 4968 2096 5022 blico
2120 4965 2556 5021 Christianorum
2590 4976 2733 5018 ctetu
2764 4965 3113 5019 commissum
3137 4963 3312 5019 scelus
3342 4964 3518 5036 lacry-

2036 5202 2132 5259 '28i
2168 5203 2357 5261 Anast.
2398 5205 2449 5256 in
2476 5203 2616 5257 Hist.
2646 5204 2711 5256 ad
2751 5219 2840 5257 an.
2875 5204 3074 5260 Christi
3100 5204 3226 5259 ΞΗ.

2037 5276 2128 5342 29)
2160 5275 2353 5328 Zonar.
2393 5273 2533 5330 "ist.
2570 5273 2659 5327 lih.
2696 5289 2753 5327 ll.

2040 5344 2130 5410 50)
2160 5345 2237 5399 Id.
2273 5346 2402 5398 ibid.

2044 5416 2133 5486 5i)
2182 5416 2335 5486 Glyc.
2366 5414 2583 5481 Annal.,
2612 5424 2752 5483 part.
2788 5431 2871 5469 lli.

2044 5485 2134 5556 52)
2174 5483 2304 5549 ριιίε
2331 5486 2541 5556 quidem
2566 5486 2742 5556 omnia
2766 5486 2889 5539 huic
2921 5486 3152 5555 apprime
3199 5483 3514 5556 conveniunt

1948 5554 2121 5618 ma,
2144 5556 2203 5625 in
2233 5571 2389 5624 quam
2418 5554 2614 5622 factum
2649 5555 2784 5625 illud
2833 5554 3168 5625 conjecimus.
3196 5555 3324 5625 Vide
3344 5569 3509 5625 supra

1950 5630 2005 5678 in
2034 5641 2151 5694 cap.
2184 5623 2417 5688 2,7num.
2449 5625 2538 5688 15,
2570 5624 2660 5678 ubi
2686 5624 2823 5677 hanc
2856 5623 3136 5697 Epiphauii
3168 5626 3233 5680 tle
3262 5623 3510 5694 Origcttis

1950 5695 2249 5751 idololatria
2273 5694 2505 5751 fabulam
2526 5694 2868 5751 destruimus.

1950 5710 2249 5751 ιιωιοωτιιι
2273 5710 2505 5751 ιίιυυωιιι
2526 5710 2868 5752 αθδιῖυιιηιιε.
