3840 6222
352 262 444 321 891
1632 264 1690 319 Ρ.
1730 263 1915 318 DAN"

2024 265 2049 319 5
2086 264 2321 321 HUETII

3505 262 3617 321 699

358 389 455 441 mis
489 396 814 456 prosecutus
837 394 939 441 est.
974 383 1239 451 Quamvis
1261 394 1442 439 autem
1478 385 1640 441 rebus
1666 386 1927 442 Christia-
1960 393 2005 448 Α
2037 399 2217 457 partes
2252 388 2609 460 transfugisse
2646 396 2992 445 commentus
3016 394 3245 443 estzres
3279 384 3397 439 haec
3420 383 3619 439 abillis

353 478 437 532 nis
486 480 719 545 faveret,
767 480 858 549 qui
902 488 1030 535 tunc
1085 480 1311 549 imperio
1350 479 1654 547 potiebatur
1693 478 1924 535 Severus

348 569 684 639 Alexander,
716 571 829 643 (55)
870 588 968 629 eas
1003 585 1182 628 tamen
1222 586 1323 642 pro
1354 570 1577 626 libidine
1605 571 1932 627 divexabant

352 662 768 728 provinciarum
821 674 1085 727 rectores,
1128 663 1585 733 Christianosque
1624 663 1930 733 complures

349 752 469 805 neci
501 753 721 809 dabant.
756 755 810 809 ld
862 756 1143 810 declarant
1186 753 1536 809 ecclesiastici
1580 754 1838 816 Annales,
1876 765 1930 809 et

314 900 321 917 ι
355 843 766 918 Martyrologia.
799 850 1024 904 Constat
1059 863 1191 917 ergo
1235 846 1628 902 hallucinatum
1662 847 1929 917 Nicepho-

350 952 491 1003 rum,
522 954 622 994 nec
645 941 711 994 ad
744 939 1035 996 Decianam
1066 941 1273 997 cladem
1303 940 1405 994 hoc
1437 938 1687 1011 Origenis
1718 940 1927 996 facinus

349 1028 457 1083 ullo
492 1032 652 1086 modo
679 1034 975 1102 pertinere.

421 1121 619 1178 Verum
650 1138 977 1196 praepostere
1004 1128 1236 1198 agimus,
1269 1133 1361 1201 qui
1390 1134 1467 1188 rei
1498 1132 1656 1198 hujus
1679 1145 1927 1200 perscru-

347 1221 531 1270 tamur
574 1228 803 1287 tempus,
845 1233 1003 1275 resne
1034 1221 1152 1290 ipsa
1197 1222 1361 1278 fuerit
1402 1224 1692 1295 aliquando
1717 1234 1923 1279 certum

346 1313 588 1368 nondum
624 1314 905 1369 habemus.
941 1315 1198 1382 Quamvis
1231 1321 1375 1374 enim
1401 1320 1706 1376 clarissimo
1735 1336 1926 1375 monu-

347 1415 531 1459 mento
582 1406 959 1474 consignatum
1017 1407 1070 1461 id
1110 1418 1290 1463 exstet
1322 1412 1372 1464 in
1411 1410 1568 1465 libris
1616 1410 1921 1482 Epiphanii,

346 1497 841 1569 egregiiscriptoris
858 1509 910 1552 et
942 1499 1173 1569 antiqui,
1196 1518 1309 1556 rem
1346 1512 1526 1567 tamen
1559 1519 1714 1558 suum
1744 1505 1924 1567 adex-

346 1602 503 1641 amen
530 1588 801 1643 revocavit
818 1587 1080 1645 Baronius
1101 1589 1238 1664 (54),
1256 1602 1312 1645 ιιι
1330 1592 1589 1657 diximus,
1613 1592 1923 1648 confictam-

348 1696 454 1750 que
482 1679 779 1747 judicavit;
838 1692 893 1737 et
927 1700 993 1739 ne
1019 1702 1211 1742 manus
1245 1702 1368 1741 eum
1404 1687 1703 1759 Epiphanio
1727 1702 1922 1743 conse-

2033 490 2117 536 est
2163 480 2380 537 silentio
2414 482 2823 549 prmtermissa;
2880 482 3049 552 igitur
3086 494 3155 535 ne
3206 492 3334 532 vera
3365 478 3613 548 quidem.

2034 570 2235 627 Eadem
2266 572 2380 626 hac
2407 570 2521 627 fere
2538 582 2890 642 repraesentat
2916 571 3286 631 Halloxius.et
3311 568 3616 640 ampliﬁcat

2032 663 2263 728 dicendo
2289 677 2354 717 ac
2387 662 2599 726 dilatat,
2642 677 2923 732 unumque
2974 661 3125 716 addit
3166 662 3307 729 quod
3368 658 3616 712 animad-

2032 754 2286 808 versione
2318 755 2537 824 dignum
2572 763 2679 818 est,
2700 769 2825 809 eum
2861 754 3056 809 fabula:
3084 752 3241 806 istius
3263 750 3499 822 primum
3530 752 3618 803 vi-

2030 846 2143 901 deri
2186 846 2544 913 inventorem,
2578 849 2668 917 qui
2696 846 3005 903 Iustiniano
3036 845 3353 916 imperatori
3383 842 3611 898 dictavit

2031 938 2317 1008 epistolam
2352 940 2417 993 ad
2443 938 2654 995 Menam
2683 938 3343 1008 Constantinopolitanum
3377 934 3612 1005 patriar-

2029 1033 2188 1088 cham
2221 1036 2480 1090 adversus
2531 1034 2847 1107 Origenem,
2886 1050 3004 1106 quae
3045 1035 3099 1089 in
3148 1033 3364 1089 concilii
3399 1047 3431 1085 v
3468 1031 3610 1085 actis

2030 1123 2202 1180 relata
2243 1136 2348 1181 est.
2392 1126 2499 1181 Cur
2533 1128 2605 1181 ita
2634 1128 2885 1192 sentiret,
2918 1142 3025 1182 non
3059 1126 3340 1195 apposuit,
3387 1132 3444 1177 et
3473 1135 3609 1177 vero

2038 1219 2165 1288 quid
2195 1228 2494 1289 apponeret
2528 1236 2633 1275 non
2656 1219 3052 1275 habuitznuliis
3083 1219 3228 1273 enim
3263 1218 3606 1281 auctoribus,

2027 1305 2192 1361 nullis
2223 1309 2561 1377 argumentis
2587 1323 2675 1365 res
2710 1307 2843 1363 falsa
2880 1316 3094 1377 poterat
3118 1307 3445 1380 approbari;
3472 1305 3605 1361 facti

2026 1399 2294 1470 siquidem
2326 1400 2469 1456 illius
2504 1412 2703 1470 prmter
2734 1400 3094 1471 Epiphanium
3129 1398 3375 1454 meminit
3406 1397 3606 1453 Neme-

2026 1493 2139 1549 sius
2163 1492 2281 1564 (57)
2309 1491 2617 1547 Iustiniano
2638 1494 2946 1562 antiquior;
2972 1490 3222 1547 meminit
3256 1500 3311 1545 et
3338 1490 3606 1545 Leontius

2024 1586 2321 1658 Byzantius
2349 1588 2481 1659 (58).
2512 1603 2670 1658 quem
2725 1586 3089 1641 Bellarminus
3141 1585 3334 1653 quinta
3390 1582 3604 1648 synodo

2024 1680 2361 1751 superiorem
2396 1681 2562 1736 fuisse
2590 1688 2797 1735 censet.
2820 1678 2937 1733 Huc
2972 1678 3110 1732 adde
3133 1675 3454 1731 idololatria.-
3477 1673 3603 1743 qui-

344 1785 470 1825 rere
501 1783 811 1841 cogeretur,
842 1774 957 1846 (55)
979 1787 1222 1832 assutum
1262 1777 1381 1849 ejus
1412 1753 1629 1848 scriptis
1653 1778 1920 1849 fragmen-
1952 1753 1995 1810 Β
2023 1772 2146 1828 dem
2171 1772 2460 1841 Origenem
2501 1774 2604 1829 hac
2626 1773 2849 1844 epistola
2881 1770 3246 1826 Iustinianum
3275 1780 3598 1831 arcessere;

349 1874 460 1918 tum
487 1863 619 1917 illud
653 1874 707 1919 et
734 1865 997 1920 insertum
1027 1870 1420 1938 pronuntiavit.
1447 1870 1681 1925 Baronio
1708 1870 1914 1926 assensi

341 1964 470 2009 sunt
501 1953 803 2021 Halioxius,
832 1955 1045 2028 Origen.
1082 1959 1293 2029 Defens.
1326 1962 1422 2018 lib.
1455 1978 1525 2028 tv,
1557 1973 1747 2034 quaest.
1780 1964 1834 2027 '5,
1864 1973 1918 2019 et

344 2056 458 2101 not.
485 2062 607 2118 pag.
642 2048 730 2115 55,
762 2050 851 2116 56,
889 2052 979 2118 ⁸57,
1026 2052 1375 2123 Raynaudus,
1412 2054 1752 2125 Haplotlteca:
1782 2068 1917 2112 sect.

339 2136 395 2199 Ξ,
421 2138 563 2192 serie
586 2139 638 2206 l,
669 2155 789 2209 cap.
820 2140 855 2194 2
885 2152 938 2195 et
959 2140 1203 2197 Valesius
1234 2144 1301 2198 ad
1332 2143 1526 2200 Euseb.
1560 2144 1703 2200 Hist.
1731 2146 1824 2201 lib.
1844 2163 1918 2211 vt,

340 2245 385 2282 c.
416 2228 485 2284 59
506 2247 519 2295 ;
548 2232 875 2287 contradixit
900 2233 1150 2290 Petavius
1169 2236 1306 2308 (56).
1326 2236 1434 2297 Nos
1451 2238 1731 2313 utriusque
1750 2240 1920 2309 partis

342 2322 646 2377 rationibus
685 2324 1102 2390 adductis,nihil
1132 2325 1459 2397 prazjudiciis
1488 2328 1570 2383 vel
1607 2328 1917 2383 auctoritati

341 2415 656 2472 tribuentes
702 2428 943 2473 nostram
990 2420 1316 2474 sententiam
1347 2422 1534 2491 paucis
1562 2436 1911 2490 exponemus.

337 2506 629 2565 Rationum
662 2510 879 2568 Baronii
910 2527 1121 2566 summa
1152 2514 1266 2568 haec
1292 2524 1397 2569 est.
1428 2513 1485 2569 Si
1510 2530 1598 2570 res
1622 2515 1693 2568 ita
1737 2530 1797 2570 se
1819 2514 1915 2569 ha-

337 2604 514 2673 beret,
538 2605 617 2667 uti
660 2619 914 2675 expressa
956 2605 1192 2662 habetur
1226 2607 1365 2679 apud
1391 2606 1773 2686 Epiphanium,
1804 2621 1918 2661 me-

337 2698 626 2754 minissent
669 2698 858 2770 utique
896 2699 1037 2768 ejus,
1068 2700 1155 2753 vel
1198 2700 1502 2771 objiciendo
1540 2700 1793 2769 Origenis
1825 2701 1918 2755 ad-

342 2790 574 2845 versarii
616 2788 947 2861 Theophilus
982 2803 1037 2846 et
1089 2791 1481 2865 Hieronymus;
1508 2791 1589 2847 vel
1629 2791 1919 2847 refutando

335 2885 577 2940 fautores
608 2883 725 2953 ejus
754 2886 1043 2955 Eusebius,
1071 2886 1390 2958 Pamphilus
1419 2896 1474 2943 et
1519 2887 1786 2955 Ruﬁnus;
1832 2888 1915 2943 vel

337 2975 539 3030 vetusti
597 2974 793 3030 Patres
841 2976 1196 3051 Augustinus,
1246 2975 1563 3032 Vincentius
1619 2976 1918 3031 Lirinensis

337 3065 560 3136 aliique,
596 3066 688 3136 qui
717 3068 783 3121 de
806 3082 870 3121 eo
922 3066 1039 3121 fuse
1082 3076 1138 3120 et
1174 3066 1443 3137 explicate
1486 3076 1739 3137 egerunt,
1771 3075 1827 3122 et
1860 3066 1912 3120 in

2025 1866 2091 1921 de
2112 1865 2371 1937 )Ethiope
2395 1881 2461 1923 ne
2486 1867 2710 1921 verbum
2733 1866 2950 1936 quidem
2976 1863 3219 1933 injicere.
3244 1860 3429 1931 Neque
3452 1866 3605 1915 certe

2024 1959 2307 2029 probabile
2334 1970 2416 2015 est
2449 1961 2499 2014 in
2537 1957 2814 2030 encyclica
2844 1957 2946 2011 hac
2968 1953 3197 2025 epistola
3221 1953 3287 2007 ad
3311 1952 3604 2007 universos

2022 2054 2305 2124 episcopos
2360 2053 2652 2119 destinata,
2705 2053 3114 2121 imperatorem,
3144 2047 3229 2103 vel
3255 2047 3345 2117 qui
3378 2045 3604 2100 nomine

2022 2146 2366 2217 imperatoris
2388 2146 2626 2227 scripsit,
2654 2144 2999 2200 mendacium
3031 2158 3091 2197 re
3120 2140 3262 2196 nulla
3290 2139 3603 2211 postulante

2020 2239 2344 2305 conﬁctum,
2374 2237 2627 2293 Patribus
2655 2239 2706 2292 in
2747 2252 2809 2293 os
2848 2236 3136 2308 obiecisse,
3168 2233 3299 2287 viris
3329 2247 3435 2287 non
3462 2230 3602 2285 illit-

2024 2332 2234 2397 teratis,
2259 2341 2315 2386 et
2341 2331 2417 2386 rei
2453 2331 2714 2386 inauditae
2739 2329 3037 2384 novitatem
3066 2326 3254 2398 procul
3298 2324 3461 2381 dubio
3487 2323 3596 2378 mi-

2023 2424 2244 2486 raturis.
2268 2421 2496 2493 ejusque
2532 2422 2826 2477 falsitatem
2863 2420 3024 2475 facile
3066 2418 3451 2490 perspecturis.
3485 2416 3601 2473 Re-

2024 2517 2249 2588 pudiata
2282 2518 2448 2588 igitur
2488 2518 2591 2572 hac
2624 2514 2853 2570 Halioxii
2907 2513 3247 2581 conjectura,
3301 2511 3599 2571 Barcitium

1955 2598 1968 2613 ’
2021 2612 2200 2681 ipsum
2230 2610 2560 2665 adoriamur.
2601 2609 2678 2662 Ac
2710 2608 2942 2679 primum
2978 2607 3214 2663 fateatur
3242 2621 3469 2662 necesse
3489 2614 3600 2673 est,

2020 2702 2317 2758 admissum
2357 2702 2425 2757 ab
2467 2700 2703 2773 Origene
2752 2700 3070 2756 idololatriae
3107 2700 3282 2756 scelus
3317 2698 3597 2763 Nemesin,

2019 2796 2249 2851 Leontio
2300 2804 2355 2850 et
2403 2793 2723 2850 Iustiniano
2777 2803 2961 2848 notum
3013 2808 3077 2847 ac
3114 2801 3599 2848 commemoratum

2020 2887 2212 2943 fuisse.
2234 2887 2346 2959 (59)
2368 2887 2497 2957 Ejus
2515 2895 2697 2939 autem
2716 2885 2926 2939 tacendi
2957 2900 3051 2941 eas
3079 2885 3381 2940 habuerunt
3402 2896 3601 2938 causas

2019 2977 2337 3047 Origeniani
2368 2988 2773 3050 oppugnatores
2805 2978 3064 3042 nominis,
3095 2991 3232 3046 quas
3251 2972 3599 3044 exponitPe-

2019 3070 2232 3139 tavius;
2271 3071 2353 3125 vel
2393 3071 2538 3141 quod
2581 3071 2647 3126 ad
2678 3071 2993 3126 ventilanda
3040 3069 3295 3124 nimirum
3347 3066 3602 3138 Origenis

336 3160 728 3215 controversiis
749 3160 1043 3229 Iustiniani
1063 3175 1177 3216 aevo
1208 3161 1464 3215 adversus
1484 3159 1774 3239 Origenem
1804 3169 1915 3215 tan-
1940 3126 1986 3185 ε
2018 3160 2270 3231 dogmata
2301 3126 2515 3229 attehti,
2542 3164 2836 3218 admissum
2871 3162 3179 3216 humanitus
3207 3160 3469 3229 ﬂagitium
3497 3174 3598 3213 ne-

338 3262 394 3307 to
420 3253 599 3315 studio
619 3253 837 3331 agitatis
857 3254 1034 3322 aliqua
1065 3252 1279 3308 tandem
1304 3253 1560 3319 facinoris
1588 3253 1704 3324 ejus
1724 3252 1915 3308 fuisset

337 3343 539 3412 injecta
576 3346 810 3411 mentio;
858 3361 956 3405 nec
980 3348 1031 3401 id
1066 3361 1281 3419 quoque
1318 3345 1757 3417 praetermisisset
1782 3344 1917 3400 Por-

338 3437 585 3507 phyrius,
614 3452 735 3493 cum
769 3438 1117 3498 Ammonium
1148 3454 1179 3493 a
1217 3438 1438 3501 Christo
1468 3437 1535 3492 ad
1568 3437 1910 3493 ethnicorum

421 3555 545 3627 (55),
571 3554 681 3609 Eas
715 3567 887 3627 (auten
913 3576 1007 3627 pro
1030 3559 1245 3614 libidine
1276 3558 1591 3617 diuexabant
1622 3557 1921 3626 provincia-

347 3643 464 3701 rum
488 3626 729 3688 rectores,
766 3626 1199 3701 Christianosque
1235 3630 1527 3697 complures
1561 3630 1675 3683 neci
1697 3627 1916 3681 dabant.

342 3697 793 3769 Nunquam__tam
847 3701 1002 3767 pauci
1066 3697 1218 3755 fuere
1276 3711 1917 3769 martyrestquamquo

333 3774 592 3838 Ttempore
614 3766 944 3824 Alexandria
980 3771 1208 3826 recessit
1242 3766 1524 3838 Origenes.
1563 3766 1683 3823 Iain
1712 3767 1915 3838 enima

332 3838 537 3906 *viginti
568 3836 681 3908 fere
706 3840 864 3893 annis
890 3856 1052 3895 nemo
1076 3836 1474 3908 persecutionis
1500 3840 1791 3895 scintillam
1831 3837 1915 3891 vi-

346 3905 523 3973 derat.
572 3905 749 3961 Unum
807 3910 998 3965 saltem
1056 3905 1287 3966 Huetius
1340 3910 1584 3980 proferre
1624 3909 1918 3980 debuisset

346 3987 641 4050 martyrem
662 4018 675 4039 ,
720 3992 877 4046 quem
909 3982 1217 4037 Alexandro
1244 3977 1545 4050 imperante
1574 3977 1916 4050 Alexandria:

346 4047 562 4116 passum
616 4062 739 4103 esse
790 4061 938 4105 certa
981 4062 1035 4105 et
1066 4047 1373 4106 indubitata
1434 4051 1712 4106 traderent
1744 4047 1917 4101 moni-

339 4128 543 4174 menta.

413 4189 527 4261 (54)
550 4188 749 4245 Baron.
774 4191 840 4244 ad
882 4207 974 4246 an.
1014 4191 1143 4255 255,
1177 4209 1229 4245 n.
1272 4192 1372 4247 120
1397 4202 1451 4247 et
1472 4207 1588 4257 seq.

433 4260 529 4333 55)
555 4260 806 4314 Assutum
835 4262 949 4333 ejus
974 4264 1184 4330 scriptis
1226 4264 1581 4333 fragmentum
1622 4261 1778 4333 illud,
1809 4275 1914 4319 etc.

337 4328 483 4402 Nihil
507 4328 684 4384 causa;
708 4343 824 4385 erat
847 4328 945 4386 cur
977 4328 1101 4386 illuc
1137 4328 1452 4402 confugeret
1473 4330 1757 4387 Baronius.
1784 4334 1917 4389 Cum

334 4415 368 4456 e
391 4401 480 4456 tim
496 4402 709 4456 aliunde
724 4403 1301 4473 constetEpiphanium
1328 4402 1630 4458 falsissimis
1647 4403 1917 4459 interdum

338 4473 618 4543 adluerere
642 4472 1017 4538 monimentis,
1038 4472 1179 4543 Quod
1217 4474 1300 4529 γει
1321 4489 1386 4543 ex
1422 4475 1487 4527 iis
1511 4473 1677 4541 liquet
1701 4488 1821 4541 quae
1846 4477 1912 4530 de

336 4542 553 4596 Meletio
578 4543 775 4597 etArio
801 4545 1041 4613 scripsit,
1060 4542 1213 4597 hanc
1241 4546 1305 4597 de
1328 4542 1558 4613 Origene
1582 4542 1815 4598 fabulam
1843 4560 1910 4605 ex

340 4614 527 4666 iisdem
560 4613 787 4682 impuris
820 4612 1060 4669 fontibus
1090 4616 1337 4668 hausmm
1361 4628 1484 4669 esse
1518 4612 1681 4667 facile
1716 4614 1763 4669 ei
1790 4628 1911 4671 erat

337 4684 591 4737 evincere
616 4699 687 4755 ex
724 4684 792 4738 iis
837 4684 1109 4740 rationum
1169 4685 1480 4747 momentis,
1512 4698 1633 4754 qua:
1657 4685 1769 4755 jam
1814 4688 1911 4741 ad-

335 4757 586 4826 duximus
612 4754 664 4807 in
693 4770 814 4826 cap.
838 4756 893 4819 ‘2,
937 4772 1086 4810 nutu.
1121 4755 1211 4826 71.73;.

409 4823 522 4893 (56)
555 4822 1022 4896 Petavanimad.
1059 4825 1127 4877 ad
1160 4824 1447 4896 Epiphan.,
1489 4826 1618 4878 hear.
1656 4825 1749 4894 64,
1784 4843 1904 4896 cap.

333 4892 389 4954 2,
419 4890 471 4945 ει
504 4890 571 4945 ad
593 4894 697 4964 lib.
731 4896 802 4949 De
832 4900 990 4964 pond.
1018 4906 1064 4949 et
1088 4890 1278 4960 πηδηὲᾲ
1308 4912 1359 4951 c.
1390 4890 1478 4950 l8.

408 4964 522 5031 (57)
563 4963 779 5021 Nemes.
820 4963 869 5018 c.
902 4967 991 5021 50.

409 5034 524 5101 (58)
552 5034 742 5089 Leont.
769 5035 948 5091 Schol.
987 5039 1186 5093 action.
1210 5038 1299 5093 10.

409 5104 522 5173 (59)
560 5104 694 5174 Ejus
719 5116 892 5160 autem
914 5110 1122 5161 tacendi
1146 5125 1235 5163 eas
1262 5108 1554 5161 habuerunt
1578 5124 1764 5162 causas
1793 5108 1909 5162 Ori-

337 5176 548 5247 geniani
573 5186 955 5247 oppugnatores
979 5179 1224 5244 nominis,
1252 5194 1381 5247 quas
1408 5179 1616 5245 exponit
1635 5176 1905 5243 Petavius;

341 5243 419 5319 uel
441 5243 611 5313 quod,
638 5243 745 5300 etc.
782 5246 837 5301 Si
861 5243 1289 5317 Epiphaniuslad
1324 5243 1630 5319 ventilanda
1658 5247 1907 5319 Origenis

341 5315 601 5387 dogmata
623 5326 887 5381 attentus,
909 5315 1103 5373 hocce
1153 5330 1331 5373 tamen
1362 5317 1621 5387 ﬂagitium
1666 5315 1780 5373 non
1813 5334 1907 5373 ne-

341 5384 505 5458 glexit
526 5404 539 5451 ;
564 5386 737 5454 siipse
758 5402 823 5440 ac
850 5390 1119 5458 prrecipue
1143 5404 1400 5458 sequaces
1423 5384 1539 5458 ejus
1562 5390 1903 5443 emendatum

351 5456 668 5528 pteniteutia
713 5460 921 5510 crimen
960 5456 1237 5525 objicere,
1263 5456 1521 5514 illiberale
1566 5468 1619 5511 et
1663 5461 1902 5528 iniquum

348 5540 454 5575 non
490 5527 797 5587 duxerunt;
825 5543 993 5595 quare
1035 5529 1124 5581 alii
1154 5532 1429 5583 duxissent
1458 5527 1768 5594 Origeniani
1810 5544 1903 5597 op-

352 5604 673 5669 pugnatores
708 5598 973 5669 nominis,
1018 5612 1186 5669 quare
1216 5599 1616 5669 neglexissent?
1638 5598 1771 5653 Num
1796 5600 1901 5652 illi—

353 5664 648 5739 tieraliores
670 5676 725 5719 et
759 5664 1054 5739 iniquiores
1085 5664 1439 5737 Epiphanius.
1468 5680 1522 5725 et
1566 5680 1828 5739 quotquot
1852 5672 1901 5723 ei

340 5731 628 5815 suifragati
677 5747 823 5819 sunt,
844 5731 1059 5806 caeteris
1089 5731 1334 5816 O'ri'genia
1361 5731 1687 5797 adversa-riis
1717 5731 1900 5796 haberi

2023 3250 2322 3319 glexerint;
2354 3252 2436 3307 vel
2470 3254 2615 3324 quod
2649 3251 2994 3309 emendatum
3022 3252 3341 3321 pmnitentia
3387 3251 3599 3307 crimen

2025 3342 2286 3412 objicere,
2329 3344 2595 3399 illiberale
2640 3352 2695 3399 et
2721 3345 2963 3416 iniquum
3005 3358 3127 3400 esse
3171 3345 3453 3401 duxerint.
3484 3344 3599 3414 (40)

2022 3436 2167 3506 Quas
2182 3438 2247 3492 ad
2265 3453 2484 3507 causas,
2505 3438 2623 3495 illas
2637 3440 2803 3495 etiam
2824 3437 3121 3494 accessisse
3136 3447 3265 3507 puto
3283 3452 3381 3492 cur
3399 3437 3452 3491 id
3467 3436 3603 3492 reti-

2028 3559 2268 3615 dehent?
2294 3559 2451 3621 Certe
2475 3575 2580 3617 non
2614 3559 2648 3613 ii
2685 3566 2840 3617 erant
2860 3554 3224 3623 Hieronymus
3250 3551 3599 3623 etTheOphi-

2032 3631 2132 3692 ius,
2166 3631 2257 3697 qui
2295 3631 2435 3684 hanc
2464 3629 2679 3700 Origeni
2703 3628 2913 3700 cuipam
2940 3628 3340 3688 condonarent,
3363 3634 3600 3692 quanta-

2029 3714 2244 3765 cunque
2274 3700 2417 3754 illam
2455 3698 2770 3769 paenitentia
2798 3698 3038 3751 cluisset.

2098 3769 2209 3840 (40)
2237 3769 2382 3835 Quas
2409 3766 2479 3824 ad
2496 3786 2704 3835 causas,
2722 3769 2844 3822 illas
2866 3769 3023 3840 etiam
3052 3766 3331 3840 accessisse
3348 3774 3603 3840 μειερ-σειν

2025 3840 2078 3893 id
2109 3838 2378 3894 reticerem
2401 3840 2645 3909 Origenis
2669 3838 3141 3909 adversarii,_quod
3171 3838 3602 3909 lice_t_sacriﬁca-

2026 3922 2203 3963 turum
2234 3927 2287 3964 se
2309 3905 2602 3979 recepisset,
2626 3921 2734 3966 etc.
2755 3909 2926 3979 Leves
2944 3907 3235 3979 admodum
3261 3905 3441 3979 lluetii
3461 3923 3599 3961 con-

2018 3981 2266 4050 jecturae.
2306 3974 2450 4034 Satis
2495 3990 2612 4035 erat
2645 3974 2967 4041 assensisse,
3010 3985 3070 4030 ut
3115 3977 3436 4050 idololatriae
3465 3992 3593 4031 reus

2024 4049 2319 4105 haberetur
2343 4050 2628 4117 Origenes,
2653 4066 2717 4105 ac
2753 4050 2979 4119 proinde
3012 4059 3071 4101 ut
3114 4049 3453 4116 poenitentia:
3484 4063 3587 4116 pu-

2022 4121 2162 4201 blice
2190 4120 2581 4201 subjiceretur,
2620 4130 2676 4175 et
2715 4119 3000 4201 sacerdotii
3035 4119 3474 4201 .dignitatejure
3526 4132 3591 4201 ac

2021 4192 2216 4259 merito
2238 4191 2511 4247 excideret
2544 4208 2558 4245 :
2597 4207 2695 4245 nec
2722 4192 2931 4250 crimen
2976 4188 3262 4243 minuisset
3289 4189 3410 4259 ejus
3439 4189 3593 4258 pudi-

2020 4258 2164 4331 citiae
2196 4261 2451 4326 studium,
2508 4260 2855 4331 quantumvis
2906 4259 3118 4331 dicatur
3167 4259 3293 4331 inde
3347 4258 3591 4331 elucere.

2021 4330 2304 4399 Egregiam
2334 4347 2462 4386 vero
2496 4329 2830 4402 pudicitiam,
2855 4344 2973 4398 quae
3001 4329 3365 4402 abnegatione
3390 4329 3594 4402 Christi

2022 4403 2357 4456 servaretur!
2386 4400 2555 4459 Porro
2587 4404 2631 4457 si
2664 4403 2734 4457 ob
2760 4416 2881 4456 eam
2912 4414 3135 4455 causam
3175 4400 3367 4456 fuisset
3399 4400 3598 4454 Deme~

2024 4472 2107 4529 trii
2134 4473 2599 4542 compiuriumque
2625 4474 2999 4543 episcoporum
3028 4468 3232 4543 judicio
3257 4470 3324 4523 ab
3350 4468 3594 4543 Ecclesia

2019 4543 2436 4611 sacerdotioque
2479 4541 2740 4607 deiectus,
2782 4556 2907 4597 num
2948 4541 2998 4593 id
3052 4542 3396 4611 ignoﬁrassent
3456 4542 3594 4594 Ara—

2018 4612 2138 4677 biae,
2168 4610 2483 4677 Palaestinae,
2525 4613 2817 4669 Phoenicia:
2844 4622 2898 4665 et
2930 4611 3145 4665 Achaiae
3171 4610 3428 4681 Ecclesiae
3454 4626 3595 4681 prae-

2017 4684 2164 4738 suies
2183 4684 2207 4736 ?
2229 4684 2324 4739 Sin
2355 4686 2551 4748 minus,
2580 4685 2852 4754 quomodo
2872 4697 3106 4754 causam
3164 4680 3281 4750 ejus
3313 4680 3595 4751 suscepis-

2017 4763 2159 4818 sent,
2220 4754 2545 4823 przedicandi
2601 4752 2795 4808 munus
2835 4752 2883 4806 ei
2914 4753 3342 4817 commisissent,
3374 4754 3593 4821 aliaque

2017 4825 2312 4877 sacerdotii
2342 4826 2423 4880 sui
2467 4825 2646 4879 munia
2681 4825 2833 4894 obire
2868 4823 3283 4894 permisissent?
3330 4824 3589 4880 Criminis

2014 4908 2147 4964 ergo
2200 4895 2359 4964 hujus
2414 4894 2622 4949 falsitas
2650 4893 2734 4949 vel
2769 4910 2831 4949 ex
2868 4893 2930 4948 ea
2974 4907 3032 4946 re
3058 4895 3169 4950 sola
3198 4895 3399 4950 elucet.
3448 4896 3592 4963 quod

2018 4963 2305 5035 Origenern
2358 4974 2510 5020 tanta
2543 4981 2664 5019 eum
2691 4966 2960 5021 charitate
2984 4967 3324 5036 susceperint
3356 4966 3430 5021 illi
3474 4969 3591 5036 epi-

2015 5036 2188 5104 scOpi,
2228 5037 2454 5106 ejusque
2499 5037 2861 5106 patrocinium
2911 5046 3065 5091 tanto
3102 5035 3283 5106 studio
3323 5035 3588 5105 complexi

2015 5106 2160 5172 sint;
2196 5104 2269 5162 ac
2286 5104 2515 5177 proinde
2533 5122 2637 5177 non
2666 5118 2886 5175 propter
2905 5122 2998 5161 eas
3026 5120 3161 5177 quas
3186 5104 3413 5161 Huetius
3441 5104 3593 5161 ἐπει-ι

2015 5191 2229 5241 causas,
2267 5179 2407 5232 hanc
2439 5179 2503 5232 de
2525 5176 2776 5248 Origenis
2810 5178 3111 5248 idololatria
3144 5176 3431 5248 historiam
3464 5180 3592 5231 reti-

2015 5260 2246 5318 cuerunt
2271 5248 2389 5318 ejus
2427 5246 2851 5318 adversarii,sed
2883 5250 3008 5317 quia
3041 5246 3177 5301 nihil
3216 5246 3325 5301 tale
3353 5264 3590 5315 unquam

2016 5314 2235 5388 Qrigeni
2260 5314 2508 5388 contigit.
2539 5317 2710 5383 Porro
2731 5320 2876 5387 quod
2895 5314 3093 5373 factum
3118 5331 3225 5388 non
3241 5327 3385 5388 erat.
3401 5314 3589 5388 quam-

2014 5385 2201 5441 obrem
2238 5385 2521 5459 quisquam
2568 5385 2857 5443 excusaret
2904 5389 3040 5443 ratio
3084 5386 3246 5459 inulla
3301 5385 3432 5442 fuit;
3468 5388 3590 5443 lude

2052 5472 2111 5508 ar
2140 5458 2279 5527 apud
2315 5460 2565 5528 Origenis
2612 5459 2929 5515 defensores
2972 5474 3035 5513 ea
3065 5458 3131 5512 de
3175 5471 3235 5512 re
3288 5459 3584 5513 silentium.

2034 5526 2152 5602 line
2170 5526 2238 5602 ne
2260 5531 2363 5602 γρὺ
2384 5526 2599 5602 quidem
2626 5528 2939 5602 hujusapud
2965 5528 3259 5602 Eusebium
3280 5544 3294 5593 ;
3313 5544 3423 5602 nec»
3444 5531 3586 5584 enim

2016 5596 2177 5681 velin
2362 5596 2460 5671 pro
2489 5600 2723 5681 Origene
2746 5600 3014 5681 _Apologia
3046 5599 3206 5668 hujus
3256 5600 3588 5662 mentionem

2017 5668 2211 5727 iecisse
2235 5668 2472 5739 videtur,
2502 5680 2561 5725 ut
2584 5668 2694 5741 jam
2727 5668 2983 5731 diximus.
