3870 6220
254 285 367 341 695

1316 260 1890 324 ORIGENIA‘NORUM
1930 259 2057 312 LIB.
2097 258 2138 322 l,
2178 254 2331 310 CAP.
2374 250 2463 307 Ν.

3405 234 3507 293 6ῦὶ

259 408 450 456 cerent
482 396 733 465 Origenis
758 390 1074 457 adversarii,
1096 385 1238 457 quod
1258 386 1380 440 licet
1400 380 1831 438 sacrificaturum
1863 380 1905 434 Α
1938 373 2092 428 nobis
2120 370 2298 425 l'ucum
2329 367 2610 421 facientes.
2645 362 2708 414 Et
2736 372 2849 415 tum
2883 357 2965 413 vel
2989 355 3222 411 maxime
3253 366 3377 408 sese
3403 352 3509 406 cri-

2564 456 2633 465 ...
2828 452 2840 465 .
2989 456 3002 465 ,
3124 445 3291 465 Au,‘
3354 442 3507 465 ΜΗ,

258 509 319 547 se
354 489 665 559 recepisset,
698 500 807 540 non
834 484 949 554 ipse
977 493 1176 542 tamen,
1208 477 1300 533 sed
1322 474 1414 542 qui
1445 487 1567 528 eum
1602 471 1831 523 cireum-

259 584 478 638 stabant
522 579 781 633 facinoris
814 584 1065 630 auctores
1098 580 1154 627 et
1190 567 1547 637 .impulsores,
1587 559 1834 614 manibus

260 677 378 745 ejus
404 670 755 743 apprehensis
773 677 827 723 et
840 666 1106 728 excussis,
1121 663 1223 733 ipsi
1250 660 1559 714 viderentur
1577 654 1694 708 foco
1717 652 1839 705 thus

262 767 528 830 intulisse,
560 764 703 834 quod
732 762 858 816 licet
883 761 952 814 ab
982 756 1229 812 Ecclesia
1254 752 1444 807 fuisset
1469 750 1539 805 ob
1568 763 1685 802 eam
1710 760 1841 800 cau—

262 876 378 915 sam
411 859 618 930 ejectus
648 853 909 913 Demetrii
952 848 1419 920 compluriumque
1463 841 1838 911 episcoporum

260 927 482 1022 judicio,
534 951 602 1006 ab
674 946 985 1002 Alexandro
1038 951 1218 996 tamen
1273 947 1328 992 et
1364 932 1676 990 Theoctisto
1726 927 1839 998 epi-

267 1043 453 1113 scepis
470 1051 617 1096 tanta
644 1050 788 1095 esset
803 1037 1067 1099 charitate
1087 1040 1391 1101 susceptus,
1421 1028 1643 1098 ejusque
1663 1030 1845 1093 patro-

265 1135 471 1189 cinium
518 1116 668 1187 tanto
715 1129 894 1186 studio
925 1124 1221 1195 complexa:
1253 1130 1437 1177 essent
1474 1118 1708 1179 Arabiae,
1744 1115 1844 1170 Pa,

270 1228 520 1286 L'estime.
579 1222 871 1279 Plitenicite
900 1229 954 1274 et
998 1216 1216 1272 Achaiae
1264 1213 1548 1275 Ecclesia,
1587 1222 1645 1264 ut
1678 1224 1741 1263 ea
1789 1222 1845 1260 re

276 1321 394 1375 fere
419 1318 664 1371 criminis
698 1313 941 1384 depulsio
981 1312 1386 1371 contineretur;
1417 1302 1559 1374 quod
1603 1302 1729 1355 licet
1754 1316 1847 1354 eaq

273 1410 457 1483 pitalis
504 1409 573 1463 sit
612 1406 698 1461 vel
735 1405 918 1462 tenuis
948 1404 1198 1458 admissa:
1225 1396 1540 1455 idololatriae
1587 1391 1851 1462 suspicio,

270 1516 330 1559 et
355 1504 594 1573 graviter
634 1513 886 1569 peccasse
925 1496 1211 1564 Origenem
1237 1491 1511 1546 fatendum
1554 1487 1646 1551 sit,
1702 1485 1850 1539 mini-

272 1611 362 1649 me
403 1605 581 1647 tamen
631 1592 730 1644 hoc
778 1588 996 1642 nomine
1043 1592 1229 1653 posset
1276 1577 1544 1643 accusari,
1574 1577 1703 1646 quin
1733 1575 1851 1643 ejus

274 1689 471 1755 ingens
500 1683 776 1753 pudicitia;
818 1679 1054 1734 studium
1100 1691 1203 1730 una
1258 1671 1673 1743 prmdicaretur;
1706 1666 1849 1738 quod

273 1778 508 1845 denique
531 1775 668 1828 diris
701 1774 800 1827 sub
846 1770 1008 1826 Decio
1032 1767 1289 1837 singulari
1314 1763 1619 1820 constantia
1653 1760 1850 1816 tolera-

276 1872 347 1925 tis
377 1868 684 1931 tormentis,
729 1863 928 1934 prioris
978 1861 1228 1916 criminis
1258 1873 1452 1912 noxam
1488 1855 1624 1911 satis
1668 1868 1851 1908 corre-

273 1959 444 2020 xisse,
471 1956 694 2024 ejusque
720 1954 887 2007 luisse
919 1963 1133 2019 pmnas,
1166 1958 1220 2003 ct
1245 1948 1531 2018 pristinam
1572 1943 1850 1999 mollitiem

274 2043 529 2111 expiasse
551 2042 848 2096 videretur.
898 2040 1081 2107 Atque
1129 2037 1318 2091 iisdem
1371 2035 1485 2090 fere
1533 2033 1853 2096 rationibus,

276 2133 565 2200 quominus
614 2131 666 2183 id
714 2128 1037 2185 Christianis
1081 2127 1454 2195 exprobraret,
1508 2123 1852 2179 absterritum

279 2224 449 2280 fuisse
477 2222 834 2292 Porphyrium
875 2218 1152 2275 existimo.
1180 2217 1331 2283 Quod
1373 2215 1550 2269 nullus
1572 2230 1701 2284 ergo
1724 2214 1856 2269 vitio

279 2318 533 2381 dederat,
587 2313 945 2386 quamobrem
995 2314 1292 2382 quisquam
1344 2317 1665 2374 excusaret,
1716 2309 1856 2363 ratio

280 2409 425 2463 nulla
465 2409 586 2464 fuit.
624 2407 752 2462 Inde
779 2422 877 2477 par
906 2406 1046 2474 apud
1079 2403 1278 2458 multos
1301 2418 1365 2456 ea
1387 2403 1451 2457 de
1477 2417 1535 2455 re
1561 2400 1853 2456 silentium.

282 2500 574 2555 Eusebium
599 2509 803 2561 autem,
852 2512 947 2551 cur
978 2496 1029 2550 id
1060 2493 1350 2549 scribendo
1391 2492 1855 2561 praetermitteret,

279 2608 350 2646 eo
383 2590 552 2645 fuisse
579 2588 870 2658 impulsum
896 2587 1009 2656 jam
1039 2600 1201 2655 supra
1231 2583 1365 2649 dixi,
1387 2582 1438 2637 in
1474 2584 1616 2652 quod
1648 2583 1698 2636 in
1718 2582 1859 2651 Apo-

284 2684 427 2755 logia
457 2700 551 2753 pro
575 2681 801 2752 Origene
838 2681 938 2734 hoc
991 2688 1045 2733 et
1097 2676 1361 2745 ejusmodi
1392 2675 1622 2745 plurima
1670 2674 1860 2730 fuisset

286 2777 632 2846 complexus,
660 2788 783 2843 quae
824 2774 889 2826 ad
927 2771 1183 2826 Historia:
1225 2786 1339 2827 sua:
1366 2769 1700 2838 propositum
1753 2784 1857 2821 non

288 2870 514 2924 omnino
550 2867 921 2931 accommoda,
957 2866 1155 2935 quippe
1187 2866 1278 2934 qui
1334 2879 1421 2918 res
1447 2863 1513 2916 ad
1549 2862 1861 2915 universam

285 2962 586 3017 Ecclesiam
614 2967 921 3030 spectantes
944 2966 1356 3027 exsequeretur,
1374 2965 1622 3025 repetere
1644 2954 1863 3024 insuper

285 3055 497 3110 habuit.
541 3052 735 3108 Jacent
767 3054 936 3122 igitur
986 3050 1213 3105 collecta
1263 3065 1291 3103 a
1332 3047 1568 3103 Baronio
1602 3048 1863 3103 adversus

1941 468 2075 521 ticos
2106 465 2214 519 dici
2268 468 2479 523 amant,
2534 456 2746 524 sibique
2794 452 3037 518 placent,
3084 445 3298 516 quando
3354 442 3510 497 nobis

1939 567 2222 613 auctorum
2253 554 2455 615 larvas,
2490 548 2633 603 veris
2666 545 2797 615 ipsis
2829 539 3145 595 deformatis
3173 535 3508 599 auctoribus,

1943 649 2283 718 obiecerunt.
2314 645 2494 713 Atque
2534 641 2651 695 haec
2704 636 2873 707 pestis
2906 632 3038 686 nihil
3077 646 3181 684 non
3220 638 3512 697 pervagata

1941 753 2042 799 est.
2075 740 2329 797 Plurima)
2376 736 2591 807 quidem
2630 731 2819 787 sordes
2854 728 2939 781 vel
2976 739 3070 796 per
3112 723 3369 793 temporis
3396 722 3514 774 diu-

1942 836 2283 898 turnitatem,
2334 829 2419 884 vel
2478 841 2574 895 per
2627 822 2971 879 librariorum
3018 815 3321 873 socordiam
3370 812 3516 865 anti-

1942 942 2172 1000 quorum
2196 922 2416 991 scriptis
2442 917 2593 973 allini
2627 926 2790 984 atque
2825 910 3197 965 adhaerescere
3218 905 3336 958 sitae
3356 909 3512 965 sunt;

1944 990 2002 1076 at
2034 1034 2127 1074 eas
2160 990 2374 1072 nonnisi
2408 1010 2726 1065 manifestas
2761 1003 2889 1069 elui,
2927 1015 3025 1055 nec
3076 994 3369 1066 quidquam
3414 990 3515 1045 nisi

1948 1112 2030 1168 vel
2064 1125 2226 1166 manu
2280 1106 2608 1174 scriptorum
2641 1096 2888 1154 codicum
2936 1109 3061 1162 ope,
3113 1090 3199 1144 vel
3247 1086 3412 1142 certis
3465 1092 3520 1136 et

1947 1201 2291 1259 evidentibus
2322 1192 2660 1265 argumentis
2693 1187 2949 1258 supponi,
2984 1193 3041 1239 et
3070 1184 3123 1235 in
3156 1191 3309 1234 notas
3341 1174 3519 1245 potius

1950 1310 2103 1353 extra
2136 1292 2374 1348 auctoris
2401 1288 2571 1359 ipsius
2597 1292 2941 1345 contextum,
2971 1272 3326 1348 quantumvis
3363 1278 3518 1321 acute

1952 1389 2231 1459 cogitatas.
2269 1381 2615 1450 conjecturas
2650 1378 2802 1447 rejici
2843 1373 3026 1429 velim.
3063 1369 3169 1424 Sed
3221 1365 3336 1421 haec
3364 1368 3524 1417 erant

1953 1484 2176 1538 alterius
2208 1476 2333 1531 loci.
2370 1472 2524 1528 Nunc
2557 1473 2623 1526 ad
2658 1486 2795 1524 rem.

2025 1573 2111 1627 Vl.
2161 1570 2341 1637 Quoto
2372 1565 2519 1620 Decii
2576 1577 2719 1617 anno
2744 1558 3075 1615 cruciatibus
3134 1563 3308 1610 tortus
3363 1548 3527 1605 fuerit

1955 1666 2247 1736 Origenes,
2306 1658 2584 1722 nescitur;
2628 1662 2683 1709 at
2730 1669 2851 1708 cum
2900 1650 3174 1706 biennium
3229 1643 3424 1699 Decius
3472 1640 3525 1694 in

1890 1762 1930 1815 Β
1960 1758 2188 1829 imperio
2210 1770 2316 1810 non
2339 1749 2656 1822 expleverit,
2688 1747 2821 1800 levis
2839 1755 2921 1800 est
2940 1740 3223 1798 dubitatio.
3242 1737 3298 1794 Id
3318 1737 3529 1790 videtur

1957 1826 2102 1906 anno
2126 1847 2333 1904 Christi
2362 1843 2490 1910 250,
2523 1840 2773 1910 Origenis
2805 1852 2927 1899 va,
2962 1830 3387 1889 attribuendum.
3420 1826 3531 1881 Nec

1955 1952 2183 2013 apparet
2222 1940 2356 1994 item
2413 1933 2689 2006 quomodo
2730 1928 2965 1984 vinculis
3003 1926 3221 1994 elapsus
3268 1923 3358 2005 sit.
3421 1920 3530 1990 Ego

1957 2051 2088 2091 vero
2118 2034 2167 2088 id
2200 2047 2296 2102 per
2327 2030 2536 2084 obitum
2572 2024 2716 2079 Decii
2747 2021 3039 2091 contigisse
3084 2016 3312 2084 opinor;
3350 2002 3470 2080 quo
3501 2025 3531 2063 a

1956 2127 2206 2185 barbaris
2233 2123 2409 2180 deleto
2455 2134 2579 2175 cum
2614 2117 2879 2173 exercitu.
2923 2110 3209 2180 imperium
3244 2104 3534 2174 capessivit

1960 2222 2150 2277 Vibius
2173 2217 2380 2281 Gallus,
2434 2212 2608 2269 ascito
2637 2211 2690 2264 in
2722 2205 3060 2264 consortium
3094 2201 3382 2257 Volusiano
3401 2197 3531 2251 lilio.

1958 2314 2112 2370 Tunc
2140 2312 2284 2368 enim
2320 2304 2691 2377 tranquillatis
2717 2300 3149 2355 Christianorum
3169 2294 3351 2354 rebus,
3373 2290 3529 2344 liber-

1961 2414 2128 2460 tatem
2162 2414 2379 2473 quoque
2426 2412 2577 2453 suam
2626 2395 2880 2463 adeptum
2917 2387 3202 2458 Origenem
3243 2379 3537 2437 verisimile

1959 2506 2064 2553 est.
2091 2495 2204 2567 (41)
2234 2494 2301 2548 At
2336 2505 2402 2545 ne
2430 2497 2541 2543 tum
2572 2485 2789 2555 quidem
2814 2490 2946 2536 aetas
2976 2480 3044 2533 ad
3066 2476 3278 2534 senium
3310 2473 3535 2533 devexa,

1961 2564 2243 2642 laboribus
2270 2581 2527 2646 fractum,
2550 2577 2663 2632 otio
2691 2589 2755 2628 ac
2790 2571 2997 2627 desidia
3026 2566 3256 2624 mollivit
3283 2583 3296 2621 :
3326 2564 3429 2619 sed.
3450 2564 3536 2617 vix

1962 2676 2284 2750 aegritudine
2318 2672 2598 2728 relaxatus
2636 2681 2698 2721 ac
2726 2663 2974 2728 miseria,
2999 2675 3120 2731 qua:
3147 2673 3269 2714 eum
3298 2657 3349 2709 in
3392 2653 3538 2708 Decii

1964 2748 2180 2826 laniena
2232 2781 2376 2839 pene
2424 2763 2671 2828 eliserat,
2697 2758 2819 2813 aliis
2858 2768 2996 2826 quos
3051 2753 3241 2808 eadem
3271 2748 3540 2802 aﬂlixerat

1964 2863 2163 2927 clades,
2194 2861 2346 2914 utilia
2373 2856 2566 2913 solatia
2591 2869 2689 2923 per
2716 2848 2976 2921 epistolas
3014 2841 3468 2901 subministravit.
3486 2839 3540 2894 ld

1967 2952 2327 3009 ostendebant
2355 2948 2655 3002 innumera:
2683 2941 2800 3010 ejus
2846 2936 3109 3008 epistolae,
3138 2949 3258 3005 quae
3285 2942 3404 3002 post
3432 2932 3541 2986 De-

1967 3043 2181 3097 cianam
2222 3037 2581 3093 vastationem
2606 3033 2844 3102 scriptae,
2868 3039 2922 3083 et
2956 3026 3125 3082 multo
3148 3036 3274 3095 post
3305 3039 3334 3077 a
3364 3023 3467 3093 piis
3488 3030 3543 3076 et

289 3149 436 3200 hunc
467 3144 758 3215 Epiphanii
816 3144 992 3198 locum
1036 3150 1381 3212 argumenta,
1415 3156 1576 3209 quem
1608 3139 1689 3195 vel
1750 3140 1862 3209 ipsa
1892 3133 1937 3195 C
1967 3132 2224 3190 studiosis
2249 3128 2561 3185 hominibus
2579 3134 2828 3189 servatae,
2852 3127 3121 3176 vetustate
3138 3119 3349 3173 demum
3369 3114 3543 3183 perie-

289 3239 420 3309 styli
477 3238 797 3301 similitudo,
829 3247 889 3292 ut
922 3245 1077 3291 recte
1138 3235 1343 3291 notavit
1392 3232 1673 3297 Petavius,
1730 3233 1862 3288 satis

290 3329 594 3399 Epiphanio
625 3328 918 3398 adjudicat.

364 3420 428 3474 ν.
458 3420 682 3475 Cautius
716 3419 963 3488 equidem
1003 3434 1066 3473 ac
1109 3419 1445 3473 reverentius
1496 3417 1864 3487 antiquorum,

290 3512 387 3567 sed
412 3510 631 3564 Patrum
681 3511 981 3579 praesertim
1039 3518 1384 3563 monumenta
1422 3508 1617 3577 attingi
1649 3508 1862 3563 vellem.

289 3604 426 3659 Nam
463 3606 712 3673 quamvis
737 3615 919 3670 parce,
953 3610 1007 3677 et
1036 3615 1138 3654 non
1173 3599 1293 3654 sine
1325 3599 1505 3667 aliqua
1554 3596 1865 3652 verisimili-

292 3695 485 3749 tudine
537 3708 730 3746 manus
762 3691 1068 3762 Epiphanio
1102 3689 1346 3745 attulerit
1395 3691 1497 3745 hoc
1550 3688 1669 3744 loco
1702 3689 1867 3743 Baro-

292 3784 439 3850 nius,
476 3783 639 3836 homo
665 3791 723 3835 ut
763 3782 1039 3837 excellens
1068 3782 1187 3851 ejus
1227 3780 1600 3850 ingenium,et
1622 3782 1865 3850 singula-

294 3890 413 3929 rem
454 3875 760 3929 doctrinam
781 3873 994 3935 sileam,
1029 3873 1397 3943 sagacissimae
1435 3875 1490 3925 in
1525 3881 1643 3926 arte
1678 3873 1866 3927 critica

290 3975 349 4022 ct
379 3968 660 4021 acerrima:
690 3966 838 4021 uaris
860 3982 877 4033 ;
898 3967 1000 4020 hoc
1020 3975 1197 4022 tamen
1226 3963 1531 4035 exemplum
1558 3965 1612 4019 in
1634 3979 1870 4034 sequens

291 4076 467 4115 aevum
500 4060 676 4114 labem
702 4060 918 4114 trahere
949 4067 1150 4129 potest,
1171 4066 1229 4111 ut
1251 4056 1387 4111 tanti
1410 4057 1513 4111 viri
1548 4058 1872 4112 auctoritate

294 4154 541 4225 producti
594 4152 816 4208 litterati
862 4151 1145 4216 homines,
1222 4150 1541 4204 venerandae
1591 4154 1871 4206 vetustatis

293 4243 553 4317 operibus
588 4242 830 4305 illudere,
869 4255 1040 4309 eaque
1067 4241 1133 4294 ad
1184 4240 1397 4296 libitum
1434 4257 1751 4311 recoquere,
1808 4256 1872 4295 ac

295 4334 611 4392 incudisum
638 4334 863 4388 reddere
883 4332 1116 4387 fortasse
1133 4336 1314 4388 ausuri
1333 4335 1463 4389 sint.
1488 4335 1720 4401 Quaesivi
1741 4349 1871 4388 sane

295 4426 523 4479 multum
555 4441 620 4483 ae
644 4425 760 4489 diu,
797 4425 988 4493 plusne
1011 4427 1268 4494 perniciei
1297 4427 1349 4479 in
1392 4427 1601 4480 litteras
1625 4441 1695 4479 an
1726 4426 1873 4479 utili-

1973 3235 2121 3282 runl.
2153 3223 2345 3280 Aliane
2382 3231 2655 3292 praeterea
2678 3226 2805 3271 ante
2829 3224 3063 3270 mortem
3091 3209 3291 3267 litteris
3319 3206 3544 3263 manda-

1969 3320 2129 3383 verit,
2169 3316 2427 3387 quoniam
2463 3314 2530 3367 de
2554 3326 2620 3366 eo
2653 3308 2787 3364 nihil
2829 3305 3039 3374 antiqui
3083 3303 3379 3372 scriptores
3431 3307 3537 3351 tra-

1973 3412 2185 3477 didere,
2215 3415 2556 3476 compertum
2588 3419 2694 3459 non
2720 3411 2824 3457 est.
2866 3401 2966 3455 Vix
3007 3396 3160 3453 credi
3216 3403 3396 3447 tamen
3451 3404 3545 3459 po-

1974 3516 2099 3568 test,
2120 3500 2648 3572 impatientissimnm
2671 3497 2768 3551 otii
2791 3494 3064 3565 ingenium
3093 3489 3159 3543 ab
3176 3493 3392 3542 assueto
3411 3483 3545 3537 scri-

1974 3597 2133 3651 bendi
2173 3595 2382 3657 labore,
2411 3605 2520 3660 quo
2552 3597 2629 3643 tot
2650 3587 2967 3643 elucubrata
2999 3582 3248 3638 feruntur
3284 3579 3541 3630 librorum

1976 3688 2163 3751 millia,
2198 3682 2593 3753 conquievisse.

2047 3780 2159 3834 VII.
2212 3775 2326 3847 (4‘2)
2354 3774 2586 3842 Jamque
2636 3783 2826 3825 novem
2871 3784 2935 3824 ac
2971 3764 3249 3835 sexaginta
3287 3761 3549 3829 Origenes

1977 3870 2290 3924 conl’ecerat
2323 3880 2516 3930 annos,
2553 3878 2674 3915 cum
2719 3861 2905 3915 labore
2932 3866 2988 3913 et
3036 3872 3192 3911 annis
3241 3863 3548 3908 contectmn

1981 3960 2303 4030 tempestiva
2337 3972 2485 4011 mors
2508 3954 2642 4025 Tyri
2667 3951 3024 4021 consumpsit,
3043 3963 3185 4002 anno
3208 3957 3325 4019 post
3349 3941 3549 3999 Christi

1979 4066 2158 4110 ortum
2191 4051 2299 4106 254
2327 4066 2341 4103 :
2372 4064 2477 4119 quo
2499 4062 2642 4102 anno
2672 4045 2999 4100 Interamnae
3047 4039 3235 4096 Gallus
3282 4046 3337 4093 et
3390 4035 3552 4090 Volu—

1978 4148 2163 4202 sianus
2194 4141 2464 4198 interfecti
2484 4149 2630 4195 sunt.
2657 4138 2791 4192 Cum
2817 4137 2959 4190 enim
2980 4142 3163 4188 natum
3181 4144 3301 4185 eum
3327 4129 3552 4183 demon-

1981 4231 2344 4288 straverimus
2374 4244 2515 4284 anno
2550 4236 2665 4298 post
2702 4227 2978 4280 Christum
3030 4223 3153 4287 i85,‘
3186 4219 3414 4288 adjectis
3459 4216 3550 4277 69,

1981 4334 2114 4396 quot
2139 4324 2260 4377 vita:
2291 4320 2531 4392 explevit
2570 4335 2766 4383 annos,
2798 4318 3020 4373 omnino
3064 4312 3292 4371 eﬂicitur
3339 4323 3553 4364 summa

1981 4432 2246 4472 annorum
2282 4415 2410 4469 254.
2443 4413 2702 4479 Quamvis
2729 4418 2908 4464 autem
2941 4410 3013 4461 ita
3044 4405 3332 4474 scripserit
3382 4401 3551 4455 Euse-

297 4516 427 4570 tatis
462 4517 653 4570 critica
682 4532 774 4571 ars
801 4516 1219 4583 iutulerit.Quot
1239 4516 1383 4569 enim
1414 4531 1544 4571 sana
1576 4526 1631 4570 et
1660 4516 1859 4584 integra

1978 4512 2097 4566 bius
2128 4510 2239 4582 (45)
2258 4527 2271 4562 :
2290 4508 2541 4561 Δέκιον...
2578 4503 2992 4573 κατασφαγέντα
3014 4498 3209 4561 Γάλλος
3232 4496 3550 4565 διαδέχεται·

298 4616 540 4662 veterum
606 4608 808 4676 scripta
863 4607 1126 4675 pervertit
1175 4606 1494 4659 criticorqu
1554 4605 1871 4675 temeritas,

298 4700 426 4754 dum
448 4700 710 4769 quidquid
730 4702 909 4754 minus
936 4710 1117 4754 mente
1137 4700 1505 4769 perciperent,
1538 4698 1589 4751 id
1627 4698 1692 4751 ad
1724 4696 1872 4751 arbi-

308 4791 471 4845 trium
524 4805 683 4844 suum
733 4790 1029 4861 relingendi
1086 4790 1359 4845 licentiam
1412 4780 1529 4842 sibi
1577 4785 1874 4841 fecerunt?

297 4882 441 4947 Quot
472 4881 744 4935 volumina
786 4881 899 4936 suis
950 4888 1059 4935 tota
1093 4880 1447 4934 detraxerunt
1489 4879 1869 4949 scriptoribus,

299 4974 498 5028 alienis
548 4972 954 5028 attribuerunt?
1002 4970 1235 5026 Diﬂ‘eror
1290 4971 1395 5036 ira,
1443 4972 1874 5040 quotiescunque

299 5065 438 5118 viles
468 5066 537 5118 de
595 5065 747 5133 plebe
802 5064 1281 5133 grammaticorum
1319 5063 1653 5117 litteratores
1713 5062 1872 5117 bonis

300 5157 620 5212 auctoribus
648 5158 875 5211 inscitiae
910 5172 1020 5211 sua:
1045 5160 1195 5210 virus
1234 5165 1549 5225 spargentes
1582 5157 1772 5220 video;
1818 5164 1872 5209 et

301 5251 594 5320 siquando
620 5265 757 5304 nova
787 5265 912 5311 vox,
956 5258 1011 5303 et
1034 5248 1436 5316 lexicographis
1458 5248 1730 5315 incognita
1757 5262 1878 5302 sese

302 5342 416 5405 det,
443 5356 561 5395 eam
592 5343 799 5409 absque
827 5343 1175 5396 cunctatione
1203 5342 1358 5396 obelo
1399 5355 1496 5395 suo
1521 5338 1833 5410 jugulantes
1860 5382 1875 5407 ,

303 5442 357 5487 et
383 5432 623 5488 obtrusis
650 5434 763 5487 suis
803 5433 1132 5503 conjecturis
1171 5447 1267 5502 per
1302 5447 1567 5487 summam
1594 5431 1876 5486 audaciam

378 5597 733 5687 ςξξρὶῐξμεθιξη
942 5600 1091 5687 εᾳςςη
1123 5597 1216 5652 lib.
1249 5613 1323 5662 vt,
1355 5596 1587 5687 caquéi).

351 5666 507 5748 ita.)
536 5670 730 5726 Euseb.
768 5671 923 5748 ibid,
992 5671 1086 5728 lib.
1124 5685 1216 5735 vn,
1248 5683 1369 5739 cap.
1404 5667 1453 5724 l.
1486 5666 1706 5725 lliet'ou.
1758 5667 1875 5726 Cal.

312 5743 408 5795 ινα.
442 5740 635 5796 illnsn'.
691 5756 811 5809 cap.
845 5741 931 5796 54.

1992 4603 2269 4677 Ὠριγένης
2301 4605 2359 4655 ὲν
2386 4600 2559 4671 τούτῳ
2589 4595 3009 4665 ὲνὸςόἐοντατῆς
3026 4592 3170 4663 ζωῆς
3190 4589 3556 4660 ἐϐδομήκοντα

1981 4698 2304 4769 ἀποπλήσας
2336 4694 2453 4766 ἐτη,
2482 4692 2727 4762 τελευτᾷ,
2755 4706 2861 4745 non
2888 4689 2954 4743 iis
2980 4685 3204 4757 praecise
3234 4680 3558 4751 signiﬁcavit

1985 4792 2087 4846 hoc
2145 4792 2264 4860 ipso
2300 4799 2541 4857 tempore
2599 4785 2803 4839 obiisse
2859 4780 3170 4850 Origenem,
3206 4791 3313 4843 quo
3361 4771 3551 4827 Gallus

1986 4885 2260 4939 exstincto
2294 4882 2456 4936 Decio
2483 4877 2772 4941 successit,
2816 4874 2959 4944 quod
2995 4868 3235 4927 nonnulli
3266 4880 3553 4937 perperam

1986 4976 2189 5047 opinati
2217 4984 2383 5038 sunt;
2416 4972 2510 5027 sed
2535 4970 2819 5038 imperimn
2851 4974 3066 5019 tenente
3088 4962 3264 5026 Gallo,
3291 4960 3401 5013 fato
3440 4960 3559 5010 l'nn-

1981 5080 2124 5124 ctum
2154 5066 2444 5135 Origenem
2463 5066 2653 5119 fuisse.
2681 5062 2795 5132 (44)
2815 5056 3265 5113 δρτῐιιίιηΡΙιοιίιιε
3288 5055 3410 5108 cod.
3434 5053 3554 5117 “8,

1988 5175 2213 5213 narrare
2243 5156 2610 5226 Pamphilum,
2659 5154 2901 5221 aliosque
2940 5148 3269 5216 complures,
3306 5145 3560 5214 Origenis

1986 5252 2153 5305 vitam
2186 5260 2240 5303 et
2274 5266 2361 5303 res
2395 5259 2575 5317 gestas
2607 5262 2673 5299 ex
2720 5246 2784 5298 iis
2812 5243 2948 5313 ipsis
2975 5242 3068 5310 qui
3101 5238 3374 5294 hominem
3411 5237 3559 5290 vide-

1990 5350 2112 5396 rant
2144 5348 2536 5409 perscrutatos,
2567 5336 2619 5390 in
2641 5335 2871 5390 Deciana
2892 5342 3071 5401 strage
3098 5328 3359 5398 martyrio
3389 5328 3559 5395 ipsum
3638 5310 3643 5315 ’

1995 5435 2159 5489 vitam
2196 5433 2455 5487 liuivisse.
2505 5431 2561 5485 ιιι
2607 5428 2809 5484 refellit
2834 5426 3093 5491 Pbotius,
3131 5422 3267 5479 Galli
3297 5430 3351 5476 et
3398 5416 3561 5474 Volu-

2071 5599 2182 5670 (-i3)
2220 5600 2454 5671 linseln,
2484 5599 2625 5653 Hist.
2652 5601 2801 5662 ποίη
2830 5599 2920 5652 lil).
2955 5614 3049 5659 vlt,
3078 5596 3278 5671 cap._i.
3314 5632 3315 5635 η

2060 5663 2395 5737 (Μὶδτνὶὸίι
2427 5670 2647 5723 Plautius
2669 5671 2785 5723 cod.
2814 5672 2932 5733 HS,
2960 5663 3177 5722 narrare
3208 5663 3566 5737 Pamphilum,

1992 5736 2097 5798 etc.
2136 5742 2325 5797 Mirum
2358 5751 2506 5798 certe
2543 5744 2754 5796 videtur
2786 5743 2927 5803 (Illud
2962 5739 3124 5796 refert
3155 5738 3394 5791 l’hotius.
3430 5736 3561 5789 Cum
