3870 6220
204 349 306 406 897
1393 344 1966 403 ORiGENIANOBUM
2009 345 2134 400 LIB.
2171 345 2236 400 ll.
3335 335 3440 393 698

204 486 305 528 nec
346 470 504 526 etiam
536 467 778 524 Ecclesia
834 467 1131 524 certificata
1179 478 1260 524 est
1295 469 1361 524 de
1393 470 1498 536 bis,
1545 469 1773 526 Domino
1799 475 1846 531 Α
1873 469 2116 538 epistolis
2143 466 2346 523 Christi
2383 466 2540 521 lident
2565 464 2761 530 hausit,
2801 473 3083 532 postquam
3114 457 3436 530 presbyterii

206 564 446 620 Iotaliter
475 561 856 616 committenda
880 571 1024 615 sunt.
1060 579 1078 612 ι

1916 561 2134 628 ignitate
2163 567 2356 614 auctus
2408 557 2785 611 Alexandriam
2824 570 2888 610 ex
2934 553 3133 608 Achaia
3189 565 3439 606 reversus

276 653 345 708 X.
382 653 493 724 (50)
527 651 850 705 Prodierunt
876 666 906 705 e
934 652 1112 706 schola
1143 651 1392 721 Origenis
1423 653 1524 708 viri
1574 653 1771 721 pietate
1875 663 1977 708 est.
2002 653 2082 707 Ab
2109 667 2174 707 eo
2217 651 2413 721 quippe
2439 652 2550 720 jam
2603 647 2916 719 presbytero
2957 644 3279 699 Alexandria
3315 643 3439 696 data

202 745 444 816 insignes
484 753 538 796 et
572 742 818 796 doctrina
850 740 1198 804 Plutarchus,
1230 742 1488 809 Serenus,
1525 741 1769 796 Heracli-
1875 753 1960 798 est
1998 745 2064 797 ad
2095 747 2260 812 ipsam
2288 742 2538 811 epistola,
2571 755 2688 810 quas
2711 740 2763 793 in
2791 739 2906 806 ejus
2927 739 3058 792 Acta
3091 737 3290 790 inserta
3333 743 3436 787 est.

199 836 320 900 des,
373 833 576 898 Heron,
651 830 889 886 Serenus
946 833 1100 898 alter,
1148 833 1336 890 Ilerais
1384 844 1438 889 et
1486 833 1768 900 Basilides,
1877 835 2261 890 Potamiaanam
2293 835 2554 905 virginem
2588 831 2920 887 nobilissimo
2951 828 3208 899 martyrio
3233 826 3436 880 claram

200 927 431 983 acerbos
466 926 760 990 cruciatus,
797 935 851 981 ct
887 937 1109 982 mortem
1144 928 1374 996 denique
1409 928 1579 996 ipsam
1615 927 1772 982 Chri-
1877 931 2017 984 inter
2049 928 2297 998 Origenis
2325 926 2613 995 diseipulas
2651 923 2877 978 Rufinus
2912 931 2967 975 et
2991 918 3322 987 Nicephorus
3351 930 3438 968 re-

199 1019 272 1073 sti
294 1017 508 1073 nomine
536 1018 780 1086 Perpessi
816 1018 927 1090 (51)
957 1018 1250 1073 :Heraclas
1282 1028 1462 1073 autem
1493 1020 1767 1074 Plutarchi
1876 1031 2131 1076 censent:
2165 1020 2257 1074 sed
2281 1018 2458 1072 fucum
2495 1018 2562 1071 iis
2609 1016 2736 1070 fecit
2771 1013 2986 1068 Eusebii
3014 1012 3162 1065 locus
3186 1008 3298 1077 (56)
3333 1023 3436 1061 non

197 1109 364 1179 hujus
411 1107 608 1175 frater,
642 1107 891 1174 Origenis
929 1109 1161 1177 primum
1207 1110 1524 1179 discipulus,
1558 1120 1666 1164 tum
1717 1111 1769 1164 in
1875 1114 2006 1168 satis
2041 1122 2242 1167 attente
2265 1121 2600 1182 perspectus,
2637 1107 2724 1161 ubi
2766 1107 2817 1161 in
2841 1107 2982 1159 hanc
3004 1103 3196 1157 seriem
3224 1099 3440 1154 disertis

197 1199 443 1254 docendo
467 1200 664 1265 socius,
695 1199 892 1254 deinde
920 1212 1202 1253 successor
1247 1213 1311 1254 ac
1347 1201 1634 1269 episcopus
1676 1200 1771 1254 de-
1877 1206 2053 1260 verbis
2097 1204 2356 1270 septimus
2401 1200 2632 1256 refertur
2672 1196 2965 1258 Basilides;
2999 1196 3064 1248 de
3106 1191 3438 1246 Potainiaana

198 1307 350 1346 mum
401 1291 800 1346 Alexandrinus
844 1290 994 1360 (52);
1049 1291 1340 1362 Dionysius
1390 1291 1770 1346 Alexandrinae
1875 1311 2004 1351 vero
2058 1295 2178 1348 talis
2219 1293 2360 1347 nulla
2411 1292 2550 1362 apud
2594 1305 2714 1344 eum
2762 1287 2996 1356 suspicio
3039 1295 3140 1338 est.
3171 1283 3283 1354 (57)
3323 1281 3440 1347 Quo

197 1384 462 1439 Ecclesia:
491 1393 612 1452 post
645 1383 887 1438 lleracla:
919 1393 1145 1438 mortem
1192 1384 1438 1448 antistes,
1471 1383 1772 1438 eruditione
1878 1388 2048 1458 magis
2113 1384 2415 1440 mirandum
2469 1393 2573 1449 est,
2624 1382 2693 1435 ab
2745 1380 2959 1434 erudito
3020 1378 3137 1431 viro
3201 1376 3251 1428 in
3295 1374 3440 1428 hunc

201 1485 260 1529 et
316 1476 532 1545 scriptis
579 1475 736 1546 longe
782 1475 1207 1541 celeberrimus;
1265 1473 1556 1545 Gregorius
1609 1473 1698 1528 ille
1739 1490 1769 1528 a
1876 1491 2093 1533 censum
2144 1475 2524 1530 Potamiaenam
2593 1472 2812 1533 ascribi,
2864 1468 3096 1522 Basilide
3153 1471 3438 1532 expuncto.

204 1565 480 1621 miraculis
498 1580 796 1637 cognomen
823 1568 1066 1634 adeptus,
1093 1564 1543 1620 Neocaesariensis
1566 1565 1770 1635 episco-
1876 1569 2040 1636 Quasi
2073 1582 2201 1622 vero
2241 1581 2430 1636 parum
2476 1564 2732 1619 credibile
2763 1564 2853 1626 sit,
2904 1563 3078 1614 virum
3119 1558 3323 1612 bellica:
3361 1553 3440 1610 rei

201 1671 324 1724 Pus:
370 1655 461 1726 (ἰυῖ
508 1655 808 1726 aequalibus
849 1657 962 1711 SlliS
998 1656 1247 1710 onlnibus
1293 1653 1577 1726 Origene!!!
1613 1663 1770 1708 aetate
1876 1659 2136 1725 deditum,
2165 1674 2285 1713 cum
2317 1657 2565 1729 Origenis
2608 1655 2746 1708 fama
2765 1662 3037 1723 permotus
3061 1659 3224 1713 esset,
3262 1661 3442 1702 acces-

194 1747 312 1815 jam
348 1747 598 1803 affectum
651 1749 701 1803 in
750 1747 1117 1803 familiaritate
1152 1748 1486 1816 anteposuit;
1527 1747 1772 1802 Atheno—
1877 1754 2015 1809 sisse
2043 1752 2108 1806 ad
2135 1766 2280 1815 eum,
2307 1759 2362 1804 et
2393 1747 2644 1804 nonnulla
2682 1761 2858 1800 rerum
2881 1744 3308 1798 Christianarum
3347 1754 3441 1794 ac-

203 1839 374 1894 dorus
399 1839 642 1909 Gregorii
685 1841 885 1908 frater;
920 1840 1176 1913 Tryphon
1215 1855 1336 1893 rara
1367 1839 1658 1907 Scriptura:
1689 1853 1777 1907 pe-
1813 1839 1856 1895 Β
1885 1853 2038 1912 cepta
2070 1842 2138 1896 ab
2164 1857 2231 1897 eo
2248 1841 2462 1904 notitia,
2482 1855 2603 1894 cum
2630 1838 3010 1894 Potamiaenam
3035 1834 3100 1888 ad
3123 1832 3440 1902 supplicium

203 1930 332 1984 ritia
368 1931 612 1998 illustris,
648 1933 803 2003 cujus
835 1944 889 1988 et
931 1933 1214 1989 nonnullas
1254 1933 1319 1986 ad
1349 1930 1634 2001 Origenem
1663 1929 1777 1998 epi-
1873 1949 1968 2004 pro
1998 1947 2220 1987 munere
2257 1946 2354 1986 suo
2379 1931 2685 1992 deduceret,
2711 1944 2828 1984 eam
2859 1928 2926 1981 ab
2955 1924 3320 1994 improborum
3345 1923 3442 1976 ho-

200 2023 373 2078 stolas
421 2025 532 2078 suis
600 2027 932 2094 temporibus
983 2027 1258 2081 exstitisse
1307 2023 1472 2078 tradit
1515 2022 1778 2092 Hierony-
1872 2026 2075 2082 minum
2108 2024 2402 2094 petulantia
2427 2024 2784 2093 prohibuisse,
2821 2022 2888 2075 ab
2906 2033 3076 2088 eaque
3102 2017 3442 2087 postmodum

203 2128 324 2168 mus
374 2114 522 2184 (53);
571 2115 685 2184 (54)
726 2116 1075 2172 Firmilianus
1103 2115 1446 2171 Caesariensis
1479 2115 1530 2168 in
1563 2114 1775 2182 Cappa-
1865 2117 1975 2186 jam
2012 2117 2120 2171 fato
2157 2117 2336 2170 functa
2363 2116 2655 2170 secundum
2675 2113 2908 2184 quietem
2935 2112 3250 2172 excitatum,
3288 2108 3445 2162 Chri-

201 2210 356 2264 docia
390 2212 607 2279 praesul,
629 2212 849 2280 Origeni
871 2213 951 2268 sic
971 2213 1202 2276 deditus,
1225 2221 1281 2266 ut
1305 2211 1423 2280 ejus
1450 2211 1776 2266 convenien-
1872 2210 1941 2265 sti
1973 2210 2130 2264 fidem
2160 2208 2334 2279 palam
2356 2208 2524 2262 fuisse
2552 2206 2871 2280 professum.
2903 2203 3017 2257 Huc
3045 2202 3204 2256 etiam
3230 2199 3446 2255 confert

203 2300 258 2353 di
293 2315 450 2355 cauea
485 2303 659 2371 patria
714 2303 900 2358 reliCta
936 2303 1150 2373 longum
1181 2317 1244 2356 ac
1270 2302 1483 2357 difﬁcile
1511 2303 1614 2356 iter
1635 2316 1768 2357 con-
1873 2298 2209 2369 Nicephorus
2279 2297 2392 2370 (58)
2466 2297 2828 2352 Alexandrum
2902 2291 3443 2362 llierosolymitanum

201 2390 475 2446 stitueret.
525 2391 638 2464 (55)
686 2394 1106 2448 Annumeranda
1150 2395 1234 2448 his
1271 2409 1484 2462 quoque
1531 2393 1767 2447 Barbara
1873 2392 2202 2461 episcopum,
2257 2401 2311 2446 et
2367 2391 2748 2445 Caesariensem
2791 2387 3199 2450 Theoctistum;
3247 2380 3444 2453 quibus

205 2481 638 2538 Nicomediensis
672 2485 824 2554 virgo
853 2500 1050 2554 genere
1084 2485 1298 2549 nobilis,
1329 2484 1630 2539 eruditione
1665 2484 1770 2538 cla-
1871 2483 2204 2538 Manimaram
2238 2497 2452 2550 quoque
2478 2479 2788 2550 adjungere,
2817 2487 2872 2533 et
2904 2485 3260 2531 memoratum
3292 2474 3444 2529 illum

204 2586 287 2636 ra,
334 2573 400 2624 ah
440 2570 676 2643 Origene
703 2575 933 2642 primum
962 2589 1054 2644 per
1074 2574 1326 2642 epistolas
1354 2585 1408 2629 et
1429 2574 1764 2629 Valentinum
1873 2576 1940 2631 ab
1973 2576 2198 2629 Eusebio
2233 2572 2342 2642 (59)
2373 2572 2581 2626 Arabia
2615 2570 2894 2641 praesidem
2931 2567 3121 2621 rationi
3158 2574 3445 2620 consenta-

201 2663 573 2733 presbyterum
600 2665 662 2717 ad
697 2680 814 2719 eam
851 2666 1070 2719 missum
1107 2666 1173 2719 ab
1206 2665 1544 2719 ethnicorum
1575 2679 1767 2735 super-
1873 2682 2031 2721 neum
2059 2675 2161 2722 est.
2193 2665 2433 2733 Denique
2471 2683 2490 2716 ι
2531 2663 2821 2726 lnnumcri,
2862 2681 2880 2712 ι
2915 2661 3088 2729 inquit
3123 2656 3444 2714 Vincentius

199 2751 426 2806 etitione
459 2765 732 2820 revocata,
777 2767 831 2809 et
875 2755 1074 2810 Christi
1109 2755 1382 2826 mysteriis
1411 2755 1676 2820 instituta,
1703 2769 1768 2809 ac
1874 2758 2170 2814 Lirinensis
2205 2756 2337 2828 (60),
2380 2774 2399 2807 ι
2451 2770 2516 2810 ex
2548 2757 2670 2810 sinu
2723 2769 2821 2809 suo
2857 2754 3127 2816 doctores,
3175 2748 3440 2804 innumeri

203 2844 422 2898 tandem
450 2845 502 2899 in
545 2844 820 2900 Maximini
847 2846 1220 2915 persecutione
1259 2846 1547 2901 saevissime
1573 2860 1767 2900 excru-
1876 2852 2206 2916 sacerdotes,
2248 2849 2590 2904 confessores
2622 2854 2677 2901 et
2720 2854 2989 2916 martyres
3032 2842 3375 2898 exstiterunt.
3417 2857 3438 2895 ι

197 2933 368 2999 ciata,
405 2945 460 2990 et
491 2936 666 2991 securi
709 2951 984 3007 percussa.
1037 2936 1172 2992 Tum
1207 2946 1386 2991 autem
1419 2951 1486 2993 ex
1522 2935 1768 3007 Origenis

219 3068 3445 3103 MM

1164 3259 1581 3370 LIBER
1669 3255 2455 3373 SECUNDUS.

1407 3479 1782 3542 ORIGENIS
1811 3475 2249 3540 DOCTRINA.

275 3808 430 3864 LIBRI
469 3824 690 3864 SECUNDI
742 3825 1130 3883 PARTITIO._-f-
1163 3809 1442 3879 Explicata
1469 3810 1718 3880 Origenis
1745 3813 1878 3877 vita,
1917 3815 2198 3870 institutus
2236 3813 2370 3868 ordo
2416 3813 2672 3883 postulat,
2713 3821 2770 3866 nt
2805 3813 2871 3867 ad
2923 3813 3292 3882 exponendam
3327 3813 3442 3883 ejus

198 3885 507 3953 doctrinam
556 3883 987 3953 progrediamur.
1040 3880 1092 3934 Id
1121 3883 1451 3951 propositum
1480 3883 1661 3937 fronte
1697 3883 1948 3951 simplex,
1981 3885 2261 3953 multiplex
2301 3880 2430 3937 sane
2465 3894 2550 3937 est
2578 3885 2630 3936 in
2665 3899 2920 3938 recessu:
2957 3880 3076 3936 nam
3109 3885 3246 3937 etde
3264 3880 3444 3937 erudi-

202 3955 352 4006 tione
380 3950 650 4019 Origenis,
687 3960 741 4004 et
783 3951 848 4004 iis
878 3952 1073 4020 quibus
1120 3950 1479 4018 potissimum,
1535 3953 1658 4004 dum
1713 3950 1941 4016 viveret,
1987 3950 2224 4008 animum
2265 3954 2579 4006 informavit
2621 3955 2827 4006 artibus
2857 3964 2910 4006 et
2944 3954 3151 4015 studiis,
3189 3954 3440 4008 nonnulla

198 4021 574 4094 pra-mittenda
614 4029 793 4073 erunt.
821 4021 956 4094 Tum
994 4023 1242 4094 dogmata
1281 4020 1423 4074 illius
1465 4022 1577 4094 suis
1612 4022 1868 4094 distincta
1902 4033 2274 4094 proponentur
2313 4024 2617 4091 capitibus;
2654 4039 2755 4076 non
2786 4039 2847 4076 ea
2879 4023 3228 4092 quidemquae
3258 4023 3444 4077 Eccle-

196 4089 298 4145 sia:
324 4091 556 4162 decretis
596 4106 832 4162 consona
866 4089 1118 4162 univerSa
1163 4091 1399 4146 tulerunt
1430 4090 1705 4162 suffragia,
1753 4093 1836 4146 vel
1869 4089 2252 4162 quae'levioris
2285 4089 2405 4146 sunt
2431 4095 2720 4154 momenti;
2755 4095 2845 4147 sed
2875 4089 2993 4162 qua:
3033 4089 3249 4162 majoris
3271 4094 3320 4146 in
3347 4094 3444 4146 Ec.

198 4161 368 4214 clesia
413 4161 669 4231 ponderis
699 4175 726 4212 a
757 4161 1132 4214 communibus
1177 4171 1230 4213 et
1253 4161 1486 4229 receptis
1519 4171 1642 4214 sunt
1679 4163 1852 4214 aliena
1892 4161 2210 4223 Sententiis;
2236 4179 2408 4231 eaque
2447 4163 2772 4231 praesertim,
2819 4178 2936 4229 qua;
2968 4161 3185 4215 Patrum
3219 4164 3446 4216 subindo

193 4229 454 4301 censuris
478 4238 530 4282 et
584 4231 946 4284 anatheinatis
992 4232 1321 4300 synodorutn
1383 4241 1569 4285 vexata
1621 4241 1762 4285 sunt.
1792 4231 1996 4298 Quibus
2040 4229 2389 4301 subjungetitr
2427 4230 2762 4300 Origenianze
2795 4233 3074 4293 doctrinas,
3121 4248 3225 4284 non
3270 4233 3442 4285 dicant

192 4299 502 4369 Apologia;
537 4315 657 4369 nam
698 4315 870 4368 neque
908 4299 1101 4364 ausim,
1132 4314 1306 4368 neque
1328 4315 1457 4355 sane
1487 4301 1686 4354 velim:
1730 4304 1820 4355 sed
1863 4311 2180 4355 accuratum
2211 4299 2264 4354 ei
2302 4299 2626 4366 prcejudieiis
2656 4302 2903 4355 omnibus
2938 4301 3163 4354 liberum
3193 4317 3256 4355 ac
3297 4302 3442 4353 soln-

193 4368 319 4422 mm
350 4383 595 4440 examen.
632 4368 766 4422 Hinc
795 4373 860 4422 ad
891 4370 1072 4440 ipsam
1096 4370 1407 4439 dogmatnm
1441 4371 1652 4424 illorum
1702 4372 2115 4424 describendam
2158 4373 2462 4424 summatim
2509 4371 2772 4424 fortunam
2819 4371 3154 4433 accedemus,
3211 4381 3267 4424 ut
3310 4386 3444 4440 quas

192 4439 501 4510 excitarint
536 4439 587 4491 in
615 4440 855 4493 Ecclesia
897 4439 1185 4510 procellas,
1218 4441 1441 4506 quantis
1476 4442 1713 4509 partimn
1745 4441 1935 4496 studiis
1962 4451 2266 4510 oppugnata
2297 4449 2352 4510 et
2391 4453 2722 4510 propugnata
2753 4441 2882 4501 sint,
2915 4441 3090 4508 palam
3118 4445 3228 4493 liat.
3271 4439 3444 4507 Atque

195 4513 277 4564 ita
311 4509 563 4580 incapita
595 4520 827 4580 quatuor
862 4510 994 4562 liber
1019 4509 1513 4580 istedistribuitur.
1550 4511 1587 4565 Ι.
1624 4512 1816 4579 Agitur
1842 4511 1910 4563 de
1945 4509 2249 4565 eruditione
2281 4509 2544 4578 Origenis.
2578 4510 2636 4562 ll.
2684 4509 2940 4580 Dogmata
2977 4510 3146 4574 ipsius
3165 4512 3444 4564 excutiun.

195 4591 319 4635 tur.
343 4576 432 4633 ιιι.
467 4576 734 4632 Doctrina:
764 4578 880 4645 ejus
918 4579 1172 4649 generale
1203 4595 1428 4634 examen
1468 4576 1797 4635 continetur.
1821 4579 1909 4634 IV.
1941 4581 2180 4635 Fortuna
2209 4576 2466 4634 doctrina:
2495 4580 2731 4650 ejusdem
2766 4576 3042 4634 narratur.

273 4733 391 4873 (50)
420 4735 640 4800 Enseb.,
682 4735 886 4790 Histor.
917 4735 1063 4799 eccl.,
1099 4734 1192 4792 lib.
1223 4751 1294 4798 vl,
1327 4751 1373 4789 c.
1410 4735 1467 4798 4,
1502 4736 1556 4792 5.
1797 4739 1844 4802 c
1875 4735 2112 4788 nuimus.
2145 4734 2250 4790 Sed
2288 4737 2537 4806 Origenis
2571 4736 2844 4804 discipulis
2887 4735 3324 4789 annumerandus
3359 4737 3441 4789 vi-

300 4805 388 4871 51)
416 4807 546 4859 lhid.
583 4822 701 4873 cap.
727 4807 780 4858 5.
1878 4807 2035 4859 detur
2065 4805 2407 4861 Theotecnus
2434 4807 2778 4861 Cmsaricnsis
2806 4809 3108 4873 episcopus,
3127 4821 3284 4873 quem
3313 4822 3441 4873 prse-

300 4805 388 4871 51)
416 4807 546 4876 lhid.
583 4822 701 4876 cap.
727 4807 780 4858 5.
885 4873 897 4876 Α
1878 4807 2035 4859 detur
2065 4805 2407 4876 Theotecnus
2434 4807 2778 4861 Cmsaricnsis
2806 4809 3108 4874 episcopus,
3127 4821 3284 4876 quem
3313 4822 3446 4874 pr:e-.

271 4877 386 4944 (52)
415 4875 541 4931 Ibid.
568 4873 687 4946 cap.
724 4876 814 4939 29,
839 4873 953 4946 50.7
1420 4945 1427 4946 ί
1507 4943 1545 4946 _
1877 4875 2105 4928 lermisit
2132 4874 2375 4939 llnetins,
2413 4883 2478 4928 de
2512 4893 2617 4944 quo
2655 4873 3138 4939 tamen’Eusehins,
3171 4873 3440 4946 Hisl.’_|ib.

417 4939 754 5019 _Hierori.__i_n
792 4947 884 4999 lib.
917 4945 1010 5019 _De_
1025 4946 1204 5019 script.
1245 4945 1390 5019 εει-Ι.Δ
1418 4943 1768 5019 in‘if‘ryplion.

1912 4960 1970 5019 tt,
1987 4959 2119 5019 _cap.
2157 4946 2224 4999 Μ
2239 4965 2270 5019 _:
2297 4947 2408 5018 Τῆς
2514 4939 3154 5019 Ὧριγένους-διατριὸῆς
3176 4939 3440 5019 καὶνοῦτος

278 5013 392 5088 (54)
415 5016 634 5082 Euseb.,
662 5015 971 5088 Hist.ecc_l.,
1001 5016 1091 5069 lib.
1119 5031 1190 5076 Vl,
1217 5031 1336 5088 c_:ip.
1365 5013 1591 5072 26.27.’
1670 5083 1699 5088 _

1913 5014 2208 5088 Βεᾴτεκνος)
2236 5014 2321 5087 ἦν.
2362 5013 2378 5068 ἆ
2419 5017 2516 5070 llic
2543 5013 2751 5086 quoque
2784 5013 3164 5087 (Theotecnus)
3194 5018 3441 5088 Origenis

279 5083 394 5156 (55)
443 5087 850 5156 Annumeranda
887 5086 968 5138 liis
996 5102 1198 5154 quoque
1226 5083 1488 5156 Barbara,
1529 5095 1633 5156 etc.
1662 5083 1772 5138 Cur
1880 5083 2090 5156 auditor
2121 5083 2284 5142 fuisse
2309 5088 2523 5141 dicitur.
2559 5107 2574 5136 ι

197 5153 296 5214 his
348 5153 748 5228 atinunieranda
802 5157 893 5228 sit,
932 5157 1074 5228 nulla
1114 5153 1270 5228 iratio
1289 5166 1388 5209 est.
1413 5154 1501 5228 De
1535 5153 1771 5228 Barbara
1946 5154 2057 5228 (59)
2086 5156 2306 5228 Euseb”
2332 5157 2475 5228 lft'st.
2508 5155 2715 5228 ecc_les.,
2746 5156 2817 5208 lib
2874 5172 2946 5217 vr,
2986 5172 3106 5228 cap.
3137 5158 3192 5212 5.

198 5230 414 5285 incerta
447 5229 645 5280 omnia.
685 5226 757 5279 lle
791 5227 876 5295 illa
902 5226 1046 5280 enim
1079 5226 1246 5295 altum
1282 5226 1425 5295 apud
1457 5226 1772 5295 _veteres_si-
1945 5225 2060 5293 (57)
2103 5224 2302 5289 ναις...
2345 5227 2472 5280 Not.
2501 5227 2552 5280 in
2578 5225 2765 5280 Euseb.
2806 5242 2859 5295 p.
2894 5228 3013 5281 115.

199 5298 542 5366 Ιειιιίυιιιευι
572 5295 768 5350 fatetur
807 5294 1104 5366 Bollandus
1132 5294 1254 5348 Maii
1285 5292 1422 5366 tom.
1455 5292 1496 5357 l,
1527 5293 1768 5366 pag._2(i,
1945 5292 2056 5366 (58)
2101 5296 2325 5366 Niceph.
2359 5297 2452 5350 lib.
2484 5313 2534 5361 ν,
2565 5313 2684 5366 cap.
2717 5295 2805 5348 20.

197 5366 406 5423 Mutua:
443 5365 688 5436 Origenis
720 5367 786 5436 ab
821 5365 1136 5428 Barbaram,
1183 5375 1236 5419 et
1282 5365 1529 5436 Barbara:
1554 5365 1617 5416 ad
1652 5362 1772 5436 Ori-
1943 5362 2055 5436 (59)
2089 5362 2307 5432 Enseb.,
2341 5367 2477 5420 llist.
2510 5362 2660 5431 ecclf,
2688 5367 2778 5421 lib.
2815 5382 2888 5430 vr,
2924 5381 3042 5436 cap.
3079 5367 3160 5423 19.

199 5452 398 5507 gencm
449 5434 687 5504 epiétolze
728 5434 1041 5507 jamdudum
1096 5437 1235 5488 inter
1282 5434 1526 5489 eruditos
1573 5434 1769 5507 spuria:
1942 5434 2054 5506 (60)
2088 5437 2328 5494 Vincent.
2354 5438 2524 5495 Lirin.
2563 5440 2766 5493 advers.
2795 5434 3003 5492 fleret.
3029 5436 3438 5496 Commonitoria

198 5503 519 5571 éensentur,
561 5508 862 5576 necialium
893 5505 1092 5559 habere
1121 5516 1392 5573 parentem
1438 5519 1596 5576 quam
1651 5503 1770 5556 llal-
1872 5521 1910 5570 ι,
1939 5503 2055 5576 cap.
2089 5509 2178 5562 2.3.

201 5578 435 5642 loxium,
464 5577 538 5631 uti
590 5577 641 5630 in
673 5575 994 5633 Praefatione
1043 5577 1104 5630 ad
1136 5585 1334 5630 tomum
1374 5575 1603 5644 primum
1655 5587 1766 5628 nio-
