3870 6220
446 286 593 343 699«

1718 287 1775 342 P.
1818 288 2133 344 DANIELIS
2169 288 2403 343 HUETll

1586 442 1965 533 CAPUT
2036 445 2554 535 PRIMUM.

1756 620 2056 699 Origenis
2088 622 2389 684 eruditio.

445 768 486 823 Ι.
518 766 1242 843 Scripturieuealjentissimus
1268 768 1367 836 fuit
1392 768 1683 843 Origenes;
1711 768 1775 822 ll.
1805 769 1894 822 sed
1924 767 2199 843 llebraica’
2226 769 2419 843 lingua:
2444 770 2965 843 parumconsultus,_
2980 770 3330 828 Samaritana:
3356 791 3472 829 vero
3490 776 3679 843 μεηὶιιιε

514 840 751 911 ignarus.
782 836 1193 911 lll_._Scripturie_
1225 836 1533 904 interpretes
1560 842 1936 911 scriptoresque
1958 836 2339 893 ecclesiasticos
2365 836 2596 894 studiose
2637 841 2781 911 legit.
2814 840 2901 896 IV.
2930 840 3109 898 Sacra:
3130 846 3383 898 doctrina:
3412 836 3571 899 causa
3595 863 3678 899 ex-

515 908 675 961 coluit
696 906 794 970 τὰς
828 907 1049 972 ἔξωθεν,
1084 908 1468 977 philosophiam
1490 911 1823 978 prwscrtim;
1853 910 1912 963 V.
1942 911 2034 962 sed
2053 920 2098 962 et
2126 910 2353 979 reliquas
2379 906 2709 981 disciplinas.

2043 1053 2111 1063 .—

512 1170 823 1225 l.'Priinum
848 1173 975 1226 illud
998 1188 1060 1228 ac
1093 1173 1423 1249 praecipuum
1461 1172 1832 1243 fuitOrigenis
1865 1190 1894 1229 a
1935 1185 2015 1229 te—
2044 1180 2090 1236 Α
2121 1174 2308 1229 frivola
2356 1175 2443 1229 illa
2488 1175 2790 1239 distinctio,
2846 1174 3070 1248 οὐρανόν
3117 1175 3258 1229 inter
3300 1186 3355 1230 et
3407 1177 3680 1249 οὐρανούς,

442 1260 589 1313 neris
624 1260 867 1327 pueritim
899 1265 1053 1314 annis
1077 1261 1141 1314 ad
1183 1245 1386 1314 obitum
1422 1276 1589 1331 usque
1628 1263 1888 1325 studium,
1946 1264 2016 1318 ad

443 1352 756 1406 interiorem
792 1368 854 1406 ac
881 1353 1215 1407 reconditam
1247 1368 1525 1408 sacrarum
1565 1355 1866 1409 litterarum
1915 1371 2011 1425 pe-

441 1443 619 1497 ritiam
652 1454 954 1512 penetrare.
990 1444 1044 1497 In
1077 1460 1182 1512 quo
1217 1445 1432 1513 quidem
1456 1445 1527 1498 ita
1560 1462 1620 1500 se
1656 1448 1929 1515 tractavit,
1963 1457 2019 1502 ut

441 1535 763 1589 admirabile
815 1547 977 1603 esset,

441 1633 496 1684 in
540 1647 602 1686 ea
634 1632 1024 1687 exercitatione
1079 1641 1399 1686 consecutus
1453 1633 1556 1697 sit;
1612 1634 1726 1687 sive
1779 1632 2014 1688 litteram

439 1724 649 1792 ipsam,
715 1724 1170 1793 quemadmodum
1245 1733 1469 1788 vocant,
1543 1734 1786 1793 spectes,
1855 1742 2015 1795 quam

439 1823 607 1869 totam
643 1817 914 1870 memoriae
970 1817 1043 1869 ita
1077 1817 1575 1879 commendaverat,
1628 1826 1683 1869 ut
1714 1817 1861 1872 locos
1900 1833 2018 1873 om-

436 1920 534 1960 nes
588 1921 653 1959 ex
718 1915 977 1975 tempore,
1026 1907 1190 1961 etiam
1241 1906 1394 1960 libris
1454 1906 1798 1971 inconsultis,
1851 1922 2017 1977 appov

435 1999 537 2053 site
596 1997 880 2062 recitaret;
939 1998 1053 2051 sive
1111 1998 1332 2052 intimos
1394 2013 1455 2050 ac
1508 1997 1737 2052 latentes
1793 2014 2014 2063 sensus.

435 2104 570 2158 quos
625 2098 770 2144 tanta
834 2090 1132 2158 sagacitate
1176 2090 1337 2157 eruit,
1388 2091 1463 2153 ὡς
1521 2090 1579 2156 ἐξ
1645 2091 1877 2156 ἐκείνου,
1933 2094 2019 2146 in-

435 2182 550 2249 quit
594 2182 809 2245 Suidas,
872 2182 1077 2244 πάντας
1133 2182 1258 2244 τοὺς
1314 2181 1607 2251 μετέπειτα
1669 2182 1770 2253 τῆς
1821 2182 2016 2253 ἐκκλη-

436 2272 557 2334 σίας
576 2271 923 2336 διδασκάλους
949 2273 1042 2325 καὶ
1081 2273 1333 2344 ἀφορμὰς
1354 2273 1649 2344 εἰληφέναι.
1684 2274 1738 2327 ld
1772 2274 1928 2330 facile
1947 2291 2014 2331 ex

434 2366 637 2419 nostris
685 2366 964 2435 apparebit
1011 2366 1519 2430 Observationibus,
1564 2367 1616 2420 in
1648 2368 1849 2437 quibus
1895 2368 2011 2423 loca

433 2455 652 2510 Patrum
675 2459 995 2523 consimilia,
1017 2468 1069 2514 et
1091 2460 1158 2513 ab
1175 2458 1519 2528 Origenianis
1541 2460 1781 2529 profecta
1801 2476 1898 2530 per
1916 2478 2013 2513 πα-

1058 1552 1159 1591 nec
1208 1538 1493 1605 quisquam
1554 1538 1749 1593 deinde
1810 1550 2045 1595 tantum

2121 1282 2278 1334 quam
2310 1267 2735 1321 comminiscitur
2764 1267 2832 1319 ad
2849 1266 3038 1320 Matth.
3062 1283 3218 1331 xvtu,
3250 1265 3334 1330 18,
3363 1279 3417 1321 et
3445 1270 3683 1336 adquam

2120 1357 2391 1411 Christum
2412 1359 2709 1425 respexisse
2727 1359 2919 1424 tradit;
2944 1361 3094 1426 quasi
3120 1360 3258 1413 hanc
3284 1360 3679 1415 distinctionem

2122 1451 2255 1505 ferat
2287 1449 2510 1521 Syriaca
2540 1451 2820 1516 dialeetus,
2853 1465 3013 1518 quam
3060 1450 3309 1505 Christus
3340 1451 3627 1520 usurpabat
3660 1470 3677 1504 :

2117 1542 2421 1611 Cujusmodi
2456 1552 2539 1595 est
2586 1541 2721 1596 falsa
2755 1542 2843 1594 illa
2873 1542 3106 1595 nominis
3132 1543 3267 1595 Aser
3292 1541 3680 1611 interpretatio,

2119 1649 2238 1700 quae
2280 1634 2508 1687 habetur
2550 1635 2619 1686 ad
2670 1633 2864 1691 Matth.
2908 1649 3065 1698 xvm,
3101 1632 3190 1696 l9,
3230 1632 3514 1688 Comment.
3552 1646 3679 1687 tom.

2120 1738 2230 1785 xw,
2268 1739 2320 1792 p.
2360 1723 2482 1787 6l6,
2516 1724 2669 1792 quasi
2703 1724 2981 1778 derivetur
3010 1741 3040 1777 a
3084 1731 3183 1783 Ὃν
3233 1742 3251 1775 ι
3292 1726 3507 1788 erudiit,
3550 1725 3685 1793 liga-

2119 1815 2215 1879 vit,
2257 1835 2275 1866 ι
2316 1829 2436 1868 cum
2474 1815 2567 1868 ﬁat
2597 1815 2663 1869 ab
2699 1824 2820 1873 Ὃκ
2863 1833 2880 1865 ι
2927 1815 3131 1885 ligavit.
3177 1834 3196 1867 ι
3235 1815 3548 1885 Quanquam
3586 1833 3685 1869 au-

2123 1905 2381 1958 ctoritate
2430 1905 2632 1959 Senum
2682 1905 3041 1975 Septuaginta
3092 1906 3340 1960 excusari
3390 1907 3440 1959 id
3489 1916 3684 1974 potest,

2119 1998 2208 2066 qui
2234 2008 2353 2058 Ὃκ
2390 1997 2680 2066 aliquando
2710 1998 2783 2051 ita
2822 1998 3194 2062 reddiderunt,
3228 1998 3378 2067 quasi
3421 1998 3559 2052 idem
3598 2014 3688 2053 es-

2119 2099 2199 2145 set
2231 2106 2294 2144 ac
2329 2096 2452 2148 "tot.
2494 2090 2569 2144 Ut
2617 2089 2808 2159 psalm.
2838 2105 2921 2144 ριν
2948 2088 3142 2161 (Hebr.
3177 2091 3299 2157 cv),
3330 2089 3432 2155 22;
3460 2104 3554 2158 pro
3582 2089 3691 2143 He-

2116 2188 2261 2238 braeo
2285 2191 2421 2243 πν-ηυ
2455 2164 2630 2241 "t‘tDN'?
2665 2180 2887 2247 habent,
2919 2180 3013 2233 τοῦ
3041 2180 3325 2233 παιδεῦσαι
3352 2182 3475 2243 τοὺς
3496 2180 3691 2253 ἄρχον-

2115 2291 2213 2336 τας
2249 2272 2411 2326 αὐτοῦ
2444 2289 2457 2338 ;
2496 2272 2745 2342 Vulgata,
2773 2289 2792 2322 ι
2825 2281 2885 2325 ut
2927 2272 3166 2325 erudiret
3197 2272 3465 2339 principes
3486 2271 3621 2337 ejus.
3660 2289 3682 2321 ι

2117 2367 2179 2420 Ει
2227 2367 2351 2420 Ose.
2389 2381 2443 2429 x,
2490 2364 2576 2431 10,
2626 2373 2854 2422 citatam.
2908 2362 3070 2425 LXX,
3126 2361 3407 2419 παιδεῦσαι
3454 2362 3683 2428 auro-3;;

2118 2456 2368 2525 Vulgata,
2412 2474 2431 2507 ι
2478 2456 2769 2523 corripiam
2801 2470 2917 2519 eos,
2958 2473 2977 2506 ι
3019 2454 3318 2523 cujusmodi
3366 2462 3451 2508 est
3488 2454 3689 2521 depra—

435 2550 731 2621 ραπομπὰς
754 2551 1075 2607 indicamus.
1107 2552 1217 2607 Nec
1249 2555 1411 2607 ullum
1437 2570 1567 2609 vero
1593 2555 1660 2609 ad
1687 2555 2010 2623 exquisitam
2044 2573 2084 2627 Β
2116 2562 2236 2605 vala
2267 2550 2355 2604 illa
2406 2549 2565 2603 lectio
2601 2548 2701 2601 loci
2745 2546 3104 2616 lnterpretum
3142 2544 3305 2609 LXX,
3352 2544 3397 2599 ll
3450 2545 3609 2602 Esdr.
3640 2560 3684 2611 l,

434 2642 735 2699 divinorum
776 2644 1110 2699 voluminum
1154 2648 1578 2715 comparandam
1610 2647 1856 2701 notitiam
1883 2646 2012 2701 sub-

432 2738 628 2790 sidium
656 2724 941 2805 neglexit:
974 2752 1094 2790 cum
1129 2736 1340 2806 vulgata
1378 2737 1575 2806 quippe
1608 2738 1748 2805 apud
1779 2737 2013 2791 Alexan-

432 2830 617 2882 drinos
677 2812 1027 2899 Septuaginta
1088 2829 1293 2883 Senum
1369 2830 1812 2897 interpretatione
1875 2831 2011 2885 alias

431 2919 640 2989 magnis
664 2935 691 2971 a
724 2936 783 2975 se
820 2922 1124 2990 sumptibus
1161 2922 1465 2991 redemptas
1507 2922 1752 2987 contulit,
1779 2923 2007 2991 Aquilae,

430 3006 814 3065 Theodotionis
867 3020 922 3065 et
966 3010 1314 3082 Symmachi;
1354 3028 1419 3067 ac
1463 3012 1714 3079 Quintam
1777 3015 1926 3082 item,
1956 3024 2011 3068 et

431 3102 648 3157 Sextam
686 3104 738 3157 in
764 3104 936 3160 lucem
984 3120 1013 3159 a
1058 3119 1117 3159 se
1137 3106 1313 3173 primo
1340 3106 1544 3172 editas;
1582 3121 1782 3178 easque
1814 3109 1879 3163 ad
1913 3108 2009 3163 He-

430 3194 616 3248 braica
667 3197 1097 3249 accommodavit
1138 3197 1487 3264 exemplaria,
1540 3201 1680 3253 unde
1735 3199 2005 3269 Tetrapla,

428 3284 665 3353 Hexapli
713 3295 764 3338 et
797 3285 1019 3355 Octapla
1050 3289 1395 3341 exstiterunt.

494 3377 729 3445 ll.Quod
758 3379 800 3431 si
831 3378 949 3446 plus
974 3394 1097 3433 sese
1129 3379 1180 3431 in
1214 3377 1493 3433 Hebraicis
1519 3381 1871 3445 exercuisset,
1895 3396 2006 3435 ina-

423 3468 706 3538 joremque
733 3469 927 3539 lingua:
966 3468 1121 3538 hujus
1147 3469 1337 3526 fuisset
1366 3473 1614 3542 peritiam
1653 3484 2004 3538 consecutus,

429 3560 559 3614 nihil
592 3562 640 3615 ei
690 3564 754 3614 ad
804 3561 1097 3631 perfectam
1138 3578 1305 3619 sacra:
1342 3564 1477 3630 legis
1519 3566 1879 3635 cognitionem
1909 3566 2005 3619 de-

428 3652 619 3707 fuisset
645 3673 656 3707 :
682 3656 773 3706 sed
813 3665 1017 3707 tantum
1048 3654 1315 3722 decerpsit
1341 3671 1407 3709 ex
1430 3671 1493 3709 ea
1516 3656 1706 3726 gloria,
1739 3667 2003 3726 quantum

425 3759 489 3797 ex
521 3745 740 3813 loquelic
771 3746 933 3816 hujus
959 3748 1134 3803 studio
1167 3750 1421 3803 detraxit.
1446 3748 1631 3804 Dicam
1667 3751 1808 3804 enim
1834 3767 1959 3805 vere
1985 3768 2000 3805 :

425 3836 510 3891 vel
548 3837 850 3892 llebraisini
892 3856 1077 3909 parum
1119 3842 1355 3896 scientes
1383 3851 1528 3907 sunt,
1565 3843 1646 3896 vel
1678 3845 1729 3896 in
1770 3844 2001 3899 lectione

2116 2645 2202 2706 ll,
2238 2640 2490 2711 εὐνοῦχος
2530 2639 2607 2709 τῷ
2634 2638 2861 2710 βασιλεῖ.
2896 2639 3006 2707 (62)
3038 2638 3187 2704 Quod
3234 2638 3279 2691 si
3322 2638 3373 2690 in
3406 2635 3689 2691 Hebraicis

2117 2744 2387 2801 utcunque
2416 2732 2609 2785 fuisset
2643 2739 2911 2794 versatus,
2940 2744 3059 2797 quae
3086 2729 3287 2783 habent
3318 2711 3471 2807 1572‘)
3502 2738 3690 2813 πψτη

2112 2828 2451 2881 emendasset
2494 2824 2678 2892 utique
2703 2823 2755 2877 in
2790 2825 2899 2885 τοῖς
2925 2823 3014 2874 0"
3052 2821 3287 2891 οἰνοχόος
3332 2820 3404 2891 τῷ
3436 2818 3687 2890 βασιλεῖ,

2112 2918 2159 2973 si
2197 2918 2355 2971 modo
2394 2916 2541 2969 hunc
2569 2915 2686 2983 ipse
2722 2928 2963 2969 errorem
2996 2927 3105 2967 non
3140 2913 3363 2973 invexit,
3400 2913 3491 2981 qui
3534 2922 3688 2967 certe

2111 3012 2164 3065 in
2192 3010 2543 3079 Septuaginta
2574 3005 2862 3061 Seniorum
2888 3005 3294 3074 exemplaribus
3317 3006 3561 3073 nuspiam
3588 3020 3688 3060 ex-

2109 3113 2215 3158 3tat
2235 3118 2249 3153 :
2268 3100 2563 3168 cujusmodi
2585 3108 2668 3154 est
2689 3099 2869 3168 inepta
2884 3098 2974 3152 illa
2989 3098 3258 3168 expositio
3281 3096 3517 3151 vocabuli
3536 3096 3682 3167 (65),

2114 3212 2132 3244 ι
2170 3193 2432 3255 Joannes,
2470 3210 2489 3242 ι
2530 3191 2675 3260 quod
2720 3190 2949 3246 formari
3001 3190 3333 3244 existimavit
3381 3204 3411 3241 a
3461 3190 3687 3243 neruine

2106 3299 2226 3349 mni
2265 3288 2507 3359 praeﬁxo,
2549 3296 2605 3339 et
2637 3293 2747 3373 pri,
2777 3299 2898 3339 cum
2932 3299 3000 3338 ex
3030 3283 3144 3339 solo
3167 3291 3255 3371 μη
3292 3282 3526 3351 praeﬁxis
3568 3296 3691 3337 ser-

2112 3379 2308 3434 vilibus
2365 3378 2567 3433 litteris
2619 3376 2919 3431 derivatum
2972 3375 3062 3429 sit.
3116 3374 3444 3443 Plerumque
3494 3374 3688 3427 itidem

2108 3479 2297 3539 peccat
2323 3469 2376 3523 in
2408 3465 2819 3538 perscrutandis
2845 3465 3124 3519 nominum
3152 3462 3540 3518 liebraicorum
3568 3461 3690 3515 ori-

2107 3564 2342 3630 ginibus.
2378 3561 2624 3613 Proclive
2652 3560 2705 3612 id
2735 3573 2929 3627 nempe
2955 3556 3055 3609 fuit
3080 3557 3196 3609 viro
3218 3556 3283 3609 ad
3309 3554 3686 3609 mutuatitiam

2107 3657 2279 3709 lucem
2314 3654 2540 3721 vestigia
2561 3668 2656 3707 sua
2687 3652 2741 3706 in
2780 3653 2914 3707 locis
2943 3651 3145 3719 ignotis
3175 3648 3382 3718 regenti
3410 3666 3422 3700 :
3454 3657 3691 3714 praesta-

2105 3746 2195 3800 bat
2231 3754 2412 3799 autem
2456 3746 2630 3799 lucem
2664 3743 2882 3800 Judmus
2924 3741 3099 3808 Philo,
3143 3742 3235 3810 qui
3268 3739 3527 3793 Hebraica
3578 3738 3691 3792 Ve-

2106 3837 2236 3891 teris
2271 3836 2604 3890 Testamenti
2647 3835 2867 3888 nomina
2904 3833 3161 3902 peculiari
3205 3832 3343 3885 libro
3381 3830 3557 3883 fuerat
3601 3829 3689 3883 in-

426 3929 872 3999 Origenianorum
934 3947 1155 4001 operum
1206 3933 1574 4003 perfunctorie
1622 3936 1845 4001 versati,
1908 3938 1997 4005 qui
2027 3911 2069 3968 C
2106 3938 2465 3996 tcrpretatus;
2506 3926 2593 3980 cui
2639 3926 2780 3979 libro
2819 3939 3005 3993 parem
3055 3921 3331 3989 sulijunxit
3373 3919 3682 3989 Origenes,

425 4020 680 4073 eximium
717 4022 841 4090 quid
877 4022 979 4090 ipsi
1014 4025 1112 4077 vel-
1132 4025 1185 4079 in
1218 4038 1421 4080 sancta:
1452 4026 1666 4095 lingua),
1699 4026 1783 4080 vel
1815 4028 1867 4081 in
1898 4042 1995 4082 ea-

426 4128 544 4165 rum
594 4128 712 4181 qum
745 4129 808 4168 ex
857 4115 956 4169 hoc
995 4115 1140 4171 fonte
1179 4117 1430 4187 profectae
1470 4128 1597 4172 sunt
1638 4118 1992 4174 tlialectorum

423 4204 611 4273 peritia
646 4207 970 4261 tribuerunt.
1004 4207 1110 4264 Nec
1144 4211 1383 4278 opinioni
1412 4221 1612 4265 nostrae
1668 4214 1995 4269 contradicit

423 4295 782 4368 Hieronymus
809 4298 944 4370 (6i),
972 4302 1070 4355 etsi
1096 4302 1311 4356 videtur
1338 4304 1731 4366 contradicere,
1749 4321 1869 4359 cum
1891 4305 1988 4371 ait,

420 4391 748 4460 singularem
787 4393 1010 4459 loquelae
1040 4392 1199 4461 hujus
1233 4394 1479 4447 notitiam
1512 4396 1826 4448 demiratam
1854 4397 1905 4449 in
1929 4411 1993 4451 eo

421 4482 586 4537 fuisse
616 4492 782 4536 totam
814 4482 1077 4537 Grzeciam
1114 4501 1128 4537 :
1161 4485 1357 4537 mirum
1395 4485 1445 4537 id
1474 4487 1668 4555 quippe
1692 4486 1858 4540 videri
1892 4502 1992 4555 po-

422 4573 523 4625 tuit
560 4572 765 4626 Griecis
823 4572 1126 4627 Hebraismi
1180 4574 1402 4628 rudibus
1441 4583 1495 4626 et
1542 4575 1827 4642 imperitis,
1892 4590 1992 4629 nec

419 4672 677 4729 quantum
699 4665 834 4717 ineo
856 4664 1172 4731 profecisset
1191 4662 1453 4731 Origenes
1479 4664 1792 4719 existimare
1816 4665 1992 4720 scien-

420 4751 583 4805 tibus.
613 4752 828 4806 Minime
858 4769 984 4807 vero
1016 4769 1166 4807 suam
1197 4755 1310 4821 ipse
1345 4753 1540 4823 lingua:
1583 4754 1742 4823 hujus
1774 4757 1993 4825 ignora-

421 4843 619 4896 tionem
660 4843 962 4896 dissimulat
1004 4844 1188 4897 homil.
1229 4845 1313 4907 14,
1360 4844 1416 4897 in
1451 4843 1617 4897 Num.
1674 4862 1710 4911 ι,
1751 4862 1806 4916 p.
1858 4846 1983 4901 522.

422 4950 443 4984 ι
472 4932 636 4986 Aiunt
664 4949 810 5002 ergo.
849 4934 1041 5002 inquit,
1093 4937 1180 5004 qui
1212 4935 1503 4990 Hebraicas
1535 4936 1742 4991 litteras
1781 4937 1987 5006 legunt,

419 5022 471 5075 in
497 5022 597 5076 hoc
620 5023 755 5088 loco,
785 5025 940 5083 Deus.
974 5042 1075 5079 non
1106 5027 1204 5080 sub
1229 5025 1383 5095 signo
1409 5030 1834 5097 tetragrammati
1866 5045 1985 5083 esse

2106 4019 2491 4072 llebraicorum
2529 4016 2661 4072 Novi
2708 4017 3043 4072 Testameuti
3075 4013 3470 4083 expositionem
3518 4027 3687 4064 com-

2105 4112 2342 4181 plexum.
2380 4111 2481 4177 Qui
2518 4126 2646 4165 vero
2693 4125 2798 4164 non
2830 4108 3144 4163 offendisset
3188 4105 3453 4174 Origenes
3494 4103 3688 4157 Philo-

2102 4220 2223 4258 nem
2259 4220 2495 4273 sequens
2524 4206 2738 4269 ducem,
2768 4205 2857 4271 qui
2890 4201 3105 4255 Judams
3132 4199 3279 4261 licet,
3308 4196 3509 4250 Judaeis
3543 4212 3686 4264 pro-

2099 4308 2314 4365 gnatus,
2362 4312 2430 4350 ne
2466 4295 2724 4350 mediocri
2767 4293 2984 4363 quidem
3029 4292 3333 4344 litterarum
3380 4285 3687 4340 chraica—

2105 4405 2220 4441 rum
2256 4405 2407 4449 aura,
2439 4388 2514 4443 uti
2550 4401 2725 4455 neque
2757 4384 3057 4438 llellelllSl'J)
3087 4382 3198 4433 fere
3234 4378 3455 4447 reliqui,
3494 4375 3689 4431 fuerat

2101 4481 2346 4536 aﬂlatus?
2377 4483 2426 4534 ΙιΙ
2460 4482 2502 4534 si
2540 4481 2719 4533 minus
2763 4479 2817 4532 in
2864 4475 3175 4530 hominibus
3203 4470 3546 4524 Alexandria:
3582 4485 3687 4523 na-

2102 4573 2167 4625 tis
2194 4582 2246 4625 et
2276 4574 2486 4626 eductis
2513 4586 2710 4626 novum
2742 4579 2845 4630 est,
2871 4581 3100 4635 quorum
3134 4577 3342 4618 natura:
3368 4577 3689 4631 repugnare

2098 4664 2285 4718 scribit
2315 4663 2677 4735 Hieronymus
2712 4660 2845 4731 (64),
2878 4659 3194 4714 llebraicam
3246 4657 3484 4725 linguam
3512 4654 3685 4709 addi-

2097 4768 2268 4817 scere,
2302 4769 2399 4822 pro
2435 4768 2583 4806 more
2604 4752 2911 4806 Graecorum
2944 4749 3209 4811 omnium,
3241 4746 3333 4816 qui
3360 4745 3687 4813 linguarum

2096 4846 2429 4899 exoticarum
2471 4845 2708 4898 studium
2749 4840 3026 4910 aspernari
3057 4847 3493 4901 consueverunt;
3521 4847 3587 4889 at
3625 4838 3687 4889 in

2094 4936 2325 5006 Joscpho
2374 4937 2465 4991 illo
2511 4936 2738 4993 llebneo
2784 4935 3060 4990 Mathatiae
3110 4934 3223 4988 lilio
3274 4931 3431 5001 plane
3468 4930 3687 4983 mirum

2095 5029 2263 5083 videri
2295 5030 2453 5083 debet
2480 5045 2495 5095 ;
2542 5028 2702 5083 facile
2743 5029 2945 5097 quippe
2976 5042 3043 5080 ex
3072 5027 3191 5097 ejus
3235 5026 3455 5094 scriptis
3482 5029 3690 5092 depre-

418 5116 648 5184 positum
681 5133 695 5169 :
750 5119 816 5171 de
854 5135 960 5187 quo
998 5120 1088 5188 qui
1133 5130 1307 5190 potest
1345 5124 1609 5190 requirat.
1660 5142 1680 5175 ι
1723 5122 1880 5177 Multa
1932 5125 1984 5177 in
2022 5141 2065 5195 Ι)
2098 5117 2331 5172 heudere
2366 5119 2513 5183 licet,
2548 5120 2615 5173 ad
2647 5134 2901 5188 magnam
2935 5118 3080 5172 illam
3119 5128 3175 5172 et
3218 5118 3553 5186 singularem
3586 5115 3690 5170 Ju-

416 5208 890 5265 Observationibus
921 5214 1119 5268 nostris
1150 5213 1650 5279 animadvertimus,
1674 5232 1791 5283 qua:
1824 5217 1984 5270 insci-

418 5301 546 5355 tiam
582 5302 697 5372 ejns
738 5304 791 5356 in
818 5301 1094 5359 Hebraicis
1132 5305 1535 5372 demonstrant;
1576 5307 1869 5376 cujusmodi
1904 5323 1986 5363 eSt

489 5474 601 5545 (61)
641 5474 863 5531 Hieron.
895 5478 1051 5545 epist.
1083 5478 1151 5531 25
1182 5478 1250 5531 ad
1277 5477 1528 5532 Paulam.
1718 5514 1721 5519 -

488 5547 600 5615 (62)
632 5548 848 5615 Origen.
899 5550 954 5600 in
985 5548 1173 5601 Matth.
1220 5565 1305 5601 xtx
1332 5589 1347 5608 ,
1401 5549 1485 5613 12,
1520 5547 1807 5605 Comment.
1844 5560 1973 5603 tum.

415 5634 505 5677 xv,
538 5633 660 5683 pag.
693 5616 1066 5682 657.-—Quod
1095 5622 1140 5671 si
1166 5622 1219 5671 in
1242 5618 1531 5684 Hebraicis,
1565 5632 1672 5674 etc.
1720 5619 1978 5673 Vulcani-

418 5688 846 5742 iuailversionem
910 5701 1147 5741 nostram
1186 5692 1236 5741 iu
1282 5692 1394 5743 haec
1425 5694 1585 5743 verba
1617 5692 1857 5756 epistolae
1908 5694 1972 5742 ad

417 5757 727 5815 Al‘ricanum
756 5772 768 5809 :
790 5757 1025 5827 Νεεμίας
1046 5760 1378 5830 οἰνοχόοςτοῦ
1399 5760 1657 5832 βασιλέως
1680 5761 1767 5815 καὶ
1797 5760 1977 5815 εὐνοῦ-

2094 5214 2367 5267 ilaicarum
2407 5215 2674 5284 originum
2716 5213 3080 5281 cognitionem
3118 5226 3223 5265 non
3259 5224 3445 5281 parem
3480 5210 3683 5276 ipsum

2094 5308 2282 5375 patria:
2330 5306 2559 5375 loquela:
2622 5305 2869 5376 peritiam
2929 5304 3253 5371 contulisse;
3302 5302 3556 5371 quamvis
3617 5315 3686 5355 se

2085 5499 2174 5553 χος
2199 5484 2381 5548 αὐτοῦ,
2415 5493 2541 5535 tom.
2579 5498 2707 5553 1,]ι.
2735 5482 2821 5540 27,

2156 5554 2267 5624 (65)
2316 5557 2459 5623 Orig.
2519 5558 2570 5605 in
2622 5551 2785 5607 Joan.
2833 5569 2871 5618 ι,
2934 5555 2988 5609 6.
3043 5549 3332 5608 Comment,
3407 5560 3541 5603 tom.
3602 5564 3683 5615 ιι,

2085 5641 2136 5694 p.
2169 5628 2259 5677 86.

2157 5694 2268 5769 (Gl)
2307 5696 2643 5766 llici'onyni,
2689 5694 2760 5749 De
2784 5694 2962 5763 script.
3003 5691 3129 5747 εισι.
3165 5694 3215 5748 in
3255 5691 3508 5762 Origene.
