3870 6220
163 321 264 375 701
298 344 301 347 λ

1220 315 1795 378 ORIGENIANORUM
1832 315 1958 371 LIB.
2002 316 2065 381 11,
2106 316 2258 371 CAP.
2301 315 2341 369 1.

3314 312 3417 367 7θί

159 446 420 497 no‘nnulla
453 430 733 497 Hebraicze
766 443 1050 512 scripsisse
1080 442 1245 506 dicat,
1276 456 1398 512 qua:
1424 440 1577 511 lapsu
1607 452 1740 494 tem-
1768 444 1811 501 Α
1844 437 1925 490 vir
1954 437 2115 506 hujus
2145 435 2324 489 aetatis
2351 433 2598 490 eruditus
2622 434 2690 487 ab
2720 432 3017 503 interprete
3030 430 3271 492 .conﬁcta
3300 433 3417 485 exi-
3458 454 3463 457 τ

158 550 355 608 porum
394 533 813 589 interciderunt.

241 625 342 690 Qui
370 624 615 681 Judaicis
639 639 803 694 porro
828 624 1028 680 litteris
1056 635 1163 680 tam
1189 624 1381 682 leviter
1408 626 1610 681 tinctus
1639 624 1738 679 l'uit

159 698 455 785 Origenes,
488 716 631 770 hunc
652 714 993 770 "Samaritani
1026 716 1301 771 idiomatis
1335 714 1502 770 fuisse
1530 713 1735 768 callen-

160 809 436 862 tissimum
476 806 747 862 aﬁirmare
791 808 1012 878 quidam
1053 824 1160 863 non
1200 818 1480 863 verentur.
1510 806 1739 862 Abunde

158 901 483 956 refelluntur
507 899 579 953 illi
609 915 677 954 ex
706 900 790 955 his
818 899 1068 970 Origenis
1086 900 1267 955 verbis
1293 900 1357 954 ad
1380 899 1509 954 illud
1534 899 1734 953 Ezech.

157 1007 241 1055 ιι,
270 992 322 1057 4,
362 1005 486 1061 pag.
515 989 662 1044 424:
698 1007 717 1040 ι
754 989 917 1059 Signa
950 989 1105 1044 Thau
1148 1004 1312 1060 super
1348 988 1553 1045 frontes
1594 989 1739 1043 viro-

158 1096 278 1135 rum
321 1082 673 1151 gementium.
716 1099 735 1132 ι
776 1079 1023 1150 Ἐϐραῖος
1047 1078 1104 1132 δέ
1130 1097 1234 1143 τις,
1269 1079 1465 1148 inquit,
1511 1078 1619 1132 τῶν
1658 1082 1737 1143 είς

157 1174 385 1245 Σωτῆρα
442 1173 882 1226 πεπιστευκότων
927 1172 1078 1240 ἔλεγε
1120 1171 1189 1225 τὰ
1233 1172 1435 1244 ἀρχαῖα
1499 1174 1739 1243 στοιχεῖα

156 1266 396 1336 ἐμφερὲς
420 1264 563 1336 ἔχειν
591 1264 652 1318 τὸ
681 1262 795 1316 Ταῦ
824 1264 901 1335 τῷ
919 1264 1012 1317 τοῦ
1032 1262 1263 1335 σταυροῦ
1293 1263 1621 1335 χαρακτῆρι,
1644 1264 1739 1317 καὶ

155 1355 591 1428 προφητεύεσθαι
618 1357 745 1427 περὶ
761 1355 854 1409 τοῦ
882 1355 1173 1425 γενομένου
1197 1356 1254 1407 ἐν
1279 1356 1624 1425 Χριστιανοῖς
1645 1355 1737 1407 ἐπὶ

155 1446 250 1501 τοῦ
284 1447 533 1519 μετώπου
568 1448 815 1518 σημείου,
842 1448 977 1519 ὅπερ
1015 1446 1259 1499 ποιοῦσιν
1301 1448 1349 1499 οἱ
1378 1446 1736 1500 πεπιστευκὸ-

152 1559 248 1605 τες
272 1543 470 1606 πάντες
499 1542 804 1596 οὑτινοσοῦν
848 1542 1350 1613 προκαταρχόμενοι
1389 1542 1733 1613 πράγματος,

155 1636 251 1688 καὶ
284 1635 515 1706 μάλιστα
547 1636 579 1707 ἢ
611 1634 783 1706 εὐχῶν
813 1635 846 1707 ἢ
875 1634 1046 1703 ἁγίων
1080 1635 1541 1705 ἀναγνωσμάτων.
1577 1653 1594 1685 σ
1628 1634 1735 1688 He-

157 1728 340 1782 braeus
370 1737 549 1781 autem
583 1727 826 1797 quidam,
867 1741 930 1780 ex
967 1726 1034 1781 iis
1063 1727 1154 1796 qui
1192 1726 1396 1782 Christi
1427 1726 1586 1781 ﬁdem
1615 1742 1730 1780 am-

1840 528 2134 593 stimabat;
2180 528 2277 582 sed
2348 528 2401 583 in
2446 526 2650 583 Graecis
2692 525 2856 579 etiam
2911 525 3105 588 tomis,
3146 523 3232 578 vel
3277 523 3416 579 seri-

1838 620 2111 690 ptionibus
2150 620 2218 674 ab
2252 619 2579 689 Hieranymo
2616 616 2913 672 Latinitate
2948 616 3184 681 donatis,
3221 613 3417 683 praeci-

1838 726 1942 779 pue
1984 726 2114 765 vero
2150 711 2203 766 in
2242 711 2398 766 libris
2451 719 2655 778 contra.
2695 707 2927 764 Celsum.
2973 709 3121 762 luter-
3164 706 3419 761 ecclesia.

1839 803 2010 858 sticos
2042 802 2363 872 scriptores,
2394 802 2831 873 apocryphorum
2868 810 3123 855 auctores
3150 798 3416 852 librorum

1841 895 2039 961 refero,
2066 906 2296 966 quorum
2321 896 2645 951 testimoniis
2668 908 2812 964 saepe
2841 909 3056 963 quoque
3085 894 3275 959 utitur;
3309 905 3414 945 non

1840 986 1959 1057 plus
1990 996 2170 1043 tamen
2204 988 2270 1043 iis
2300 987 2423 1043 ﬁdei
2465 988 2551 1043 vel
2585 986 2929 1042 auctoritatis
2954 984 3217 1048 tribuens,
3253 998 3414 1052 quam

1838 1088 2102 1148 quantum
2140 1094 2202 1135 ex
2253 1080 2355 1135 hoc
2407 1080 2649 1148 Apostoli
2704 1079 2909 1135 monito
2956 1077 3209 1131 tribuere.
3245 1074 3412 1130 licet:

1844 1192 1863 1225 ι
1901 1174 2097 1229 Omnia
2137 1173 2387 1242 probate,
2424 1173 2566 1243 quod
2603 1176 2797 1227 benum
2829 1179 2917 1226 est
2942 1178 3120 1224 tenete
3148 1168 3191 1224 ⁷.
3224 1187 3241 1218 ι

1907 1264 1995 1319 IV.
2034 1262 2157 1318 Fuit
2202 1278 2333 1335 ergo
2384 1263 2655 1332 praecipua
2711 1262 2962 1333 Origenis
3008 1262 3061 1315 in
3116 1258 3412 1328 Scripturis

1839 1353 2137 1409 enodandis
2176 1355 2480 1419 contentio,
2514 1354 2670 1421 cujus
2716 1352 3019 1422 disciplinae
3060 1366 3223 1404 causa
3258 1365 3416 1405 exco-

1840 1447 1936 1500 luit
1995 1444 2092 1510 τὰς
2144 1445 2376 1512 ἔξωθεν,
2432 1447 2527 1502 sed
2581 1446 2983 1517 philosophiam
3042 1443 3409 1515 potissimum.

1840 1534 2013 1590 Unum
2043 1546 2219 1589 autem
2252 1551 2362 1605 prae
2397 1535 2620 1605 reliquis
2648 1535 2923 1589 Platonem
2960 1534 3260 1588 admiratus
3288 1542 3411 1588 est:

1839 1627 1977 1681 sicut
2024 1625 2331 1682 Christiana
2382 1628 2633 1698 dogmata
2687 1630 2753 1683 ad
2806 1626 3100 1682 Platonicae
3151 1626 3415 1679 doctrinae

1840 1719 2001 1789 leges,
2036 1733 2140 1772 non
2176 1718 2347 1791 ipsam
2381 1720 2623 1775 Platonis
2657 1720 2958 1775 doctrinam
2997 1720 3062 1772 ad
3090 1716 3298 1773 Christi
3328 1717 3413 1771 el-

156 1819 303 1886 plexi
343 1828 494 1883 sunt,
535 1819 747 1873 dicebat
771 1819 823 1873 in
849 1816 1386 1886 antiquislelementis
1407 1818 1579 1872 simile
1607 1832 1727 1873 esse
1762 1790 1801 1843 Β
1836 1817 1943 1873 lata
1971 1817 2427 1874 accommodaret.
2447 1812 2705 1881 Exemplo
2736 1827 2835 1866 suo
2862 1811 3146 1881 Origenem
3178 1826 3244 1864 eo
3266 1824 3413 1863 com-

153 1912 309 1965 Thau
346 1910 531 1966 formae
568 1910 788 1977 crucis,
821 1919 875 1964 et
903 1909 1121 1978 praedici
1166 1908 1234 1963 de
1265 1909 1419 1980 signo
1460 1909 1600 1980 quod
1648 1912 1728 1965 in-

153 2011 242 2058 ter
280 2000 623 2058 Christianos
668 2001 727 2056 ﬁt
756 2002 808 2056 in
856 1999 1058 2075 fronte,
1095 2002 1239 2071 quod
1274 2003 1491 2071 quidem
1522 2001 1729 2058 faciunt

151 2091 249 2159 qui
294 2091 647 2146 crediderunt
689 2106 912 2157 omnes,
956 2106 1337 2161 quamcunque
1382 2107 1497 2146 rem
1541 2108 1730 2163 aggre-

151 2183 400 2250 diantur,
436 2184 672 2238 maxime
713 2198 844 2239 vero
882 2183 965 2238 vel
1010 2198 1232 2252 preces,
1274 2183 1361 2239 vel
1400 2193 1620 2243 sanctas
1660 2184 1729 2238 le-

148 2272 383 2328 ctiones.
426 2291 445 2325 ›
498 2272 893 2327 Samaritarum
938 2271 1204 2327 elementa
1245 2273 1478 2343 appellat
1524 2275 1730 2346 ἀρχαῖα

150 2366 414 2435 στοιχεῖα,
452 2366 592 2434 quod
620 2364 687 2419 iis
713 2363 923 2419 Hebraei
958 2375 1249 2419 uterentur
1279 2364 1476 2434 priscis
1522 2376 1729 2435 tempo-

149 2457 325 2520 ribus,
384 2456 489 2528 πρὸ
519 2456 619 2527 τῆς
648 2456 989 2527 μετοικεσίας
1008 2456 1343 2521 Βαϐυλῶνος.
1380 2457 1494 2528 (65)
1525 2458 1726 2513 Eorum

148 2547 199 2601 si
237 2547 489 2601 notitiam
527 2548 762 2617 aliquam
828 2557 1200 2617 comparasset
1251 2546 1535 2617 Origenes,
1574 2548 1725 2603 Thau

148 2638 482 2693 Samaritani
512 2637 743 2694 formam
768 2639 838 2693 ab
867 2638 1094 2693 Hebraeo
1119 2639 1211 2693 illo
1232 2639 1509 2708 accepisse
1536 2654 1594 2694 se
1619 2655 1725 2694 non

146 2724 401 2791 dixisset,
435 2740 595 2794 quam
629 2728 900 2796 cognitam
930 2741 996 2781 ex
1023 2742 1081 2781 se
1112 2726 1393 2782 habuisset
1424 2737 1478 2782 et
1504 2743 1725 2799 perspe—

150 2826 325 2872 ctam.
378 2816 559 2887 Atque
612 2817 700 2872 hic
749 2818 924 2873 obiter
973 2817 1262 2888 Origenem
1310 2819 1647 2875 vindicemus
1696 2838 1727 2877 a

147 2922 382 2963 censura
420 2909 709 2978 Scaligeri,
743 2910 835 2977 qui
876 2909 928 2963 in
973 2893 1127 2965 Notis
1167 2910 1232 2964 ad
1263 2910 1560 2967 Eusebium
1591 2928 1728 2983 prae-

142 2998 323 3053 fracte
366 3007 531 3070 negat
563 2998 714 3053 Thau
763 2998 1150 3054 Samariticum
1188 2999 1293 3053 alia
1326 2999 1499 3054 forma
1541 3001 1723 3066 luisse,

143 3105 311 3159 quam
351 3106 456 3160 qua
501 3090 664 3145 hodie
712 3091 953 3161 pingitur
994 3090 1047 3145 in
1095 3090 1253 3145 libris
1293 3090 1721 3159 Samaritarum;

143 3183 314 3238 etiam
352 3192 540 3239 contra
580 3182 892 3253 Hieronymi
932 3184 1338 3250 auctoritatem,
1370 3183 1460 3253 qui
1512 3184 1724 3239 codices

144 3274 528 3331 Samaritauos
553 3284 889 3330 versaverat.
915 3275 1133 3330 Certum
1160 3287 1242 3332 est
1264 3279 1406 3333 enim
1436 3294 1539 3333 non
1565 3279 1723 3333 unico

142 3368 311 3424 modo
344 3370 518 3423 notari
551 3370 770 3424 solitum
806 3369 973 3424 fuisse
1014 3370 1167 3423 Thau
1202 3370 1605 3436 Samariticum,
1644 3382 1725 3425 at-

143 3475 258 3529 que
288 3461 340 3514 id
372 3461 665 3530 aliquando
697 3463 762 3516 ad
793 3462 977 3518 crucis
1008 3461 1239 3515 formam
1278 3478 1397 3516 esse
1431 3463 1719 3529 depictum,

144 3558 211 3605 ut
238 3552 394 3605 ﬁdem
429 3550 637 3605 faciunt
673 3552 1033 3606 vetustissimi
1078 3551 1281 3604 nummi
1312 3550 1681 3606 Hebraeorum.

222 3642 305 3697 lll.
340 3640 452 3695 Non
484 3642 777 3709 Scripturaa
808 3642 1286 3711 interpretationes
1317 3642 1599 3707 duntaxat,
1629 3643 1724 3696 sed

144 3735 300 3804 ipsos
362 3734 525 3788 etiam
560 3734 881 3803 interpretes
937 3736 1340 3803 scriptoresque
1380 3733 1515 3788 adeo
1547 3734 1724 3789 eccle-

141 3826 405 3885 siasticos
458 3842 646 3883 omnes
697 3837 951 3882 accurate
1005 3827 1282 3882 evolverat
1328 3826 1723 3892 Adamantius,

140 3934 379 3988 quorum
418 3920 782 3987 patrocinium
825 3920 1116 3974 sententiis
1145 3919 1254 3973 suis
1282 3918 1599 3987 plerumque
1627 3934 1725 3973 no-

141 4009 396 4063 minatim
453 4007 699 4072 asciscit,
752 4008 1047 4064 Clementis
1087 4018 1241 4079 puta,
1295 4008 1526 4079 lguatii,
1567 4007 1721 4064 Jose-

139 4099 277 4170 phi,
312 4097 556 4153 Philonis
581 4109 637 4154 et
672 4098 927 4155 aliorum.
962 4099 1150 4170 Neque
1176 4099 1227 4153 id
1270 4099 1323 4153 in
1364 4098 1520 4153 libris
1550 4098 1721 4153 solum

138 4191 238 4261 qui
274 4206 303 4244 a
344 4189 539 4244 Ruﬁno
567 4191 816 4245 conversi
845 4202 996 4258 sunt,
1044 4191 1323 4261 reperias;
1378 4190 1493 4245 haec
1530 4190 1757 4261 quippe'

217 4282 237 4312 ⁷
272 4281 290 4335 1
320 4281 566 4336 Thessal.
604 4297 659 4351 ν,
698 4282 787 4337 21.

218 4376 331 4446 (65)
373 4376 637 4454 ἔοι-ωτιξὶ
660 4380 903 4454 notitiam
935 4382 1166 4454 aliquam
1204 4389 1558 4454 comparasset
1588 4378 1711 4454 _0ri-_

1834 1911 1969 1979 pulit
2016 1910 2171 1966 Philo
2220 1906 2480 1970 Judams,
2526 1914 2668 1958 totus
2723 1904 2789 1957 ad
2836 1903 3075 1957 Platonis
3102 1901 3410 1971 exemplum

1832 2002 2187 2073 compositus,
2220 2015 2325 2054 non
2359 1996 2570 2052 Platoni
2604 1995 2765 2050 nimis
2803 1993 3093 2049 tribuendo
3129 1994 3409 2056 duntaxat,

1832 2093 1923 2148 sed
1980 2092 2315 2162 Scripturam
2369 2089 2533 2143 etiam
2591 2086 2862 2157 allegoriis
2895 2085 3169 2155 perpetuis
3224 2085 3413 2153 expla-

1833 2185 2031 2239 nando.
2060 2181 2330 2251 Compulit
2374 2188 2427 2233 et
2479 2186 2778 2248 praeceptor
2810 2176 2954 2231 illius
2995 2176 3242 2231 Clemens
3287 2176 3411 2230 Aie.

1831 2274 2136 2329 xandrinus
2162 2312 2177 2337 ,
2218 2269 2507 2325 academiae
2539 2268 2827 2338 pigmentis
2859 2283 2945 2322 res
2975 2267 3315 2322 Christianas
3349 2266 3412 2321 il-

1835 2364 2069 2419 instrare
2100 2370 2285 2417 suetus
2313 2375 2328 2425 ;
2378 2358 2523 2428 quod
2578 2370 2633 2413 et
2666 2359 2897 2411 maxima
2931 2373 3056 2427 pars
3089 2357 3219 2410 fecit
3258 2366 3411 2411 vetu-

1830 2460 2057 2513 stiorum
2090 2456 2316 2510 Patrum
2349 2493 2364 2519 ,
2402 2452 2495 2507 sed
2543 2452 2762 2520 parcius
2816 2460 2870 2505 et
2898 2449 3277 2505 verecundius.
3316 2450 3411 2504 His

1831 2552 2014 2620 itaque
2071 2549 2473 2603 Platonicorum
2539 2545 2743 2600 deliriis
2812 2544 3086 2599 sincerum
3150 2543 3411 2597 doctrina:

1830 2642 2151 2698 Christiana:
2188 2658 2281 2696 vas
2312 2652 2595 2711 postquam
2645 2637 2968 2691 incrustavit
3012 2634 3408 2701 Adamantius,

1831 2751 1894 2790 ex
1927 2734 2017 2789 illo
2060 2734 2300 2787 doctrina
2338 2731 2456 2799 ejus
2494 2738 2747 2798 corrupta
2777 2734 2902 2791 est,
2933 2734 2987 2780 et
3018 2723 3263 2796 profanis
3306 2726 3411 2779 im-

1831 2830 1959 2884 buta
1992 2828 2295 2893 erroribus,
2327 2825 2469 2881 unde
2516 2824 2745 2878 inﬁnitis
2787 2820 3027 2891 jactatus
3060 2819 3319 2874 conviciis
3354 2829 3410 2876 et

1828 2917 2063 2987 querelis
2101 2918 2152 2971 in
2190 2930 2431 2971 summas
2461 2913 2653 2969 incidit
2700 2912 3067 2974 calamitates,
3107 2919 3162 2965 et
3194 2909 3407 2966 laudem

1828 3010 2035 3065 meritis
2069 3018 2278 3079 partam
2325 3005 2559 3062 decoxit.
2594 3004 2697 3059 Sed
2758 3018 2855 3056 nec
2886 3002 3178 3057 academite
3211 3002 3408 3057 ﬁnibus

1830 3100 2103 3171 ingenium
2138 3116 2291 3155 suum
2328 3098 2596 3162 coercuit;
2626 3096 2907 3150 universas
2941 3095 3031 3150 ille
3063 3095 3409 3165 philosopho-

1832 3206 1949 3244 rum
1982 3201 2160 3245 sectas
2210 3190 2391 3244 animo
2420 3201 2747 3260 pervagatus
2779 3198 2878 3243 est.
2924 3187 3407 3259 Pythagoricorum

1830 3280 2046 3346 scriptis
2103 3280 2422 3335 delectatum
2488 3281 2672 3347 luisse,
2730 3291 2785 3334 et
2830 3281 3136 3334 Stoicorum
3181 3293 3397 3349 quoque

1829 3371 2139 3424 adhibuisse
2198 3371 2369 3427 libros
2407 3372 2560 3426 testis
2600 3380 2681 3426 est
2711 3371 3062 3442 Porphyrius.
3092 3370 3229 3425 Hinc
3273 3372 3407 3424 adeo

1831 3478 1934 3517 non
1974 3464 2063 3517 uni
2099 3463 2256 3518 alicui
2293 3464 2567 3519 addictum
2603 3474 2787 3530 sectae,
2809 3465 2901 3517 sed
2929 3465 3167 3518 omnium
3200 3463 3407 3519 studio.

1829 3571 1947 3609 sum
1983 3556 2166 3619 fuisse,
2196 3573 2261 3611 ex
2295 3558 2469 3628 iisque
2495 3558 2756 3627 quidquid
2797 3558 2981 3611 utilius
3011 3570 3175 3622 esset,
3200 3566 3256 3611 et
3278 3571 3407 3611 vero

1827 3649 2057 3703 similius
2090 3650 2445 3721 decerpsisse,
2477 3649 2728 3719 idemque
2753 3650 3034 3720 discipulis
3060 3659 3114 3701 ut
3162 3649 3406 3703 lacerent

1826 3749 1982 3793 caute
2010 3740 2348 3809 prazcepisse.
2367 3739 2662 3811 Gregorius
2692 3739 3124 3809 Thaumaturgus
3144 3740 3405 3808 scriptum

1828 3831 2043 3899 reliquit
2061 3830 2197 3899 (66);
2222 3838 2277 3885 ut
2296 3848 2398 3885 non
2429 3840 2535 3884 tam
2550 3831 2880 3899 Platonicus,
2901 3834 2981 3888 vel
2998 3834 3402 3904 Pythagoricus,

1826 3936 1987 3990 quam
2022 3919 2405 3977 Potamonicus
2452 3924 2555 3977 dici
2608 3923 2843 3990 debeat,
2901 3940 2930 3978 a
2982 3924 3279 3979 Potantone
3311 3924 3405 3978 illo

1829 4013 2221 4080 Alexandrino,
2278 4015 2372 4085 qui
2412 4016 2680 4072 eclecticze
2711 4028 2871 4072 sectae
2896 4027 3086 4071 auctor
3109 4016 3229 4071 fuit.
3262 4016 3403 4084 Quo-

1833 4103 1976 4157 circa
2019 4102 2354 4161 Justiuianus
2414 4109 2466 4162 in
2527 4109 2753 4177 epistola
2802 4110 2868 4164 ad
2936 4109 3168 4175 Menam,
3234 4118 3288 4164 et
3350 4108 3404 4162 in

1834 4194 2002 4248 altera
2063 4200 2129 4250 ad
2184 4196 2427 4265 quintam
2495 4200 2795 4269 synodum,
2864 4215 3197 4271 paganorum
3258 4215 3404 4255 erro-

1819 4382 1933 4436 nesi
1976 4390 2031 4435 et
2064 4380 2285 4443 Exodo,
2336 4380 2387 4433 in
2422 4379 2649 4434 Psalmis
2707 4381 2834 4435 item
2862 4420 2877 4444 ,
2932 4382 2984 4433 in
3031 4380 3302 4443 Jeremia,
3351 4380 3405 4435 in

137 4464 322 4520 genas,
370 4446 520 4520 Thau
572 4447 901 4520 Samaritani
947 4446 1208 4520 formam,
1239 4446 1347 4505 etc.
1387 4450 1716 4506 Samaritani
1752 4451 2094 4515 D'l‘brenis;
2152 4452 2293 4520 apud
2352 4450 2694 4506 Ezechielem
2770 4453 2970 4511 etiam,
3020 4451 3291 4505 Danielem
3353 4460 3405 4506 et

136 4519 368 4586 quidem
420 4518 695 4573 idiomatis
731 4518 1177 4577 callenti'ssimum
1234 4521 1403 4576 fuisse
1442 4537 1549 4575 non
1591 4536 1720 4577 reor

136 4590 460 4655 Origenem,
492 4590 586 4643 sed
628 4590 764 4641 haud
799 4591 915 4645 scio
949 4608 1021 4646 an
1053 4591 1388 4655 utJudaicis,
1423 4594 1493 4645 ita
1528 4592 1718 4645 Sama-

137 4659 341 4729 ritanis
372 4668 426 4729 e_t
457 4656 697 4729 Syriacis
729 4660 926 4715 litteris
944 4664 1133 4717 saltem
1167 4663 1354 4716 leviter
1388 4662 1588 4715 tinctus
1614 4678 1717 4717 non

139 4727 335 4781 fuerit.
388 4727 477 4781 Sic
499 4727 654 4783 enim
704 4729 767 4784 Ι).
813 4730 1116 4787 Bernartius
1162 4734 1228 4785 de
1276 4731 1620 4787 Montl‘aucon
1664 4734 1716 4786 in

138 4798 615 4871 Prmliﬁminarihus
647 4800 715 4852 ad
758 4798 998 4868 Hexapla
1037 4804 1287 4871 Origenis
1322 4818 1439 4871 cap.
1469 4803 1522 4866 l,
1566 4818 1713 4857 num.

134 4867 173 4923 8
198 4886 217 4921 :
246 4885 274 4942 ¢_
295 4867 621 4942 samaritani
663 4879 717 4923 et
750 4872 871 4942 Syri
901 4867 1158 4927 lectiones
1181 4873 1231 4926 in
1268 4867 1603 4941 marginibus
1624 4887 1715 4925 ve-

137 4940 576 5012 tustissimorum
621 4940 1032 5009 exemplarium,
1058 4959 1177 5012 qua:
1218 4940 1578 5012 Hexaplorum
1609 4944 1716 4995 fra-

138 5017 370 5083 gmenta
394 5009 669 5083 etthibent,
692 5024 943 5083 persaepe
993 5009 1395 5079 observantur}
1430 5013 1552 5083 Syri
1588 5013 1708 5082 qui-

139 5078 271 5150 dem
308 5078 361 5131 in
398 5078 668 5147 plerisque
687 5078 981 5150 Scriptura:
1009 5084 1197 5149 libris;
1230 5078 1556 5137 Samaritani
1586 5078 1714 5137 vero

140 5149 197 5201 in
236 5147 617 5221 Pentateucho
648 5147 853 5204 tantum
886 5170 901 5207 :
941 5155 1031 5208 ubi
1075 5147 1190 5207 non
1230 5153 1605 5221 inl‘requenter
1632 5153 1714 5205 in-

140 5219 567 5286 terpretationes
594 5220 924 5277 Satuaritani
956 5224 1356 5283 animadvertas
1381 5219 1410 5287 ,“
1445 5222 1713 5276 interdum

140 5288 295 5361 solas
349 5291 547 5361 sapius
578 5305 700 5345 cum
733 5290 963 5347 aliorum
1002 5294 1355 5361 interpretum
1392 5292 1714 5347 lectionibus

138 5359 394 5412 collatas.
421 5359 553 5413 Cum
593 5373 770 5415 autem
801 5361 902 5416 illae
928 5359 1257 5417 Samaritani
1290 5364 1572 5425 lectiones,
1605 5377 1709 5414 non

137 5429 198 5482 in
234 5430 463 5483 vetustis
489 5432 765 5485 codicibus
798 5441 1006 5486 tantum
1034 5474 1049 5497 ,
1085 5435 1179 5487 sed
1208 5434 1375 5487 etiam
1420 5434 1559 5497 apud
1610 5431 1711 5485 Pa-

139 5509 261 5553 tres
304 5502 526 5567 quarti,
563 5502 736 5569 quinti
786 5513 843 5557 et
879 5506 1215 5572 sequentium
1265 5503 1588 5572 saeculorum
1619 5517 1711 5555 oc-

139 5580 414 5642 currant,
447 5573 745 5642 probabile
788 5588 921 5627 sane
954 5571 1167 5628 videtur
1210 5573 1396 5642 ipsum,
1420 5571 1708 5641 Origenem

140 5639 414 5719 lectiones
446 5639 567 5723 illas
611 5644 939 5723 Samaritani
977 5644 1041 5723 in_
1062 5639 1304 5723 margine
1348 5639 1706 5723 Herculei-um

142 5711 416 5782 posuisse.
463 5711 606 5766 ldem
656 5728 817 5781 porro
848 5714 1135 5769 dicendum
1168 5711 1381 5769 videtur
1420 5715 1486 5767 de
1526 5714 1663 5782 Syro
1688 5751 1702 5775 ,

140 5780 303 5863 Cujus
352 5779 823 5851 interpretationes
860 5784 1060 5855 passim
1117 5785 1457 5856 reperiuntur
1494 5779 1704 5847 ill-CIC-

1822 4523 1979 4577 Osee.
2017 4521 2137 4591 Syri
2178 4536 2338 4591 porro
2399 4522 2660 4576 lectiones
2702 4520 3000 4575 aﬁ‘ernutur
3059 4524 3126 4575 ab
3173 4520 3405 4575 Eusebio

1821 4592 2165 4654 Caesariensi,
2198 4610 2226 4646 a
2256 4592 2489 4646 Diodoro
2515 4593 2770 4647 Tarsensi
2806 4591 3165 4659 frequentius,
3205 4593 3269 4645 ab
3295 4592 3405 4645 Eu-

1820 4663 1971 4717 sebio
2038 4662 2294 4716 Emiseuo
2322 4701 2337 4725 ,
2371 4660 2697 4733 Hieronymo
2723 4704 2738 4727 ,
2769 4661 3110 4716 Theodoreto
3162 4671 3233 4733 et_
3258 4661 3402 4733 aliis.

1820 4733 2079 4799 Quodque
2117 4733 2413 4786 notandum
2462 4731 2794 4797 est,‘iidem,
2834 4733 3177 4801 maximeque
3212 4731 3406 4784 Diodo-

1820 4818 1913 4857 rus
1974 4803 2172 4872 Syrum
2237 4818 2360 4854 cum
2424 4801 2646 4856 Hebraeo
2706 4818 2851 4870 saepe
2905 4804 3243 4872 conjungunt
3300 4802 3406 4855 hoc

1819 4884 1974 4944 pacto
2002 4870 2073 4933 :6
2110 4873 2279 4943 Σύρος
2316 4872 2411 4927 καὶ
2439 4875 2468 4925 6
2495 4872 2775 4944 Ἐϐραῖος,
2794 4873 2913 4938 vel,
2956 4874 2985 4925 6
3032 4870 3280 4943 Ἐϐραῖος
3310 4872 3406 4926 καὶ

1817 4944 1846 4997 6
1872 4942 2060 5013 Σύρος,
2112 4942 2326 5012 quando
2362 4945 2571 4997 scilicet
2594 4942 3404 5013 'amborumuinterpr’etatioues

1816 5011 2147 5067 conveniunt
2175 5055 2190 5078 ,
2222 5015 2362 5082 quod
2398 5028 2539 5082 saepe
2570 5012 2854 5083 contingit.
2881 5011 2975 5067 Hae
3010 5011 3172 5082 porro
3202 5012 3391 5067 lectio-

1818 5099 1933 5145 nes,
1976 5085 2198 5151 perinde
2227 5095 2390 5152 atque
2428 5085 2779 5150 Samaritani,
2804 5084 2872 5137 ab
2902 5083 3136 5154 Origene
3158 5083 3394 5154 diligen-

1817 5154 2028 5208 tissiqu
2079 5155 2389 5208 versionum
2437 5154 2730 5209 collectore
2778 5153 3069 5223 potuerunt
3120 5156 3284 5208 etiam
3342 5153 3397 5207 in

1817 5224 2151 5294 tiiarginibus
2205 5223 2566 5294 llexaplorum
2620 5225 2875 5280 collocari
2923 5243 2936 5279 :
2980 5240 3287 5293 quanquam
3344 5223 3395 5277 id

1814 5295 2037 5348 minime
2070 5304 2300 5349 constet.
2337 5294 2459 5349 [hec
2489 5296 2688 5365 quippe
2711 5295 2884 5350 solum
2927 5295 3225 5365 divinando
3260 5294 3396 5365 dici-

1816 5380 1934 5418 mus
1966 5384 1978 5418 :
2008 5368 2177 5420 donec
2198 5366 2341 5420 enim
2368 5363 2550 5434 aliqua
2583 5363 2666 5421 vel
2712 5366 2921 5419 tantilla
2956 5381 3087 5435 pars
3119 5363 3393 5433 Hexaplo-

1813 5450 1954 5498 rum,
2000 5446 2057 5490 ut
2092 5436 2245 5489 initio
2279 5438 2479 5506 scripta
2518 5437 2757 5501 luerunt,
2802 5451 2833 5491 e
2866 5438 3106 5491 tenebris
3153 5448 3395 5506 etnersef

1814 5506 1905 5568 rit,
1936 5506 2145 5579 plenam
2171 5504 2579 5579 perfectamque
2598 5508 2810 5563 illorqu
2850 5507 3097 5562 notitiam
3122 5504 3398 5575 expiscari

1814 5591 1918 5630 non
1948 5577 2261 5631 valebimus.
2290 5597 2309 5629 ι

1888 5644 2222 5773 ἓίῗϐἐῖϐἕῗξὶ
2252 5648 2482 5705 Thaum.
2543 5650 2595 5703 in
2670 5652 2871 5718 l’anrg.
2930 5663 3079 5703 num.
3122 5646 3154 5703 7
3200 5656 3255 5701 et
3308 5642 3401 5709 l5.

1817 5712 1940 5789 pag.
1971 5712 2038 5771 67
2078 5727 2133 5775 et
2149 5712 2249 5783 Ἠ.
