3870 6220
468 267 577 330 703
1741 266 1809 324 P.
1850 265 1996 322 IDAN

2216 264 2450 322 HUE'HI
2775 316 2777 320 .
2862 298 2865 303 ‹
3615 274 3710 327 704

463 384 621 444 ribus
668 376 881 435 aﬂinem
918 376 1087 434 fuisse
1127 375 1418 449 Origenem
1468 386 1577 433 tam
1619 393 1813 436 crearo
1844 376 2054 448 objicit.
2083 383 2129 439 Α
2159 392 2208 433 vi
2241 389 2384 434 cont.
2434 378 2667 450 Celsum,
2705 380 2983 447 nutnﬂ‘,
3012 395 3066 451 p.
3094 380 3200 436 648
3240 380 3373 453 (68).
3419 382 3586 439 Porro
3610 391 3713 455 epi-

541 472 603 528 ν.
643 470 757 542 (67)
780 470 859 525 Ad
900 468 1140 540 reliquas
1162 484 1381 540 quoque
1409 470 1748 541 disciplinas,
1784 470 1899 526 sive
1929 484 2046 523 ma-
2154 472 2289 527 stola
2319 473 2550 542 quadam
2582 514 2597 538 ,
2626 488 2749 544 quas
2776 482 2860 528 est
2890 474 3029 543 apud
3075 473 3362 529 Eusebium
3391 473 3527 544 (69),
3562 491 3714 531 exon-

460 564 790 622 thematicas
804 571 967 629 artes,
996 562 1110 618 sive
1130 576 1223 618 eas
1252 577 1373 632 quae
1386 565 1455 618 ab
1477 563 1816 617 humanitate
1850 576 2044 616 nomen
2153 563 2292 617 savit
2318 563 2544 618 nimium
2582 577 2741 619 suum
2772 563 2825 617 in
2854 577 2947 618 eas
2986 564 3266 619 doctrinas
3292 565 3550 632 studium,
3578 567 3711 635 quod

465 657 689 723 habent,
740 655 979 710 animum
1025 652 1275 724 appulit;
1308 656 1401 709 sed
1436 651 1696 723 majorem
1729 653 1943 707 videtur
1978 652 2044 705 iis
2153 653 2456 723 aliquorum
2504 656 3019 725 reprehensionibus
3062 664 3349 725 patuerat;
3401 657 3711 714 stolidarum

466 749 680 803 artibus
713 746 1042 816 impendisse
1065 761 1326 817 operam,
1362 761 1591 815 quarum
1626 754 1752 802 erat
1781 760 1912 800 usus
1961 742 2046 798 vel
2152 744 2353 815 quippe
2383 746 2664 801 hominum
2688 786 2705 813 ,
2744 756 3011 818 quantum
3045 744 3286 816 profanas
3312 744 3509 801 littera:
3551 748 3713 803 sacris

464 841 532 895 ad
577 841 877 910 Scriptura:
905 854 1075 894 sacrae
1113 838 1532 894 iiiustrationem
1564 881 1580 907 ,
1612 837 1698 893 vel
1731 838 1798 892 ad
1832 850 2042 891 morum
2148 838 2533 905 promovendis
2559 838 2868 894 conducant
2894 854 3085 908 parum
3112 838 3548 909 intelligentium.
3577 839 3713 894 'l‘an-

462 931 901 988 emendationem
930 971 946 997 ,
985 928 1071 983 vel
1094 928 1160 983 ad
1208 928 1470 983 Ecclesiae
1500 927 1915 984 aediﬁcationem
1944 942 2042 982 ac-
2152 939 2261 983 tam
2316 930 2531 986 demum
2599 930 2703 987 sibi
2763 932 2998 987 nominis
3057 931 3363 986 claritatem
3419 932 3713 987 eruditione

461 1020 877 1079 commodatior.
921 1018 1055 1075 Tam
1099 1018 1303 1075 assidui
1350 1028 1533 1073 autem
1564 1028 1622 1073 et
1652 1018 1957 1074 inexhausti
1988 1017 2043 1072 in
2152 1038 2248 1078 sua
2281 1023 2530 1093 peperit,
2577 1030 2639 1077 ut
2681 1023 2750 1078 ad
2778 1037 2901 1079 eum
2947 1022 3282 1079 conﬂuerent
3320 1023 3498 1079 omnis
3549 1038 3711 1095 gene-

462 1114 778 1170 evoivendis
806 1112 1174 1168 voluminibus
1211 1111 1414 1167 laboris
1450 1109 1554 1165 l‘uit
1579 1151 1596 1179 ,
1632 1119 1692 1165 ut
1717 1111 1940 1181 objiciat
1991 1110 2043 1165 ei
2150 1114 2226 1169 ris
2259 1114 2505 1170 homines
2527 1152 2545 1179 ,
2574 1113 2931 1170 excellentem
2979 1114 3099 1185 ejus
3145 1115 3506 1171 eruditionem
3538 1116 3713 1171 ethni-

454 1206 835 1276 Theophilus,
875 1213 1170 1277 perpetuus
1197 1205 1368 1275 ipsius
1421 1203 1742 1267 insectator,
1774 1220 1795 1253 ί
1832 1200 2041 1270 jactare
2150 1207 2199 1261 ci
2248 1207 2348 1276 ipsi
2396 1206 2737 1263 celebrarent
2781 1209 3001 1278 scriptis
3027 1250 3044 1276 ,
3077 1222 3202 1264 suas
3245 1209 3294 1264 ei
3336 1198 3717 1264 consecrarent

461 1313 524 1353 se
566 1317 585 1351 ι
638 1298 788 1352 illum
826 1317 845 1350 ι
896 1298 949 1353 in
996 1296 1226 1353 scientia
1276 1295 1704 1365 Scripturarum,
1747 1303 1803 1348 et
1849 1302 2041 1363 putare
2147 1298 2596 1367 lucubrationes,
2638 1299 3044 1370 disciplinarum
3096 1300 3337 1355 omnium
3394 1300 3713 1371 encyclopc—

462 1400 611 1445 tanta
646 1390 845 1461 legisse
873 1432 889 1459 ,
942 1398 1151 1459 quanta
1206 1387 1384 1443 nullus
1426 1386 1705 1442 hominum
1741 1385 1977 1456 legerit:
2012 1403 2034 1438 ι
2147 1390 2292 1445 diam
2322 1390 2504 1445 animo
2529 1391 2844 1446 crederetur
2863 1406 2983 1447 esse
3011 1391 3345 1461 complexus,
3378 1400 3433 1445 et
3463 1392 3714 1460 princeps

462 1491 611 1537 tanta
646 1497 773 1536 vero
798 1480 1042 1536 discendi
1094 1479 1389 1555 cupiditate
1423 1478 1679 1534 incensus
1706 1516 1722 1544 ,
1764 1486 1823 1530 ut
1846 1476 1913 1530 ad
1943 1490 2036 1531 eos
2142 1482 2289 1538 inter
2333 1481 2604 1539 litteratos
2654 1485 2721 1540 ab
2760 1484 3017 1540 omnibus
3062 1483 3452 1555 propemodum
3490 1496 3716 1554 ponere-

449 1572 891 1638 .conveniendos,
922 1587 1154 1643 quorum
1176 1582 1320 1626 esset
1342 1570 1557 1627 celebre
1585 1584 1781 1625 nomen
1809 1569 1863 1624 in
1892 1567 2034 1624 litte-
2139 1583 2248 1631 tur.

467 1664 544 1721 ris
567 1708 584 1735 ,
632 1664 833 1721 multas
870 1680 992 1721 sese
1024 1668 1273 1737 regiones
1303 1667 1663 1734 perlustrasse
1703 1662 1910 1719 scribat
1937 1660 2031 1717 lib.
2072 1676 2115 1733 η

2042 1800 2119 1813 —

1506 1944 1895 2035 CAPUT
1965 1943 2655 2033 SECUNDUM.

1750 2140 2057 2218 Origenis
2100 2141 2413 2219 dogmata.

528 2451 751 2505 CAI'I'I‘IS
780 2447 816 2500 2
850 2459 1123 2519 ριιοῳους
1163 2459 1541 2519 armarium
1572 2477 1643 2487 —-
1669 2447 2023 2519 Pervenirnns
2063 2448 2173 2515 jam
2219 2448 2284 2501 ad
2321 2448 2440 2519 ipsa
2471 2446 2726 2519 Origenis
2773 2447 3019 2519 dogmata
3048 2488 3064 2513 ,
3105 2446 3220 2519 sive
3251 2460 3375 2516 qua:
3402 2453 3706 2518 reprehen-

460 2521 643 2575 siones
674 2529 895 2587 eXperta
928 2517 1116 2587 aliquot
1140 2517 1297 2569 modo
1324 2513 1537 2570 delendi
1575 2527 1830 2585 possunt;
1868 2518 1984 2572 sive
2028 2513 2148 2587 quae
2176 2534 2327 2573 sana:
2342 2513 2796 2573 Christianorum
2826 2513 3085 2572 doctrina:
3134 2513 3310 2585 reipsa
3362 2513 3539 2575 minus
3566 2538 3705 2578 con-

460 2599 717 2645 sentanea
751 2602 965 2641 omnem
998 2586 1211 2658 penitus
1257 2594 1519 2658 respuunt
1549 2589 1957 2658 excusationem
1987 2604 2011 2658 :7
2036 2586 2136 2641 nec
2170 2604 2233 2642 ea
2284 2591 2444 2643 modo
2480 2603 2601 2658 quae
2645 2588 2853 2656 culpari
2889 2588 3049 2656 vulgo
3079 2588 3254 2640 Snlt‘ill
3280 2630 3295 2653 ,
3325 2589 3417 2658 sed
3445 2605 3569 2657 qua:
3603 2610 3704 2650 nos

459 2660 623 2715 etiam
650 2673 735 2729 ext
764 2666 970 2711 attenta
1000 2654 1064 2709 et
1101 2655 1345 2729 diligenti
1378 2654 1815 2729 lucubrationum
1849 2656 1965 2727 ejus
2004 2657 2231 2729 lectione
2254 2654 2589 2729 excepimus.
2626 2654 2973 2729 Alii‘quidcm
2989 2654 3284 2729 universos
3321 2654 3575 2729 Origenis
3609 2680 3704 2718 er-

462 2744 615 2785 rores
644 2726 933 2782 defendere
966 2740 1069 2795 qua
1094 2724 1236 2795 jure,
1263 2739 1477 2795 quaque
1507 2724 1701 2792 injuria
1731 2736 1857 2781 sunt
1879 2724 2126 2798 aggressi
2155 2746 2171 2793 ;
2206 2724 2450 2796 magnam
2486 2729 2612 2781 hinc
2642 2728 2741 2781 sibi
2766 2724 3089 2798 spondentes
3126 2727 3357 2793 laudem,
3378 2724 3705 2798 si'receptas

456 2800 526 2854 de
552 2813 617 2853 eo
649 2798 934 2867 Opiniones
966 2798 1387 2867 iinpngnarent;
1438 2799 1753 2865 neutiquam
1797 2797 2097 2867 cogitantes
2131 2814 2190 2852 se
2218 2838 2233 2860 ,
2267 2800 2392 2852 dum
2432 2800 2481 2851 in
2511 2798 2799 2867 Origenem
2833 2797 3053 2851 oiiiciosi
3090 2812 3209 2867 esse
3237 2802 3477 2863 student,
3506 2797 3703 2859 existi-

460 2866 697 2924 mationi
729 2883 841 2923 sua:
868 2883 938 2937 ac
973 2866 1163 2937 pudori
1191 2881 1387 2937 parum;
1426 2868 1731 2922 consulere.
1775 2866 1941 2923 Noliis
1969 2868 2254 2922 veritatem
2282 2870 2532 2937 persequi
2567 2866 2899 2937 propositum
2936 2877 3017 2921 est
3041 2907 3055 2932 ,
3097 2878 3149 2919 et
3184 2866 3564 2923 Adamantium
3615 2874 3701 2929 vel

455 2953 716 2994 accusare
740 2979 754 3004 ,
781 2940 826 2991 si
863 2936 933 2990 ita
970 2934 1057 3007 res
1094 2936 1227 2989 lerat
1253 2977 1282 3007 ,Α
1309 2934 1394 2989 vel
1424 2951 1685 2993 excusare
1707 2979 1723 3004 ,
1758 2938 1898 3007 quod
1929 2938 2164 3005 patietur
2195 2934 2401 2993 candor
2434 2934 2621 2992 noster
2647 2934 2683 3001 ;“
2713 2938 2805 2991 sed
2834 2941 2905 2990 ita
2940 2946 3116 2991 tamen
3144 2948 3202 2991 ut
3228 2938 3293 2991 ad
3332 2942 3702 3006 priestsndum

453 3010 558 3080 ipsi
596 3008 930 3080 defensionis
963 3005 1212 3080 omam“
1244 3005 1414 3080 simus
1460 3005 1997 3080 paratiores':_qnod
2034 3009 2231 3080 triplici
2275 3008 2389 3080 fere
2440 3009 2648 3080 ratione
2696 3006 2877 3080 facere
2926 3007 3259 3063 instituimus
3289 3048 3304 3073 ,
3337 3005 3421 3062 vel
3452 3010 3601 3066 mulli
3634 3029 3702 3068 ac

457 3075 693 3149 benigna
704 3075 1341 3149 interpretationelocis
1361 3078 1726 3149 controversis
1768 3078 2014 3149 adhibita
2036 3117 2052 3142 ,
2082 3075 2172 3149 vei
2195 3077 2423 3149 prolatis
2455 3094 2521 3131 ex
2556 3079 2672 3147 ipso
2698 3077 2933 3149 Origene
2966 3080 3266 3149 contrariis
3294 3091 3357 3132 ac
3389 3094 3703 3149 repugnan-

451 3144 613 3205 tibus
639 3147 815 3203 eﬁ‘atis
840 3144 977 3212 {vel
1011 3145 1277 3199 similibus
1308 3144 1529 3199 Patrum
1558 3148 1808 3202 adductis
1841 3146 2145 3202 sententiis.
2196 3144 2475 3202 Posterior
2510 3144 2733 3215 uterque
2772 3144 3103 3200 «ieiensionis
3133 3150 3322 3202 modus
3362 3163 3390 3200 a
3423 3144 3705 3208 nonnullis

456 3218 778 3288 reprobatus
802 3226 906 3279 est,
942 3215 1543 3288 etsecnndusquidem
1578 3218 1647 3270 ab
1680 3218 1875 3284 insigni
1912 3219 2086 3271 aetatis
2125 3228 2320 3272 nostra:
2346 3218 2614 3288 theologo,
2642 3218 2845 3271 idcirco
2869 3217 3121 3270 nimirum
3154 3219 3298 3285 quod
3330 3232 3394 3271 ex
3431 3223 3705 3288 oppositis

454 3285 707 3356 Origenis
734 3285 1079 3356 testimoniis
1100 3286 1440 3356 concluditur
1467 3286 1806 3342 solummodo
1834 3288 2046 3343 diversa
2080 3290 2253 3356 ipsum
2288 3285 2552 3352 sensisse,
2590 3302 2695 3341 non
2725 3301 2855 3341 vero
2883 3288 3157 3354 perversis
3180 3285 3522 3355 opinionibus
3561 3306 3705 3345 neu-

451 3354 664 3427 ,tiqtiam
701 3358 1016 3428 adhaesisse.
1054 3355 1122 3407 At
1150 3354 1481 3428 _non__aiiam
1537 3366 1713 3428 tamen
1766 3357 2076 3428 protegendi
2094 3354 2431 3428 iAdatnantii
2462 3357 2888 3428 commodio_rem
2930 3357 3069 3428 viam
3109 3354 3363 3428 insistere
3392 3373 3452 3412 se
3486 3365 3705 3426 putavit

458 3423 770 3498 Pamphilus
799 3429 850 3480 in
886 3423 1408 3499 Apologetico._Nam
1434 3439 1555 3499 cum
1588 3428 1655 3480 ab
1693 3423 1975 3499 hieretici's
1999 3426 2194 3499 violata
2246 3443 2369 3485 esse
2422 3435 2699 3499 constaret
2752 3426 3076 3499 Origeniana
3124 3427 3399 3481 volumina
3431 3467 3447 3492 ,
3488 3423 3529 3482 si
3574 3446 3707 3499 qua

452 3495 856 3555 sententiarum
908 3495 1413 3565 deprehendebatur
1439 3497 1695 3561 varietas,
1728 3501 1923 3551 merito
1964 3497 2017 3551 in
2056 3497 2438 3554 haereticorum
2490 3496 2706 3551 fraudes
2742 3497 3022 3550 varietatis
3052 3512 3213 3551 causa
3249 3495 3706 3558 convertebatur.

456 3568 723 3622 Praeterea
762 3574 820 3621 ut
846 3580 1063 3637 errasse
1092 3565 1400 3637 Origenemt
1414 3568 1626 3631 demus,
1658 3566 1933 3621 fatendum
1963 3576 2048 3622 est
2077 3568 2269 3623 saltem
2306 3570 2572 3637 incertum
2602 3567 2766 3620 animi
2797 3568 2848 3620 in
2885 3566 2952 3620 iis
2985 3567 3148 3637 fuisse
3179 3568 3571 3637 qumstionilius
3594 3610 3611 3637 ,
3646 3584 3713 3625 ει

459 3653 491 3691 a
522 3638 833 3707 pertinacia:
869 3636 1097 3707 crimine
1120 3635 1277 3707 longe
1306 3634 1568 3698 abfuisse,
1601 3652 1709 3705 quo
1744 3652 1851 3707 uno
1885 3639 2017 3690 satis
2044 3648 2323 3707 purgatur.
2353 3636 2536 3692 Tertia
2563 3652 2780 3707 quoque
2811 3637 2992 3691 tuendi
3025 3634 3270 3707 Origenis
3297 3638 3458 3700 ratio,
3483 3634 3613 3707 quae
3638 3657 3714 3697 ex

457 3705 679 3762 Patrum
710 3706 1094 3777 astipulatione
1126 3706 1380 3777 sumitur,
1426 3706 1848 3777 repudiaturdab
1878 3705 2235 3777 Hieronymo;
2286 3709 2376 3777 qui
2407 3748 2423 3772 ,
2469 3705 2594 3761 cum
2622 3707 2811 3777 eodem
2842 3715 2997 3776 pacto
3026 3705 3314 3777 Origenem
3362 3705 3716 3777 defendisset

452 3776 695 3836 Joannes
722 3775 1224 3847 Jerbsolyniitanus,
1249 3775 1362 3828 hinc
1384 3776 1605 3844 scripsit
1638 3780 1705 3831 ad
1734 3775 2094 3847 Theophilum
2128 3795 2141 3831 :
2180 3794 2200 3829 ι
2236 3775 2445 3833 Novum
2477 3776 2807 3832 defensionis
2830 3775 3021 3845 genus,
3046 3778 3123 3830 sic
3154 3775 3405 3847 Origenis
3434 3779 3569 3831 vitia
3597 3796 3713 3836 non

460 3862 664 3918 negare
687 3886 704 3911 ,
734 3857 791 3901 ut
824 3845 1072 3919 cuni_i_llo_
1105 3854 1333 3899 caeteros
1368 3846 1693 3919 crimineris.
1734 3845 2180 3919 Videlicettquem
2219 3859 2406 3919 aperte
2448 3847 2742 3919 defendere
2777 3861 2882 3900 non
2919 3847 3120 3919 audeas
3146 3885 3163 3912 ,
3196 3846 3491 3919 multorum
3529 3852 3714 3906 simili

450 3914 641 3972 errore
674 3917 931 3972 tuearis.»
953 3915 1160 3988 Nempe
1186 3931 1291 3988 non
1321 3931 1442 3970 raro
1472 3917 1805 3988 contigit,_ut
1825 3918 1966 3987 quod
1994 3914 2289 3988 iii—Origene
2318 3920 2608 3972 damnabat
2636 3915 3149 3988 Hieronymus(70;,
3175 3914 3291 3982 ejus
3325 3917 3439 3984 ipse
3460 3934 3594 3974 reus
3622 3931 3714 3977 te-

460 3999 707 4057 tueretur.
746 3988 800 4042 id
830 4003 952 4040 cum
982 3987 1081 4057 ipsi
1113 3983 1413 4057 objicereiit
1450 3983 1770 4057 adversarii,
1803 3983 2020 4057 purgari
2051 3983 2336 4057 Origenem
2378 3988 2590 4041 volebat
2619 4027 2634 4050 ,
2664 4003 2769 4043 non
2816 3983 2917 4057 suo
2955 3983 3294 4057 aliorumque
3319 3983 3577 4057 e’xettipio
3608 3994 3714 4045 de-

460 4005 707 4042 neretur.
746 4005 800 4042 tu
830 4005 952 4040 cum
982 4005 1081 4056 ipsi
1113 4005 1413 4051 oujicerent
1450 4005 1770 4049 adversarii,
1803 4005 2020 4057 purgari
2051 4005 2141 4041 Ul‘l
2182 4005 2336 4043 enem
2378 4005 2590 4041 voienat
2619 4027 2634 4050 ,
2664 4005 2769 4043 non
2816 4005 2917 4041 suo
2955 4005 3294 4055 aliorumque
3319 4005 3577 4057 exetnpto
3608 4005 3713 4045 ue-

453 4055 626 4111 iendi.
669 4058 1010 4126 Quapropter
1040 4052 1496 4133 Ruiinusdiwect.
1525 4070 1563 4123 ι,
1608 4057 1682 4133 ita
1726 4056 2032 4133 loquentem
2080 4005 2287 4133 inguen.
2340 4058 2725 4133 Hieronymum
2762 4074 2776 4111 :
2815 4074 2833 4106 σ
2869 4054 3075 4133 Omnes
3101 4057 3189 4110 isti
3220 4055 3459 4133 (Patresj
3482 4055 3543 4133 tit
3576 4059 3713 4115 Ori-

451 4142 621 4198 genes
651 4124 975 4198 erraverunt
1004 4143 1018 4180 :
1052 4125 1143 4198 sed
1180 4124 1455 4198 accipiant
1480 4127 1685 4198 erroris
1713 4124 1809 4181 sui
1827 4128 2063 4191 veniam,
2088 4130 2215 4195 quia
2255 4139 2310 4185 et
2331 4144 2432 4198 ego
2460 4124 2754 4198 aliquando
2780 4127 2958 4198 erravi
2986 4165 3002 4189 ,
3047 4137 3101 4180 et
3143 4124 3286 4180 nunc
3318 4124 3713 4195 paenitentiam

450 4196 603 4271 gero,
639 4200 732 4252 sed
763 4196 1259 4271 veniamaccipere
1286 4196 1475 4271 debeof
1502 4196 1767 4265 Origenes
1788 4212 2065 4271 verocum
2090 4200 2277 4253 eadem
2307 4196 2427 4267 quae
2456 4212 2557 4271 ego
2589 4196 2789 4251 dixerit
2819 4236 2834 4261 ,
2865 4197 3076 4271 etiamsi
3113 4198 3489 4271 paenitentiam
3536 4202 3661 4271 egit
3686 4246 3704 4264 ,

452 4270 666 4320 veniam
695 4284 801 4322 non
839 4267 1068 4336 accipiet
1104 4280 1119 4318 :
1152 4267 1271 4336 imo
1297 4280 1395 4332 pro
1421 4267 1506 4319 his
1536 4281 1657 4334 quae
1688 4282 1878 4322 omnes
1910 4268 2176 4333 diximus,
2207 4266 2353 4324 solus
2380 4266 2825 4336 ipse’damnetur.
2865 4284 2884 4318 ι
2918 4266 2973 4320 Si
2997 4270 3214 4334 quando
3234 4282 3363 4336 vero
3392 4266 3711 4324 accusabav

453 4347 542 4391 tur
577 4335 1096 4407 iiieronynius‘ipse,
1125 4335 1768 4407 Origenispatrocinium
1796 4353 1893 4406 pro
1928 4351 1986 4391 se
2017 4339 2222 4393 ambire
2254 4356 2358 4393 non
2402 4335 2686 4407 dubitabat
2714 4354 2729 4391 :
2762 4337 2866 4391 sibi
2897 4336 3119 4390 concedi
3156 4335 3344 4391 volens
3368 4377 3383 4401 ,
3413 4341 3566 4407 quod
3611 4357 3715 4395 ne-

451 4408 612 4475 gabat
635 4404 875 4477 Origeni.
906 4404 1101 4477 Merito
1136 4406 1317 4477 itaque
1346 4406 1421 4477 ait
1455 4404 1681 4477 Rutilius
1718 4404 1912 4460 Ιηῡεσι.
1942 4408 1977 4460 2
2005 4425 2018 4460 :
2047 4426 2065 4457 ι
2091 4407 2214 4463 Sive
2244 4410 2347 4463 hoc
2372 4407 2499 4461 fecit
2528 4406 2807 4474 Origenes,
2842 4407 3097 4477 sivenon
3127 4407 3276 4470 fecit,
3312 4404 3447 4476 quid
3482 4411 3555 4463 ad
3614 4422 3671 4466 te
3693 4412 3721 4465 ἓ

451 4477 511 4531 Si
541 4479 607 4531 ad
643 4475 788 4532 illius
819 4476 1127 4549 exemplum
1156 4476 1387 4549 iudicari
1430 4476 1535 4539 vis,
1572 4476 1760 4549 releget
1774 4479 2081 4549 sententias
2118 4487 2268 4544 tuas,
2300 4490 2357 4534 et
2392 4478 2670 4549 videtquid
2697 4475 2921 4531 dixeris.
2959 4475 3072 4531 Hoc
3101 4493 3207 4530 non
3241 4475 3357 4541 est,
3389 4479 3582 4547 inquis
3603 4521 3621 4544 ,
3652 4498 3721 4537 sc

454 4562 725 4619 purgare;
770 4550 865 4619 sed
910 4548 1095 4619 socios
1132 4545 1381 4619 criminis
1428 4545 1709 4619 quaerere:
1743 4547 1861 4619 Noli
1893 4564 2023 4618 ergo
2072 4559 2126 4601 et
2163 4559 2215 4602 tu
2249 4550 2428 4604 socios
2459 4545 2707 4619 criminis
2734 4562 2999 4619 quzerere,
3031 4551 3123 4619 sed
3158 4545 3539 4616 purgationem
3574 4552 3719 4607 facti

455 4615 691 4686 require.
740 4635 760 4670 ι
802 4616 1055 4688 Profecto
1077 4617 1196 4688 haec
1225 4615 1268 4668 si
1302 4615 1743 4671 criminationum
1775 4615 2037 4688 eripiatur
2070 4619 2312 4688 depulsio
2338 4660 2353 4685 ,
2385 4618 2709 4688 legitimoet
2751 4615 2809 4670 in
2859 4617 3125 4685 ejusmodi
3160 4615 3571 4675 controversiis
3628 4638 3719 4678 re-

450 4688 764 4759 ceptissimo
789 4686 1118 4743 delensionis
1145 4698 1460 4759 argumento
1492 4686 1893 4759 carebimuslet
1914 4703 1943 4742 a
1970 4686 2220 4759 Patribus
2254 4691 2420 4744 etiam
2444 4686 2585 4757 post
2616 4686 3029 4759 Hieronymuni
3047 4702 3192 4757 saepe
3216 4700 3499 4757 usurpato.
3540 4692 3718 4755 Nam,

455 4767 517 4811 ut
541 4758 676 4829 alios
719 4759 908 4813 sileain
938 4797 953 4820 ,
974 4758 1219 4829 nunquid
1256 4756 1420 4810 simili
1456 4757 1760 4829 patrocinio
1789 4757 2060 4815 Theodori
2088 4756 2699 4829 Mopsuesteuicausam
2729 4756 2961 4812 munivit
2990 4756 3297 4822 Facundus,
3335 4756 3426 4829 qui
3468 4763 3719 4818 undeci-

453 4842 601 4899 mum
635 4827 831 4899 Operis
860 4829 941 4883 sui
972 4828 1168 4899 librum
1198 4829 1522 4895 conquisitis
1543 4828 1764 4899 Patrum
1785 4831 2007 4898 paribus
2028 4827 2316 4886 sententiis
2347 4840 2521 4885 totum
2548 4828 2762 4899 refersit
2788 4847 2801 4883 :
2843 4845 2861 4879 ι
2903 4829 3229 4893 Statuimus,
3272 4827 3474 4898 iiiijuit,
3508 4832 3573 4885 in
3608 4835 3723 4887 hoc

451 4897 726 4952 volumine
759 4912 1079 4968 magnorum
1108 4898 1518 4972 virorumtdicta
1547 4897 1797 4969 proferre
1821 4900 2042 4965 similia,
2072 4901 2139 4954 ad
2169 4897 2871 4972 excusandumtdiiﬁciliora
2918 4899 3004 4972 his
3044 4913 3143 4972 pro
3162 4897 3364 4972 quibus
3393 4915 3519 4955 eum
3552 4913 3725 4972 puta-

456 4979 671 5041 verunt,
706 4979 961 5038 tanquam
1006 4969 1321 5037 magistrum
1352 4969 1604 5041 Nestorii,
1631 4972 1979 5041 anathemate
2005 4972 2428 5041 percellendum.
2471 4987 2491 5021 ι
2524 4970 2587 5022 Et
2622 4984 2782 5041 nune
2797 4971 2848 5023 in
2875 4970 3282 5025 velitationibus
3305 4969 3576 5028 adversus
3623 4973 3725 5027 he—

452 5038 759 5112 terodoxos,
785 5041 914 5110 quid
942 5041 1386 5112 usitatiusquam
1412 5039 1666 5112 suifragio
1690 5039 1908 5095 Patrum
1943 5038 2023 5095 et'
2051 5043 2404 5096 consensione
2432 5039 2718 5110 pugnare?
2744 5039 2963 5110 Triplici
2993 5042 3095 5096 hoc
3137 5055 3269 5110 ergo
3290 5041 3523 5098 vallatus
3556 5058 3715 5112 pra:-

452 5108 618 5179 sid_i_o,
648 5108 872 5178 prodeat
909 5110 1122 5164 tandem
1152 5110 1217 5161 ad
1247 5123 1478 5177 pugnam
1507 5108 1784 5179 Origenes.

522 5177 693 5248 iiujus
723 5184 972 5253 dogmata
998 5180 1387 5250 quaestionibus
1412 5177 1823 5251 quattuordecim
1857 5182 2382 5251 comprehendimus.
2412 5182 2448 5235 I.
2481 5181 2573 5236 Est
2603 5182 2668 5236 de
2701 5182 2810 5238 Deo
2839 5200 2852 5236 :
2889 5181 2951 5238 li.
2986 5183 3052 5239 de
3084 5183 3421 5238 sanctissima
3456 5182 3724 5239 Trinita-

525 5412 641 5494 (εξ-ι)
678 5414 761 5467 Ad
811 5414 1272 5494 reliqttas‘quoque
1305 5415 1610 5494 disciplinas
1636 5454 1652 5479 ,
1678 5424 1784 5470 etc.
1826 5435 1845 5466 ι
1890 5417 2019 5494 Oia-
2127 5416 2719 5494 cuiariuin‘littcrarum
2760 5426 3061 5494 sectatores
3107 5418 3355 5484 haberet,
3395 5437 3416 5470 ι
3440 5428 3561 5474 etc.

452 5482 726 5562 lecticam,
762 5504 781 5535 ι
816 5482 991 5554 inquit
1013 5482 1371 5562 Hieronymus
1390 5482 1571 5562 pacat.
1600 5494 1780 5548 script.
1809 5488 2015 5562 cedem,
2197 5488 2312 5562 (68)
2340 5488 2854 5562 'i'he0piiil,_Pascli.
2883 5504 2920 5541 t.

454 5569 574 5624 cap.
600 5555 690 5620 54,
721 5574 739 5631 t
784 5566 841 5610 et
866 5555 1243 5631 geometriam,
1276 5556 1694 5631 arithmeticam,
1731 5560 2013 5631 musicam,
2193 5555 2306 5631 (⁷69)
2346 5555 2566 5631 Euseb,
2603 5558 2988 5631 Historncccl“
3031 5557 3126 5631 lib.
3153 5573 3227 5627 vi,
3251 5575 3372 5631 cap.
3418 5557 3507 5615 i9.

453 5625 864 5701 gramnmticam
899 5635 953 5701 et
994 5628 1344 5701 rhetoricam,
1384 5630 1733 5701 omniumque
1777 5628 2013 5695 philosu-
2193 5625 2305 5701 (70)
2342 5630 2563 5687 iliernn.
2602 5633 2761 5699 epist.
2804 5628 2893 5697 62,
2933 5644 3055 5699 cap.
3076 5626 3131 5684 2.

455 5694 685 5772 phorum
713 5705 889 5751 sectas
919 5697 992 5751 ita
1020 5698 1241 5766 didicit,
1277 5708 1331 5753 ut
1361 5698 1628 5755 studiosos
1652 5694 1879 5769 quoque
1909 5714 2010 5753 sa:-
