3870 6220
221 365 331 423 705

1072 363 1646 424 ORIGENI'ANORUM
1686 365 1816 423 LIB.
1857 364 1923 431 II,
1967 365 2120 421 CAP.
2163 363 2230 432 II,
2272 365 2551 434 Q‘UA‘JST.
2591 369 2633 425 Ι.

3383 376 3486 432 706

223 483 284 538 te'
309 482 544 556 :_4||l._t_l_e
571 481 792 539 Christo
817 522 832 547 ,
885 484 1110 556 ejusque
1143 485 1515 556 incarnatione
1542 493 1596 556 et
1621 480 1898 556 οἰκονομίᾳ
1933 498 1945 534 :
1981 480 2072 538 IV.
2107 481 2173 556 de
2209 482 2267 537 Β.
2301 482 2467 556 Maria
2500 483 2724 556 Virgine
2758 503 2772 540 :
2810 485 2874 540 V.
2906 486 2972 543 de
3000 487 3206 556 angelis
3252 489 3407 542 bonis
3433 503 3487 546 et

223 553 382 608 tnalis
418 571 430 607 :
461 552 548 608 VI.
579 556 643 608 de
671 555 850 608 anima
880 574 892 608 :
918 552 1040 608 ’Vll.
1070 556 1136 609 de
1167 555 1336 608 libero
1395 554 1624 608 arbitrio
1646 593 1662 616 ,
1709 552 1879 617 gratia
1943 563 1996 606 et
2025 553 2496 620 praedestinatione
2526 573 2538 607 :
2580 555 2710 609 VIII.
2740 559 2808 610 de
2834 559 2997 612 astris
3032 577 3044 613 :
3074 552 3174 614 IX.
3209 561 3274 613 de
3301 575 3488 614 resur-

225 625 469 696 reCtione
495 635 832 680 mortuorum
861 644 878 696 ς
909 625 980 679 Χ.
1009 625 1076 679 de
1109 637 1382 696 postremo
1423 624 1628 696 judicio
1665 639 1679 676 :
1714 621 1804 696 XI.
1840 623 1906 675 de
1938 623 2115 696 plenis
2160 634 2214 676 et
2250 625 2485 696 pnetniis
2515 643 2528 678 :
2560 626 2675 680 XII.
2714 628 2781 681 de
2820 629 3021 681 mundo
3044 669 3059 693 ,
3092 631 3346 696 paradiso
3376 641 3489 684 ter-

226 695 388 748 restri
446 704 499 748 et
544 698 796 770 Ada_mo_:
832 695 972 751 XIII.
1017 697 1084 750 de
1111 693 1412 767 allegorica
1445 695 1742 764 Scriptura:
1774 693 2224 762 interpretatione
2257 715 2268 748 :
2299 693 2436 750 XIV.
2468 697 2891 765 quatstiunculas
2926 693 3132 769 aliquot
3180 702 3337 769 quasi
3391 717 3488 770 per

221 775 462 819 saturam
493 767 893 834 c0ntplectilur.

702 1021 1029 1090 QUIESTIO
1082 1021 1313 1080 PRIMA.

890 1132 955 1170 DE
1007 1131 1128 1172 DEO.

221 1211 266 1267 1.
305 1211 497 1266 Utrum
546 1210 1002 1275 circumscriptam
1051 1226 1162 1262 esse
1201 1209 1294 1263 Dei
1325 1209 1615 1278 potentiam
1654 1208 1800 1260 Ada-

291 1284 525 1336 mantius
549 1281 756 1335 dixerit.
783 1279 846 1333 II.
875 1277 1333 1344 Quemadmodum
1368 1281 1468 1345 ipsi
1494 1297 1525 1331 a
1553 1277 1800 1331 Patribus

293 1353 609 1422 quibusdam
656 1350 920 1418 objicitur.
953 1349 1040 1404 III.
1079 1349 1180 1405 Cui
1221 1360 1269 1404 et
1315 1349 1558 1422 nonnulli
1601 1350 1801 1402 assensi

294 1420 437 1476 sunt.
489 1421 576 1475 IV.
611 1422 693 1475 Ea:
730 1422 1004 1474 academia
1046 1423 1272 1475 manavit
1307 1420 1489 1473 isthrrc
1527 1421 1796 1472 doctrina.

296 1492 358 1546 V.
399 1491 588 1547 Utrum
625 1507 930 1557 corporeum
968 1507 1078 1544 esse
1117 1491 1278 1544 Deum
1312 1500 1456 1543 ratus
1488 1492 1576 1543 sit.
1611 1488 1696 1544 Vl.
1723 1491 1797 1541 Ab

293 1565 548 1617 ha'reseos
580 1561 737 1629 hujus
757 1561 1054 1626 suspicione
1077 1561 1401 1616 vindicatur.
1436 1559 1546 1615 VII.
1579 1558 1798 1629 Objecta

293 1636 591 1688 diluuntur.
633 1629 762 1688 VIII.
795 1629 998 1688 Multos
1037 1632 1121 1685 hic
1149 1647 1298 1686 error
1328 1631 1534 1700 infecit.

294 1747 335 1802 ι.
365 1746 603 1800 Primum
637 1745 741 1800 hoc
764 1744 983 1799 nomine
1006 1744 1225 1813 vapulat
1250 1743 1632 1807 Adamantius,
1656 1744 1798 1813 quod

222 1841 432 1895 ﬁnitam
462 1853 584 1894 esse
615 1853 679 1892 ac
709 1836 958 1893 terminis
983 1836 1460 1903 circumscriptam
1488 1836 1580 1891 Dei
1611 1851 1801 1908 poten-

222 1933 351 1986 tiam
393 1930 720 1994 crediderit,
753 1940 937 2000 totque
977 1944 1101 1984 eum
1143 1944 1470 1999 procreasse
1505 1945 1616 1996 res,
1668 1941 1799 2000 quot

223 2024 575 2080 Providentia
603 2038 701 2078 sua
731 2026 1011 2079 continere
1036 2032 1091 2078 et
1116 2023 1506 2078 administrare
1543 2033 1753 2093 poterat
1781 2042 1800 2091 ;

222 2127 426 2171 tantam
475 2131 596 2172 eum
657 2115 853 2172 fecisse
909 2115 1213 2179 materiam,
1271 2126 1532 2186 quantam
1584 2118 1801 2174 valebat

218 2223 442 2274 ornare,
473 2218 529 2264 et
558 2209 612 2263 in
646 2225 827 2264 rerum
859 2209 1069 2265 fortnas
1103 2209 1376 2276 dividere;
1427 2219 1636 2265 tantum
1681 2213 1798 2282 ipse

219 2302 484 2373 potuisse,
507 2316 768 2372 quantum
791 2301 840 2358 ei
876 2302 942 2356 ad
969 2302 1233 2370 agendum
1261 2305 1488 2358 materia
1521 2304 1798 2359 ministra-

221 2394 322 2458 rit;
364 2408 465 2448 nec
496 2393 550 2448 in
585 2393 851 2447 inﬁnitum
897 2392 1278 2462 proferendam
1324 2393 1440 2463 ejus
1471 2396 1793 2465 potentiam,
1827 2381 1868 2434 Β

220 2486 397 2542 laudis
423 2486 682 2551 obtentu;
713 2500 781 2540 ne
812 2485 1046 2554 seipsam
1082 2487 1281 2555 quippe
1307 2501 1337 2540 a
1361 2501 1420 2540 se
1465 2487 1795 2543 intellectum

221 2579 316 2646 iri,
345 2577 448 2633 nisi
477 2579 830 2632 deterntinata
864 2578 1037 2644 foret,
1074 2579 1346 2632 inﬁnitum
1380 2578 1522 2631 enim
1549 2593 1797 2647 compre-

223 2672 384 2726 hendi
424 2686 528 2725 non
555 2685 732 2740 posse.
764 2671 1206 2738 Quotiescunque
1239 2669 1399 2741 igitur
1430 2671 1596 2725 Iteutn
1620 2672 1798 2724 omni-

219 2773 496 2834 potentem
546 2764 806 2834 Origenes
843 2763 1060 2828 dixerit,
1112 2777 1200 2817 res
1239 2778 1428 2820 omnes
1468 2781 1591 2834 quat
1623 2767 1691 2821 ab
1732 2780 1798 2821 eo

219 2866 425 2912 creata:
449 2865 575 2912 sunt
604 2857 656 2911 in
692 2856 808 2924 ejus
837 2871 956 2912 esse
994 2866 1299 2926 potestate;
1351 2872 1456 2910 non
1497 2871 1628 2912 vero
1669 2857 1794 2912 inﬁ-

218 2951 393 3006 nitum
434 2966 615 3006 rerum
660 2965 948 3004 numerum
978 2948 1047 3004 ab
1072 2965 1139 3004 eo
1165 2949 1363 3014 creari,
1390 2960 1444 3003 et
1484 2950 1549 3004 ad
1583 2950 1794 3005 libitum

216 3043 332 3113 regi
362 3057 522 3113 posse
568 3041 928 3104 intellexerit;
975 3041 1080 3096 hoc
1109 3049 1213 3107 est,
1245 3055 1365 3096 esse
1401 3042 1619 3111 quidem
1667 3056 1793 3096 eunt

215 3133 650 3204 παντοκράτορα,
704 3143 756 3187 at
801 3132 1211 3204 παντοδύναμον
1255 3149 1362 3188 non
1414 3149 1555 3188 esse.
1615 3135 1798 3203 Atque

217 3223 336 3278 haec
365 3238 495 3276 sane
544 3224 812 3277 sententia
841 3237 908 3276 ex
939 3222 1024 3277 his
1068 3223 1185 3292 ejus
1219 3223 1402 3279 verbis
1447 3223 1582 3278 satis
1613 3233 1791 3278 exstat

219 3315 316 3370 lib.
365 3331 381 3370 t
439 3313 511 3370 De
558 3316 808 3386 princip.,
837 3331 957 3385 cap.
988 3317 1045 3380 2,
1073 3332 1223 3371 num.
1273 3316 1341 3371 10
1372 3338 1384 3372 :
1412 3335 1430 3369 ι
1462 3316 1602 3372 Deus
1630 3315 1792 3373 Pater

214 3405 559 3474 omnipotens
588 3417 691 3473 est,
715 3421 780 3462 eo
801 3408 943 3476 quod
985 3416 1322 3476 potentatum
1347 3407 1594 3462 omnium
1623 3417 1789 3472 tenet,

216 3498 272 3553 id
304 3507 387 3553 est
414 3498 539 3553 caeli
576 3508 631 3554 et
683 3509 867 3566 terrm,
921 3500 1050 3555 solis
1095 3509 1149 3555 et
1188 3500 1350 3566 lunae,
1383 3510 1438 3556 et
1482 3501 1789 3569 stellarum,

216 3593 568 3661 omniumque
598 3607 717 3661 quae
757 3591 809 3647 in
841 3594 972 3662 ipsis
995 3602 1145 3647 sunt.
1175 3611 1194 3645 ι

1827 1025 1874 1080 Α
1973 1017 2060 1072 Ill.
2119 1019 2330 1074 Vanum
2388 1033 2520 1090 ergo
2578 1017 2797 1090 Origeni
2854 1021 3218 1087 patrocinium
3281 1022 3486 1092 pra-bet

1904 1112 2184 1169 Halloxius
2211 1113 2304 1168 lib.
2360 1129 2412 1168 tv
2478 1115 2691 1185 Origeu.
2725 1114 2952 1180 defens.,
2983 1126 3177 1184 quaast.
3213 1115 3266 1182 6,
3295 1116 3348 1171 id
3379 1117 3486 1172 sibi

1902 1206 2040 1261 velle
2069 1205 2358 1277 Origenem
2393 1206 2717 1276 praedicans,
2763 1227 2780 1259 ι
2815 1217 3008 1262 cuncta
3053 1208 3164 1262 Deo
3192 1222 3315 1264 esse
3355 1209 3486 1266 sub-

1895 1298 2061 1369 jecta,
2092 1307 2148 1354 et
2198 1299 2316 1368 ejus
2353 1297 2771 1368 omnipotentiae
2815 1300 2866 1353 itt
2922 1299 3160 1356 creando
3211 1301 3482 1370 aequalem

1902 1406 2027 1447 esse
2087 1391 2412 1460 sapientiam
2467 1390 2519 1444 in
2567 1390 2942 1457 gubernando,
2988 1391 3062 1446 ita
3109 1401 3166 1445 ut
3206 1407 3485 1462 nunquam

1903 1487 2022 1542 ﬁeri
2051 1487 2245 1556 possit,
2278 1496 2336 1541 ut
2368 1495 2445 1540 tot
2472 1495 2736 1555 tantaque
2765 1496 2936 1551 creet,
2968 1487 3097 1556 quin
3139 1497 3217 1543 tot
3239 1497 3295 1543 et
3327 1495 3485 1544 tanta

1902 1581 2210 1647 gubernare
2241 1577 2450 1648 possit;
2496 1585 2557 1630 ut
2589 1577 2850 1645 sapientia
2896 1579 3269 1644 gubernatoris
3313 1579 3485 1649 aequi-

1902 1679 2126 1739 paretur
2148 1671 2402 1740 potentia:
2436 1669 2768 1725 Conditoris.
2810 1687 2828 1720 ›
2860 1668 3014 1736 Quod
3036 1669 3080 1723 si
3117 1670 3307 1725 eadem
3336 1685 3486 1740 qua:-

1901 1768 2084 1822 stione
2128 1767 2518 1838 cespitantium
2567 1782 2830 1822 numerus
2866 1766 3046 1823 facere
3079 1767 3282 1840 aliquid
3309 1777 3485 1838 potest

1900 1875 2000 1930 pro
2031 1876 2194 1917 causa
2231 1860 2506 1930 Origenis,
2543 1861 2795 1916 dabtmus
2837 1861 3061 1916 Petrum
3112 1861 3481 1927 Abatlardum,

1903 1951 2175 2006 hominem
2210 1952 2434 2021 inquieti
2484 1951 2708 2020 ingenii,
2755 1959 2810 2005 et
2858 1967 3121 2006 novarum
3163 1952 3487 2021 opinionum-

1901 2042 2152 2104 studiosi,
2204 2043 2294 2112 qui
2347 2043 2444 2096 Iih.
2496 2057 2557 2096 ιιι
2612 2040 2908 2097 Introduct.
2959 2043 3206 2113 theolog.,
3257 2058 3378 2112 cap.
3425 2043 3483 2108 5,

1901 2134 1974 2189 ita
2027 2135 2266 2204 disputat
2309 2152 2324 2189 :
2377 2133 2694 2201 «Quantum
2747 2134 2913 2203 igitur
2966 2135 3200 2199 aestimo,
3249 2150 3371 2190 cum
3430 2135 3483 2188 id

1904 2233 2108 2279 tantum
2141 2224 2284 2280 Deus
2317 2225 2498 2282 facere
2535 2226 2726 2297 possit,
2777 2227 2924 2295 quod
2956 2241 3080 2282 eum
3129 2228 3312 2282 facere
3347 2242 3483 2283 cou—

1901 2319 2086 2386 venit,
2140 2334 2240 2374 nec
2291 2335 2413 2374 eum
2461 2320 2760 2390 quidquam
2803 2321 2984 2376 facere
3026 2322 3300 2385 convenit,
3339 2323 3483 2390 quod

1902 2412 2084 2468 facere
2115 2412 2536 2481 praetermittat,
2569 2413 2819 2482 profecto
2853 2413 2904 2467 id
2947 2413 3122 2468 solum
3169 2429 3292 2468 eum
3321 2428 3488 2482 posse

1900 2504 2085 2561 facere
2129 2505 2390 2570 arbitror,
2441 2505 2587 2575 quod
2637 2506 2962 2574 quandoque
3009 2506 3177 2560 facit:
3211 2506 3334 2561 licet
3369 2508 3487 2561 haec

1900 2607 2086 2652 nostra
2120 2597 2305 2666 opinio
2328 2612 2532 2668 paucos
2563 2606 2658 2651 aut
2682 2596 2857 2652 nullos
2880 2597 3075 2653 habeat
3097 2609 3487 2666 assentatores,

1903 2700 1958 2747 et
1981 2691 2274 2759 plurimum
2302 2689 2466 2745 dictis
2486 2699 2826 2754 sanctorum,
2847 2690 3306 2761 etaliquantulum
3340 2707 3371 2747 a
3391 2709 3482 2747 ra—

1903 2783 2047 2838 tione
2073 2781 2366 2837 dissentiro
2403 2783 2677 2837 videatur.
2708 2802 2727 2835 »
2765 2783 3025 2838 Dabimus
3063 2793 3119 2837 et
3144 2782 3474 2839 Guilelmnm

1899 2874 2291 2940 Parisiensem,
2340 2875 2432 2946 qui
2479 2874 2662 2945 plures
2698 2890 2726 2928 a
2766 2874 2877 2930 Deo
2928 2876 3157 2930 mundos
3204 2877 3478 2946 procreari

1901 2982 2057 3037 posse
2092 2967 2344 3037 negabat.

1969 3056 2056 3114 IV.
2086 3057 2356 3113 Videntur
2377 3072 2440 3112 ea
2470 3056 2717 3127 profecto
2747 3072 2779 3113 e
2806 3057 3008 3112 veteris
3035 3057 3334 3112 academite
3357 3067 3478 3114 orta

1898 3153 2136 3207 decretis
2164 3170 2177 3206 :
2209 3151 2396 3206 docuit
2419 3151 2565 3206 enim
2596 3151 2787 3214 Plato,
2831 3165 2992 3218 quem
3033 3149 3148 3204 fere
3183 3157 3481 3205 assectatur

1897 3244 2277 3310 Adamantius,
2333 3243 2499 3296 Deum
2559 3256 2681 3297 esse
2736 3242 2915 3312 ipsum
2965 3242 3206 3295 animum
3267 3243 3484 3310 mundi,

1896 3336 2079 3391 omnia
2118 3351 2238 3406 quat
2275 3336 2328 3389 in
2376 3333 2577 3389 mundo
2610 3343 2736 3388 sunt
2777 3341 3162 3402 procurantem
3205 3341 3260 3386 et
3304 3333 3481 3388 admi-

1898 3429 2242 3485 nistrantem.
2269 3427 2460 3482 Cicero
2503 3442 2519 3479 ι
2557 3423 2808 3478 Αεαάεηι.
2832 3433 3016 3491 quiest.
3041 3438 3060 3477 :
3100 3441 3119 3474 ι
3147 3421 3339 3478 Partes
3381 3438 3480 3480 au-

1902 3531 2006 3575 tem
2035 3535 2156 3576 esse
2187 3518 2370 3573 mundi
2416 3517 2632 3590 (putant
2676 3512 2997 3586 academici)
3045 3515 3225 3570 omnia
3251 3530 3372 3584 quae
3399 3516 3484 3572 in-

1897 3613 2008 3666 sint
2040 3612 2091 3666 in
2124 3625 2212 3677 eo,
2243 3625 2365 3680 quze
2390 3618 2582 3663 natura
2619 3607 2888 3663 sentiente
2932 3615 3238 3672 teneantur,
3281 3607 3334 3662 in
3373 3622 3488 3677 qua

291 3684 354 3779 “5
391 3683 578 3779 itaque
610 3684 783 3779 “093‘
815 3685 1243 3779 αι’[ηιθηλοβὶίείε
1282 3684 1621 3779 Τξιθορὴῖιυε
1659 3685 1792 3779 Al?‘
1821 3722 1864 3779 ε
1899 3706 2038 3760 ratio
2074 3704 2310 3776 perfecta
2363 3704 2514 3764 insit,
2568 3717 2688 3772 quat
2733 3701 2804 3754 sit
2855 3701 3044 3754 eadem
3074 3700 3426 3770 sempiterna
3461 3718 3486 3756 :

217 3777 516 3832 aandrinns
551 3778 601 3831 in
651 3777 823 3847 prima
875 3775 1126 3832 Paschali
1157 3776 1424 3848 epistola;
1465 3779 1550 3832 cui
1597 3777 1791 3833 testiﬁ-

217 3869 395 3923 cando
419 3870 685 3924 disertum
715 3867 922 3938 profert
950 3884 980 3924 e
1009 3869 1186 3939 primo
1232 3868 1310 3923 De
1347 3870 1629 3938 principiis
1655 3869 1794 3924 libro

216 3960 579 4031 fragmentum
607 3962 947 4018 Justinianus
974 3962 1271 4032 imperator
1297 3963 1362 4017 ad
1387 3963 1595 4018 calcem
1629 3964 1791 4034 epist.

215 4054 286 4108 ad
316 4054 458 4110 Men.
522 4055 667 4124 quod
730 4057 785 4110 in
854 4052 1048 4108 Latina
1104 4052 1286 4108 Ruﬁni
1339 4053 1795 4124 interpretatione

214 4147 358 4202 libro
387 4162 429 4210 ι,
462 4161 582 4216 cap.
620 4146 676 4207 2.
712 4161 864 4204 ιιιιιιι.
913 4146 1002 4211 10,
1049 4162 1158 4201 non
1204 4160 1392 4215 parum
1437 4145 1792 4200 deformatum

213 4239 506 4309 reperitur.
563 4239 832 4293 Praeterea
869 4239 1073 4294 idcirco
1121 4239 1379 4292 mundum
1420 4239 1529 4292 Deo
1559 4247 1794 4294 coaeter-

215 4345 344 4388 ttum
375 4331 673 4387 credidisse
709 4331 858 4386 illum
911 4331 1078 4386 refert
1123 4329 1426 4385 Metltodius
1460 4329 1600 4399 apud
1650 4329 1794 4384 Pltoo

214 4429 352 4483 tium
381 4426 570 4482 codice
597 4426 726 4490 255,
745 4426 886 4496 quod
921 4440 1139 4494 semper
1171 4424 1334 4478 fuerit
1370 4424 1789 4494 παντοκράτωρ,

214 4529 438 4582 minime
481 4539 658 4582 autem
704 4525 1122 4597 παντοκράτορσ.
1157 4539 1279 4580 esse
1317 4539 1474 4594 posse
1515 4524 1643 4578 ἄνευ
1680 4523 1794 4577 τῶν

213 4618 620 4692 κρατουμένων.
669 4617 821 4675 Unde
873 4618 1122 4688 sequitur
1172 4619 1599 4687 omnipotentem
1646 4632 1788 4682 esse,

213 4727 324 4767 non
353 4711 498 4780 quod
527 4710 709 4764 omnia
751 4711 919 4779 possit
961 4709 1194 4777 eIIicere,
1226 4709 1324 4765 sed
1347 4711 1490 4780 quod
1524 4711 1574 4762 in
1607 4709 1787 4764 omnia

212 4817 335 4870 qum
369 4811 496 4856 sunt
521 4811 847 4870 potestatem
882 4800 1096 4856 habeat.
1126 4800 1357 4856 Ruﬁnus
1386 4801 1708 4857 Palaestinus
1733 4800 1785 4854 itt

213 4894 398 4948 libello
444 4894 516 4947 De
557 4895 681 4962 ﬁde,
724 4909 885 4963 quem
930 4894 1098 4951 edidit
1139 4893 1462 4951 Sirmondus
1497 4908 1512 4947 :
1553 4913 1571 4946 ι
1605 4895 1786 4965 lmpie,

214 4985 416 5054 inquit,
459 4984 725 5054 Origenes
750 5000 815 5040 ac
847 4983 1056 5040 nefarie
1082 4985 1223 5040 fatus
1255 4995 1358 5046 est,
1377 4986 1467 5054 qui
1503 4986 1583 5040 sic
1611 4987 1743 5041 dixit
1770 5004 1782 5040 :

1899 3796 2030 3851 nihil
2058 3796 2203 3851 enim
2230 3794 2499 3849 valentius
2528 3809 2648 3848 esse
2681 3808 2710 3847 a
2738 3809 2847 3863 quo
2877 3793 3135 3858 intereat.
3165 3792 3337 3859 Quam
3369 3793 3483 3848 vim

1897 3886 2138 3941 animum
2161 3899 2282 3939 esse
2310 3884 2498 3938 dicunt
2527 3883 2735 3950 mundi,
2777 3885 3134 3953 eamdemque
3165 3899 3287 3938 esse
3323 3898 3478 3938 men-

1901 3991 2034 4046 tem,
2071 3980 2505 4050 sapientiamque
2544 3975 2863 4046 perlectant,
2895 3993 3057 4046 quam
3089 3976 3258 4030 Deum
3291 3975 3480 4045 appel-

1898 4074 2034 4138 lant,
2052 4073 2404 4142 omniumque
2437 4085 2616 4125 rerum
2652 4084 2772 4138 quae
2793 4077 2920 4124 sunt
2949 4069 2999 4128 ei
3033 4069 3291 4137 subjectae
3322 4068 3480 4136 qttasi

1895 4166 2242 4236 prudentiam
2273 4163 2588 4234 quamdam,
2617 4171 3000 4231 procurantem
3029 4158 3274 4214 ccelestia
3300 4157 3470 4221 maxi-

1897 4276 2004 4323 me,
2041 4261 2236 4315 deinde
2270 4259 2322 4312 in
2362 4259 2524 4313 terris
2549 4272 2612 4312 ea
2653 4271 2774 4325 qua:
2798 4255 3070 4325 pertinent
3105 4255 3172 4309 ad
3199 4255 3476 4316 homines,

1895 4366 2057 4420 quam
2097 4349 2372 4404 interdum
2402 4347 2777 4402 necessitatem
2830 4344 3140 4413 appellant,
3181 4343 3308 4410 quia
3337 4343 3476 4396 nihil

1895 4443 2053 4497 aliter
2091 4456 2211 4496 esse
2244 4439 2438 4511 possit,
2482 4448 2645 4509 atque
2687 4439 2754 4492 ab
2801 4435 2865 4491 eti
2917 4436 3270 4490 constitutum
3319 4433 3412 4488 sit.
3447 4451 3474 4485 tv

1894 4533 2058 4602 Atqui
2102 4531 2177 4586 rei
2210 4530 2636 4600 uniuscujusque
2667 4530 2881 4583 animus
2915 4527 3041 4581 huic
3069 4526 3372 4580 animandat
3407 4533 3464 4580 et

1897 4624 2142 4694 regenda:
2191 4638 2308 4694 par,
2359 4623 2466 4677 vim
2500 4637 2654 4677 suam
2702 4620 2775 4675 ad
2817 4620 2970 4689 plura
3019 4617 3308 4672 animanda
3365 4633 3480 4672 non

1892 4726 2071 4786 pOtest
2100 4729 2362 4781 exerere;
2395 4714 2539 4767 intra
2569 4713 2645 4767 rei
2679 4711 2823 4767 enim
2855 4710 2957 4766 sibi
2985 4709 3240 4777 subjecta:
3277 4710 3468 4764 termi-

1895 4826 1992 4862 nos
2028 4812 2142 4863 Itaec
2167 4809 2338 4876 ipsius
2366 4808 2447 4860 vis
2471 4806 2776 4861 cohibetur.
2820 4805 3049 4860 Animus
3092 4817 3222 4871 ergo
3257 4801 3467 4866 tnundi,

1891 4904 1980 4969 qtti
2005 4901 2155 4968 juxta
2185 4900 2466 4953 Platonem
2493 4898 2631 4952 Deus
2667 4898 2782 4966 ipse
2810 4905 2913 4961 est,
2946 4903 3275 4965 potestatem
3313 4909 3472 4948 suam

1894 4996 1962 5048 ad
1994 4993 2136 5045 aliud
2178 4991 2526 5045 animandum
2563 4997 2718 5043 extra
2762 4989 3022 5041 mundum
3076 4984 3323 5054 proferre
3361 4999 3470 5038 non

213 5077 332 5131 Non
367 5077 550 5132 omnia
585 5093 703 5146 quae
731 5078 899 5132 voluit
949 5077 1091 5132 Deus
1142 5077 1270 5132 fecit
1293 5120 1308 5144 ,
1347 5078 1441 5132 sed
1471 5094 1534 5133 ea
1583 5087 1788 5134 tantum
1825 5067 1869 5121 θ
1897 5093 2112 5153 potest;
2142 5082 2304 5153 igitur
2332 5096 2398 5135 ne
2430 5081 2496 5134 ad
2520 5081 2816 5135 creandum
2857 5079 3098 5148 quidem.
3130 5076 3472 5146 Quapmpter

213 5184 337 5240 quat
362 5169 536 5238 potuit
574 5170 856 5225 continere
904 5180 960 5224 et
991 5169 1474 5239 comprehendere.
1520 5170 1624 5237 Qui
1666 5186 1787 5226 cum

213 5264 322 5317 hoc
361 5262 518 5329 dixit,
569 5262 773 5317 ademit
815 5263 1043 5318 Domino
1089 5271 1408 5318 cunctorum
1452 5262 1788 5332 potentiam,

213 5354 370 5424 quasi
403 5369 468 5409 ex
492 5365 646 5423 parte
672 5355 896 5409 dimidia
933 5354 984 5409 ei
1009 5354 1243 5410 faciendi
1275 5365 1514 5426 potestas
1545 5356 1787 5411 daretur.

215 5445 351 5500 Nam
383 5446 426 5501 si
451 5446 799 5512 continendi,
835 5461 898 5501 ac
922 5446 1025 5502 sibi
1065 5462 1186 5518 quas
1216 5445 1430 5502 faceret
1459 5446 1788 5518 subjugandi

214 5553 324 5593 non
351 5539 532 5605 habet,
568 5548 628 5592 ut
672 5538 760 5594 ille
791 5540 1060 5607 aestimat,
1096 5539 1407 5594 facultatem
1428 5580 1443 5605 ,
1477 5554 1544 5594 ue
1567 5540 1789 5594 creandi

212 5631 434 5700 quidem
513 5631 720 5687 scilicet
783 5643 1102 5702 potestatem
1172 5632 1413 5686 habebit.
1488 5631 1620 5686 Nam
1697 5631 1789 5701 qui

212 5725 437 5780 creandi
467 5723 778 5780 facultatem
814 5726 1002 5793 habet,
1027 5734 1081 5781 et
1119 5724 1442 5797 subjugandi
1469 5725 1572 5783 sibi
1602 5735 1789 5782 creata

211 5817 466 5873 similiter
493 5816 734 5873 ltabebit.
772 5835 797 5868 ›

1897 5177 2141 5232 Plotinus
2169 5175 2309 5228 Enn.
2352 5173 2415 5240 γ,
2448 5173 2548 5228 lib.
2575 5188 2626 5236 v,
2651 5187 2770 5240 cap.
2806 5171 2894 5236 12,
2926 5170 3275 5225 nihilcreare
3306 5170 3477 5223 Deum

1896 5284 2054 5340 posse
2085 5268 2343 5334 decrevit,
2373 5277 2732 5336 praeterquam
2768 5268 2909 5336 quod
2938 5265 3165 5328 creavit,

1968 5360 2033 5416 V.
2062 5362 2172 5416 Deo
2193 5375 2396 5431 corpus
2429 5360 2496 5414 ab
2522 5358 2754 5430 Origene
2795 5359 3091 5428 ascriptum
3140 5356 3306 5411 fuisse
3338 5370 3472 5408 non-

1898 5456 2046 5510 nulla
2096 5456 2420 5524 persuadere
2470 5463 2717 5523 possunt.
2777 5453 3017 5507 Primum
3071 5447 3479 5520 argumentatio

1901 5549 2013 5613 illa,
2045 5563 2207 5616 quam
2260 5563 2290 5601 e
2331 5547 2424 5600 Ii'b.
2455 5563 2512 5600 ιιι
2547 5545 2685 5615 Περὶ
2725 5544 2947 5614 ἀρχῶν,
2985 5558 3108 5611 cap.
3143 5545 3196 5608 6,
3229 5555 3378 5594 num.
3413 5539 3470 5606 1,

1899 5640 2116 5693 adducit
2145 5638 2510 5709 Hieronymus
2539 5640 2696 5707 epist.
2730 5639 2798 5694 59
2838 5641 2906 5692 ad
2942 5638 3109 5699 Avit.,
3137 5651 3254 5704 cap.
3283 5634 3336 5696 3,
3361 5648 3469 5702 qua

1897 5730 2137 5783 animam
2196 5743 2424 5799 corpore
2485 5731 2781 5791 carituram
2845 5731 3224 5784 demonstrare
3287 5726 3477 5791 studet

1896 5819 2277 5886 Adamantius,
2331 5821 2454 5886 quia
2502 5823 2673 5877 sancti
2707 5821 2818 5879 Deo
2865 5821 3068 5878 similes
3102 5819 3269 5874 futuri
3323 5832 3468 5882 sunt,
