3870 6220
429 357 530 413 7οἹ

1698 350 1758 407 Ρ.
1801 349 2116 405 DANIELIS
2154 347 2389 405 HUETII

3584 350 3692 405 7G8

426 476 581 546 juxta
617 472 745 528 illud
775 470 979 526 Christi
1009 487 1022 522 :
1058 485 1078 521 ι
1114 468 1184 525 Ut
1216 467 1490 538 quomodo
1524 483 1627 537 ego
1653 478 1708 524 et
1751 478 1805 523 tu
1836 485 2001 523 unum
2032 481 2077 536 Α
2109 468 2143 521 5
2185 483 2200 521 :
2237 486 2254 516 ι
2288 464 2445 520 Omni
2488 462 2653 532 igitur
2685 477 2875 527 sensu,
2913 460 3006 531 qui
3031 475 3347 531 corporeum
3376 461 3583 531 aliquid
3627 464 3690 518 de

430 579 639 626 sumus,
666 562 744 615 sic
770 571 825 615 et
852 560 939 613 isti
968 560 1021 612 in
1046 559 1203 613 nobis
1235 573 1397 612 unum
1423 558 1588 623 sint“;
1620 577 1637 610 ι
1666 560 1806 613 Deus
1830 568 2009 613 autem

429 665 514 710 est
542 654 915 722 incorporeus.
958 651 1109 717 Quod
1154 650 1330 719 ipsum
1376 652 1617 719 reperire
1648 650 1777 705 licet
1818 651 2007 706 homil.

430 745 460 804 1
487 747 539 801 in
583 745 779 800 Genes.
814 758 960 800 num.
999 743 1082 807 l5,
1118 753 1170 797 et
1209 742 1300 796 lib.
1349 758 1399 795 γι
1452 753 1619 798 contr.
1655 741 1816 807 Cels.,
1860 760 2009 798 ntnn.

432 839 522 895 69.
566 840 637 893 At
677 836 1030 891 ostendemus
1080 835 1135 889 in
1180 832 1557 901 sequentibus,
1603 836 1838 889 animam
1886 835 2015 890 licet

435 932 832 1002 incorporalem
880 940 1123 985 statuere
1152 930 1425 993 videatur,
1478 930 1641 984 talem
1688 941 1866 985 tamen
1927 946 2013 985 re-

433 1036 617 1093 spectu
638 1024 961 1079 crassiorum
983 1038 1273 1092 corporum
1296 1022 1362 1075 ab
1390 1036 1454 1077 eo
1485 1023 1790 1091 praedicari,
1824 1039 2009 1079 revera

430 1131 662 1188 corpore
707 1114 987 1185 praeditam
1040 1114 1289 1177 decerni;
1343 1114 1801 1183 quemadmodum
1830 1116 1913 1168 vel
1943 1132 2007 1170 ex

433 1210 750 1278 praefatione
787 1205 1051 1260 librorum
1086 1204 1165 1259 De
1209 1207 1465 1273 princip.,
1520 1222 1670 1259 num.
1704 1206 1757 1272 8,
1805 1209 2012 1277 perspi-

433 1315 595 1353 cuum
622 1308 725 1362 est,
752 1298 838 1353 tibi
873 1298 979 1352 vim
1005 1297 1157 1352 vocis
1187 1297 1365 1366 hujus,
1391 1295 1680 1367 ἀσώματον
1710 1313 2009 1366 exponens,

433 1390 607 1460 accipi
670 1391 831 1445 docet
888 1405 987 1459 pro
1031 1405 1096 1443 eo
1143 1390 1285 1459 quod
1328 1388 1476 1443 «Non
1511 1400 1595 1443 est
1650 1389 1826 1444 simile
1885 1392 2011 1447 huic

434 1492 625 1537 nostro
653 1481 933 1541 crassiori,
966 1490 1017 1533 et
1058 1478 1256 1532 visibili
1291 1478 1508 1548 corpori
1533 1496 1578 1543 ;ι
1608 1479 1703 1532 sed
1727 1479 1899 1547 «quod
1931 1492 2011 1533 est

432 1573 753 1627 naturaliter
780 1571 977 1625 subtile
1009 1578 1063 1622 et
1094 1569 1239 1623 velut
1266 1583 1399 1621 aura
1450 1577 1630 1622 tenue.
1665 1587 1683 1619 ι
1720 1567 1859 1623 Deus
1905 1568 2006 1636 igi-

436 1677 523 1720 tur
564 1666 649 1719 cui
685 1665 863 1718 anima
922 1663 1116 1731 similis
1152 1662 1434 1730 est,juxta
1479 1659 1769 1732 Origenem
1805 1654 2010 1731 reapse

433 1757 731 1825 corporalis
757 1764 862 1818 est,
894 1757 986 1809 sed
1028 1754 1339 1823 graviorum
1389 1762 1598 1808 tantum
1626 1754 1838 1809 ratione
1885 1769 2002 1808 cor-

2114 560 2223 615 Deo
2257 558 2487 629 intelligi
2539 556 2797 627 suggerit,
2831 564 2990 622 prout
3022 555 3293 624 potuimus
3317 596 3332 619 ,
3375 555 3687 619 confutata,

2110 652 2342 705 dicimus
2369 649 2663 704 secundum
2699 648 2986 700 veritatem
3021 646 3237 714 quidem
3270 646 3434 699 Deum
3466 649 3684 701 incom-

2112 741 2535 812 prehensibilem
2564 751 2727 809 atque
2754 737 3208 799 inmstimabilem.
3241 757 3259 790 ι
3300 739 3505 793 Deinde
3534 756 3688 793 num.

2112 836 2145 891 6
2180 856 2192 891 :
2226 855 2243 886 ι
2276 835 2390 888 Non
2425 849 2553 904 ergo
2581 842 2674 885 aut
2709 846 2907 900 corpus
2946 831 3184 899 aliquod,
3224 841 3319 884 aut
3347 833 3401 885 in
3457 848 3690 902 corpore

2112 942 2233 983 esse
2268 928 2535 996 putandus
2582 936 2666 980 est
2722 923 2885 988 Deus,
2935 923 3028 977 sed
3077 922 3462 979 intellectualis
3494 936 3689 979 natura

2111 1020 2368 1088 simplex,
2398 1017 2531 1073 nihil
2564 1018 2784 1072 omnino
2815 1015 2866 1069 in
2890 1030 2948 1070 se
2972 1014 3338 1085 adjunctionis
3363 1017 3690 1082 admittens,

2112 1113 2185 1167 uti
2224 1128 2290 1166 ne
2317 1111 2490 1179 majus
2524 1111 2727 1180 aliquid
2751 1119 2807 1164 et
2839 1106 3068 1163 inferius
3104 1109 3155 1162 in
3181 1124 3237 1163 se
3266 1110 3469 1165 habere
3494 1110 3695 1164 creda-

2114 1217 2232 1271 tur;
2285 1205 2377 1259 sed
2419 1213 2478 1257 ut
2509 1203 2578 1257 sit
2632 1218 2699 1257 ex
2745 1202 2891 1256 omni
2943 1213 3095 1271 parte
3129 1201 3313 1272 μονὰς,
3372 1212 3446 1268 et,
3500 1211 3562 1257 ut
3614 1204 3695 1258 ita

2113 1299 2287 1353 dicam
2317 1295 2463 1361 ἐνὰς,
2491 1304 2546 1349 et
2581 1310 2750 1359 mens,
2787 1310 2849 1350 ac
2890 1294 3010 1349 fons
3039 1309 3102 1348 ex
3142 1310 3248 1363 quo
3280 1294 3490 1348 initium
3521 1295 3696 1350 totius

2112 1388 2503 1445 intellectualis
2534 1397 2763 1451 natura},
2814 1387 2895 1441 vel
2942 1386 3138 1441 mentis
3166 1395 3269 1443 est.
3298 1404 3317 1438 ι
3356 1386 3421 1441 Ει
3462 1401 3589 1456 cap.
3630 1386 3692 1451 6,

2113 1497 2265 1536 ιιυιιι.
2300 1481 2335 1535 4
2370 1495 2385 1534 :
2428 1499 2446 1532 ι
2474 1478 2655 1535 Solius
2695 1480 2811 1543 Dei,
2859 1480 2909 1533 id
2954 1490 3039 1533 est
3091 1474 3288 1544 Patris,
3329 1489 3385 1533 et
3436 1477 3597 1549 Filii,
3633 1492 3694 1535 et

2113 1572 2350 1643 Spiritus
2403 1573 2583 1627 sancti
2634 1580 2839 1626 naturae
2891 1571 2945 1624 id
2991 1572 3275 1642 proprium
3310 1580 3413 1635 est,
3464 1580 3521 1624 ut
3568 1572 3694 1626 sine

2112 1665 2387 1719 materiali
2419 1664 2745 1730 substantia,
2780 1675 2835 1720 et
2861 1667 3065 1735 absque
3094 1664 3200 1718 ulla
3228 1679 3501 1732 corporeae
3531 1664 3691 1732 adje-

2111 1755 2310 1811 ctionls
2384 1756 2646 1810 societate
2691 1756 3022 1826 intelligatur
3064 1754 3438 1818 subsistere”
3494 1761 3553 1807 et
3588 1754 3693 1809 lib.

435 1864 623 1920 porum
692 1849 1065 1915 incorporeus.
1100 1845 1459 1915 Hieronymus
1496 1855 1759 1915 praeterea
1806 1861 1927 1916 cap.
1974 1846 2009 1899 3
2042 1852 2084 1910 Β
2112 1862 2173 1911 ιι,
2199 1860 2322 1915 cap.
2347 1844 2404 1910 2,
2428 1861 2577 1899 num.
2604 1844 2641 1899 ‘2
2672 1844 2909 1900 :(Solius
2938 1858 3169 1913 namque
3193 1842 3478 1898 Trinitatis
3504 1842 3698 1897 incor-

436 1949 753 1998 memorata:
798 1941 864 1994 ad
917 1941 1130 1993 Avitum
1169 1938 1431 2006 epistolte.
1484 1938 1560 1992 ait
1606 1939 1892 2008 Origenem
1936 1940 2003 1994 ad

432 2045 734 2089 extremum
800 2032 920 2085 libri
969 2047 1029 2085 ιιι
1095 2032 1234 2098 Περὶ
1276 2030 1479 2100 ἀρχῶν
1538 2030 1653 2085 haec
1712 2030 2005 2086 intulisse:

440 2146 459 2180 ι
488 2128 553 2181 Et
599 2128 697 2181 erit
753 2125 889 2179 Deus
946 2125 1122 2178 omnia
1174 2124 1227 2176 in
1262 2123 1503 2177 omnibus
1553 2123 1595 2190 ⁸,
1657 2133 1716 2176 ιιι
1757 2122 2007 2177 universa

441 2230 632 2274 natura
698 2231 958 2285 corporea
1024 2215 1301 2283 redigatur
1366 2216 1418 2268 in
1475 2230 1594 2270 eam
1648 2214 2006 2270 substantiam

441 2323 553 2377 qua:
578 2305 833 2363 omnibus
864 2304 1053 2359 melior
1104 2314 1211 2367 est,
1252 2303 1303 2356 in
1349 2303 1588 2357 divinam
1626 2303 1858 2366 scilicet,
1904 2316 2007 2371 qua

442 2402 579 2456 nulla
609 2408 692 2455 est
718 2398 929 2453 melior.
965 2416 983 2449 ι
1033 2396 1099 2449 Ει
1145 2394 1246 2450 sub
1274 2396 1434 2449 linem
1481 2395 1721 2463 ejusdem
1767 2394 2009 2465 epistolae

441 2494 604 2549 refert
651 2489 963 2561 Origenem,
1000 2487 1092 2541 lib.
1122 2502 1175 2541 tv
1201 2486 1341 2555 Περὶ
1367 2486 1591 2555 ἀρχῶν.
1625 2505 1644 2538 ι
1684 2485 2010 2555 conjungere

443 2598 623 2642 omnes
682 2580 1039 2636 rationabiles
1068 2588 1307 2640 naturas,
1342 2577 1393 2631 id
1433 2587 1516 2632 est
1562 2576 1799 2641 Patrem,
1840 2586 1894 2632 et
1922 2577 2010 2631 Fi-

443 2679 587 2740 lium,
644 2682 699 2729 et
749 2671 1016 2742 Spiritum
1077 2679 1351 2732 sanctum,
1396 2669 1640 2740 angelos,
1688 2678 2008 2739 potestates,

442 2765 874 2826 dominationes,
901 2771 1237 2829 czeterasque
1276 2762 1540 2823 virtutes,
1587 2761 1761 2830 ipsum
1798 2776 2011 2829 quoque

442 2859 708 2915 nominem
764 2855 1060 2911 secundum
1105 2852 1301 2907 animae
1333 2852 1654 2921 dignitatem
1701 2853 1863 2906 unius
1890 2868 2011 2907 esse

443 2950 779 3007 substantiae.
810 2969 827 3002 ι
878 2946 933 3001 ld
960 2946 1134 3015 ipsum
1189 2959 1255 2999 ex
1295 2943 1412 3012 ejus
1458 2944 1704 2997 doctrina
1749 2945 2010 3014 consequi

442 3045 631 3115 probat
650 3041 983 3110 TheOphilus
1009 3038 1412 3094 Alexandrinus
1442 3052 1458 3091 ι
1498 3037 1695 3094 Pasch.

510 3134 599 3191 Vl.
640 3134 754 3202 (7t)
786 3131 1151 3187 Nihilominus
1174 3138 1356 3183 tamen
1382 3128 1452 3182 ab
1483 3128 1585 3181 hac
1622 3127 1781 3197 longe
1817 3128 2008 3182 haeresi

2111 1954 2272 2008 porea
2312 1940 2419 1992 vlta
2474 1939 2737 1993 exsistere
2790 1945 2941 1992 recte
2985 1936 3295 2007 putabitur;
3340 1953 3359 1986 ι
3386 1945 3441 1990 et
3481 1934 3580 1991 lib.
3613 1949 3696 2003 tv,

2113 2047 2264 2085 num.
2311 2030 2381 2084 2'7
2421 2049 2433 2084 :
2473 2028 2610 2083 tllla
2669 2045 2800 2084 vero
2853 2029 3153 2083 substantia
3194 2026 3511 2095 Trinitatis,
3568 2040 3696 2097 qua:

2112 2124 2435 2194 principium
2469 2130 2556 2177 est
2591 2131 2646 2177 et
2684 2136 2851 2176 causa
2898 2120 3137 2175 omnium
3162 2160 3178 2185 ,
3230 2135 3299 2174 ex
3337 2134 3442 2188 qua
3478 2121 3692 2183 omnia,

2111 2224 2167 2269 et
2197 2230 2295 2284 per
2324 2230 2485 2285 quam
2519 2214 2726 2279 omnia,
2776 2223 2831 2267 et
2862 2215 2915 2267 in
2948 2228 3053 2283 qua
3078 2212 3285 2277 omnia,
3338 2226 3512 2279 neque
3564 2226 3695 2265 cor-

2112 2321 2235 2375 pus,
2272 2319 2447 2374 neque
2477 2304 2529 2357 in
2583 2318 2809 2374 corpore
2846 2319 2969 2359 esse
3008 2302 3281 2357 credenda
3326 2311 3427 2356 est.
3461 2320 3480 2353 ι
3538 2300 3695 2355 Prae»

2112 2397 2261 2452 clare
2293 2413 2423 2451 vero
2450 2396 2545 2451 lib.
2578 2412 2639 2459 tt,
2676 2411 2798 2466 cap.
2826 2396 2883 2460 4,
2916 2411 3067 2449 nttm.
3104 2395 3173 2448 ὅς
3211 2412 3229 2445 ι
3254 2392 3311 2448 Si
3344 2407 3541 2462 corpus
3569 2406 3697 2447 esse

2112 2487 2495 2557 pronuntietur
2525 2487 2689 2550 Deus,
2744 2486 3001 2555 quoniam
3043 2498 3204 2538 omne
3247 2498 3443 2553 corpus
3469 2497 3536 2537 ex
3569 2495 3695 2536 ma-

2116 2580 2247 2633 teris
2295 2587 2399 2643 est,
2458 2577 2768 2631 invenietur
2803 2586 2858 2630 et
2914 2577 3055 2630 Deus
3110 2589 3230 2629 esse
3283 2589 3350 2629 ex
3408 2573 3690 2627 materia:

2113 2672 2257 2740 quod
2282 2672 2325 2725 si
2359 2684 2427 2724 ex
2464 2669 2691 2724 materia
2739 2668 2839 2733 sit,
2880 2667 3109 2721 materia
3160 2676 3337 2721 autem
3367 2667 3485 2721 sine
3521 2665 3697 2720 dubio

2115 2759 2488 2830 corruptibilis
2541 2768 2659 2824 est;
2717 2758 2823 2812 erit
2880 2771 3014 2827 ergo
3058 2757 3170 2824 jam
3222 2756 3514 2810 secundum
3567 2754 3694 2809 illos

2114 2851 2485 2921 corruptibilis
2522 2851 2685 2905 Deus.
2716 2871 2735 2902 ι
2784 2850 2914 2916 Qua:
2964 2850 3007 2903 si
3041 2850 3161 2919 quis
3208 2863 3238 2902 a
3286 2848 3479 2903 Ruﬁno
3513 2848 3697 2917 gratis

2114 2945 2321 2999 inserta
2351 2952 2521 3014 putet,
2555 2944 2801 2998 eamdem
2836 2942 3312 2996 ratiocinationem
3344 2941 3697 2995 iteratam-ac

2115 3039 2391 3093 dilatatam
2437 3037 2619 3091 videat
2661 3048 2791 3091 tom.
2853 3051 2957 3089 stu
3020 3036 3075 3089 in
3114 3033 3299 3099 Joan.,
3336 3048 3481 3086 num.
3519 3032 3698 3087 Siet.

2116 3146 2231 3200 seq.
2261 3131 2390 3184 Item
2437 3128 2571 3183 libr.
2608 3143 2707 3183 vnt
2758 3139 2927 3184 contr.
2964 3126 3128 3191 Cels.,
3164 3140 3314 3179 num.
3346 3124 3432 3191 49,
3459 3124 3541 3179 sic
3575 3125 3692 3179 ait:

422 3224 683 3281 abfuisse
738 3223 913 3291 ipsum
962 3229 1150 3290 aperte
1193 3220 1453 3273 evincunt
1509 3218 1612 3272 loci
1670 3218 2007 3288 complures;

2117 3197 2252 3276 oriae
2279 3222 2387 3292 γὰρ
2416 3220 2537 3275 καθ’
2569 3224 2717 3292 ἡμᾶς
2757 3223 2916 3293 σῶμα
2952 3224 2980 3275 ὁ
3017 3221 3147 3285 Θεός
3172 3237 3187 3247 ·
3217 3221 3303 3275 ἵνα
3340 3221 3411 3292 μὴ
3453 3219 3697 3291 περιπέδ

443 3317 673 3371 maxime
700 3330 829 3370 vero
867 3314 1080 3384 caput!
1110 3312 1234 3367 libri
1279 3326 1293 3363 ι
1334 3310 1475 3380 Περὶ
1495 3310 1714 3380 ἀρχῶν,
1747 3327 1851 3381 quo
1887 3328 2009 3367 cor—

442 3417 540 3471 pus
584 3417 773 3456 omnes
812 3418 839 3454 a
884 3402 996 3456 Deo
1023 3399 1361 3470 apertissime
1398 3411 1730 3469 segregatur.
1784 3400 2007 3456 Demum

422 3505 563 3566 post
602 3496 812 3565 longam
839 3495 917 3548 rei
950 3494 1109 3563 hujus
1138 3495 1513 3563 probationem
1550 3493 1631 3547 sic
1656 3494 1822 3549 habet
1857 3510 2005 3548 num.

511 3637 533 3667 ⁸
557 3634 714 3690 Joan.
757 3648 893 3699 xvn,
923 3632 1012 3687 2|.
1089 3633 1109 3663 ’
1143 3631 1163 3688 1
1190 3632 1314 3687 Cor.
1341 3648 1430 3699 xv,
1466 3630 1555 3685 28.

537 3769 623 3841 7i)
696 3767 1055 3821 Nihilominus
1104 3779 1279 3841 tamen
1344 3769 1408 3841 ab
1454 3769 1560 3841 Altae
1623 3767 1771 3841 longe
1821 3768 2007 3822 Iurresi

444 3839 674 3907 abfuisse
704 3841 874 3905 ipsum
898 3849 1071 3906 aperte
1086 3839 1328 3891 evincunt
1360 3839 1461 3891 luci
1482 3839 1809 3907 complures;
1834 3841 2007 3892 marci-

444 3907 523 3966 me
554 3926 669 3964 vero
698 3918 853 3974 caput
898 3908 919 3959 l
965 3907 1084 3962 libri
1142 3924 1154 3961 ι
1192 3908 1333 3976 Περὶ
1363 3907 1582 3978 ἀρχῶν,
1626 3918 1734 3962 etc.
1772 3910 2005 3963 lllaxime

444 3983 512 4035 ab
544 3981 645 4033 hac
676 3978 866 4032 haeresi
899 3990 1159 4047 purgatur
1191 3978 1453 4048 Origenes
1495 3992 1561 4031 ex
1594 3979 1677 4032 his
1709 3994 1827 4047 qua:
1872 3980 2005 4033 dicit

446 4052 582 4105 libro
620 4048 696 4102 De
727 4049 985 4109 oratione,
1038 4049 1133 4117 qui
1181 4048 1371 4104 Grmce
1422 4050 1629 4117 integer
1658 4058 1854 4112 eXstat,
1913 4049 2003 4103 ubi

445 4135 592 4175 num.
620 4118 711 4183 Ἦ),
746 4133 865 4187 pag.
899 4118 1003 4172 9.55
1064 4129 1116 4174 et
1143 4135 1285 4186 seq.,
1328 4132 1604 4187 exponens
1636 4119 1809 4184 prima
1839 4120 2001 4172 verba

444 4190 705 4245 orationis
739 4187 1032 4245 Dominicze
1055 4233 1069 4254 ,
1117 4187 1277 4241 Pater
1316 4200 1507 4249 noster,
1543 4190 1630 4255 qui
1660 4204 1712 4241 es
1751 4190 1802 4241 in
1838 4190 2002 4251 caelis,

444 4260 684 4315 occurrit
740 4258 1136 4323 objectionibus
1186 4259 1574 4325 simpliciornm
1638 4260 1994 4328 quorumdam

444 4333 535 4398 qui
570 4330 739 4384 Deum
778 4342 898 4382 esse
940 4330 992 4383 iu
1037 4330 1179 4388 loco,
1214 4328 1456 4398 adeoque
1512 4343 1831 4398 corporeum
1884 4343 2004 4382 esse

445 4396 570 4458 inde
597 4409 654 4454 et
682 4416 747 4453 ex
786 4399 1103 4467 quibusdam
1140 4399 1255 4452 aliis
1290 4396 1505 4452 Veteris
1541 4408 1596 4467 et
1636 4396 1767 4452 Novi
1818 4398 2006 4453 Testa-

446 4472 613 4525 tnenti
660 4466 1256 4522 locis’arbitrabantur.
1298 4467 1473 4521 «Cum
1530 4466 1749 4531 dicitur,
1792 4468 2000 4538 inquit,

446 4524 754 4594 sanctorum
800 4539 959 4593 Pater
989 4553 1109 4592 esse
1138 4541 1188 4590 in
1223 4539 1396 4601 C(elis,
1433 4553 1539 4591 non
1566 4538 1654 4592 ille
1688 4524 2005 4607 ﬁgura-cor;
2040 4524 2084 4579 Ῐ)

446 4626 608 4677 porea
650 4610 1022 4663 circumscribi
1060 4608 1326 4677 putandus
1371 4615 1473 4669 est,
1509 4616 1563 4661 et
1602 4610 1653 4661 in
1682 4609 2007 4663 cmlishabi-

448 4691 583 4735 tare.
618 4679 749 4734 Nam
776 4680 1197 4746 comprehensus
1227 4678 1377 4732 caelis
1406 4678 1563 4740 Deus,
1606 4679 2006 4733 continentibus

448 4751 622 4820 ipsum
668 4749 820 4803 caelis
869 4749 1438 4820 invenireturAminor;
1492 4764 1614 4802 cum
1665 4764 1695 4802 e
1734 4750 2008 4802 contrario

448 4816 668 4873 credere
697 4834 923 4872 necesse
970 4820 1039 4871 sit
1089 4816 1345 4872 ineffabili
1399 4834 1521 4871 eum
1568 4820 1859 4888 divinaque
1912 4834 2007 4871 sua

450 4891 646 4942 virtute
675 4891 1139 4957 comprehendere
1165 4890 1346 4941 omnia
1379 4904 1438 4941 ac
1473 4891 1783 4942 continere.
1832 4890 2011 4956 Atque

449 4960 501 5012 in
535 4960 845 5012 universum
878 4974 997 5026 qua:
1022 4961 1182 5013 verba
1218 4961 1284 5011 ad
1317 4960 1552 5012 litteram
1580 4970 1789 5027 sumpta
1822 4960 2010 5012 viden-

450 5041 536 5082 tur
561 5027 984 5095 simplicioribus
1036 5031 1199 5084 Deum
1246 5030 1299 5082 in
1352 5030 1466 5083 loco
1507 5043 1629 5082 esse
1675 5030 1882 5091 dicere,
1933 5030 2010 5083 sic

450 5100 759 5168 accipienda
792 5110 939 5163 sunt,
974 5110 1031 5152 ut
1059 5100 1268 5167 magnis
1305 5110 1359 5152 et
1387 5098 1863 5168 spirilttalibttstle
1896 5099 2008 5152 Deo

451 5166 758 5223 notionibus
822 5166 1171 5225 conveniant.
1201 5189 1218 5221 ι
1280 5166 1443 5222 Paulo
1504 5180 1671 5236 post:
1717 5186 1734 5217 ι
1766 5166 1893 5222 llam
1944 5172 2009 5222 de

451 5240 559 5294 illis
588 5239 766 5293 verbis
796 5259 809 5292 :
846 5239 1008 5293 Pater
1037 5250 1233 5306 noster,
1269 5241 1359 5309 qui
1390 5257 1441 5293 es
1479 5242 1531 5290 in
1571 5240 1711 5292 cazlis
1733 5278 1747 5301 ,
1785 5254 2009 5291 accura-

454 5311 558 5365 tius
584 5310 900 5377 disputanda
930 5310 1161 5374 credidi,
1192 5312 1257 5361 ad
1306 5308 1592 5363 tollendam
1638 5310 1891 5362 humilem
1944 5312 2009 5362 de

450 5381 559 5436 Deo
605 5382 911 5448 opinionem
950 5395 1137 5435 eorum
1180 5381 1271 5448 qui
1321 5382 1373 5432 iu
1414 5378 1555 5431 caelo
1605 5379 1779 5446 ipsum
1838 5387 1897 5432 ut
1954 5380 2004 5431 in

450 5451 568 5506 loco
593 5465 713 5504 esse
738 5461 949 5517 putant,
976 5460 1031 5504 et
1072 5466 1138 5501 ne
1172 5451 1291 5517 quis
1324 5449 1488 5503 Deum
1516 5449 1567 5501 in
1604 5463 1865 5517 corporeo
1887 5462 2008 5502 esse

451 5522 565 5576 loco
587 5521 897 5575 arbitretur.
926 5523 1333 5586 Consequcnter
1360 5522 1505 5573 enim
1542 5521 1832 5573 dicendum
1860 5530 2007 5573 esset

452 5607 645 5660 corpus
692 5593 864 5659 ipsum
915 5595 1075 5652 esset,
1138 5593 1277 5644 unde
1333 5604 1634 5659 sequuntur
1687 5590 2006 5657 impiissima

452 5664 722 5730 dogmata,
751 5661 1075 5714 divisibiletu
1105 5660 1305 5729 ipsum,
1339 5672 1395 5714 et
1421 5660 1779 5723 materialem,
1814 5671 1867 5713 et
1891 5674 2006 5730 cor-

452 5729 753 5798 ruptibileut
778 5745 896 5784 esse
918 5733 1180 5795 credere;
1212 5745 1409 5799 corpus
1446 5734 1591 5784 enim
1629 5746 1788 5784 omne
1821 5729 2008 5783 divisi-

449 5800 555 5853 bile
580 5810 684 5867 est,
721 5810 772 5855 et
814 5800 1109 5865 materialc,
1155 5812 1211 5857 et
1252 5801 1622 5873 corruptibile.
1682 5802 1782 5859 Aut
1823 5800 2006 5857 dicant

2116 3330 2296 3384 σωμεν
2327 3306 2407 3375 οἷς
2439 3312 2858 3385 περιπίπτουσιν
2891 3312 3187 3374 ἀτόποιςσὶ
3217 3310 3285 3363 τὰ
3320 3309 3565 3381 Ζήνωνος
3594 3309 3698 3364 καὶ

2115 3404 2439 3475 Χρυσίππου
2472 3403 2908 3474 φιλοσοφοῦντες.
2970 3422 2989 3455 ‹
3015 3401 3201 3472 Neque
3242 3402 3384 3455 enim
3420 3415 3485 3455 ex
3529 3402 3698 3458 nobis

2118 3495 2257 3550 Deus
2282 3505 2363 3549 est
2393 3509 2609 3565 corpus,
2660 3511 2727 3550 ne
2763 3496 2814 3549 in
2858 3496 3045 3551 eadem
3092 3494 3325 3549 absurda
3361 3492 3694 3561 incidamus,

2113 3770 2271 3825 nobis
2308 3784 2417 3825 non
2448 3770 2604 3825 vanis
2638 3771 2787 3824 ducti
2821 3770 3124 3836 aﬂ‘ectibus,
3154 3772 3248 3826 sed
3271 3770 3414 3824 clare
3442 3786 3498 3825 se
3538 3786 3698 3825 com~

2114 3841 2450 3911 prehendere
2494 3850 2825 3903 asserentes,
2877 3843 2967 3908 qui
3014 3841 3134 3896 ﬁeri
3178 3843 3346 3910 possit
3375 3852 3430 3893 ut
3462 3841 3696 3897 alterius

2112 3912 2186 3967 sit
2236 3921 2442 3964 natura:
2490 3926 2653 3979 quam
2712 3912 3032 3966 tnaterialis.
3088 3913 3156 3965 At
3203 3914 3459 3980 quoniam
3508 3912 3684 3964 multa

2111 3996 2295 4036 eorum
2316 3996 2433 4049 qua:
2455 3993 2579 4035 ante
2600 3996 2924 4051 corporeum
2939 3981 3140 4037 Christi
3168 3985 3458 4035 adventum
3476 3982 3689 4050 scripta

2112 4060 2261 4114 sunt,
2297 4066 2561 4119 corporeo
2596 4050 2763 4105 Deum
2800 4051 2850 4104 in
2890 4052 3007 4106 loco
3038 4067 3157 4106 esse
3192 4053 3437 4105 videntur
3475 4053 3689 4112 dicere,

2113 4137 2217 4175 non
2248 4122 2378 4173 mihi
2413 4121 2622 4175 videtur
2666 4138 2696 4175 a
2744 4123 3019 4191 proposito
3063 4123 3298 4176 alienum
3318 4136 3395 4181 ex
3435 4121 3519 4174 his
3552 4138 3692 4189 quo-

2114 4206 2221 4256 que
2264 4207 2430 4259 pauca
2467 4206 2801 4261 proponere,
2838 4202 2898 4261 ut
2938 4192 3116 4247 oumis
3156 4194 3221 4245 iis
3261 4192 3524 4244 dubitatio
3570 4192 3688 4246 eri-

2120 4263 2322 4329 piatur,
2364 4260 2714 4330 qui’propter
2745 4260 3113 4328 imperitiam,
3178 4271 3435 4331 quantum
3464 4262 3515 4313 in
3554 4262 3691 4331 ipsis

2116 4341 2219 4394 est,
2256 4329 2453 4399 exiguo
2491 4329 2547 4385 et
2586 4329 2736 4385 brevi
2770 4332 2888 4386 loco
2933 4329 3263 4386 concludunt
3302 4332 3466 4384 Deum
3499 4329 3688 4385 omnia

2114 4413 2481 4475 superantem.
2516 4403 2595 4456 Ac
2623 4404 2854 4471 primum
2878 4405 3107 4475 quidem
3134 4405 3186 4456 in
3217 4401 3417 4475 Genesi
3445 4402 3687 4475 dicitur:

2114 4470 2284 4525 Adam
2326 4483 2371 4526 et
2406 4472 2516 4526 Eva
2553 4470 2838 4525 audierunt
2878 4470 3047 4526 bocem
3071 4471 3282 4526 Domini
3322 4470 3417 4523 Dei
3442 4471 3694 4524 deambu-

2113 4542 2272 4595 lanlis
2310 4545 2365 4596 in
2392 4544 2643 4611 paradiso
2678 4543 2745 4595 ad
2780 4558 3045 4606 vesperam
3074 4559 3091 4596 :
3116 4555 3163 4594 et
3206 4542 3597 4611 absconderant
3635 4560 3693 4595 se

2111 4613 2281 4665 Adam
2320 4625 2367 4666 el
2394 4610 2607 4683 mulieri
2624 4615 2738 4683 ejus
2779 4630 2810 4664 a
2838 4612 2976 4683 facie
3023 4612 3231 4683 Domini
3279 4610 3385 4683 Dei,
3412 4611 3470 4663 in
3512 4616 3689 4665 media

2112 4684 2243 4752 ligni
2275 4685 2513 4751 paradisi
2547 4681 2763 4751 (Cenes.
2795 4698 2880 4745 ιιι,
2919 4682 3016 4753 8).
3058 4681 3518 4753 luterrogabirnus
3553 4696 3689 4752 ergo

2112 4769 2206 4807 eos
2266 4757 2355 4817 qui
2418 4754 2717 4821 Scriptura:
2761 4752 3045 4807 thesauros
3099 4752 3307 4822 ingredi
3367 4752 3586 4813 uolunt,
3635 4763 3690 4806 et

2107 4826 2330 4894 jauuam
2364 4840 2429 4877 ne
2454 4824 2904 4893 pulsautquidem
2930 4866 2944 4886 ,
2979 4824 3189 4892 possint
3225 4836 3291 4894 ne
3314 4823 3689 4894 probareADo-

2112 4892 2318 4948 inittum
2355 4892 2518 4947 Deum
2554 4894 2643 4963 qui
2681 4894 2879 4947 caelum
2912 4904 2967 4947 et
3005 4903 3205 4947 terram
3239 4892 3446 4959 implet,
3481 4892 3593 4957 cui,
3629 4904 3687 4945 ut

2108 4965 2211 5031 ipsi
2244 4965 2583 5028 existimant,
2619 4964 2817 5017 caelum
2849 4963 3149 5033 corporalis
3183 4963 3413 5033 thronus
3460 4971 3548 5014 est
3576 5002 3594 5025 ,
3638 4975 3695 5017 et

2113 5045 2254 5087 terra
2317 5034 2608 5088 scabellum
2662 5035 2860 5104 pedum
2909 5032 3048 5102 ejus,
3104 5032 3426 5104 taurbrevi,
3466 5033 3526 5104 si
3558 5048 3688 5086 cum

2111 5104 2367 5159 universo
2397 5105 2535 5159 coelo
2565 5116 2613 5158 et
2651 5102 2795 5157 terra
2844 5104 3177 5168 c0nferatur,
3217 5102 3335 5156 loco
3385 5103 3685 5169 contineri,

2111 5176 2183 5242 ita
2238 5184 2296 5226 ut
2341 5190 2499 5244 quem
2541 5175 2641 5228 sibi
2695 5178 2902 5243 tingunt
2955 5188 3277 5243 corporeum
3340 5173 3686 5244 paradisum,

2113 5246 2253 5298 Deus
2283 5242 2387 5300 non
2410 5245 2645 5315 impleat,
2679 5242 2844 5315 sedis
2876 5242 3083 5299 tantum
3119 5242 3488 5311 magnitudine
3516 5259 3686 5297 exce-

2111 5316 2222 5376 dat,
2266 5326 2327 5369 ut
2374 5314 2540 5369 etiam
2588 5314 3024 5369 deambulantcm
3055 5314 3365 5376 contineat,
3398 5328 3684 5382 sonusque

2110 5385 2306 5454 plantae
2365 5386 2558 5455 pedum
2624 5383 2740 5450 ejus
2796 5385 3109 5439 audiatur.»
3169 5384 3233 5437 Et
3279 5383 3463 5455 infra:
3508 5402 3524 5433 ι
3556 5384 3685 5438 ΙΙωο

2112 5470 2280 5524 pauca
2323 5454 2388 5509 ex
2440 5456 2617 5509 Veteri
2646 5455 2998 5510 Testamento
3046 5456 3340 5521 adiecimus
3384 5454 3523 5517 loca,
3563 5471 3689 5522 qua:

2110 5536 2367 5594 putantur
2390 5526 2556 5580 Deum
2590 5527 2643 5579 iu
2669 5526 2788 5579 loco
2816 5528 3171 5592 constituere;
3200 5535 3258 5577 ιιι
3281 5525 3470 5579 lectori
3507 5527 3691 5579 omni-

2110 5596 2267 5649 modo
2308 5610 2406 5666 pro
2457 5611 2709 5651 concessa
2752 5596 2908 5651 nobis
2953 5596 3211 5650 facultate
3253 5596 3689 5665 persuadeamus

2109 5665 2393 5735 altioriet
2431 5666 2704 5735 spirituali
2738 5667 2908 5735 magis
2954 5682 3117 5722 sensu
3164 5682 3373 5720 sacram
3427 5665 3687 5734 accipere

2110 5734 2487 5861 dScripturam,
2550 5752 2672 5793 cum
2726 5734 2999 5793 videbitur
3055 5737 3110 5791 in
3161 5737 3280 5793 loco
3323 5736 3492 5792 Deutu
3558 5752 3690 5793 esse

2146 5822 2322 5861 ocere.
2354 5826 2372 5859 ι

2146 5822 2322 5862 ocere.
2354 5826 2372 5859 ι
