3870 6220
251 336 356 392 709

1098 331 1673 391 ORIGENIANORUM
1712 334 1841 390 LIB.
1882 332 1949 398 II,
1989 332 2141 388 CAP.
2178 331 2248 395 II,
2283 330 2563 399 QUA‘IST.
2604 331 2671 386 Il.

3405 330 3508 385 7I0

210 480 213 484 -
250 454 304 507 in
361 466 479 523 qum
533 450 770 505 Zenonis
807 458 875 504 -et
932 448 1216 521 Chrysippi
1274 459 1571 505 sectatores
1616 450 1824 505 incide-
1855 455 1901 511 Α
1930 448 2051 518 Iegii
2092 448 2298 501 crimen
2339 446 2606 509 additum,
2659 446 2735 498 ait
2775 444 3179 516 Hieronymus;
3222 461 3320 502 nos
3350 449 3507 502 beni-

1894 568 1899 573 -
1930 539 2090 609 gnius
2122 538 2467 607 interpretari
2495 552 2802 607 possumus.

249 555 398 597 runt.
434 561 452 593 ι
507 541 616 611 (ἸΞ)
668 540 905 606 Denique
950 540 1002 592 in
1054 538 1256 594 Catena
1309 540 1704 595 Combelisiana
1754 544 1819 595 ad

247 633 385 690 Gen.
421 650 457 697 ι,
484 633 578 696 26.
605 642 658 687 et
684 632 821 699 apud
853 630 1250 686 Theodoretum
1289 643 1484 702 quaest.
1523 632 1593 687 9.0
1638 633 1689 687 iu
1713 632 1821 689 Ge-

249 728 444 790 nesim,
487 725 797 779 Melitenen)
827 739 936 779 non
997 723 1376 792 perfunctorie
1415 725 1672 793 castigat,
1728 726 1821 796 qui

247 821 445 874 librum
479 818 772 887 scripserat
801 818 903 872 hoc
942 826 1283 888 argumento,
1332 816 1501 872 Deum
1544 833 1664 874 esse
1696 834 1820 874 cor—

246 925 496 980 poreum.
536 908 678 963 Sane
706 909 823 980 ipse
854 908 1036 976 Plato,
1086 909 1240 978 cujus
1270 910 1523 982 dogmata
1559 911 1673 966 fere
1706 928 1823 966 am-

244 1005 438 1075 plexus
466 1014 554 1062 eat
582 1002 874 1073 Origenes.
909 1019 936 1056 a
970 1005 1081 1059 Deo
1104 1018 1301 1073 corpus
1330 1019 1493 1059 omne
1528 1016 1772 1061 removet
1804 1025 1817 1061 :

248 1109 493 1154 removet
522 1106 575 1152 et
596 1098 942 1153 Aristoteles.

320 1191 430 1247 VII.
481 1189 613 1244 Cum
659 1189 736 1244 ait
776 1188 945 1259 igitur
989 1188 1251 1259 Origenes
1302 1189 1541 1243 animam
1591 1204 1820 1261 corpore

244 1286 563 1344 carituram,
598 1282 725 1351 quia
756 1281 950 1336 similis
981 1280 1163 1335 futura
1203 1291 1286 1335 est
1320 1281 1431 1335 Deo
1466 1281 1559 1350 qui
1591 1297 1821 1353 corpore

244 1383 423 1436 caret,
457 1373 510 1427 id
534 1372 633 1427 sibi
654 1370 788 1435 vult,
822 1370 990 1425 Deum
1022 1379 1078 1424 et
1104 1369 1339 1424 animam
1365 1386 1596 1441 corpore
1630 1386 1820 1427 carere

244 1465 555 1538 ὁμωνύμως
584 1463 841 1533 quidem,
889 1462 984 1517 sed
1023 1477 1129 1517 non
1174 1464 1365 1517 eodem
1409 1465 1606 1529 modo;
1652 1466 1817 1520 Deum

246 1561 447 1629 quippe
487 1555 804 1627 simpliciter
833 1564 889 1612 et
935 1554 1185 1610 absolute
1236 1570 1358 1610 esse
1396 1556 1815 1627 incorporeum;

248 1651 367 1720 (73)
400 1647 634 1703 animam
673 1660 802 1702 vero
845 1645 1174 1700 crassiorum
1229 1647 1495 1700 duntaxat
1528 1663 1817 1718 corporum

240 1742 483 1795 ratione.
515 1738 668 1806 Quod
703 1748 884 1792 autem
926 1736 1191 1808 objiciunt
1236 1737 1567 1809 Theophilus
1605 1752 1659 1796 et
1691 1742 1820 1798 Hie-

2001 629 2133 685 VIII.
2177 630 2305 697 Quae
2334 645 2457 685 cum
2492 630 2565 683 ita
2598 630 2730 693 sint,
2776 631 2889 683 haec
2924 639 3103 683 tamen
3144 629 3334 685 scribit
3382 630 3509 687 Ori-

1928 738 2092 792 genes
2114 723 2165 778 in
2195 738 2423 793 prooem.
2453 722 2639 775 libror.
2659 720 2799 790 Περὶ
2821 718 3042 789 ἀρχῶν,
3071 736 3220 775 nttm.
3239 722 3272 775 9
3300 741 3341 775 ει
3366 722 3506 777 Deus

1928 831 2143 886 quoque
2175 815 2291 884 ipse
2319 813 2593 885 quomodo
2623 814 2849 883 intelligi
2885 814 3098 874 debeat,
3125 814 3503 882 inquirendum

1928 919 2033 972 est,
2083 924 2416 979 corporeus,
2486 923 2552 961 an
2624 909 2921 960 secundum
2975 906 3207 975 aliquem
3256 905 3503 960 habitum

1929 1002 2303 1067 deformatus,
2370 1016 2437 1055 an
2501 1000 2729 1054 alterius
2782 1010 2988 1052 natura:
3046 1014 3209 1067 quam
3269 1014 3501 1068 corpora

1929 1106 2076 1159 sunt,
2109 1096 2251 1164 quod
2284 1094 2471 1163 utique
2495 1094 2549 1146 in
2589 1091 2979 1161 praedicatione
3005 1100 3191 1145 nostra
3214 1090 3506 1145 manifeste

1930 1203 2034 1242 non
2070 1188 2411 1258 designatur.
2443 1204 2461 1237 ι
2505 1183 2635 1239 Inde
2664 1192 2748 1238 est
2786 1185 2927 1252 quod
2964 1183 3133 1237 Deum
3166 1181 3503 1251 corporalem

1926 1295 2049 1334 esse
2086 1280 2288 1348 absque
2310 1277 2649 1332 dubitatione
2680 1276 2921 1331 decrevit
2952 1274 3345 1340 Tertullianus,
3381 1290 3504 1328 cum

1927 1372 2075 1435 alibi,
2111 1384 2219 1425 tum
2265 1372 2470 1425 advers.
2506 1368 2797 1435 Praxeam,
2853 1384 2973 1438 cap.
3024 1368 3080 1423 7.
3134 1368 3311 1435 «Quis
3359 1366 3503 1422 enim

1926 1464 2167 1532 negabit,
2230 1463 2428 1533 inquit,
2472 1462 2640 1517 Deum
2690 1476 2887 1529 corpus
2926 1474 3066 1523 esse,
3115 1460 3218 1515 etsi
3282 1460 3506 1529 spiritus

1926 1555 2051 1609 est?
2079 1554 2303 1623 spiritus
2336 1555 2479 1610 enim
2510 1570 2707 1625 corpus
2744 1556 2826 1609 sui
2855 1552 3068 1623 generis
3100 1552 3150 1606 iu
3185 1568 3280 1605 sua
3309 1551 3500 1621 elligie.

1928 1647 2034 1703 Sed
2072 1658 2123 1703 et
2155 1648 2447 1702 invisibilia
2481 1648 2571 1701 illa
2600 1662 2938 1717 qutecunque
2960 1653 3104 1706 sunt,
3132 1644 3337 1698 habent
3361 1643 3501 1713 apud

1931 1738 2093 1793 Deum
2126 1748 2181 1793 et
2220 1754 2378 1793 suum
2409 1752 2608 1803 corpus
2631 1777 2647 1801 ,
2681 1746 2735 1791 et
2762 1752 2915 1790 suam
2951 1736 3205 1799 formam,
3244 1750 3344 1804 per
3381 1749 3504 1803 qua:

246 1848 510 1904 ronymus
542 1831 710 1886 Deum
744 1830 906 1885 unius
928 1839 982 1885 et
1013 1828 1255 1898 ejusdem
1283 1832 1601 1888 substantiae
1639 1850 1704 1890 ac
1736 1852 1822 1890 res
1855 1832 1895 1885 Β
1924 1831 2023 1884 soli
2053 1831 2188 1884 ~Deo
2246 1829 2481 1884 visibilia
2531 1839 2659 1883 sunt
2686 1846 2701 1895 ;
2766 1835 2968 1897 quanto
3016 1827 3188 1896 magis
3241 1826 3383 1896 quod
3435 1840 3503 1880 ex

246 1926 460 1981 ratione
482 1924 735 1994 prmditas
752 1922 1135 1977 Adamantium
1164 1923 1433 1992 posuisse,
1459 1926 1577 1995 pari
1604 1942 1819 1997 respou-

236 2020 401 2075 sione
436 2016 776 2081 dissolvitur;
810 2015 862 2068 in
898 2029 963 2069 eo
989 2014 1109 2069 illas
1137 2015 1436 2070 convenire
1461 2016 1817 2083 substantias,

244 2110 390 2182 quod
423 2111 532 2163 sint
558 2108 743 2178 νοεραὶ
784 2115 838 2161 et
875 2104 1111 2174 λογικαὶ,
1138 2119 1260 2159 cum
1300 2105 1624 2161 immensum
1661 2119 1822 2163 caete-

240 2200 442 2271 roquin
478 2198 745 2253 dilI'erant.
778 2196 987 2249 Firmat
1023 2195 1164 2249 hanc
1208 2196 1621 2266 reSponsiouem
1666 2196 1818 2254 locus

247 2289 368 2357 ipse
409 2286 658 2357 Origenis
708 2300 867 2355 quem
916 2282 1075 2339 affert
1119 2283 1480 2355 Hieronymus
1526 2301 1594 2341 ex
1628 2285 1721 2342 lib.
1765 2304 1819 2342 tv

244 2378 388 2448 Περὶ
433 2376 656 2449 ἀρχῶν.
712 2392 863 2431 num.
922 2375 1012 2430 '56.
1071 2374 1576 2441 «Intellectualem,
1621 2377 1816 2447 inquit,

245 2470 735 2537 rationabilemque
761 2481 1009 2523 naturam
1050 2467 1225 2523 sentit
1263 2467 1405 2523 Deus
1428 2508 1444 2533 ,
1480 2479 1534 2523 et
1573 2470 1821 2538 unigeni-

242 2574 335 2619 tus
351 2562 523 2618 Filius
554 2564 689 2631 ejus,
716 2570 771 2616 et
804 2560 1039 2630 Spiritus
1058 2572 1317 2627 sanctus;
1353 2560 1596 2614 sentiunt
1620 2561 1819 2631 angeli,

244 2669 306 2713 et
336 2664 665 2728 potestates,
700 2665 1023 2723 eteterteque
1068 2653 1340 2719 virtutes;
1390 2652 1556 2707 sentit
1596 2652 1824 2707 interior

248 2751 439 2814 homo,
471 2748 562 2817 qui
598 2748 663 2800 ad
701 2746 991 2814 imaginem
1020 2752 1077 2799 et
1108 2744 1519 2799 similitudinem
1554 2744 1646 2798 Dei
1690 2759 1824 2798 con-

244 2842 398 2897 ditus
442 2850 545 2896 est.
592 2839 671 2893 Ex
700 2852 809 2907 quo
839 2835 1183 2892 concluditur
1219 2837 1385 2890 Deum
1425 2844 1479 2889 et
1521 2836 1637 2890 haec
1687 2850 1823 2906 quo-

249 2934 542 2990 dammodo
583 2933 742 2987 unius
790 2946 912 2987 esse
961 2928 1301 2986 substantiae.
1321 2927 1763 2995 Quodammodo,
1796 2949 1814 2981 ι

251 3026 307 3082 id
338 3034 445 3094 est,
480 3024 659 3095 aliqua
688 3038 754 3077 ex
783 3032 971 3094 parte;
1001 3025 1144 3093 quod
1164 3021 1230 3076 ad
1254 3020 1614 3091 eﬂ‘ugiendum
1645 3022 1820 3076 sacri-

739 3185 1220 3254 QUA‘ISTIO
1266 3184 1328 3239 Il.

637 3271 704 3311 DE
742 3272 1084 3313 εΑΝετιεεωΑ
1116 3273 1263 3313 TBINI
1272 3273 1433 3313 TATE.

242 3344 295 3401 1.
328 3346 421 3419 7an
462 3347 654 3402 multos
710 3350 853 3419 circa
889 3348 950 3403 S.
980 3348 1257 3403 Trinitatis
1282 3350 1583 3419 mysterium
1625 3367 1824 3407 errores

318 3418 567 3471 incidisse
609 3419 779 3489 fertur
821 3418 1104 3489 Origenes,
1152 3418 1371 3489 quorum
1408 3421 1704 3489 gravissimi
1734 3439 1827 3475 no-

320 3498 521 3541 tantur.
543 3489 602 3541 II.
630 3488 746 3542 Hoc
771 3488 976 3543 nomine
999 3488 1215 3543 Patrum
1242 3488 1525 3543 multorum
1550 3493 1825 3558 reprehen-

317 3559 486 3612 siones
512 3570 753 3627 expertus
786 3569 880 3614 est.
906 3559 987 3614 III.
1030 3559 1219 3612 Utrum
1244 3560 1302 3613 S.
1340 3558 1612 3613 Trinitatis
1646 3578 1824 3629 perso-

320 3644 415 3681 nas
454 3631 749 3683 substantia
783 3632 997 3698 diﬁcrre
1029 3631 1274 3696 apinatus
1309 3630 1397 3684 sit.
1430 3629 1518 3684 IV.
1552 3629 1823 3686 Nonnulla

320 3700 377 3750 in
414 3700 527 3769 ejus
571 3700 922 3771 defensionem
962 3700 1278 3771 afferuntur.
1334 3698 1403 3771 V_.
1444 3698 1669 3753 Eruitur
1703 3718 1822 3771 ger-

320 3768 477 3825 mana
504 3768 669 3838 ipsius
714 3771 990 3825 sententia.
1035 3770 1115 3822 Vl.
1150 3768 1336 3822 Utrum
1355 3768 1558 3839 Filium
1576 3787 1667 3837 per
1694 3768 1819 3839 pro-

319 3836 577 3909 lationem
608 3842 837 3909 genitum
881 3857 990 3894 esse
1035 3841 1318 3893 arbitratus
1358 3836 1448 3909 sit.
1495 3836 1601 3895 VII.
1632 3836 1821 3895 Utrum

319 3908 521 3963 Filium
551 3908 714 3963 Patre
736 3951 750 3972 .
787 3908 1046 3977 Spiritum
1073 3920 1310 3962 sanctum
1346 3908 1489 3963 Filio
1519 3911 1821 3978 inferiorem

316 3997 428 4050 esse
467 3982 679 4043 dixerit,
704 3979 835 4034 VIII.
881 3982 955 4033 ita
987 3992 1040 4034 ut
1082 3979 1323 4049 jactatur
1368 3998 1399 4032 a
1425 3980 1684 4050 plurimis.
1726 3980 1817 4037 IX.

319 4049 607 4121 Utriusque
656 4052 961 4121 dignitatem
1006 4052 1211 4105 videtur
1252 4049 1623 4121 nonnunquam
1664 4053 1817 4105 tueri.

317 4120 387 4174 X.
426 4121 646 4191 Patrum
672 4119 958 4191 multorum
1002 4121 1255 4190 su/j‘ragio
1285 4120 1499 4191 gaudet.
1548 4119 1636 4174 XI.
1666 4121 1821 4175 Recte

318 4208 439 4245 eum
479 4192 542 4244 de
576 4190 706 4243 Filii
742 4203 787 4244 et
824 4189 1053 4258 Spiritus
1102 4191 1269 4244 sancti
1290 4189 1561 4259 dignitate
1595 4192 1815 4245 sensisse

319 4261 508 4316 Patres
534 4262 771 4315 nonnulli
813 4271 1088 4315 testantur.
1136 4260 1250 4314 XII.
1288 4259 1572 4313 Platonicis
1612 4263 1814 4315 deliriis

319 4334 663 4385 orthodoxam
689 4331 982 4385 doctrinam
1009 4331 1294 4384 oblimavit.
1325 4328 1459 4384 XIII.
1495 4329 1677 4384 Utrum
1708 4331 1811 4384 Pa-

320 4415 450 4456 trem
493 4403 801 4470 primariunt
826 4417 1019 4470 rerum
1055 4400 1410 4463 Conditorem,
1461 4399 1655 4454 Filium
1694 4417 1810 4470 vero

318 4469 691 4525 secundarium
721 4482 769 4525 et
815 4469 991 4524 Patris
1015 4472 1313 4525 ministrum
1344 4472 1641 4524 crediderit.
1672 4469 1810 4525 XIV.

1854 3172 1897 3230 C

328 4540 679 4595 Vetustiorum
720 4542 919 4609 aliquot
947 4540 1171 4595 Patrum
1204 4556 1459 4594 consensu
1490 4542 1810 4597 sublevatur.
1847 4529 1893 4585 D

321 4609 436 4665 XV.
470 4610 585 4676 Quo
620 4628 773 4665 sensu
799 4610 1000 4664 Filiunt
1043 4610 1233 4665 dixerit
1278 4627 1381 4664 non
1429 4628 1537 4665 esse
1577 4613 1812 4665 absolute

320 4682 532 4744 bonum,
567 4680 700 4736 XVI.
738 4691 786 4735 et
812 4698 916 4735 non
939 4698 1048 4736 esse
1076 4681 1309 4735 absolute
1338 4683 1625 4735 veritatem.
1648 4680 1809 4739 XVII.

319 4749 507 4804 Utrum
536 4768 684 4821 a'qua
724 4754 791 4805 sit
837 4752 1120 4805 multorum
1160 4751 1460 4821 criminatio
1488 4794 1501 4815 ,
1536 4750 1813 4821 Origenem

317 4822 513 4875 dixisse
541 4820 865 4890 querentium
904 4821 1113 4875 Patrem
1140 4839 1170 4875 a
1191 4820 1332 4874 Filio
1352 4862 1365 4881 ,
1396 4820 1592 4875 Filium
1629 4820 1659 4875 ὰ
1688 4820 1811 4890 Spi-

318 4892 427 4943 ritu
449 4903 627 4946 sancto
652 4892 817 4945 videri
860 4908 963 4946 non
1021 4908 1202 4958 posse,
1241 4890 1421 4945 XVIII.
1448 4909 1603 4958 quam
1662 4895 1726 4945 ab
1754 4910 1813 4946 eo

318 4961 571 5030 depellere
634 4970 855 5015 conatur
916 4961 1161 5031 Ruﬁnus.
1222 4960 1363 5018 XIX.
1424 4960 1615 5016 Utrum
1682 4961 1813 5016 Filii

320 5147 432 5221 (72)
457 5149 710 5221 Origenis
727 5146 861 5202 Vide
880 5157 1007 5202 tom.
1026 5156 1221 5221 nostra:
1236 5144 1457 5221 edition.
1491 5144 1555 5208 II,
1572 5159 1691 5221 pag.
1718 5145 1813 5200 25.

321 5216 439 5289 (75)
480 5216 725 5273 Animam
771 5234 890 5273 vero
936 5218 1250 5271 crassiorem
1296 5216 1810 5289 duntaxatratione.

240 5286 458 5357 Corpus
483 5292 697 5358 quidem
724 5292 917 5358 anima:
950 5286 1607 5358 caeterisqnesubstantiis
1643 5286 1814 5339 ratio-

228 5356 520 5415 habilibus
582 5360 766 5413 tribuit
823 5357 1083 5427 Origenes
1143 5356 1295 5425 quasi
1350 5356 1661 5427 vehiculum
1717 5371 1809 5409 seti

244 5430 649 5495 indumentum,
716 5438 898 5498 utpote
926 5425 1055 5496 “quae
1090 5428 1247 5480 nuda:
1282 5425 1665 5498 comprehendi
1703 5441 1808 5479 non

244 5500 480 5568 possint,
513 5515 610 5553 nec
640 5499 748 5553 ullo
778 5496 974 5565 degere
1001 5499 1050 5551 in
1079 5497 1196 5551 loco
1226 5497 1353 5564 quiu
1388 5496 1662 5565 indigeant
1682 5510 1800 5568 cors

243 5567 383 5636 pore
439 5571 504 5624 ad
560 5580 814 5622 natttram
866 5570 968 5623 loci
1024 5568 1167 5621 illius
1218 5572 1623 5620 accounnodato
1657 5583 1669 5617 :
1705 5567 1798 5619 sed

243 5655 356 5692 ι·οη
408 5640 535 5693 inde
589 5642 831 5708 sequitur
892 5647 1142 5691 naturam
1215 5638 1409 5691 anima:
1463 5636 1799 5708 aliarumque

247 5711 649 5765 rationabilium
668 5706 1051 5764 creaturarum
1088 5709 1141 5761 in
1173 5721 1395 5775 corpore
1430 5706 1793 5775 quamtumvis

242 5781 430 5835 subtili
482 5782 743 5850 posuisse,
789 5794 946 5848 quam
1003 5793 1034 5834 e
1090 5779 1362 5834 contrario
1418 5778 1791 5846 incorpoream

1933 1923 2103 1991 ipsius
2133 1922 2441 1977 substantia
2475 1922 2701 1976 missum
2746 1928 2851 1984 est,
2890 1919 3007 1974 sine
3040 1920 3352 1974 substantia
3396 1932 3502 1971 non

1930 2015 2072 2070 erit?
2102 2034 2120 2065 ι
2165 2015 2294 2080 Quae
2317 2012 2564 2082 quamvis
2593 2011 2882 2066 manifesta
2923 2010 3053 2075 sint,
3091 2011 3143 2065 in
3173 2009 3503 2065 contrariam

1931 2118 2111 2162 tamen
2150 2109 2473 2162 sententiam
2522 2104 2743 2160 ﬂectere
2788 2116 3059 2161 conantur
3104 2102 3348 2173 quidam,
3407 2118 3506 2173 per

1930 2215 2126 2267 corpus
2172 2197 2531 2253 substantiam
2580 2197 2804 2268 intelligi
2852 2199 3115 2251 volentes.
3179 2195 3342 2262 Quasi
3376 2210 3505 2250 vero

1929 2302 2034 2345 tam
2065 2290 2243 2345 Latini
2275 2290 2544 2347 sermonis
2588 2290 2871 2359 imperitus
2898 2287 3083 2354 fuerit,
3116 2296 3172 2341 et
3212 2286 3506 2342 vocabulo-

1928 2399 2047 2437 rum
2081 2383 2237 2453 inops
2260 2381 2655 2447 Tertullianus,
2708 2391 2767 2436 ut
2802 2396 2916 2436 rem
2962 2394 3060 2449 per
3105 2394 3161 2434 se
3200 2387 3502 2437 exstantem

1927 2484 2117 2530 notare
2147 2474 2359 2541 volens,
2390 2490 2495 2529 non
2524 2474 2684 2529 aliter
2715 2472 2990 2543 appellare
3017 2470 3293 2540 potuerit,
3340 2486 3503 2540 quam

1928 2580 2147 2637 corpus.
2172 2566 2321 2621 Idem
2350 2568 2415 2622 de
2462 2566 2573 2621 Deo
2599 2576 2893 2621 senserunt
2926 2566 3266 2633 Valentinus,
3314 2566 3503 2621 Seleu-

1930 2674 2024 2714 cus
2054 2668 2108 2713 et
2137 2657 2385 2714 Hermias
2433 2658 2665 2725 Galatas,
2711 2659 2937 2722 Autlius,
2993 2668 3049 2713 et
3102 2660 3220 2729 ejus
3278 2658 3505 2714 assecla:

1928 2752 2159 2806 Audiani
2222 2752 2401 2823 (quos
2463 2752 2552 2807 alii
2606 2752 2837 2807 subinde
2895 2751 3169 2807 Vadianos
3217 2768 3502 2822 perperam

1930 2843 2310 2917 appellarunt)
2362 2853 2418 2899 et
2465 2845 2715 2917 Egyptii
2778 2844 3387 2914 antbropomorphitte,
3437 2846 3505 2899 de

1928 2938 2127 3007 quibus
2160 2936 2301 2992 inl‘ra
2336 2938 2687 2994 disseremus.

2002 3178 2353 3239 cognitionem
2426 3172 2718 3239 cognitione
2771 3168 2986 3233 Patris,
3042 3168 3271 3234 Spiritus
3333 3172 3504 3225 sanch

2004 3241 2352 3311 cognitionem
2401 3241 2700 3309 cognitione
2743 3239 2876 3293 Filii
2934 3239 3251 3311 inferiorem
3288 3241 3502 3311 dixerit,

2003 3308 2125 3380 XX.
2149 3311 2287 3380 quod
2317 3308 2602 3380 aliquando
2629 3312 2834 3364 videtur
2863 3326 3095 3379 negasse.
3138 3308 3277 3363 XXI.
3315 3309 3501 3364 Utrum

2004 3379 2204 3434 Filium
2226 3390 2270 3433 et
2291 3379 2547 3449 Spiritum
2569 3392 2808 3434 sanctum
2834 3381 3208 3449 existimaverit
3227 3397 3335 3434 esse
3358 3398 3505 3435 crea-

2004 3461 2107 3516 tos,
2145 3447 2393 3506 XXllfut
2425 3451 2571 3518 rulgo
2594 3451 2782 3519 fertur.
2818 3449 3001 3503 XXIII.
3042 3447 3299 3505 Plurima:
3334 3452 3504 3519 culpa

2003 3522 2126 3575 huic
2156 3523 2421 3575 elevandm
2460 3532 2843 3591 prapouuntur.
2878 3519 3070 3591 XXIV.
3128 3520 3373 3591 Aperitur
3410 3539 3503 3591 ge-

2004 3594 2166 3645 nuina
2201 3591 2441 3659 Origenis
2460 3588 2740 3660 sententia.
2770 3590 2939 3647 XXV.
2971 3588 3157 3643 Patres
3193 3589 3391 3660 aliquot
3412 3588 3502 3646 as-

2000 3664 2275 3716 sentientes
2300 3662 2472 3716 habet.
2497 3659 2686 3714 XXVI.
2714 3660 2828 3726 Quo
2860 3678 3011 3713 sensu
3048 3661 3239 3713 dixerit
3269 3659 3399 3714 duos
3422 3678 3502 3715 se-

2003 3733 2250 3799 raphinos
2284 3730 2467 3801 (Isaia:
2494 3749 2609 3799 cap.
2638 3747 2709 3791 vr,
2738 3748 2870 3784 vers.
2895 3731 2950 3800 ‘2)
2983 3747 3093 3784 esse
3121 3729 3383 3785 Christum
3402 3773 3417 3796 ,
3452 3742 3502 3784 et

2004 3801 2265 3868 Spiritum
2291 3800 2547 3855 sanctum.
2582 3801 2793 3855 XXVII.
2828 3800 3053 3854 Crimini
3080 3801 3238 3871 datur
3266 3802 3500 3871 Origeni,

2001 3874 2139 3943 quod
2169 3872 2363 3925 dixerit
2398 3870 2614 3943 Patrem
2651 3875 2800 3924 rebus
2849 3872 3127 3934 universis,
3170 3870 3371 3943 Filium
3415 3888 3503 3925 ra-

2003 3940 2143 3995 tione
2171 3943 2442 4011 prwditis,
2492 3940 2747 4008 Spiritum
2795 3950 3037 3995 sanctum
3082 3941 3277 4011 sanctis
3304 3944 3495 4011 dunta-

1998 4024 2089 4067 xat
2112 3996 2333 4080 pr'tvesse
2356 4028 2374 4066 :
2394 3996 2625 4067 XXVIII.
2657 4016 2746 4065 sed
2759 4011 3077 4081 defenditur.
3108 3996 3295 4066 XXIX.
3313 4010 3503 4081 Utrum

2000 4082 2199 4136 Filium
2243 4101 2344 4136 non
2385 4083 2644 4135 orandum
2685 4099 2797 4135 esse
2827 4080 3274 4148 pronuntiaverit.
3325 4080 3499 4135 XXX.

1999 4152 2184 4207 Utrum
2210 4153 2422 4221 ﬁnxerit
2452 4152 2550 4206 sibi
2574 4151 2829 4219 Spiritum
2854 4163 3092 4205 sanctum
3118 4169 3279 4221 genus
3312 4153 3503 4205 huma-

1994 4240 2117 4277 num
2149 4225 2403 4277 redimere
2429 4240 2530 4277 non
2560 4224 2813 4291 potuisse.

1995 4316 2035 4369 I.
2082 4314 2159 4368 Ex
2197 4315 2263 4370 iis
2303 4314 2583 4384 religionis
2615 4313 2935 4368 Christiana:
2975 4314 3241 4384 dogmatis
3282 4329 3401 4382 qua:
3432 4315 3501 4368 ab

1922 4406 2156 4475 Origene
2188 4416 2422 4461 tractata
2469 4416 2632 4473 sunt;
2662 4416 2890 4460 tractata
2945 4416 3073 4462 sunt
3133 4416 3313 4460 autem
3364 4421 3500 4474 pene

1922 4502 2173 4556 universa
2201 4519 2216 4569 ;
2251 4500 2454 4555 nullum
2487 4515 2641 4570 aeque
2674 4501 2995 4555 commentis
3025 4510 3077 4555 et
3097 4498 3498 4570 opinationibus

1923 4591 2262 4648 deformasse
2292 4592 2408 4647 suis
2438 4592 2679 4646 creditus
2710 4601 2767 4647 et
2795 4591 2974 4647 dictus
3008 4601 3114 4655 est,
3141 4606 3204 4646 ac
3230 4591 3358 4645 illud
3390 4606 3499 4660 quo

1920 4693 2286 4740 sacrosancta:
2316 4684 2601 4740 Trinitatis
2636 4686 2952 4757 mysterium
2991 4685 3323 4739 continetur.
3360 4683 3494 4737 Nam

1922 4789 1975 4833 et
1999 4779 2120 4833 Filii
2160 4780 2522 4834 substantiam
2572 4780 2720 4835 visus
2754 4789 2836 4836 est
2889 4796 2919 4835 a
2965 4782 3266 4835 substantia
3320 4779 3498 4836 Patris

1924 4886 2255 4939 Seceruere;
2308 4883 2365 4927 et
2425 4872 2623 4928 Filium
2669 4873 2867 4941 Patre,
2927 4873 3187 4944 Spiritum
3250 4886 3495 4929 sanetum

1928 4961 2068 5018 Filio
2109 4962 2422 5018 inferiorem
2454 4978 2689 5034 ponere,
2724 4964 2854 5019 adeo
2883 4973 2939 5017 ut
2962 4963 3124 5018 Pater
3148 4981 3178 5019 a
3202 4964 3363 5031 Filio,
3405 4964 3495 5019 Fi-

1921 5148 2255 5217 omninoque
2290 5146 2585 5217 spiritalem
2615 5146 2863 5216 agnoscit
2888 5145 3039 5215 juxta
3070 5161 3133 5201 ac
3162 5145 3493 5212 Platonicos,

1920 5230 1982 5272 ut
2008 5219 2145 5273 infra
2179 5220 2546 5283 ostendemus,
2581 5229 2778 5287 quast.
2812 5217 2866 5282 6,
2922 5234 3070 5272 num.
3103 5217 3155 5272 5.
3190 5217 3325 5272 Hinc
3359 5234 3491 5273 con-

1919 5304 2151 5357 sequens
2185 5299 2287 5352 est,
2325 5288 2497 5342 sicubi
2530 5288 2729 5342 dixerit
2754 5288 3201 5357 Origenes,quod
3234 5290 3494 5355 objiciunt

1920 5358 2253 5428 Theophilus
2299 5370 2353 5413 et
2386 5360 2763 5429 Hieronymus,
2788 5359 2955 5413 Deum
2986 5360 3147 5413 unius
3177 5370 3230 5412 et
3252 5359 3491 5425 ejusdem

1918 5431 2317 5498 quodammodo
2340 5446 2458 5485 esse
2488 5430 2803 5484 substantia:
2839 5446 2902 5482 ac
2928 5445 3013 5482 res
3054 5429 3262 5483 ratione
3296 5430 3489 5497 praedi-

1913 5509 2017 5565 tas,
2051 5502 2103 5553 in
2130 5516 2195 5555 eo
2226 5502 2343 5553 illas
2392 5501 2684 5554 convenire
2717 5502 3052 5554 substantias
3081 5510 3348 5567 quatenus
3376 5500 3487 5553 sint

1907 5569 2301 5625 intellectuales
2376 5584 2635 5639 mereque
2685 5570 2980 5639 spiritales,
3049 5584 3155 5623 non
3207 5578 3480 5636 quatenus

1903 5656 2176 5714 corporeae
2201 5681 2238 5714 ,4
2261 5652 2317 5694 nt
2348 5651 2494 5714 recte
2523 5642 2778 5694 observat
2804 5640 3167 5714 __clarissitttus
3219 5639 3412 5695 IIuetiu
3430 5668 3489 5714 ι,

1902 5712 2147 5781 quamvis
2172 5711 2407 5781 alioquin
2437 5712 2752 5767 immensum
2786 5710 3048 5766 differant.
