3840 6222
390 333 493 389 7'23

1655 337 1718 396 P.
1758 336 2079 395 DANIELIS
2112 336 2345 394 HUETII

3532 325 3651 380 72$

386 450 616 506 stautias
666 448 1002 517 ﬁngentium,
1060 453 1203 508 unde
1248 453 1501 509 Triusani
1554 456 1893 524 appellantur
1935 473 1965 512 a
1995 463 2040 521 Α
2068 460 2260 525 quibus
2288 457 2341 510 id
2371 455 2677 510 continetur
2714 451 2903 522 dogma
2947 465 3050 505 non
3092 446 3343 503 indicavit
3377 443 3646 503 Thomas,

385 536 667 609 Fulgentio
717 537 867 606 Resp.
895 544 964 594 ad
1009 543 1245 612 object.7
1282 546 1527 600 Arianor.
1555 546 1692 601 Loca
1718 544 1965 615 Origenis

389 747 457 799 ad
484 747 622 803 hanc
657 751 987 804 voluntatem
1019 755 1282 817 spectant,
1334 748 1660 804 voluntatem
1697 750 1811 813 ejus
1832 792 1847 809 .
1874 750 1991 818 qui

390 819 832 887 misit,perlicere
870 820 1008 873 idem
1044 835 1161 873 esse
1180 820 1570 883 existimemus,
1609 835 1671 874 ac
1701 823 1967 875 extrinse-

389 903 485 959 cus
507 889 705 958 aliquid
733 888 1075 944 lacere.lllud
1094 890 1257 951 enim,
1275 890 1413 959 quod
1443 900 1689 944 estextra
1703 890 1965 944 volentem

391 958 589 1029 iactum
604 974 842 1016 seorsum
863 976 893 1014 a
916 959 1190 1013 voluntate
1220 958 1496 1029 praedicta,
1516 976 1619 1029 non
1641 970 1723 1013 est
1743 971 1849 1015 tota
1875 976 1968 1013 vo-

392 1027 573 1081 luntas
606 1029 782 1084 Patris
813 1044 827 1081 :
854 1039 909 1083 at
942 1044 1072 1083 vero
1102 1027 1493 1083 tota'voluutas
1548 1028 1721 1082 Patris
1766 1046 1794 1083 a
1830 1029 1964 1083 Filio

390 1100 692 1165 pcrlicitur,
707 1116 828 1154 eum
849 1100 1100 1154 voluntas
1117 1100 1208 1154 Dei
1228 1098 1280 1152 in
1300 1098 1433 1152 Filio
1450 1114 1641 1168 genera
1652 1110 1725 1160 ta.
1745 1099 1874 1154 facit
1892 1116 1957 1153 ea

389 1182 510 1236 qua:
534 1169 643 1222 vult
688 1171 939 1224 voluntas
988 1169 1104 1224 Dei.
1156 1170 1315 1223 Solus
1344 1169 1486 1223 enim
1530 1169 1697 1224 Filius
1729 1168 1854 1224 facit
1906 1178 1963 1223 et

388 1238 537 1303 capit
586 1248 756 1294 totam
814 1240 1143 1294 voluntatem
1182 1238 1397 1305 Patris;
1456 1248 1787 1309 quapropter
1844 1239 1963 1307 ejus

388 1318 474 1361 est
504 1310 684 1379 imago
705 1329 717 1363 :
736 1309 786 1364 id
807 1320 986 1365 autem
1011 1310 1461 1373 considerandum
1488 1320 1572 1365 est
1597 1320 1648 1365 et
1672 1311 1739 1364 de
1758 1309 1961 1379 Spiritu

388 1389 598 1434 sancto.
636 1400 655 1431 ι
685 1379 739 1434 In
766 1382 1010 1435 eamdem
1050 1380 1389 1445 sententiam,
1423 1379 1512 1432 lib.
1551 1395 1669 1446 vut,
1693 1396 1841 1435 num.
1870 1379 1959 1443 12,

389 1457 572 1502 contra
604 1447 835 1513 Celsum,
866 1450 1020 1504 docet
1059 1448 1275 1503 Patrem
1316 1459 1369 1503 et
1402 1448 1599 1503 Filium
1650 1466 1813 1504 unum
1844 1465 1965 1505 esse

390 1517 666 1591 identitnte
699 1520 1001 1591 uoluntatis,
1021 1520 1307 1591 ταυτότητι
1333 1520 1686 1591 βουλήματος.
1715 1520 1829 1591 Non
1850 1536 1965 1591 ma-

390 1589 475 1656 gis
503 1588 771 1660 discrepat
820 1590 909 1643 lux
961 1607 990 1645 a
1050 1588 1305 1652 tenebris,
1334 1588 1511 1660 quam
1550 1590 1663 1645 liazc
1709 1590 1958 1660 Origenis

392 1659 663 1713 sententia
700 1661 768 1713 ab
814 1660 1138 1714 Arianorum
1184 1659 1523 1715 commentis.
1573 1660 1661 1715 Isti
1701 1659 1844 1716 enim
1889 1660 1956 1714 ad

392 1739 599 1783 natura:
628 1730 1119 1784 dissimilitudinem
1149 1731 1437 1785 trahebant
1468 1733 1566 1785 hoc
1589 1730 1706 1785 Filii
1740 1732 1791 1786 in
1813 1747 1963 1785 mau-

2070 548 2193 603 Hzec
2220 555 2368 603 certe
2399 546 2626 616 legimus
2654 551 2784 597 tom.
2804 557 2841 594 ιι
2870 544 2922 594 in
2940 537 3100 594 Ioan.
3128 534 3376 599 numJS,
3400 552 3519 605 pag.
3551 533 3644 586 '76.

2070 752 2407 820 permittere,
2436 764 2557 804 cum
2602 762 2670 820 ex
2701 747 2764 820 iis
2800 752 2946 820 patet
2974 739 3389 820 qtta;_subit_ti_tgit
3422 754 3486 820 ..ι
3525 734 3648 818 βε-

2073 806 2171 875 ieri
2221 806 2405 898 autem
2448 806 2914 898 saitcti,._ittq'ttit,
2983 806 3115 868 nihil
3176 806 3648 898 quidétuufla‘ciﬁnt

2071 899 2267 958 praeter
2296 876 2635 943 voluntatem
2660 876 2853 958 Patris,
2901 876 3019 958 non
3050 876 3257 944 tamen,
3302 888 3363 933 ut
3403 887 3512 932 tota
3548 876 3646 958 Dei

2073 950 2323 1015 voluntas
2371 958 2711 1026 imprimatur
2762 956 2815 1010 in
2870 956 2979 1022 eis;
3038 972 3055 1006 ι
3112 964 3224 1006 tutn
3271 964 3337 1026 ex
3377 964 3445 1002 eo
3499 950 3647 1016 quod

2068 1038 2199 1085 tom.
2248 1046 2285 1083 ιι
2321 1030 2375 1083 in
2406 1019 2653 1082 eumdem
2680 1019 3086 1088 evangelistam,
3128 1037 3275 1075 num.
3302 1019 3357 1083 6,
3379 1032 3645 1088 quaecun-

2068 1114 2173 1169 que
2207 1109 2354 1171 sunti
2383 1097 2701 1171 lanilio_._e_a
2738 1097 2790 1151 in
2819 1088 3023 1165 Spiritu
3074 1102 3263 1171 sancto
3299 1104 3421 1171 esse
3461 1088 3645 1151 docet.

2066 1160 2299 1239 eumque
2344 1170 2551 1223 idcirco
2579 1166 2772 1239 Filium
2817 1160 2931 1239 non
2962 1180 3103 1239 esse,
3159 1162 3283 1230 quia
3320 1160 3472 1239 Filio,
3499 1171 3644 1239 eget,

2068 1250 2127 1294 ut
2164 1225 2281 1295 haec
2310 1240 2489 1293 omnia
2522 1238 2773 1311 accipiat.
2796 1236 2929 1311 _Non
2963 1225 3338 1311 dubium-ergo
3376 1230 3481 1311 luit

2100 1311 2210 1381 eui,
2230 1312 2359 1380 quin
2388 1319 2496 1363 tota
2524 1301 2701 1381 Patris
2728 1307 2996 1381 voluntas,
3026 1314 3084 1381 ut
3120 1304 3171 1357 in
3195 1301 3458 1381 Filio-ita
3476 1301 3649 1381 etiam

2090 1369 2120 1433 ιι
2154 1369 2357 1449 spiritu
2399 1387 2593 1449 sancto
2624 1379 2711 1431 sit.
2765 1377 2900 1433 Hinc
2940 1386 2996 1430 ut
3026 1374 3242 1449 Patrem
3298 1387 3325 1425 a
3357 1369 3521 1431 Filio,
3570 1370 3647 1449 ita

2071 1440 2266 1506 Filium
2340 1466 2369 1502 a
2448 1448 2650 1521 Spiritu
2726 1464 2833 1503 non
2884 1444 3243 1521 separabilem
3323 1440 3648 1521 pronuntiat

2074 1531 2207 1575 tom.
2232 1534 2330 1574 xui
2366 1520 2423 1574 in
2458 1508 2673 1581 Βοιώ..
2734 1534 2881 1573 num.
2937 1508 3037 1579 i9,
3068 1514 3159 1570 ubi
3200 1508 3423 1582 puerum
3468 1508 3644 1576 illum,

2063 1607 2222 1661 quem
2256 1589 2414 1664 Jesus
2445 1590 2499 1643 in
2538 1589 2715 1643 medio
2737 1588 3134 1664 discipulorum
3152 1581 3352 1664 posuit,
3377 1581 3646 1664 Spiritum

2066 1649 2313 1717 sanctum
2348 1662 2751 1732 interpretatur,
2774 1674 2835 1732 ac
2861 1649 2925 1713 de
2942 1674 3005 1713 co
3024 1657 3101 1732 sic
3121 1649 3359 1732 loquitur
3384 1670 3399 1707 :
3420 1649 3455 1702 ί(
3490 1649 3647 1732 illum

2068 1748 2293 1801 puerum
2346 1733 2411 1785 ab
2462 1724 2579 1798 ipso
2634 1729 2762 1801 Jesu
2821 1724 3308 1801 iuinominejesu
3364 1724 3650 1801 suscipere

390 1796 534 1870 datis
568 1802 808 1870 paternis
842 1802 1156 1869 obsequium
1190 1817 1204 1853 :
1237 1810 1292 1854 at
1318 1801 1580 1869 Origenes
1631 1801 1963 1855 voluntatem
1995 1810 2038 1865 Β
2066 1795 2299 1870 oportet,
2354 1816 2384 1855 a
2422 1795 2529 1867 quo
2572 1800 2791 1853 minime
2838 1800 3113 1870 seiunctus
3147 1795 3305 1870 Je~_us
3333 1795 3479 1862 apud
3519 1808 3646 1846 eum

392 1865 641 1941 Patris!
678 1868 819 1941 Filio
852 1865 1035 1939 perlici
1093 1872 1303 1933 statuit,
1356 1865 1462 1925 non
1521 1874 1663 1941 quod
1714 1874 1964 1941 mandata

393 1934 576 2010 Patris
601 1937 771 2010 Filius
798 1934 967 1995 instar
1000 1942 1283 2010 cujusdam
1308 1934 1554 1995 ministri
1574 1952 1842 2010 capessat.
1870 1940 1966 1996 sed

391 2009 516 2073 quia
542 2009 689 2080 solus
741 2010 909 2066 Filius
939 2009 1104 2064 totam
1136 2009 1313 2065 Patris
1341 2009 1674 2065 voluntatem
1706 2013 1869 2080 capit,
1912 2020 1968 2065 et

393 2086 504 2151 tota
537 2078 782 2151 voluntas
809 2081 987 2135 Patris
1006 2084 1072 2151 in
1110 2080 1249 2135 Filio
1288 2092 1562 2151 generata,
1607 2083 1735 2135 facit
1762 2078 1823 2136 ea
1845 2097 1967 2151 quae

390 2147 507 2200 vult
547 2149 795 2205 voluntas
861 2152 976 2205 Dei.
1000 2150 1137 2205 Hinc
1202 2147 1393 2221 repetit
1424 2149 1686 2221 Origenes
1715 2147 1965 2221 imaginis

390 2221 676 2291 rationem,
714 2235 942 2291 eamque
970 2238 1075 2275 non
1108 2222 1337 2277 obscure
1366 2222 1605 2277 declarat
1632 2225 1683 2276 in
1715 2223 1819 2276 hoc
1846 2237 1965 2277 esse

462 2290 641 2351 sitam,
673 2293 813 2359 quod
856 2290 968 2345 tota
1011 2291 1190 2346 Patris
1234 2294 1531 2347 substantia
1587 2293 1637 2345 in
1694 2292 1831 2346 Filio
1869 2293 1962 2347 sit.

414 2358 528 2412 line
564 2358 707 2414 tom.
754 2378 822 2416 xv
866 2364 919 2414 in
956 2360 1172 2426 Matth.,
1212 2378 1361 2416 num.
1423 2363 1511 2423 10.
1556 2364 1634 2416 sic
1678 2364 1961 2429 loquitur:

397 2429 538 2501 s___Ac
574 2430 825 2501 Salvator
879 2434 1119 2499 quidem,
1159 2442 1219 2485 ut
1258 2443 1340 2485 est
1394 2433 1573 2501 imago
1632 2434 1724 2487 Dei
1772 2432 1962 2486 invisi-

390 2496 515 2572 bilis
533 2499 787 2572 _(Coloss.
813 2496 992 2571 Lib),
1053 2496 1123 2555 ita
1179 2512 1232 2555 et
1276 2496 1532 2557 bonitatis
1562 2503 1744 2572 ipsius
1787 2504 1964 2572 imago

388 2578 474 2652 est
496 2569 763 2653 (summ,
796 2569 1020 2653 26)._Ex_
1053 2588 1159 2640 quo
1195 2583 1340 2653 patet
1372 2569 1840 2653 nihihOrigenem
1866 2569 1963 2625 ait-

393 2640 609 2720 misisse
642 2642 697 2697 in
725 2643 1041 2714 exemplari,
1082 2644 1225 2713 quod
1255 2658 1362 2698 non
1396 2640 1707 2698 admitteret
1736 2642 1793 2697 in
1826 2642 1963 2697 inta-

389 2726 441 2780 gt
452 2726 532 2764 ne.

464 2782 728 2836 Similiter
793 2792 923 2837 tom.
986 2798 1139 2837 xxxii
1180 2786 1233 2837 in
1272 2784 1459 2847 Joan.,
1502 2798 1650 2838 num.
1690 2781 1781 2844 18,
1835 2798 1956 2848 pag.

390 2850 496 2903 450
515 2870 533 2925 :_
561 2852 727 2923 Ὄλης
756 2855 854 2925 μὲν
884 2848 983 2925 οὖν
1008 2851 1163 2925 οἶμαι
1191 2854 1289 2925 τῆς
1336 2853 1491 2925 δόξης
1512 2854 1606 2925 τοῦ
1637 2854 1771 2925 Θεοῦ
1797 2852 1965 2906 αὑτοῦ

387 2920 730 2993 ἀπαύγασμα
757 2920 912 2977 ὶῐναι
943 2924 1033 2977 τὸν
1066 2920 1306 2979 Υἱὸν..ξ..
1361 2920 1475 2977 Odit
1512 2921 1663 3048 ιέἷξιαι
1708 2924 1815 3003 γάρ
1839 2940 1967 3003 τινε.

389 2993 452 3047 τὸ
496 2996 604 3048 πᾶν
634 2995 893 3048 δύνασθαι
939 2996 1186 3048 γωοῆσαι
1231 2994 1331 3048 τῆς
1361 2995 1488 3048 ὅλης
1581 2994 1677 3048 En:
1705 3012 1797 3046 του
1827 2993 1962 3047 Bson

389 2993 452 3066 τὸ
496 2996 604 3066 πᾶν
634 2992 893 3050 δύνασθαι
938 2996 1186 3066 χωρῆσαι
1231 2994 1331 3066 τῆς
1361 2995 1488 3066 ᾇλης
1521 2992 1677 3063 δόξης
1705 2992 1797 3046 τοῦ
1824 2992 1962 3066 Θεοῦ

390 3064 755 3137 ἀπαύγασμα,
782 3068 830 3119 εἰ
864 3064 1055 3137 μὴήλεὸν
1080 3064 1205 3137 Υἱὸν
1224 3064 1410 3137 αὑτοῦἵ
1441 3064 1460 3115 ι
1491 3066 1669 3137 Atque
1711 3064 1959 3133 equidem

391 3134 629 3205 arbitror
658 3134 834 3193 totius
866 3134 1054 3205 gloriae
1104 3136 1277 3205 ipsius
1322 3135 1417 3189 Dei
1468 3134 1806 3203 splendorem
1840 3149 1960 3187 esse

390 3203 705 3265 Filittm.....
775 3203 897 3261 Non
961 3203 1406 3261 enim—arbitror
1464 3220 1659 3272 capere
1730 3205 1962 3272 aliqui-nt

390 3288 807 3398 piissngmnem
875 3275 1214 3347 splendorem
1267 3278 1434 3331 totius
1484 3274 1669 3345 gloria:
1715 3275 1832 3339 Dei,
1860 3275 1964 3328 nisi

390 3359 510 3398 etus
587 3362 756 3398 Ilum.
799 3364 819 3397 ι

390 3359 510 3413 eius
543 3359 756 3401 r'tltum.
799 3364 819 3397 s

463 3415 543 3469 Ex
578 3417 767 3486 eodem
790 3416 1059 3486 principio
1092 3415 1365 3470 concludit
1393 3426 1557 3470 totam
1586 3412 1760 3486 Patris
1788 3416 1967 3486 soleti-

392 3484 521 3537 tiatn
553 3486 604 3539 in
634 3484 769 3540 Filio
792 3484 944 3547 esse.
970 3484 1108 3541 tom.
1142 3503 1157 3539 t
1189 3488 1244 3539 iu
1269 3487 1452 3548 Joan.,
1509 3501 1655 3538 ntttn.
1687 3485 1753 3537 27
1780 3502 1791 3537 :
1840 3485 1965 3538 Ἐὰν

483 3572 568 3619 τις
616 3558 751 3627 ζητῇ
781 3559 832 3609 εἰ
884 3558 991 3609 πᾶν
1036 3558 1064 3611 ὃ
1093 3574 1144 3609 τι
1171 3558 1299 3611 ποτὲ
1346 3554 1686 3627 ἐγνωσμένον
1733 3555 1836 3608 ὑπὸ
1869 3557 1964 3608 τοῦ

391 3626 604 3697 Πάτρὸς
638 3626 777 3681 κατά
809 3628 869 3680 τὸ
903 3626 1063 3697 βάθος
1100 3628 1193 3681 τοῦ
1228 3627 1456 3680 πλούτου
1489 3627 1583 3679 καὶ
1622 3626 1720 3696 τῆς
1774 3628 1967 3695 σοφίας

393 3698 489 3749 καὶ
538 3699 637 3769 τῆς
665 3697 915 3769 γνώσεως
944 3698 1131 3769 αὐτοῦ,
1182 3701 1467 3751 ἐπίσταται
1493 3700 1521 3750 ὁ
1564 3697 1753 3769 Σωτὴρ
1783 3701 1815 3764 ἡ
1826 3697 1963 3766 μῶν,

392 3769 485 3840 και.
532 3767 802 3840 φαντασίᾳ,
832 3768 923 3821 τοῦ
948 3768 1190 3834 δοξάζειν
1224 3769 1314 3822 τὸν
1340 3769 1612 3840 illati-ipa,
1662 3767 1967 3840 άποφαίνη-

390 3837 480 3909 ταί
516 3856 634 3892 τινα
696 3837 1072 3909 γινωσκόμενα.
1120 3840 1223 3892 ὑπὸ
1269 3839 1363 3909 τοῦ
1405 3837 1615 3909 Harpe;
1656 3838 1965 3904 ἀγνοεῖσθαι

524 3909 617 3961 τοῦ
640 3911 790 3981 Υνὶοὖ,
812 3910 919 3981 [ob]
935 3908 1281 3981 διαρκοῦντος
1308 3908 1629 3981 ἐξισωθῆναι
1653 3911 1771 3981 ταῖς
1788 3925 1966 3981 λκατα-

390 3975 583 4052 λήψεσι
611 3980 705 4052 τοῦ
740 3975 1037 4052 άγξννῆτοιί
1073 3980 1206 4033 Θεοῦ
1245 3998 1258 4010 ·
1311 3975 1627 4052 ὲπισταέὲον
1683 3979 1842 4052 αὑῖὸν
1889 3980 1965 4052 Δἐκ

390 4049 764 4122 τοῦγάλήθειαν
791 4047 935 4104 εἶναι’
976 4051 1069 4104 τὸν
1091 4052 1348 4122 Σωτῆρα,
1385 4050 1480 4122 scth
1517 4048 1850 4122 προσάκτέον
1885 4049 1965 4101 ὅτι

389 4121 441 4192 ei
472 4119 760 4191 ὁλόκληρός
790 4124 938 4174 ἐστιν
966 4124 998 4192 ή
1043 4118 1315 4192 ἀλήθειά,Δ
1348 4120 1515 4192 οὐδὲν.
1534 4118 1729 4192 ἀληθὲς
1757 4120 1962 4192 ἀγνοεῖ,

391 4190 477 4242 ἵνα
498 4192 580 4264 μὴ
627 4184 799 4264 σ’ἱιάζῃ
832 4184 1091 4245 λείποὶισα
1125 4184 1156 4261 ἦ
1192 4190 1421 4264 ἀλήθειά
1461 4184 1542 4252 οἷς
1589 4184 1655 4264 οὗ
1684 4184 1964 4264 γινώσκεῇ

391 4258 516 4313 καθ’
545 4258 806 4328 ὲόιείνουξζ
862 4258 1220 4331 τυγχάνουσιν
1254 4258 1311 4313 ἐν
1355 4262 1502 4331 μόνῳ
1546 4258 1623 4331 τῷ
1680 4261 1851 4331 Ματρί
1887 4276 1898 4287 ⁸
1932 4260 1964 4329 ἦ

387 4332 648 4386 δεικνύτω
674 4350 757 4397 τις
796 4335 875 4386 ὅτι
915 4330 1058 4386 ἐστὶν
1094 4334 1129 4386 ἃ.
1163 4332 1539 4401 γινωσκόμενα
1570 4330 1666 4399 τῆς
1713 4330 1967 4401 ἀληθείας

392 4404 758 4475 προσηγορίας
805 4404 868 4456 οὐ
897 4404 1250 4474 τυγχάνοντα,
1290 4400 1587 4475 ἀλλὰᾼὺτιῇρ
1619 4402 1786 4475 άὺτὴν
1815 4400 1963 4475 ὄντα.

395 4491 415 4523 ι
439 4470 601 4539 ’ρηόά
628 4470 670 4527 si
712 4475 835 4543 quis
863 4470 1102 4542 inquirat
1136 4490 1203 4527 an
1251 4472 1475 4541 quiquid
1506 4470 1655 4524 Patri
1691 4470 1964 4543 cognitum

387 4553 475 4596 est
532 4541 829 4598 secundum
872 4541 1195 4613 pruinndum
1228 4544 1534 4597 divitiarum
1584 4552 1639 4594 et
1686 4541 1966 4613 sapientiae

389 4613 524 4676 ejus,
556 4615 608 4666 id
642 4612 896 4668 Salvator
936 4625 1121 4669 noster
1149 4615 1306 4676 Sciat,
1331 4623 1385 4666 et
1424 4627 1519 4680 per
1549 4625 1768 4664 causam
1800 4612 1968 4677 glori-

395 4682 592 4737 ﬁcandi
643 4683 819 4739 Patris
872 4684 1186 4752 pronuntiet
1239 4684 1496 4737 nonnulla
1538 4681 1685 4735 Patri
1747 4681 1968 4752 cognita

391 4752 629 4825 ignorari
661 4770 691 4808 a
737 4751 896 4820 Filio,
932 4754 1087 4825 quasi
1125 4769 1232 4807 non
1260 4754 1429 4823 possit
1462 4753 1733 4825 exa>quari
1784 4751 1969 4821 cogni-

392 4823 627 4879 tionibus
656 4826 877 4892 ingeniti
907 4823 1033 4887 Dei:
1071 4825 1193 4878 huic
1210 4825 1489 4879 sciendum
1519 4832 1602 4876 est
1627 4823 1963 4875 Salvatorem

388 4906 513 4948 esse
548 4896 851 4959 veritatem,
884 4906 938 4950 et
968 4895 1531 4958 animadvertendum,
1570 4894 1613 4946 si
1649 4895 1854 4961 integra
1883 4901 1968 4945 est

394 4964 613 5031 veritas,
649 4966 782 5019 nihil
818 4981 1002 5019 verum
1059 4967 1328 5034 ignorare,
1378 4979 1445 5018 ne
1474 4964 1739 5017 claudicet
1768 4962 1967 5034 veritas

392 5034 651 5105 deﬁciens
689 5038 741 5089 itt
782 5037 865 5090 his
886 5052 1004 5105 qua:
1033 5032 1138 5090 non
1158 5040 1456 5105 cognoscit,
1499 5048 1642 5097 cunt,
1668 5032 1964 5105 secundum

392 5104 534 5168 illos,
575 5106 626 5159 in
670 5107 788 5160 solo
822 5102 981 5160 Patre
1024 5109 1134 5160 sint
1184 5102 1329 5159 :aut
1384 5108 1718 5159 demonstret
1770 5102 1966 5169 aliquis

393 5176 648 5230 nonnulla
679 5178 923 5245 quadam
948 5192 1091 5243 esse,
1121 5192 1240 5245 qua:
1269 5177 1477 5245 cognita
1516 5174 1759 5245 veritatis
1783 5172 1965 5245 appel-

392 5246 648 5301 lationem
696 5244 798 5301 iton
832 5248 1084 5309 habeant,
1124 5244 1217 5301 sed
1249 5244 1406 5313 supra
1441 5247 1608 5313 ipsam
1642 5244 1741 5297 sita
1772 5244 1909 5313 sint.
1939 5261 1958 5293 ι

470 5315 598 5371 Vill.
633 5315 795 5387 Sttam
821 5318 889 5371 dc
918 5318 1121 5387 Spiritu
1156 5311 1344 5371 sancto
1376 5311 1698 5387 sententiain
1730 5328 1835 5366 non
1864 5311 1966 5365 ob-

392 5386 820 5442 scure‘declarat
842 5382 1127 5455 Origenes,
1182 5397 1311 5440 tom.
1349 5401 1449 5439 χιιι
1492 5388 1543 5437 in
1573 5382 1765 5443 Joan..
1811 5397 1960 5455 num.

390 5457 481 5522 56,
521 5459 610 5512 ubi
652 5467 818 5530 tutam
851 5453 1030 5530 Patris
1052 5457 1411 5530 _voluutatem
1440 5457 1493 5510 in
1538 5455 1683 5530 Filio
1720 5468 1842 5530 esse
1873 5453 1965 5530 de-

390 5538 726 5589 monstrans,
770 5528 909 5582 idem
940 5528 1006 5581 de
1038 5526 1239 5595 Spiritu
1274 5538 1464 5581 sancto
1497 5523 1834 5580 considerari
1877 5523 1965 5595 ju-

391 5596 482 5649 bet
534 5607 588 5650 et
620 5596 868 5667 intelligi.
900 5616 919 5648 ι
958 5597 1012 5651 ld
1039 5593 1215 5651 autem
1257 5597 1842 5667 considerandumest,
1881 5593 1964 5646 in-

391 5667 529 5735 quit,
559 5676 613 5721 et
647 5667 718 5721 de
762 5663 965 5736 Spiritu
996 5678 1204 5723 sancto.
1234 5686 1252 5719 s
1291 5666 1413 5721 Haec
1456 5675 1635 5719 autem
1679 5663 1824 5717 illum
1854 5678 1962 5717 non

393 5737 919 5806 dubitanterdicere,
952 5740 1045 5792 sed
1062 5754 1126 5792 cx
1153 5739 1258 5801 his,
1283 5754 1403 5806 qua:
1424 5737 1490 5791 de
1519 5736 1653 5790 Filio
1678 5743 1959 5806 statuerat,

391 5809 523 5873 quid
577 5810 643 5861 de
693 5805 899 5874 Spiritu
941 5804 1428 5871 sentieriduut’sit,
1482 5804 1959 5872 inditiolcctorum

2073 1864 2155 1926 est
2209 1864 2299 1944 qui
2340 1864 2563 1944 puerum
2592 1864 2909 1944 susceperit,
2939 1869 3014 1923 ita
3040 1878 3098 1922 ut
3145 1869 3198 1944 in
3240 1864 3379 1918 hanc
3416 1872 3647 1944 senten—

2077 1944 2203 1995 tiam
2229 1938 2445 1995 'dictum
2479 1940 2547 1993 sit
2576 1960 2587 1994 :
2634 1941 2940 2009 Quicunque
2967 1938 3211 2005 receperit
3238 1950 3465 2009 prterunt
3486 1938 3647 2009 istum

2072 2014 2129 2065 in
2154 2014 2359 2065 nomine
2405 2027 2538 2075 meo,
2578 2004 2667 2064 me
2717 2004 2897 2078 recipit
2960 2004 3113 2080 (Luc.
3146 2004 3384 2076 ιιίιὸ).
3437 2006 3648 2080 Deinde

2071 2098 2202 2136 vero
2262 2081 2443 2142 Pater,
2475 2084 2599 2150 quia
2632 2098 2660 2133 a
2686 2077 2832 2135 Filio
2851 2077 3095 2150 separari
3128 2095 3232 2133 non
3267 2088 3470 2147 potest,
3502 2077 3649 2147 apud

2072 2167 2194 2206 eum
2237 2161 2341 2213 est,
2389 2151 2479 2219 qui
2508 2148 2701 2204 Filiqu
2736 2148 3069 2221 susceperit;
3105 2150 3243 2203 unde
3271 2150 3477 2221 dictum
3507 2156 3647 2221 est:

2074 2223 2140 2276 Et
2171 2218 2465 2291 quicunque
2494 2238 2573 2273 me
2606 2223 2874 2287 receperit,
2896 2218 3113 2291 recipit,
3153 2236 3269 2273 eum
3293 2218 3383 2289 qui
3409 2234 3494 2271 me
3539 2219 3647 2273 mi-

2070 2294 2138 2346 sit
2176 2290 2383 2363 (ibid).
2407 2314 2427 2345 ο
2467 2292 2666 2345 Emlein
2718 2293 2881 2363 igitur
2915 2290 3327 2363 modoSpiritus
3361 2305 3531 2343 unum
3563 2299 3648 2344 est

2073 2361 2193 2417 cum
2227 2362 2382 2421 Filio.
2416 2377 2524 2431 quo
2554 2362 2668 2429 ipse
2726 2361 2892 2417 Filius
2912 2378 3034 2417 cum
3068 2362 3225 2417 Patre
3265 2375 3280 2412 :
3316 2375 3483 2428 porro
3523 2377 3647 2414 cum

2072 2433 2273 2503 idcirco
2307 2430 2474 2487 Filius
2521 2448 2583 2486 ex
2618 2432 2867 2503 Qrigenis
2896 2434 3139 2488 doctrina
3170 2447 3334 2485 unutn
3400 2430 3476 2484 sit
3521 2448 3645 2485 cuin

2071 2502 2252 2566 Patre,
2294 2504 2416 2571 quia
2459 2511 2567 2557 tota
2616 2502 2789 2559 Patris
2840 2504 3091 2559 voluntas
3158 2503 3274 2556 sive
3314 2503 3561 2555 essentia
3596 2504 3646 2556 ei

2074 2574 2265 2627 tradita
2329 2574 2429 2626 fuit
2475 2588 2505 2626 a
2558 2571 2757 2637 Patre;
2809 2589 3031 2628 necesse
3064 2581 3166 2637 est,
3214 2581 3269 2623 ut
3318 2573 3518 2625 eadem
3564 2588 3649 2629 es—

2072 2644 2245 2697 sentia
2276 2642 2497 2713 Spiritui
2529 2653 2720 2700 sancto
2752 2645 2946 2699 tradita
2963 2645 3167 2714 pariter
3192 2650 3245 2697 et
3269 2643 3648 2697 communica-

2072 2722 2122 2765 ta
2150 2715 2238 2767 sit.

2142 2783 2197 2837 Ιιι
2222 2783 2467 2838 eamdem
2486 2783 2808 2838 sententiam
2834 2783 3237 2853 loquitur.tom.
3268 2800 3387 2847 xrv,
3412 2800 3571 2837 num.
3593 2783 3646 2846 Ε.

2070 2852 2160 2907 tibi
2201 2863 2366 2908 totam
2396 2855 2679 2923 scientiam
2708 2854 2826 2908 Filii
2862 2852 2915 2907 in
2942 2855 3145 2923 Spiritu
3176 2866 3364 2907 saneto
3397 2870 3525 2909 esse
3554 2857 3648 2908 do—

2068 2932 2155 2977 cet
2186 2940 2201 2976 :
2244 2941 2263 2974 ι
2298 2923 2781 2990 Quemadmodum,
2818 2926 3010 2991 inquit,
3043 2940 3191 2977 nemo
3225 2923 3498 2978 hominum
3549 2930 3648 2978 scit

2066 3009 2183 3060 qua:
2208 3006 2327 3063 sunt
2371 2995 2620 3061 hominis,
2648 2995 2748 3048 nisi
2771 2996 3011 3063 spiritus,
3056 2995 3145 3061 qui
3179 2995 3233 3046 in
3282 2996 3397 3061 ipso
3435 3003 3565 3056 est;
3600 3007 3646 3048 et

2102 3080 2182 3137 uie
2211 3062 2308 3119 Dei
2332 3072 2488 3137 _s_unt_
2516 3080 2663 3118 nemo
2720 3068 2976 3137 cognovit,
3026 3065 3125 3118 nisi
3167 3063 3404 3137 Spiritus
3451 3063 3556 3118 Dei
3595 3064 3649 3137 (ι

2112 3150 2209 3205 or.
2230 3152 2294 3201 tt,
2324 3133 2447 3205 li);
2476 3134 2549 3188 ita
2581 3150 2700 3203 quae
2747 3135 2997 3190 Christus
3039 3137 3092 3189 in
3132 3134 3437 3203 proverbiis
3462 3144 3523 3188 et
3552 3133 3650 3204 pa-

2069 3204 2265 3259 raltolis
2299 3204 2511 3260 locutus
2543 3215 2645 3269 est,
2698 3214 2819 3274 post
2862 3205 3025 3260 Deum
3074 3220 3230 3258 nemo
3255 3205 3405 3274 novit
3443 3218 3649 3272 praeter

2068 3275 2328 3341 Spiritum
2378 3275 2602 3344 Christi,
2660 3273 2813 3341 cujus
2849 3277 2943 3345 qui
2992 3276 3261 3345 particeps
3304 3273 3498 3336 fuerit,
3538 3293 3647 3331 non

2066 3345 2240 3399 solum
2307 3355 2575 3415 quatenus
2632 3345 2835 3401 Christi
2892 3346 3125 3415 Spiritus
3172 3354 3252 3415 est
3280 3385 3293 3408 ,
3330 3347 3427 3415 sed
3474 3347 3647 3400 etiam

2066 3411 2588 3481 quatenus—Christi,
2640 3429 2698 3470 ut
2729 3411 3036 3479 Sapieniiae,
3074 3425 3135 3469 ut
3185 3411 3371 3477 Verbi,
3429 3416 3475 3469 is
3526 3432 3647 3485 quae

2069 3486 2169 3539 sibi
2206 3501 2367 3553 super
2394 3486 2494 3540 hoc
2533 3486 2649 3542 loco
2682 3498 2868 3556 aperta
2904 3486 3104 3541 fuerint
3138 3494 3190 3541 et
3225 3494 3429 3539 retecta
3458 3489 3648 3541 animo

2068 3557 2419 3625 contemplari
2456 3558 2674 3624 poterit.
2698 3576 2719 3608 ι

2142 3624 2302 3695 Tom.
2361 3641 2513 3681 xxxii
2553 3628 2608 3680 in
2656 3625 2847 3692 Joan.,
2901 3626 3165 3688 uutn.18,
3198 3626 3310 3681 hate
3345 3626 3645 3695 leguntur:

2073 3714 2092 3748 ι
2130 3694 2247 3766 Non
2302 3698 2539 3750 arbitror
2595 3698 2872 3765 percipere
2914 3697 3148 3766 aliquem
3196 3712 3351 3763 posse
3406 3694 3644 3766 omnem

2066 3765 2403 3836 splendorem
2446 3767 2613 3822 totius
2653 3767 2838 3837 gloriae
2887 3766 3001 3831 Dei,
3038 3767 3139 3820 nisi
3194 3767 3384 3821 Filium
3421 3765 3544 3823 Dei.
3586 3769 3647 3821 Si

2067 3852 2133 3891 eo
2178 3838 2346 3906 addas
2372 3838 2536 3892 etiam
2574 3838 2693 3906 ejus
2728 3837 3026 3905 Spiritum,
3069 3840 3269 3906 optime
3318 3845 3372 3889 tu
3415 3839 3643 3906 quidem

2067 3915 2122 3959 et
2166 3905 2561 3961 absolutissime
2606 3905 2690 3961 ide
2737 3908 2847 3961 Deo
2903 3908 3050 3961 dices
3082 3905 3137 3960 et
3185 3908 3404 3962 senties.
3435 3905 3496 3959 't‘
3534 3909 3645 3962 Sed

2068 3977 2181 4030 haec
2217 3988 2488 4043 postrema
2518 3978 2697 4039 verba,
2738 3993 2857 4045 qua!
2912 3994 2939 4029 a
2976 3976 3015 4029 F
3020 3979 3226 4032 errario
3274 3980 3643 4045 praetermissa

2068 4048 2331 4116 supplevit
2359 4047 2609 4109 Huctius,
2634 4049 2885 4101 videntur
2906 4062 2936 4100 e
2967 4049 3205 4117 margine
3238 4049 3288 4100 in
3317 4057 3642 4102 contextmn

2070 4118 2370 4188 irrepsisse.
2393 4118 2509 4188 Sic
2558 4118 2699 4188 enim
2751 4118 2951 4188 habent
2991 4116 3174 4171 Graeca
3210 4118 3317 4173 :Ei
3347 4119 3642 4188 γπροσὲθου

2068 4187 2161 4239 καὶ
2189 4188 2247 4239 τὸ
2276 4186 2505 4257 Πνεῦμα.
2530 4187 2591 4239 τὸ
2621 4187 2805 4251 αὐτοῦ,
2839 4187 3035 4257 ἄριστά
3084 4204 3165 4240 σοι
3210 4188 3273 4241 ἂν
3308 4186 3644 4256 ἐθεόλογεῖτο

2070 4259 2163 4310 καὶ
2187 4256 2511 4313 τελεώτατα.
2578 4278 2595 4308 ι
2654 4258 2709 4310 Si
2756 4256 3058 4312 addtdisses
3108 4269 3162 4312 et
3210 4260 3467 4327 Spiritum
3495 4260 3643 4327 ejus,

2068 4328 2271 4395 Optime
2320 4331 2536 4395 quidem
2587 4338 2644 4382 et
2698 4328 3094 4381 absolutissime
3122 4331 3189 4383 de
3243 4330 3404 4382 rebus
3440 4330 3645 4384 divinis

2069 4400 2300 4452 dixisses
2325 4410 2379 4451 et
2400 4400 2684 4452 sensisses.
2728 4417 2746 4449 ι
2780 4396 2969 4466 Liquet
3002 4398 3115 4452 inec
3142 4400 3208 4452 ab
3235 4400 3466 4467 Origene
3499 4405 3645 4453 scri-

2069 4478 2157 4534 pta
2192 4484 2297 4521 non
2328 4483 2468 4527 esse.
2516 4470 2611 4522 sed
2656 4468 2723 4522 ab
2773 4472 2878 4520 alio
2930 4478 3110 4521 notata
3160 4472 3381 4523 moleste
3429 4469 3645 4524 ferente

2070 4538 2331 4606 Spiritum
2368 4550 2614 4591 sanctum
2648 4539 2749 4591 hoc
2786 4538 2904 4592 loco
2939 4540 3295 4605 praetermitti.
3350 4541 3417 4591 At
3444 4554 3642 4607 parum

2068 4624 2219 4676 aequa
2270 4610 2384 4662 haec
2417 4613 2640 4662 notatio.
2688 4609 2801 4662 Non
2860 4611 3001 4662 enim
3053 4611 3225 4663 solent
3278 4609 3639 4663 ecclesiastici

2066 4680 2383 4744 scriptores,
2415 4694 2536 4731 cum
2561 4680 2627 4732 de
2659 4677 2796 4732 Filio
2823 4678 3114 4742 disserunt,
3140 4696 3201 4733 ea
3225 4694 3439 4747 semper
3469 4684 3642 4733 attin-

2066 4764 2217 4815 gere,
2249 4765 2368 4817 quaa
2392 4750 2457 4801 ad
2496 4750 2754 4817 Spiritum
2802 4760 3049 4803 sanctum
3080 4752 3328 4802 attinent.
3375 4748 3539 4804 Facit
3586 4752 3636 4802 id

2066 4818 2336 4872 interdum
2368 4819 2654 4885 Origenes,
2678 4831 2735 4872 ut
2784 4832 2912 4873 tom.
2953 4834 2991 4872 tt
3035 4822 3091 4873 in
3129 4820 3317 4881 Joan.,
3358 4836 3509 4874 num.
3541 4818 3640 4882 23.

2069 4888 2155 4958 ubi
2188 4890 2350 4943 multa
2392 4892 2443 4942 in
2489 4889 2599 4943 Deo
2628 4906 2746 4944 esse
2798 4900 3063 4953 statuens,
3111 4906 3231 4958 qua:
3267 4891 3409 4943 nulla
3456 4907 3543 4944 res
3574 4892 3641 4943 ab

2064 4956 2172 5012 alio
2202 4974 2320 5013 esse
2367 4959 2571 5014 habens
2622 4961 2788 5029 possit
2822 4956 3296 5028 comprehendere,
3354 4962 3639 5015 Christum

2065 5037 2120 5081 et
2153 5030 2410 5096 Spiritum
2449 5041 2691 5084 sanctum
2721 5032 3033 5083 nominatim
3060 5030 3278 5098 excipit.
3310 5030 3488 5085 Multis
3517 5033 3640 5085 aliis

2065 5098 2119 5151 itt
2162 5099 2293 5153 locis
2328 5100 2585 5169 Spiritum
2616 5118 2738 5155 cum
2772 5099 2909 5153 Filio
2955 5100 3233 5167 adjungit;
3295 5102 3443 5171 quod
3473 5117 3642 5169 argu-

2067 5182 2251 5241 mento
2299 5181 2539 5241 estieunt
2588 5188 2690 5226 non
2755 5172 2995 5234 excludi,
3052 5172 3096 5225 si
3126 5178 3360 5241 quando
3410 5183 3639 5241 praeter-

2066 5239 2330 5294 mittatur.
2384 5240 2440 5293 Ιιι
2476 5255 2540 5293 eo
2573 5255 2751 5296 autem
2797 5241 2935 5311 loco,
2964 5242 3055 5311 qui
3087 5240 3247 5295 alicui
3292 5239 3482 5297 lectori
3524 5252 3640 5296 sto-

2066 5312 2313 5363 machum
2371 5311 2517 5375 fecit,
2555 5313 2809 5366 observat
2854 5310 3149 5377 Origenes.
3205 5324 3490 5381 postquam
3545 5316 3641 5366 de.

2068 5391 2421 5434 monstratum
2449 5394 2527 5434 est
2586 5381 2802 5435 Patrem
2840 5384 2893 5434 in
2932 5382 3071 5436 Filio
3103 5382 3414 5449 glorilicari,
3464 5386 3636 5450 (μιξετὶ

2064 5466 2222 5519 posse
2278 5468 2381 5504 non
2435 5452 2790 5517 incouunode,
2837 5471 2855 5504 ι
2903 5456 3174 5521 quomodo
3225 5464 3278 5507 et
3328 5456 3380 5506 in
3428 5453 3637 5519 Spiritu

2066 5530 2257 5593 sancto
2287 5522 2633 5590 glorilicetur,
2668 5532 2723 5576 et
2753 5525 2805 5575 in
2852 5524 3125 5585 omnibus,
3155 5524 3353 5593 quibus
3385 5525 3639 5593 apparuit

2065 5590 2233 5658 gloria
2275 5593 2482 5647 Domini
2528 5603 2620 5645 aut
2658 5596 2959 5662 apparebit.
2995 5612 3016 5645 ι
3066 5590 3203 5648 Tum
3236 5590 3436 5648 statuit
3466 5590 3639 5648 totius

2063 5662 2248 5730 gloriae
2270 5663 2605 5731 splendorem
2644 5678 2766 5717 esse
2824 5663 3060 5730 Filium;
3120 5683 3139 5716 ι
3172 5667 3265 5718 sed
3302 5679 3481 5718 tamen
3508 5680 3635 5731 per-

2064 5733 2257 5805 venire
2277 5733 2636 5805 particulares
2667 5733 2986 5803 splendores
3010 5740 3077 5789 ab
3105 5736 3206 5791 hoc
3233 5737 3524 5805 splendore
3556 5748 3637 5787 to-

2067 5803 2170 5857 tius
2212 5803 2392 5873 gloria-
2434 5805 2500 5859 ad
2549 5804 2806 5873 reliquam
2849 5816 3153 5863 creaturam
3201 5803 3424 5863 rationis
3470 5807 3633 5876 parti-
