3870 6220
418 332 521 387 727

1674 341 1730 395 P.
1775 338 2088 394 DANIELIS
2126 344 2166 391 ii
2179 336 2355 392 UETII

3557 324 3664 379 7:23

411 449 506 502 τὸν
530 449 766 523 Πατέρα.
805 452 937 509 llinc
967 457 1253 513 concludat
1284 459 1474 528 aliquis
1499 458 1657 512 aliain
1688 460 1833 513 Patri
1865 460 1991 511 sub-
2019 464 2063 519 Α
2094 467 2285 510 natura
2316 456 2548 509 humana
2593 451 2903 507 inferiorem
2944 462 3004 502 se
3054 446 3221 515 gessit
3253 456 3474 512 paterna
3515 443 3660 503 luce,

415 542 707 603 Statiliam,
750 545 907 598 aliam
966 546 1100 600 Filio
1141 547 1428 617 Origeuem
1495 550 1765 605 tribuisse.
1816 552 1886 604 At
1926 548 1978 603 id

417 641 566 685 certe
597 634 729 687 satis
762 635 966 690 clarum
992 653 1097 691 non
1127 649 1211 693 est
1233 657 1247 693 :
1273 655 1394 693 nam
1421 640 1508 694 hic
1535 649 1693 710 negat
1722 640 1979 708 simplici-

419 730 500 773 ter
524 723 699 789 colligi
736 740 895 794 posse
918 742 981 781 ex
1013 730 1096 783 his
1120 732 1327 786 duobus
1357 730 1578 786 Joannis
1609 733 1737 785 locis
1767 732 1976 787 Patrem

416 826 444 864 a
472 813 605 868 Filio
642 833 745 871 non
777 818 989 875 diﬂerre
1018 823 1317 877 substantia
1344 842 1359 888 ;
1391 824 1611 878 minime
1654 838 1780 879 vero
1823 832 1983 894 negat

416 917 522 957 non
551 904 789 963 differre.
821 908 965 964 Vidit
1008 910 1059 964 id
1094 911 1375 967 Ferrarius
1408 912 1654 985 Origenis
1694 914 1979 982 interpres,

417 1005 470 1050 et
498 999 792 1054 adnotavit.
829 1002 1078 1071 Apertius
1122 1003 1221 1058 loci
1270 1004 1509 1074 pateﬁeri
1541 1005 1755 1060 videtur
1792 1017 1983 1058 sensus

415 1101 481 1138 ex
530 1090 904 1157 sequentibus,
949 1093 1002 1145 in
1032 1095 1227 1163 quibus
1272 1096 1346 1148 ait
1374 1095 1634 1165 Origenes
1662 1094 1898 1148 futurum
1925 1104 1984 1147 ut

416 1180 506 1247 qui
555 1182 769 1238 cautius
806 1186 1121 1253 attenderit,
1144 1197 1200 1241 et
1223 1188 1436 1242 saniora
1467 1187 1707 1258 proloqui
1730 1186 1979 1247 voluerit,

414 1272 561 1325 dicat
584 1273 792 1329 Patrem
813 1278 904 1345 qui
930 1276 1017 1330 lux
1043 1288 1147 1346 est,
1185 1289 1403 1334 eatenus
1430 1278 1647 1333 differre
1676 1295 1703 1330 a
1735 1277 1873 1332 Filio
1893 1279 1985 1346 qui

413 1360 502 1415 lux
530 1373 611 1417 est
648 1364 917 1431 similiter,
952 1378 1217 1438 quatenus
1260 1368 1346 1423 lux
1374 1368 1541 1422 Filius
1571 1368 1712 1423 lucet
1742 1368 1795 1419 in
1834 1379 1982 1421 tene-

414 1456 547 1519 bris,
579 1465 632 1509 et
653 1456 721 1512 ab
751 1458 879 1527 ipsis
915 1470 1285 1530 oppugnatur;
1315 1478 1436 1516 cum
1471 1474 1663 1529 nempe
1705 1469 1979 1528 assumpta

410 1568 699 1645 obalae,__id
734 1581 813 1624 est
846 1572 1156 1626 substantiae
1186 1573 1409 1645 nomine
1440 1590 1661 1639 persona
1703 1572 1967 1645 intelliga-

412 1647 587 1712 gatur.
616 1639 806 1712 Neqne
832 1655 1048 1712 necesse
1077 1652 1158 1696 est
1192 1644 1265 1696 uti
1296 1644 1471 1709 venia,
1507 1659 1664 1712 quam
1695 1646 1785 1695 dat
1824 1639 1966 1697 litie-

414 1708 537 1783 t_ius,
570 1719 626 1762 ut
655 1724 749 1783 eos
774 1708 1030 1783 Origenes
1062 1714 1281 1783 minime
1312 1708 1853 1779 dicatur'vituperare
1875 1714 1966 1783 qui

2084 564 2204 619 qua:
2250 561 2355 601 non
2408 545 2550 598 lucet
2597 544 2649 597 in
2705 541 2938 596 tenebris
2977 556 2993 591 :
3028 532 3100 608 ᾯ
3126 537 3233 609 γὰρ
3272 536 3440 605 λόγῳ,
3488 535 3666 601 inquit

2085 654 2233 695 num.
2263 637 2352 699 21,
2375 639 2403 690 ὁ
2422 634 2609 706 Πατὴρ
2643 634 2799 705 μόνος
2823 632 2934 702 ἔχει
2982 629 3298 694 ἀθανασίαν,
3319 626 3412 683 τοῦ
3452 626 3661 695 Κυρίου

2084 732 2239 802 ἡμῶν
2263 730 2351 784 διὰ
2370 727 2773 799 φιλανθρωπίαν
2811 727 3037 779 θάνατον
3061 723 3151 776 τὸν
3176 720 3313 791 ὑπὲρ
3339 718 3493 790 ήμῶν
3514 717 3665 769 ἀνει-

2085 822 2332 893 ληφότος,
2368 820 2539 891 τούτῳ
2570 822 2598 873 ὁ
2635 818 2820 888 Πατὴρ
2870 817 2980 886 ἔχει
3043 815 3201 884 μόνος
3248 811 3308 863 τό
3334 828 3347 839 ·
3376 807 3566 861 σκοτία
3603 809 3663 859 ὲν

2086 914 2234 985 αὐτῷ
2266 916 2364 968 οὐκ
2417 913 2562 966 ἐστιν
2595 912 2837 980 οὐδεμία,
2872 908 2965 962 τοῦ
3006 904 3241 977 Χριστοῦ
3276 903 3362 957 διὰ
3400 900 3497 972 τὴν
3526 900 3662 970 πρὸς

2085 1004 2401 1078 ἀνθρώπους
2445 1004 2759 1076 εὐεργεσίαν
2794 1002 2876 1071 ἐφ’
2910 1000 3067 1055 αὑτὸν
3094 999 3249 1070 ἡμῶν
3286 995 3501 1058 σκοτίας
3540 995 3665 1047 ἀνα⁸

2083 1098 2235 1166 δεδεγ
2242 1097 2418 1168 μένου.

2158 1190 2271 1261 (76)
2304 1191 2407 1243 Sed
2435 1204 2626 1243 vereor
2668 1196 2845 1242 tamen
2878 1200 2945 1240 ne
2979 1185 3046 1239 de
3076 1182 3367 1239 Platonicae
3399 1183 3663 1238 doctrina:

2091 1283 2375 1336 narthecio
2429 1281 2738 1350 deprompta
2790 1280 2892 1332 ista
2926 1278 3056 1331 sint.
3114 1276 3347 1330 Docebat
3390 1274 3661 1344 siquidem

2087 1371 2235 1426 Plato
2247 1373 2500 1442 τάγαθὸν.
2520 1373 2631 1426 sive
2645 1371 2811 1425 Deum
2825 1369 3058 1433 Patrem,
3077 1382 3288 1423 creasse
3302 1366 3445 1430 νοῦν,
3463 1367 3665 1421 mundo

2085 1464 2414 1531 proximum,
2459 1463 2546 1532 qui
2579 1476 2682 1530 qua
2723 1467 2876 1529 parte
2910 1459 3234 1528 respiciebat
3276 1456 3511 1521 Patrem,
3546 1457 3665 1524 ejus

2079 1593 2098 1627 ‹
2124 1577 2374 1645 Apertius
2397 1586 2573 1629 autem
2594 1574 2801 1628 Patrem
2826 1582 2879 1627 et
2896 1571 3087 1645 Filium
3108 1571 3239 1624 duas
3261 1571 3404 1645 luces
3431 1572 3665 1645 exsiste-

2075 1661 2131 1699 re
2149 1642 2242 1716 per
2264 1649 2375 1701 hiec
2396 1662 2424 1698 a
2449 1647 2647 1699 Davide
2666 1645 2924 1707 sciemus,
2952 1642 3156 1716 psalmo
3189 1642 3376 1716 quinto
3406 1651 3462 1694 et
3491 1644 3659 1716 trime.

2073 1709 2209 1769 sitne
2241 1717 2490 1770 dicente:
2518 1716 2584 1768 In
2611 1716 2805 1767 lumine
2840 1724 2927 1765 tuo
2958 1711 3241 1765 videbimus
3270 1712 3443 1765 lumen
3483 1709 3663 1779 (Psal.

411 1776 624 1832 Patrem
653 1794 683 1831 a
711 1780 847 1851 Filio
870 1776 1029 1851 οὐσίᾳ
1052 1797 1153 1835 non
1180 1780 1395 1837 differre
1421 1776 1751 1847 statuebant,
1770 1785 1861 1837 sed
1893 1776 1987 1840 eos
2018 1793 2060 1847 B
2090 1801 2252 1849 xxxv,
2302 1787 2410 1851 10).
2442 1804 2459 1836 ›
2485 1785 2621 1851 Quid
2657 1782 2857 1851 igitur?
2902 1797 2969 1851 an
2993 1780 3277 1851 Origenem
3306 1776 3560 1851 dicemus
3594 1785 3665 1837 ab

414 1858 643 1910 tantum,
660 1849 898 1917 quihanc
912 1849 1230 1905 sententiam
1255 1867 1317 1906 ex
1343 1851 1643 1907 hisduobus
1666 1852 1888 1907 Joannis
1905 1854 1988 1907 lo-

412 1917 493 1971 cis
521 1918 876 1972 deducebant.
896 1920 1071 1990 ipsam
1099 1923 1338 1989 profecto
1358 1923 1678 1976 sententiam
1696 1925 1987 1990 vituperat,

413 1995 641 2059 utpatet
669 2003 736 2041 ex
764 1989 944 2059 verbis
970 1991 1340 2056 sequentibus,
1370 2006 1488 2059 qua:
1522 1992 1693 2046 lucem
1718 1992 1843 2044 huic
1872 1992 1989 2048 loco

412 2056 642 2132 afferent
661 2059 758 2132 :_'O
789 2057 846 2110 δέ
864 2076 946 2132 τις
969 2059 1354 2132 ἀκριϐέστερον
1379 2056 1643 2132 ςξηρήσας,
1661 2064 1688 2114 ὁ
1719 2062 1810 2115 καὶ
1838 2062 1987 2131 ὑγιέ-

412 2141 599 2203 στερον
630 2127 825 2203 λέχων,
849 2129 1010 2203 φήσει
1035 2125 1096 2181 οὐ
1129 2125 1321 2203 ταυτὸν
1348 2125 1489 2203 εἶναι
1509 2125 1583 2183 ’τὺ
1616 2133 1804 2200 φαῖνον
1825 2125 1893 2183 ἐν’
1916 2136 1981 2203 τῇ

412 2196 601 2272 σκοτία
635 2197 769 2272 φῷς,
794 2196 921 2272 Δκαζ
956 2198 1040 2272 μῂ-
1076 2196 1638 2272 καεαλαμὸανόμενον
1668 2202 1758 2254 ὑπ’
1795 2196 1985 2272 αὐτῆέζ

531 2264 591 2319 τδ
623 2264 756 2340 φῶς,
790 2269 847 2321 ὲν
888 2264 933 2335 ᾧ
956 2264 1207 2340 οὐδαμῶς
1254 2264 1368 2327 ἐστι
1403 2264 1610 2324 σιίοτία.
1651 2289 1669 2323 ι
1715 2273 1815 2337 Qui
1856 2264 1986 2327 vero

412 2336 720 2407 diligentius
760 2336 1162 2402 observaverit,
1198 2352 1253 2395 et
1300 2344 1498 2395 rectius
1544 2336 1755 2395 locutus
1799 2342 1981 2407 fuerit,

411 2404 554 2479 dicet
575 2422 678 2460 non
713 2408 849 2461 idem
879 2424 997 2463 esse
1024 2410 1215 2473 lucem,
1248 2426 1365 2479 quas
1399 2410 1540 2465 lucet
1562 2411 1613 2465 in
1644 2404 1985 2474 tenebris,ab

410 2475 491 2529 eis
519 2490 621 2530 non
644 2480 1047 2550 comprehensa,
1075 2490 1125 2531 et
1152 2475 1321 2534 lucem
1358 2482 1411 2534 in
1430 2496 1535 2550 qua
1568 2481 1981 2550 haudquaquam

410 2553 538 2598 sunt
571 2548 825 2601 tenebrae.
868 2566 888 2600 s
931 2548 1006 2602 Ex
1045 2550 1129 2603 his
1159 2554 1330 2617 primo
1356 2548 1780 2606 concludendum
1824 2548 1982 2604 vide-

413 2623 502 2690 tur
530 2631 633 2690 non
668 2616 987 2690 catholicam
1013 2616 1336 2690 doctrinam,
1377 2634 1496 2690 (piae
1520 2635 1679 2673 unam
1712 2628 1765 2673 et
1791 2622 1982 2690 rsingu-

411 2682 575 2738 larem
606 2686 781 2740 Patris
818 2696 872 2741 et
901 2687 1023 2741 Filii
1074 2682 1431 2743 substantiam
1470 2690 1727 2753 defendit,
1754 2689 1821 2743 ab
1860 2682 1981 2743 Ori-

409 2769 545 2831 gene
591 2754 759 2831 refelli
787 2774 800 2831 ξ
832 2758 923 2831 sed
959 2758 1271 2831 haereticos,
1297 2762 1408 2826 qui,
1443 2768 1501 2811 ut
1549 2761 1683 2831 tanti
1734 2761 1975 2831 mysterii

410 2825 664 2878 credendi
697 2826 994 2881 molestiam
1037 2828 1138 2882 sibi
1180 2825 1516 2893 excuterem,
1556 2830 1767 2883 Patrem
1790 2825 1854 2884 'et
1885 2830 1924 2884 F
1931 2832 1977 2883 i-

412 2893 538 2946 lium
576 2895 770 2949 ταὺτδν
820 2910 958 2964 esse,
991 2897 1042 2951 id
1073 2908 1154 2953 est
1190 2913 1352 2951 unam
1391 2908 1445 2952 et
1477 2900 1724 2953 eamdem
1758 2915 1871 2954 rem
1914 2916 1979 2955 ae

411 2978 691 3031 personam
719 2966 985 3021 volebant.
1010 2968 1156 3022 llaiic
1172 2970 1314 3023 enim
1342 2969 1500 3024 habet
1523 2969 1625 3021 vim
1657 2978 1711 3024 et
1730 2980 1973 3023 naturam

409 3033 535 3086 illud
562 3035 773 3107 ταύτὸν,
794 3040 935 3107 quod
962 3038 1027 3091 de
1051 3038 1209 3092 Patre
1234 3046 1287 3091 et
1309 3037 1444 3093 Filio
1469 3039 1575 3092 dici
1617 3048 1763 3094 vetat
1780 3080 1798 3103 ,
1815 3050 1871 3092 ut
1890 3056 1977 3107 pa-

410 3114 483 3156 tet
513 3105 591 3157 vel
613 3120 676 3184 ex
693 3107 880 3184 eodem
909 3106 1009 3184 hoc
1022 3107 1145 3184 _loc_o
1168 3108 1346 3184 inquo
1368 3122 1614 3174 qtizerens
1645 3124 1741 3184 cur
1763 3105 1979 3184 sanctus
2007 3126 2049 3184 α

409 3175 743 3246 evangelista
762 3176 991 3229 dixerit:
1014 3177 1079 3229 In
1106 3179 1217 3246 ipso
1244 3180 1349 3232 vita
1380 3186 1512 3241 erat,
1542 3189 1589 3231 et
1616 3179 1721 3232 vita
1748 3191 1857 3231 erat
1887 3180 1979 3234 lita:

408 3244 675 3298 hominum
691 3244 1025 3317 (Joan.t,4),
1047 3244 1231 3314 sicque
1268 3248 1429 3301 vitam
1458 3248 1561 3317 luci
1607 3251 1977 3317 praeposuerit,

408 3317 697 3384 respondet
722 3317 883 3369 vitam
913 3316 1188 3381 et'lucem,
1220 3319 1320 3371 etsi
1345 3316 1509 3373 ταύτὸ
1540 3334 1702 3371 unum
1739 3329 1793 3372 et
1817 3321 1977 3383 idem,

408 3385 577 3438 variis
614 3393 787 3438 tamen
836 3386 1005 3440 modis
1044 3388 1398 3441 considerari.
1433 3388 1490 3443 2°
1526 3386 1657 3441 Cum
1700 3390 1976 3452 haeretici,

408 3466 545 3521 quos
580 3452 781 3508 refellit
814 3456 1092 3523 Origenes,
1124 3458 1278 3509 unius
1299 3461 1547 3512 essentia:
1577 3460 1792 3512 nomine
1817 3474 1977 3512 unaut

407 3535 698 3599 personam
731 3526 1109 3599 intelligerent,
1131 3527 1363 3599 dubium
1383 3542 1489 3581 non
1522 3537 1605 3599 est
1630 3530 1759 3599 quin
1790 3526 1981 3599 Orige-

407 3606 506 3645 nes
528 3593 697 3646 eidem
727 3596 841 3649 voci
869 3593 1111 3649 eamdem
1136 3598 1459 3651 sententiam
1482 3596 1790 3664 subjecerit,
1808 3608 1860 3652 et
1878 3593 1978 3653 sub

407 3664 569 3740 unius
585 3667 829 3740 essentia:
846 3666 1063 3740 nomine
1081 3666 1505 3740 singularitatem
1524 3683 1768 3740 personae
1786 3668 1980 3740 rejece-

408 3731 506 3808 r_il.
530 3731 653 3808 Hac
673 3735 981 3808 observatio
1014 3736 1144 3808 inde,
1164 3731 1540 3808 continuatur,
1565 3741 1703 3805 quod
1722 3731 1982 3808 Origenes

408 3800 534 3873 dum
554 3802 691 3859 hanc
715 3805 956 3859 haeresim
979 3806 1195 3867 refellit,
1215 3807 1266 3859 in
1285 3800 1608 3861 contrariam
1629 3823 1732 3861 non
1752 3800 1975 3873 feratur,

408 3871 503 3945 sed
527 3874 765 3945 medium
799 3884 999 3943 teneat,
1035 3886 1092 3930 ut
1122 3877 1385 3931 catholica
1418 3892 1632 3945 semper
1673 3878 1846 3931 tenuit
1874 3871 1978 3932 Ec;

408 3940 595 4018 ciesia.
626 3944 681 3997 Si
712 3945 853 3997 enim
885 3940 1071 4018 contra
1102 3947 1382 4018 hazreticos
1413 3940 1599 4018 verum
1619 3947 1741 4018 Deo
1782 3946 1973 4018 Filium

406 4010 669 4077 Vindicat,
706 4024 764 4066 ut
797 4031 899 4069 lion
935 4017 1092 4069 aliam
1131 4015 1306 4070 Patris
1336 4026 1391 4069 et
1422 4017 1540 4070 Filii
1579 4017 1975 4071 distinctionem

409 4090 598 4154 ponat,
621 4097 780 4151 quam
821 4100 939 4152 qua:
966 4101 1031 4140 ex
1063 4088 1177 4154 ipsa
1204 4084 1378 4141 Patris
1404 4096 1456 4140 et
1484 4085 1605 4141 Filii
1631 4088 1848 4142 notione
1883 4089 1978 4142 de-

408 4149 654 4223 ducitnr.‘
688 4149 977 4223 Postquam
1013 4149 1155 4209 enim
1208 4157 1597 4211 demonstravit
1653 4159 1707 4210 in
1762 4155 1975 4213 Patrem

407 4235 514 4306 non
540 4222 742 4306 cadere
770 4222 1109 4305 ut’luceatiii
1136 4226 1371 4306 tenebris
1390 4226 1917 4306 etpersecutioneui
1944 4242 1976 4280 a

407 4290 649 4364 tenebris
678 4293 933 4361 patiatur,
966 4296 1090 4364 quia
1141 4295 1255 4347 liiec
1291 4297 1357 4348 ad
1390 4290 1512 4356 Filii
1543 4296 1973 4351 incarnationem

410 4358 737 4425 referuntur,
764 4358 925 4417 hanc
957 4358 1167 4418 tertiam
1220 4367 1480 4419 rationem
1508 4366 1655 4419 addit
1679 4380 1694 4417 :
1723 4384 1742 4417 ι
1771 4364 1972 4430 Tertio,

410 4430 602 4497 inquit,
632 4433 830 4486 dicitur
856 4433 971 4487 haec
998 4434 1085 4487 lux
1115 4433 1203 4486 lux
1242 4449 1393 4498 vera,
1426 4448 1529 4501 qua
1578 4437 1787 4490 ratione
1813 4435 1975 4490 Pater

407 4502 649 4573 veritatis
682 4503 820 4557 Deus
863 4505 1093 4572 amplior
1126 4515 1208 4557 est
1241 4516 1297 4557 et
1336 4506 1505 4573 major
1551 4518 1711 4573 quam
1739 4506 1967 4571 veritas;

405 4577 462 4644 et
507 4568 669 4625 Pater
700 4587 820 4644 cum
856 4575 926 4626 sit
955 4568 1273 4642 Sapientia,
1305 4568 1507 4641 quanto
1539 4568 1709 4642 ipsam
1742 4568 1969 4644 Sapieué

409 4639 570 4703 tiam,
605 4651 752 4713 tanto
783 4643 952 4697 lucem
996 4639 1176 4713 veram
1224 4639 1463 4710 superat.
1497 4661 1517 4694 ι
1559 4639 1972 4713 Defendit-ergo

409 4711 743 4780 mysterium,
781 4714 920 4780 quod
972 4711 1159 4766 nefarii
1204 4714 1439 4766 haeretici
1487 4715 1838 4779 evertebant;
1878 4711 1975 4770 nec

407 4777 568 4836 aliam
608 4777 871 4853 rat_ionein
907 4781 1095 4853 all‘ert,
1128 4797 1226 4839 cur
1260 4782 1419 4836 Pater
1448 4798 1476 4835 a
1510 4783 1645 4837 Filio
1664 4777 1977 4853 distingua-

412 4858 518 4911 tur,
544 4863 646 4919 fur
672 4849 838 4904 Filius
870 4852 1041 4919 major
1078 4853 1165 4916 sit,
1199 4853 1298 4904 uisi
1336 4854 1478 4919 quod
1515 4855 1625 4907 veri
1658 4852 1777 4911 Filii
1816 4849 1975 4908 verus

408 4929 493 4970 est
543 4916 719 4973 Pater.
752 4920 807 4971 3°
836 4916 971 4974 Νοιῖ
1000 4921 1197 4977 invitus
1253 4916 1460 4976 fatebor
1501 4923 1640 4976 idem
1690 4922 1884 4976 factum
1908 4926 1976 4978 ab

409 4988 662 5059 Origene,
693 4992 833 5057 quod
873 5005 904 5043 a
946 4991 1129 5045 multis
1183 4992 1303 5045 aliis
1347 4993 1767 5046 accuratissimis
1804 4993 1978 5047 Patri-

410 5061 528 5123 bus,
558 5060 673 5127 qui,
699 5062 799 5113 etsi
842 5077 1001 5113 unam
1031 5071 1085 5114 et
1123 5061 1449 5129 singularem
1485 5071 1668 5115 tenent
1706 5063 1759 5114 iii
1808 5064 1978 5117 tribus

407 5130 651 5199 personis
677 5132 1002 5199 essentiam,
1036 5134 1158 5199 quia
1209 5142 1389 5185 tamen
1432 5132 1545 5185 htec
1576 5132 1809 5189 essentia
1844 5133 1979 5187 alias

411 5201 575 5251 habet
603 5198 657 5252 in
688 5198 867 5264 Patre,
894 5202 1028 5254 alias
1053 5198 1103 5253 iii
1130 5200 1265 5254 Filio
1296 5202 1673 5268 proprietates,
1711 5202 1977 5256 interdum

412 5268 591 5330 habita
644 5270 853 5323 ratione
900 5270 1202 5338 hujusmodi
1261 5271 1624 5340 personaliuiu
1685 5273 1979 5339 proprieta-

412 5347 547 5409 tum,
583 5340 873 5393 essentiam
911 5340 1027 5394 Filii
1071 5342 1137 5392 ab
1163 5339 1395 5393 essentia
1427 5340 1602 5395 Patris
1627 5341 1977 5409 distinguunt.

410 5408 550 5461 Nihil
583 5410 742 5476 igitur
768 5411 957 5462 mirum
983 5411 1024 5463 si
1044 5408 1303 5477 Origenes
1327 5412 1425 5463 hoc
1452 5412 1571 5465 loco
1601 5427 1777 5464 veram
1798 5408 1978 5465 lucem

411 5497 439 5530 ει
470 5478 629 5532 Patre
663 5494 802 5532 verae
831 5480 964 5532 lucis
985 5480 1281 5546 distinguit,
1309 5480 1415 5533 imo
1454 5481 1665 5535 Patrem
1703 5491 1758 5534 et
1784 5480 1979 5535 Filium

409 5550 725 5621 duasluces
759 5564 879 5621 esse
909 5550 1188 5621 contendit
1224 5550 1421 5621 ibidem
1452 5566 1465 5601 :
1495 5550 1982 5621 Παραστατικώτε-

414 5635 504 5695 ρον
524 5619 581 5671 δὲ
612 5617 703 5695 διξο
726 5618 1349 5695 φῶῖα-τὸνιῐιατέραικαζ
1367 5619 1458 5695 τὸν
1491 5617 1615 5675 Υἰὸν
1649 5623 1756 5674 ἀπὸ
1772 5621 1865 5674 τοῦ
1888 5625 1984 5673 Δα-

404 5689 495 5753 ora
512 5691 794 5763 τυγχάνειν
822 5689 908 5741 διὰ
925 5690 1125 5763 ξτορτιψ
1141 5689 1455 5763 εἰσόμεθαβ
1476 5694 1538 5761 γέ
1563 5710 1723 5762 φησιν
1750 5696 1808 5746 ἐν
1833 5710 1981 5763 τρια-

414 5761 586 5834 κοστῴ
632 5762 861 5833 πέμπτῳ
908 5760 1104 5836 ψαλμῴ
1146 5761 1201 5814 ὲν
1234 5762 1371 5833 φωτί
1421 5760 1514 5821 σου
1565 5760 1801 5839 ὀψόμεθα
1846 5760 1978 5835 φῶς,

2092 1857 2322 1925 egregiis
2348 1849 2647 1922 principiis,
2668 1849 2785 1925 quis
2807 1850 2933 1925 alibi
2961 1851 3147 1925 statuit
3183 1852 3246 1925 de
3270 1849 3667 1925 identitatevo-

2092 1918 2313 1978 hinta'tis
2340 1918 2394 1979 et
2431 1918 2701 1986 essentiae,
2723 1922 2998 1975 discedere
3032 1918 3156 1973 ?Ne
3183 1919 3409 1983 digitum
3439 1922 3660 1987 quidem

2091 1996 2348 2063 discedit;
2385 1996 2477 2049 sed
2510 1994 2956 2063 quemadmodum
2989 2000 3136 2044 recte
3160 1990 3353 2063 dicitur
3381 1989 3564 2063 lumen
3596 1994 3666 2047 de

2089 2062 2312 2129 lumine,
2351 2060 2596 2116 volunt—as
2618 2078 2682 2116 ex
2724 2061 3015 2123 voluntate,
3039 2060 3480 2129 quamvis_uuum
3508 2060 3581 2113 sit
3608 2063 3661 2115 iii

2088 2131 2250 2188 Patre
2279 2126 2332 2190 et
2359 2133 2495 2187 Filio
2530 2133 2730 2195 lumen,
2758 2147 2859 2183 una
2889 2126 3157 2190 voluntas,
3185 2130 3262 2183 sic
3283 2126 3547 2197 Origenes
3576 2131 3660 2184 lu-

2090 2218 2205 2258 cem
2228 2218 2295 2257 ex
2323 2204 2439 2258 luce
2469 2202 2728 2270 agnoscit.
2753 2200 2956 2254 Deinde
2983 2213 3111 2270 vero
3137 2198 3263 2251 illtid
3292 2200 3552 2270 memoria
3580 2210 3663 2253 te-

2088 2274 2319 2327 nendum
2359 2282 2442 2327 est
2466 2268 2751 2331 Oiigenem
2799 2278 2985 2323 contra
3028 2268 3666 2338 hujusmodirhaireticos

2088 2343 2380 2405 disserere,
2396 2357 2530 2410 quos
2553 2342 2690 2395 inter
2709 2349 2763 2393 et
2779 2338 3084 2410 Catholicos
3099 2337 3172 2392 de
3195 2337 3568 2403 singularitate
3582 2341 3664 2394 di-

2086 2413 2221 2467 vinae
2254 2409 2456 2465 naturae
2511 2411 2895 2475 conveniebat;
2923 2409 2975 2459 in
2997 2422 3061 2461 eo
3078 2418 3254 2461 autem
3284 2413 3657 2463 controversia

2084 2482 2382 2550 erat,quod
2426 2481 2512 2535 isti
2555 2479 2795 2542 Patrem,
2829 2489 2884 2532 et
2922 2477 3115 2531 Filium
3148 2476 3496 2550 et_Spiritum
3532 2495 3661 2532 sau-

2085 2548 2261 2616 ctum,
2282 2554 2381 2605 tria
2409 2550 2645 2618 ejusdem
2676 2559 2880 2602 naturze
2908 2550 3074 2602 variis
3103 2548 3274 2601 modis
3302 2550 3662 2604 considerata:

2083 2622 2323 2688 nomina,
2348 2620 2611 2675 Catholici
2637 2634 2764 2673 vero
2796 2628 2903 2671 tres
2929 2632 3186 2686 personas
3217 2632 3335 2688 esse
3362 2622 3659 2674 contende-

2084 2699 2221 2758 rent.
2260 2687 2617 2758 Quamobrem
2668 2698 2859 2743 contra
2889 2688 3027 2758 hanc
3051 2687 3302 2758 haeresim
3334 2689 3451 2740 usui
3498 2702 3658 2742 erant

2084 2754 2376 2829 Scriptura:
2416 2758 2719 2815 testimonia
2753 2772 2871 2827 qua:
2904 2756 3117 2829 Patrem
3146 2770 3176 2808 a
3207 2754 3515 2829 ‘Filio,7nnn
3542 2761 3659 2813 solo

2081 2826 2321 2897 nomine,
2345 2845 2448 2883 non
2478 2832 2625 2881 varia
2657 2826 2863 2881 tantum
2883 2826 3119 2895 ejusdem
3146 2826 3222 2878 rei
3252 2827 3658 2883 considerandae

2080 2901 2312 2964 ratione,
2350 2900 2441 2953 sed
2476 2908 2532 2951 ut
2562 2898 2884 2951 voluntatem
2926 2912 2988 2948 ex
3029 2897 3324 2961 voluntate,
3361 2898 3653 2950 essentiam

2078 2984 2142 3022 ex
2172 2971 2404 3025 essentia
2420 2968 2769 3037 distinguunt.
2794 2966 3169 3037 llmegdomnus
3198 2964 3521 3037 Prudentius
3550 2968 3661 3021 Ms-

2079 3054 2183 3095 BAN
2209 3042 2259 3092 in
2292 3040 2386 3095 lib.
2423 3053 2477 3093 iv
2504 3034 2884 3091 De'divinitate
2906 3034 3121 3099 Christi,
3155 3051 3274 3103 cap.
3306 3035 3391 3100 15,
3422 3053 3575 3090 num.
3604 3039 3658 3093 5.

2152 3108 2271 3179 (76)
2315 3108 2420 3163 Sed
2444 3124 2627 3179 pereat
2664 3117 2853 3179 tamen.
2881 3116 2987 3179 etc.
3013 3105 3307 3179 Perperaiu
3329 3108 3485 3179 timet
3512 3106 3659 3161 [lue-

2088 3176 2192 3233 tiu's
2222 3176 2287 3234 ii'e
2332 3180 2397 3233 de
2443 3177 2738 3230 Platonicae
2768 3176 3029 3229 doctrina:
3068 3177 3349 3229 narthecio
3397 3176 3655 3241 deprom-

2082 3260 2231 3318 ptum
2267 3249 2338 3303 sit
2372 3248 2514 3313 quod
2567 3247 2779 3318 Patrem
2811 3244 3069 3318 Origenes
3100 3246 3151 3298 in
3201 3246 3434 3299 tenebris
3476 3246 3661 3301 lucere

2082 3315 2263 3383 negat,
2299 3318 2491 3373 Filium
2519 3315 2734 3371 asserit.
2765 3315 2879 3383 Ipse
2912 3316 3057 3367 enim
3092 3326 3321 3368 mentem
3359 3331 3508 3367 suam
3545 3332 3653 3370 non

2082 3390 2248 3441 multo
2282 3401 2403 3458 post
2451 3388 2641 3454 aperit.
2675 3384 2807 3439 Nam
2843 3400 2963 3458 cum
2993 3384 3043 3436 id
3088 3386 3282 3437 durum
3330 3395 3386 3437 et
3411 3385 3659 3458 insolens

2078 3459 2246 3512 videri
2273 3454 2471 3526 posset,
2503 3458 2714 3524 qtizerit,
2734 3469 2892 3526 quam
2916 3454 2984 3507 ob
3006 3468 3220 3526 causam
3253 3469 3372 3507 eum
3404 3455 3659 3509 Salvator

2079 3529 2149 3582 sit
2171 3524 2553 3592 impeccabilis,
2584 3537 2637 3578 et
2661 3526 2747 3578 lux
2777 3525 2829 3577 iu
2875 3539 2977 3590 qua
3012 3524 3167 3576 nullae
3204 3527 3453 3584 tenebrtc,
3489 3527 3541 3578 id
3574 3537 3657 3578 ta-

2081 3613 2202 3651 men
2226 3596 2372 3651 Patri
2410 3596 2685 3663 proprium
2714 3594 2986 3647 tribuatur
3012 3603 3070 3646 ut
3114 3594 3343 3647 tenebrae
3368 3596 3419 3646 in
3450 3608 3512 3647 eo
3543 3611 3654 3650 non

2079 3668 2188 3722 sint
2224 3668 2362 3720 ullae.
2396 3666 2703 3734 Respondet
2732 3664 3075 3734 Salvatorem
3115 3677 3212 3732 pro
3255 3664 3410 3718 nobis
3450 3666 3655 3721 factum

2075 3752 2196 3790 esse
2235 3730 2557 3805 peccatum:
2590 3730 2661 3803 ᾯ
2702 3733 2810 3805 γὰρ
2852 3732 2994 3805 λόγῳ
3026 3730 3237 3805 (inquit
3264 3748 3420 3805 num.
3460 3735 3574 3805 gl)
3627 3738 3658 3790 ὸ

2077 3801 2264 3878 Πατὴρ
2307 3807 2462 3878 μόνος
2492 3805 2601 3878 ἔχει
2636 3801 3102 3878 ἀθανασίανζ-τοῖξ
3134 3804 3335 3878 Ιςυρίου
3369 3802 3532 3878 ἡμῶν
3553 3801 3657 3860 ’διὰ

2077 3873 2479 3947 φιλανθρωπίαν
2522 3873 2751 3947 θάνατον
2773 3874 2871 3947 -τὸν
2904 3874 3042 3947 ὑπὲρ
3081 3873 3236 3947 ήμῷν
3276 3874 3653 3947 ἀνειληφότος,

2073 3944 2247 4023 codro)
2274 3944 2527 4023 dilatam)
2559 3944 2955 4023 ἔχει’μόνοὶτέ
2981 3960 3000 4023 ἰ
3031 3944 3217 4023 exorior
3249 3944 3512 4023 ‘év.a§)‘tl}l
3552 3947 3657 3998 οὐκ

2075 3998 2230 4070 ἐστιν⁸
2252 3998 2619 4085 οὗόεμίαΐτοδ
2640 3998 2894 4085 Χριστοῦ
2927 4012 3015 4085 διὰ
3042 4012 3138 4082 τὴν
3168 4012 3307 4085 πρὸς
3332 3998 3657 4085 ἀνθρώπους

2075 4082 2388 4158 εὐεργεσίαν
2413 4084 2497 4207 ἐφ’
2528 4084 2693 4138 αὑτὸν
2714 4082 2825 4146 ’τὰς
2858 4083 3013 4153 ἡμῶν
3042 4083 3260 4145 σκοτίας
3291 4082 3653 4155 ἀναδεδεγμέ.

2076 4173 2189 4207 νου.
2226 4157 2311 4207 ἵνα
2337 4159 2402 4207 τῆ
2483 4155 2675 4207 υνάιιει
2706 4153 2868 4205 αὐτοῦ
2895 4154 3215 4207 καταογὴση
3246 4153 3400 4207 ἡμῶν
3432 4155 3522 4207 τὸν
3558 4156 3653 4207 0&-

2076 4153 2189 4217 νουζ
2218 4153 2311 4209 ἴνα
2337 4159 2402 4226 τῇ
2444 4153 2675 4226 δυνάμει
2706 4153 2868 4226 αὐτοῦ
2895 4154 3217 4226 καταργήσῃ
3432 4155 3522 4207 τὸν
3556 4153 3656 4210 0d.-

2076 4244 2252 4289 νατον,
2284 4222 2701 4294 καὶ”ὲξαφανίσῃ
2740 4223 2802 4303 ςεὸ
2832 4225 2888 4276 ὲν
2919 4226 2983 4293 τῇ
3039 4222 3200 4345 ﬁnxit
3234 4222 3385 4293 ἡμῶν
3425 4226 3653 4289 σκότος,

2078 4296 2160 4345 ίνα
2173 4297 2274 4345 πλπ
2286 4296 2425 4345 οωθῆ
2448 4296 2507 4345 τὸ
2530 4294 2680 4345 παοά
2698 4311 2775 4345 τω
2790 4294 3004 4345 Ἦσαῖα.
3023 4294 3035 4311 ’
3104 4292 3252 4345 λαὸς
3268 4296 3299 4345 ό
3315 4294 3653 4345 καθήμενοί·

2078 4296 2160 4367 (va
2173 4296 2427 4367 πληρωθῇ
2448 4296 2507 4367 ἐδ
2522 4292 2775 4367 ageses
2790 4292 3004 4367 Ἦσαῖςξι,
3023 4292 3084 4345 Ὀ
3104 4292 3299 4356 λαὸςίό
3315 4294 3656 4367 καθήμενος

2074 4344 2385 4433 ὲῖἇιῶἓῖᾀ
2402 4344 2911 4434 aggessere.
3106 4344 3655 4434 τςυιιττεηεδιλετέδιῑιξ

2003 4474 2048 4529 Ι)
2077 4434 2238 4529 Pater
2287 4432 2450 4529 ιηυέξ
2486 4432 3410 4529 i"itera!"eam"112093333?
3446 4447 3654 4529 .995th

2076 4517 2305 4559 mortem
2354 4520 2452 4572 pro
2485 4506 2641 4558 nobis
2682 4505 2752 4557 ob
2791 4518 3027 4557 amorem
3072 4517 3202 4572 erga
3231 4518 3402 4571 genus
3446 4505 3647 4559 huma-

2073 4592 2201 4629 num
2227 4575 2480 4644 pertulit;
2508 4576 2608 4628 hac
2628 4573 2789 4644 Pater
2809 4574 2959 4627 solus
2984 4573 3148 4627 habet
3177 4583 3236 4644 ut
3259 4574 3309 4625 in
3345 4573 3465 4642 ipso
3488 4576 3656 4630 nullae

2073 4647 2181 4699 sint
2225 4646 2457 4699 tenebrae
2499 4660 2513 4696 :
2548 4659 2666 4697 eum
2706 4643 2969 4705 Christus,
3004 4653 3062 4696 ut
3100 4643 3343 4697 hemines
3389 4646 3657 4701 beneﬁcio

2074 4715 2330 4777 alliceret,
2379 4714 2627 4767 tenebras
2656 4724 2867 4768 nostras
2906 4713 2959 4765 iu
3017 4727 3075 4766 se
3124 4715 3297 4780 ipsum
3349 4716 3652 4782 receperit,

2075 4796 2133 4837 ut
2162 4785 2393 4853 potentia
2419 4799 2514 4837 sua
2545 4794 2767 4836 mortem
2800 4793 3039 4836 nostram
3082 4782 3300 4845 deleret,
3332 4784 3654 4851 expelleret-

2075 4869 2179 4921 que
2208 4855 2510 4908 animarum
2551 4863 2853 4906 nostrarum
2888 4854 3429 4915 teucbras,uimiruiii
3461 4864 3519 4905 ut
3548 4856 3653 4907 im-

2075 4924 2311 4993 pleretur
2334 4923 2461 4977 illud
2486 4923 2667 4976 Isaias:
2690 4921 2950 4993 Populus,
2973 4924 3059 4993 qui
3082 4922 3290 4975 sedebat
3319 4924 3650 4993 intenebris,

2076 4992 2203 5051 vidit
2234 4995 2402 5046 lucem
2451 5009 2692 5060 magnam
2746 4992 2900 5062 (lsa._
2928 5007 3004 5053 tx,
3039 4992 3117 5062 9).
3155 5010 3173 5043 ι
3212 4993 3426 5046 Siccine
3456 5009 3485 5045 a
3524 4992 3653 5048 Plao

2081 5065 2272 5118 ionicis
2324 5078 2429 5117 iion
2469 5063 2695 5127 abludit,
2732 5060 2822 5130 qui
2861 5060 3057 5114 Filium
3107 5060 3161 5114 iii
3200 5063 3432 5116 tenebris
3463 5062 3649 5117 lucere

2080 5135 2177 5203 ait,
2210 5133 2334 5203 quia
2378 5142 2560 5203 nostra
2606 5147 2767 5185 causa
2802 5132 3112 5203 incarnatus
3150 5141 3204 5186 et
3234 5142 3479 5203 mortuus
3510 5144 3599 5187 est
3621 5136 3646 5187 ἲ

2081 5200 2440 5257 Tertullianus
2490 5202 2582 5256 lib.
2622 5203 2867 5255 adversus
2900 5200 3182 5265 Praa'eam,
3212 5217 3330 5270 cap.
3374 5202 3468 5264 15,
3496 5218 3648 5256 eam-

2081 5274 2201 5326 dem
2256 5274 2501 5327 liaeresim
2556 5272 2805 5325 refellens
2849 5273 3050 5325 idcirco
3105 5271 3327 5326 Paulum
3366 5274 3644 5326 existimat

2082 5343 2148 5395 de
2178 5342 2334 5396 Patre
2364 5343 2585 5403 dixisse,
2609 5358 2628 5391 ‹
2659 5343 2748 5410 qui
2780 5341 2926 5395 solus
2963 5342 3123 5395 habet
3160 5342 3645 5407 immortalitatem,

2081 5422 2135 5464 et
2163 5412 2332 5466 lucem
2372 5413 2579 5466 habitat
2607 5411 3128 5481 iuaccessihilem,ut
3157 5423 3211 5466 et
3238 5416 3511 5467 contraria
3537 5414 3641 5481 ipsi

2080 5481 2216 5537 Filio
2258 5484 2671 5545 ascriberemus,
2704 5480 3116 5544 mortalitatem,
3147 5480 3644 5548 accessibilitatem,

2081 5567 2239 5620 quem
2275 5561 2543 5605 mortuum
2588 5560 2925 5605 contestatur
2965 5552 3257 5605 secundum
3308 5550 3642 5621 Scriptores,

2082 5633 2137 5677 et
2186 5623 2475 5677 novissime
2513 5636 2545 5674 a
2591 5634 2652 5674 se
2686 5621 2857 5691 visum
2909 5635 3005 5687 per
3052 5622 3419 5691 accessibilem
3457 5622 3646 5691 utique

2078 5695 2273 5747 lucem.
2328 5710 2348 5744 ι
2387 5692 2507 5745 Ηωο
2553 5692 2779 5745 domnus
2832 5689 3150 5747 Prudentius
3196 5690 3386 5751 Marus
3432 5691 3528 5750 lib.
3556 5689 3643 5747 ἰν

2084 5765 2159 5821 De
2184 5763 2454 5819 divinitate
2480 5760 2695 5833 Christi,
2723 5777 2841 5832 can.
2872 5760 2957 5830 15,
2989 5776 3135 5818 tium.
3163 5761 3217 5817 5.
