3870 6220
191 332 302 391 ἨΘ

1037 336 1611 394 ()lilCENlANORUM
1648 337 1777 394 LIB.
1823 338 1885 402 11,
1925 337 2077 393 CAP.
2120 336 2185 403 ll,
2227 334 2504 403 QUIEST.
2544 332 2609 387 11.

3357 323 3461 379 750

192 467 315 510 erat
342 456 555 520 similis,
589 472 745 511 secus
794 473 898 525 qua
941 459 1221 513 inferiora.
1258 458 1581 524 Macrobius,
1629 458 1723 513 lib.
1755 473 1773 512 ι
1804 460 1850 518 Α
1877 455 2035 526 οὐσίᾳ
2063 455 2259 524 priscis
2286 451 2617 521 temporibus
2646 446 2858 502 solebat
2882 442 3128 513 usurpari
3171 443 3242 497 ah
3283 439 3462 496 ethni-

194 549 248 602 iu
267 546 450 603 Somn.
477 547 646 613 Scip.,
664 564 782 617 cap.
807 550 894 611 M,
913 566 980 604 ex
1010 551 1273 606 sententia
1298 550 1534 605 Platonis
1556 550 1636 605 sic
1663 550 1776 604 dis-

192 639 371 693 serit:
408 658 427 691 ι
474 639 613 694 Deus
642 641 735 708 qui
786 642 956 710 prima
990 656 1154 696 causa
1190 652 1247 697 et
1287 650 1369 697 est
1411 652 1468 696 et.
1517 648 1770 707 vocatur,

193 746 335 785 unus
358 733 597 784 omnium
629 744 856 799 quaeque
894 740 1042 798 sunt,
1084 747 1312 801 quaeque
1353 732 1605 785 videntur
1631 745 1770 798 esse,

193 822 446 891 princeps
479 832 533 875 et
561 821 714 891 origo
743 831 847 877 est.
882 821 979 878 llic
1024 823 1484 893 superabundanti
1521 822 1772 891 majesta-

198 917 264 969 tis
316 914 644 967 fecmulitate
677 914 745 968 de
786 928 843 969 se
886 924 1124 969 mentem
1171 916 1393 973 creavit.
1441 913 1568 969 Haec
1620 928 1773 968 mens

191 1024 311 1077 qua:
340 1006 464 1071 νοῦς
502 1018 749 1073 vocatur,
793 1021 898 1078 qua
947 1009 1159 1063 Patrem
1193 1008 1427 1077 inspicit,
1462 1008 1674 1078 plenam
1698 1006 1772 1061 si-

193 1098 551 1153 militmlinem
608 1108 788 1153 servat
821 1100 1105 1166 auctoris;
1139 1102 1375 1155 animam
1420 1116 1548 1155 vero
1600 1100 1665 1155 de
1715 1114 1773 1154 se

192 1202 345 1244 creat
379 1192 675 1257 posteriora
730 1192 1044 1261 respiciens.
1068 1211 1088 1244 ι
1134 1191 1321 1246 Mundi
1357 1193 1516 1262 hujus
1561 1190 1774 1247 effecto-

193 1297 309 1335 rem
341 1297 461 1336 esse
504 1281 630 1335 νοῦν
666 1281 990 1353 Pythagorei
1031 1285 1393 1343 allirmabant.
1437 1287 1517 1339 Ab
1547 1286 1633 1340 his
1664 1301 1770 1340 non

192 1375 399 1428 abludit
432 1376 718 1445 Origenes,
754 1391 877 1431 cum
908 1376 1123 1431 Patrem
1152 1380 1227 1432 ait
1253 1394 1357 1432 non
1405 1380 1589 1435 lucere
1615 1380 1667 1433 in
1700 1390 1774 1435 te-

193 1467 399 1527 nehris,
426 1468 621 1523 Filium
648 1482 777 1523 vero
813 1467 976 1526 Patre
1003 1486 1124 1526 esse
1167 1471 1478 1527 inferiorem
1509 1483 1772 1542 quatenus

190 1557 245 1610 in
282 1557 519 1612 tenebris
566 1558 731 1627 lucet,
756 1561 824 1616 ab
868 1560 1041 1631 iisque
1092 1571 1437 1633 oppugnatur
1468 1580 1484 1629 ;
1515 1579 1636 1618 cum
1687 1578 1773 1618 res

188 1650 447 1703 nimirum
475 1651 544 1705 ab
568 1664 636 1705 eo
668 1661 995 1719 procreatae,
1025 1667 1089 1707 ac
1120 1653 1366 1710 homines
1390 1656 1655 1725 praecipue
1683 1656 1775 1712 be-

187 1740 503 1795 neﬁciorum
556 1743 925 1810 immemores,
957 1746 1198 1800 auctoris
1240 1747 1323 1802 sui
1360 1747 1505 1818 leges
1531 1763 1595 1803 ac
1624 1764 1769 1803 man-

183 1833 311 1883 data
337 1841 709 1887 contemnunt.

260 1921 373 1991 (77)
415 1922 689 1979 Diﬂicilior
722 1926 886 1980 etiam
922 1937 1004 1982 est
1026 1926 1265 1982 locorum
1305 1928 1522 1993 solutio,
1550 1931 1638 1999 qui
1674 1945 1770 1985 ex-

184 2025 331 2067 smnt
373 2013 465 2068 lib.
497 2028 595 2070 vm
640 2026 821 2072 contra
867 2016 1096 2082 Celsum,
1145 2035 1295 2074 num.
1347 2021 1414 2076 12
1445 2039 1460 2077 :
1495 2023 1558 2076 Ei
1590 2023 1646 2076 δέ
1690 2042 1774 2089 τις

183 2104 712 2178 περισπασθήσεται.
750 2109 823 2179 μή
862 2126 938 2180 τιη
997 2109 1404 2182 αὑτομολοῦμεν
1456 2113 1594 2185 πρὸς
1648 2117 1773 2181 τοὺς

183 2198 541 2268 ἀναιροῦντας
570 2199 662 2253 δύο
693 2195 831 2255 εἶναι
861 2202 1184 2267 ὑποστάσεις
1214 2204 1430 2277 Πατέρα
1486 2207 1580 2260 καὶ
1617 2208 1769 2273 Υἱὸν,

183 2292 533 2361 ἐπιστησάτω
565 2292 660 2364 τῷ,
685 2289 753 2365 ἦν
784 2293 842 2348 δὲ
882 2296 1099 2349 πάντων
1144 2296 1252 2349 τῶν
1292 2301 1695 2354 πιστευσάντων
1738 2304 1773 2373 ἡ

184 2380 383 2452 καρδία
411 2384 504 2436 καὶ
524 2386 556 2453 ἡ
761 2386 879 2456 μία,
901 2387 985 2440 ἵνα
1019 2387 1273 2461 Θεωρήσῃ
1307 2390 1365 2442 τό
1384 2407 1397 2421 ·
1439 2391 1586 2461 Ἐγὼ
1611 2392 1707 2446 καὶ
1737 2396 1771 2447 ὁ

182 2471 390 2541 Πατὴρ
419 2474 489 2529 ἓν
512 2475 715 2544 ἐσμεν
748 2490 803 2530 et
833 2478 1025 2532 deinde
1057 2495 1071 2531 :
1111 2478 1502 2552 Θρησκέυομεν
1536 2478 1629 2537 οὖν
1670 2484 1761 2537 τὸν

185 2565 407 2636 Πατέρα
442 2566 542 2636 τῆς
590 2567 863 2639 ἀληθείας,
909 2569 1002 2623 καὶ
1052 2571 1143 2625 τὸν
1183 2572 1309 2625 Υίὸν
1344 2573 1444 2643 τὴν
1486 2573 1779 2645 ἀλήθειαν,

182 2656 316 2710 ὄντα
348 2658 441 2711 δύο
479 2662 545 2731 τῇ
581 2661 872 2715 ὑποστάσει
906 2663 1225 2734 πράγματα,
1266 2663 1323 2718 ἓν
1368 2665 1426 2718 δὲ
1452 2668 1517 2737 τῇ
1557 2667 1780 2739 ὁμονοίᾳ

184 2747 284 2802 καὶ
334 2752 400 2821 τῇ
448 2751 765 2824 συμφωνία,
799 2753 894 2809 καὶ
918 2756 983 2824 τῇ
1028 2754 1319 2825 ταυτότητι
1364 2755 1458 2808 τοῦ
1500 2755 1774 2827 βουλήμα-

181 2857 307 2903 τος-ε
341 2840 554 2896 Patrem
581 2854 633 2897 et
656 2845 849 2899 Filium
876 2847 979 2900 duo
1001 2860 1120 2900 esse
1147 2846 1223 2899 ait
1249 2847 1570 2913 ὑποστάσει,
1602 2864 1770 2903 unum

184 2948 456 2987 consensu
512 2943 567 2988 et
620 2934 929 2991 concordia.
974 2935 1087 3006 (78)
1124 2936 1284 3007 Atqui
1325 2937 1624 3002 ὑπόστασις
1672 2953 1770 3008 pro

1879 548 1963 603 cis
1988 559 2044 601 et
2063 546 2406 601 Christianis.
2445 542 2806 613 Hieronymus
2825 537 2983 609 epist.
3012 536 3077 589 57
3104 535 3170 588 ad
3203 533 3455 587 Damas.:

1886 656 1906 691 ι
1947 637 2082 692 Tota
2106 635 2441 693 saecularium
2463 635 2768 690 litterarum
2790 628 2972 685 schola
3006 626 3137 682 nihil
3161 625 3304 680 aliud
3331 622 3462 678 ὑπό-

1882 748 2071 785 στασιν
2107 731 2208 786 nisi
2249 728 2436 783 οὐσίαν
2478 728 2645 782 novit.
2691 744 2711 777 ι
2751 723 2827 778 lla
2870 729 3218 790 sumpserunt
3256 716 3459 772 Nicaeui

1882 821 2093 881 Patres,
2128 820 2199 873 ita
2228 818 2600 873 Sardicenses.
2627 814 2701 868 lta
2742 821 2796 867 et
2846 809 3144 879 sumpsisse
3171 806 3457 876 Origeueui

1880 913 2171 969 verisimile
2193 920 2297 967 est.
2316 910 2485 965 Tomo
2499 908 2713 978 quidem
2738 906 2911 974 primo
2932 904 2985 956 in
3011 902 3288 961 Joannem,
3308 914 3456 953 num.

1879 1005 1980 1070 25,
2027 1005 2108 1059 sic
2146 1003 2384 1072 loquitur
2434 1002 2501 1056 de
2545 996 2938 1054 Valentinianis
2970 1012 2984 1049 :
3019 994 3266 1064 Οἰόμενοι
3326 1007 3460 1061 προ-

1879 1098 2051 1167 φορὰν
2092 1094 2384 1168 πατρικὴν,
2416 1093 2579 1148 οἱονεὶ
2624 1094 2682 1146 ὲν
2709 1089 3000 1151 συλλαϐαῖς
3023 1086 3281 1157 κειμένην
3318 1078 3461 1137 εἶναι

1877 1191 1970 1247 τὸν
2012 1190 2136 1243 Υἰὸν
2171 1189 2265 1242 τοῦ
2295 1187 2430 1241 Θεοῦ
2451 1228 2467 1249 ,
2492 1187 2587 1241 καὶ
2610 1184 2748 1239 κατὰ
2776 1183 2931 1237 τοῦτο
2967 1181 3261 1235 ὑπόστασιν
3289 1175 3458 1246 αὐτῷ,

1880 1285 1928 1336 εί
1981 1281 2222 1354 ἀκριϐῶς
2252 1281 2432 1333 αὐτῶν
2476 1276 2896 1347 πυνθανοίμεθα,
2940 1276 3001 1327 οὐ
3033 1273 3297 1335 διδόασιν,
3342 1269 3462 1323 οὐδὲ

1879 1374 2066 1428 οὐσίαν
2123 1370 2287 1428 αὑτοῦ
2349 1369 2757 1440 σαφηνίζουσιν.
2816 1366 2914 1421 libi
2951 1366 3246 1418 ὑπόστασιν
3276 1365 3344 1416 ah
3372 1362 3463 1415 οὑ-

1883 1465 1974 1537 σίᾳ
2016 1465 2297 1533 όὶειίιιειιίι
2346 1463 2589 1533 quidem,
2616 1471 2672 1515 at
2722 1476 2826 1515 uou
2872 1458 3038 1514 sumit
3068 1472 3164 1527 pro
3210 1472 3459 1526 persona,

1880 1558 1974 1613 sed
2004 1572 2100 1626 pro
2120 1557 2479 1620 subsistentia,
2512 1569 2801 1625 personam
2826 1553 3025 1624 quippe
3052 1549 3271 1622 preprio
3299 1563 3462 1602 voca-

1880 1649 2005 1706 bulo
2033 1648 2271 1721 ἰδιότητα
2287 1648 2421 1704 alias
2437 1647 2690 1717 appellat.
2714 1645 2981 1701 Prmterea
3002 1658 3122 1699 cum
3152 1657 3315 1696 unum
3342 1655 3465 1697 esse

1880 1756 2148 1797 consensu
2189 1750 2244 1796 et
2290 1740 2581 1795 concordia
2633 1738 2832 1793 dixerit
2875 1736 3089 1793 Patrem
3142 1745 3197 1791 et
3232 1733 3462 1800 Filium,

1806 1828 1850 1883 Β
1878 1842 2161 1902 postquam
2195 1830 2529 1885 docuitduos
2558 1844 2678 1885 esse
2704 1829 3003 1901 hypostasi,
3042 1826 3199 1897 plane
3229 1825 3468 1880 ὑποστά-

1882 1941 2019 1987 σεως
2045 1922 2367 1977 vocabulum
2410 1921 2625 1975 videtur
2667 1921 2916 1975 notanda:
2963 1918 3279 1974 substantiae
3310 1917 3465 1971 adhi-

1878 2015 2062 2070 buisse
2096 2030 2110 2067 :
2144 2029 2266 2067 nam
2300 2014 2343 2068 si
2389 2014 2568 2082 priore
2607 2013 2727 2067 loco
2776 2014 2911 2067 duos
2953 2026 3074 2065 esse
3108 2010 3468 2081 signiﬁcasset

1877 2106 2052 2173 quoad
2082 2120 2364 2176 personas,
2380 2104 2668 2172 adiecisset
2693 2103 2936 2175 profecto
2958 2119 3121 2158 unum
3148 2117 3268 2158 esse
3291 2099 3467 2171 quoad

1876 2199 2087 2253 οὐσίαν.
2121 2198 2192 2251 At
2227 2213 2348 2253 cum
2383 2213 2549 2251 unum
2573 2213 2694 2251 csse
2725 2196 3009 2266 scripserit
3037 2210 3304 2251 consensu
3336 2196 3468 2249 dun-

1876 2300 2028 2345 taxat
2050 2331 2066 2355 ,
2095 2290 2255 2345 aliam
2289 2303 2507 2343 omnem
2530 2288 2748 2343 videtur
2790 2288 3063 2358 respuisse
3092 2286 3351 2342 unitatem
3374 2327 3390 2348 ,
3415 2294 3471 2341 et

1876 2385 2012 2439 duos
2038 2382 2217 2453 quoad
2250 2381 2438 2436 οὐσίαν
2466 2381 2783 2437 credidisse.
2813 2378 3187 2435 Antiocheuus
3213 2378 3302 2433 ille
3333 2394 3467 2433 con-

1878 2488 2073 2534 ventus
2110 2478 2162 2531 in
2194 2476 2455 2531 encaeniis
2494 2474 2802 2529 celebratus
2848 2488 2994 2527 anno
3026 2472 3153 2536 541,
3196 2472 3248 2525 in
3286 2469 3467 2539 Expo-

1879 2571 2068 2625 sitione
2096 2570 2221 2639 ﬁdei
2242 2569 2635 2633 ecclesiasticae,
2663 2581 2826 2636 quam
2874 2565 3285 2635 Expositiouem
3324 2563 3469 2623 refe-

1884 2672 2009 2717 runt
2066 2661 2400 2717 Athanasius
2453 2669 2508 2714 et
2558 2658 2798 2714 Hilarius
2849 2657 3094 2713 inlibris
3142 2655 3218 2712 De
3253 2658 3469 2727 synodis

1881 2761 2066 2807 contra
2118 2752 2370 2819 Arianos,
2423 2749 2695 2806 consimili
2732 2749 3010 2804 locutione
3056 2749 3263 2803 utitur:
3297 2769 3315 2801 ι
3357 2748 3471 2803 Mu-

1880 2844 2075 2898 nifesta
2108 2844 2313 2911 utique,
2378 2843 2572 2910 inquit,
2643 2839 2841 2905 Patris,
2903 2854 3030 2894 vere
3076 2839 3293 2907 Patris;
3349 2855 3469 2894 cer-

1879 2944 2042 3008 taque
2076 2935 2219 3001 Filii,
2252 2951 2377 2991 vere
2404 2934 2563 3001 Filii;
2590 2945 2827 3004 notaque
2860 2934 3098 3003 Spiritus
3127 2934 3470 2999 sancti,vere

261 3117 379 3189 (7'1)
427 3117 701 3187 Diﬂicilior
725 3121 882 3174 etiam
910 3129 986 3173 est
1015 3118 1244 3173 locorum
1271 3118 1490 3183 solutio,
1524 3126 1629 3173 etc.
1662 3120 1778 3175 011⁵-
1807 3130 1849 3190 c
1883 3120 2145 3189 Origenes
2178 3119 2339 3174 aliter
2376 3119 2441 3175 de
2470 3117 2796 3174 Christianis
2831 3119 3263 3190 existimaturum
3298 3116 3466 3174 fuisse

183 3191 346 3247 ﬁcilis
376 3191 623 3258 equidem
674 3191 845 3259 prima
887 3190 1064 3244 fronte
1098 3191 1267 3243 videri
1311 3193 1485 3257 possit
1530 3190 1774 3245 locorum

182 3262 413 3317 istorum
442 3259 676 3323 solutio;
712 3261 807 3315 sed
856 3262 899 3314 si
932 3262 1196 3315 attentius
1236 3269 1290 3313 et
1324 3260 1556 3328 penitius
1601 3260 1777 3328 inspi-

182 3333 420 3395 ciantur,
454 3331 923 3399 praeclarissimum
949 3330 1151 3383 dabunt
1183 3331 1474 3383 numerieze
1502 3331 1552 3382 in
1593 3332 1777 3386 divina

183 3398 487 3458 Substautia
519 3400 742 3455 unitatis
772 3401 1157 3455 testimonium.
1190 3398 1518 3453 l°Adhihita
1557 3402 1625 3454 ab
1649 3400 1777 3456 Ori-

181 3486 323 3539 gene
343 3469 543 3534 cautio,
568 3484 634 3524 ne
656 3470 795 3525 idem
822 3472 963 3540 quod
985 3470 1228 3524 Noetiani
1260 3470 1463 3524 sentire
1484 3470 1773 3534 videretur,

183 3550 507 3611 argumento
545 3551 628 3611 est
670 3542 901 3595 mediam
951 3540 1098 3593 illum
1145 3541 1288 3594 viam
1344 3542 1581 3595 tenuisse
1636 3544 1780 3596 inter

181 3609 445 3667 Arianam
486 3619 533 3665 σε
572 3609 934 3665 Sabellianam
960 3611 1231 3674 heresim,
1258 3612 1605 3664 utcatholica
1633 3628 1772 3667 scm-

261 3700 284 3737 r
312 3683 487 3737 tenuit
515 3681 779 3736 Ecclesia.
812 3681 942 3749 Qui:
998 3682 1139 3735 enim
1178 3690 1290 3735 tres
1330 3696 1592 3750 personas
1621 3682 1778 3751 longe

246 3763 403 3822 teque
437 3750 760 3813 dissocians,
788 3752 838 3805 id
885 3751 985 3806 sibi
1012 3752 1329 3822 cavendum
1349 3760 1403 3804 et
1428 3750 1777 3807 metuendum

185 3819 362 3894 putei,
395 3838 462 3875 ne
489 3837 582 3877 eas
629 3822 962 3876 confundere
982 3822 1229 3894 videatur
1257 3821 1280 3875 ’ί
1304 3819 1363 3873 2ο
1386 3822 1605 3894 Repetit
1648 3823 1773 3892 qui-

184 3892 311 3949 dem
374 3894 639 3963 Origenes
677 3892 1077 3963 unitateruWDei
1109 3906 1176 3946 ex
1214 3892 1507 3963 concordia
1542 3901 1599 3947 et
1641 3908 1776 3947 con-

185 3978 351 4020 sensu
384 3961 524 4017 inter
549 3962 764 4017 Patrem
795 3972 848 4015 et
874 3961 1094 4027 Filium,
1132 3962 1226 4017 sed
1265 3962 1410 4016 hunc
1445 3977 1773 4017 consensum

187 4035 243 4090 in
269 4036 547 4089 identitate
577 4032 863 4087 voluntatis
897 4032 1047 4102 ponit
1076 4050 1089 4085 :
1114 4047 1234 4101 qum
1265 4033 1483 4102 quidem
1520 4032 1775 4102 loquendi

185 4110 331 4159 ratio
376 4120 499 4157 cum
548 4118 647 4158 sua
692 4112 885 4171 sponte
919 4101 1254 4157 voluntatem
1286 4101 1429 4158 ’sive
1480 4101 1773 4157 essentiam

186 4175 366 4231 Patris
386 4174 522 4229 Filio
544 4176 996 4228 communicatam
1020 4173 1287 4237 designat,
1306 4182 1419 4227 tum
1456 4188 1589 4227 vero
1609 4173 1774 4229 alium

185 4261 408 4301 sensum
449 4246 552 4299 hoc
587 4245 705 4298 loco
738 4259 845 4298 non
885 4242 1110 4313 patitur.
1139 4242 1273 4296 Nam
1304 4243 1575 4297 haereticis
1610 4259 1775 4298 uuam

185 4316 244 4370 in
281 4316 441 4369 Patre
476 4324 530 4369 et
562 4314 698 4369 Filio
731 4313 1064 4384 voluntatem
1110 4315 1224 4367 sive
1256 4314 1551 4367 essentiam
1584 4324 1638 4384 et
1670 4314 1775 4384 hy-

184 4388 452 4457 postasim
481 4384 809 4453 ﬁngentibus
865 4383 1115 4457 concedit
1156 4399 1319 4457 unam
1352 4398 1476 4457 esse
1525 4383 1776 4457 volunta-

189 4453 826 4547 iem,duas_‘hypostascs
868 4453 1308 4547 requirit.IQ-uod
1334 4453 1403 4547 si,
1424 4461 1488 4547 ut
1517 4453 1650 4547 duas
1678 4455 1775 4524 hy-
1808 4492 1852 4547 Β

187 4538 455 4594 postases.
480 4523 561 4580 ita
585 4523 763 4581 etiam
795 4527 929 4578 duas
962 4524 1271 4579 voluntates
1294 4523 1637 4594 admittebat,
1674 4523 1773 4579 cur

190 4593 244 4650 in
274 4596 445 4650 altero
464 4612 654 4651 manus
672 4597 763 4649 dat
789 4594 1164 4648 haereticorum
1181 4608 1273 4647 seu
1283 4593 1486 4657 tentias,
1524 4593 1590 4648 de
1606 4594 1780 4649 altero

185 4675 299 4721 tam
316 4667 585 4722 obstinate
600 4664 878 4734 delitigat?
892 4664 1025 4719 Cum
1044 4664 1341 4732 praesertim
1357 4665 1478 4717 data
1493 4678 1653 4734 opera
1669 4664 1781 4719 dis-

191 4739 428 4804 tinguat,
447 4738 574 4806 quid
595 4732 876 4790 numerum
892 4736 948 4806 in
965 4735 1229 4806 Trinitate
1243 4735 1496 4806 patiatur,
1512 4732 1645 4806 quid
1669 4750 1778 4806 non

187 4808 448 4877 patiatur.
467 4805 669 4861 Deinde
698 4821 826 4877 vero
852 4820 918 4859 ex
940 4805 1639 4877 hacvoluutatisidentitate
1660 4805 1779 4861 lieri

189 4875 459 4943 declarat,
500 4888 560 4931 ut
598 4878 689 4947 qui
722 4876 919 4947 Filium
942 4876 1169 4947 viderit,
1205 4875 1779 4947 Patreingquoquevi-

187 4949 351 5003 derit.
385 4947 599 5019 Optime
614 4944 853 5019 quidem
906 4946 951 5000 si
990 4954 1098 5019 tota
1132 4945 1310 5019 Putris
1363 4944 1609 5019 voluntas
1638 4944 1778 5019 Filio

190 5019 395 5073 tradita
434 5016 493 5074 et
528 5016 973 5073 communicata:
1002 5016 1104 5069 hoc
1134 5016 1275 5068 enim
1317 5016 1491 5080 posito
1526 5016 1778 5084 sequitur

188 5090 329 5143 nihil
351 5104 475 5143 esse
508 5090 560 5143 in
597 5087 759 5142 Patre
785 5088 929 5155 quod
962 5101 1067 5139 non
1103 5086 1177 5139 sit
1205 5087 1254 5137 iu
1286 5085 1442 5149 Filio,
1470 5094 1527 5139 et
1558 5085 1775 5155 Patrem

188 5159 387 5224 videri,
418 5162 542 5213 dum
578 5154 1005 5211 videtur’Filius.
1036 5160 1104 5209 At
1131 5157 1173 5209 si
1199 5156 1453 5209 identitas
1480 5154 1776 5212 voluntatis

186 5230 331 5285 nihil
358 5230 503 5284 aliud
549 5238 652 5292 est,
689 5242 854 5298 quam
882 5228 1205 5295 obsequium
1236 5224 1357 5298 Filii
1383 5226 1643 5298 adversus
1674 5224 1777 5298 Pa-

188 5311 353 5363 trem,
385 5300 507 5371 quis
543 5296 987 5371 tamgabsurdus,
1027 5305 1085 5350 ut
1129 5296 1489 5371 ex_ejusmodi
1514 5297 1776 5371 obsequio

187 5365 480 5425 concludat
513 5368 775 5440 aequalem
803 5367 1158 5440 7_Patri_esse‘
1194 5366 1387 5440 Filium
1410 5404 1426 5429 ,
1458 5376 1524 5440 et_
1559 5365 1773 5440 Patrem

188 5442 364 5494 videri
396 5442 526 5495 dum
555 5434 767 5494 videtur
796 5438 1009 5493 Filius?
1035 5439 1093 5492 3°
1126 5436 1345 5491 Rel‘ellit
1371 5437 1471 5489 hoc
1514 5436 1631 5490 loco
1654 5434 1775 5490 Ori-

187 5525 360 5581 genes
388 5512 532 5581 quod
562 5509 754 5566 Celsus
785 5508 1063 5579 perinique
1103 5508 1218 5562 fieri
1256 5523 1285 5560 a
1330 5506 1656 5581 Christianis
1690 5508 1775 5559 di-

189 5577 375 5646 cebat,
405 5577 468 5634 ut
494 5596 617 5635 cum
647 5581 746 5649 ipsi
788 5577 990 5649 preter
1034 5592 1305 5649 summum
1342 5577 1532 5639 Deum,
1569 5594 1588 5626 ι
1631 5578 1775 5649 hunc

186 5666 386 5706 recens
430 5647 682 5707 exortum
717 5669 737 5703 ι
769 5647 870 5722 (sic
919 5664 1061 5705 enim
1100 5648 1387 5722 Christum
1435 5647 1772 5722 designabat)

187 5722 377 5777 colere
432 5739 537 5776 non
594 5718 926 5783 dubitarent,
957 5719 1204 5775 eamdem
1234 5719 1447 5771 veniam
1502 5718 1623 5771 aliis
1665 5731 1772 5770 non

188 5795 389 5849 darent
420 5807 631 5851 summo
655 5794 764 5851 Deo
794 5790 1068 5853 ministros
1088 5787 1433 5861 adjuugeudi.
1464 5786 1773 5861 Respondet

1882 3186 2125 3250 Celsum,
2180 3193 2224 3244 si
2264 3191 2618 3245 intellexisset
2659 3190 2832 3245 illud:
2866 3189 2979 3260 Ego
3020 3200 3066 3243 et
3114 3186 3470 3260 Palergunum

1881 3279 2063 3316 sumus
2094 3260 2276 3331 (Joan.
2314 3277 2389 3323 tv,
2425 3262 2538 3332 50),
2567 3270 2651 3332 et,
2675 3260 2838 3314 Pater
2862 3256 3049 3332 iniure,
3086 3267 3132 3311 et
3158 3275 3249 3326 ego
3283 3258 3343 3332 in
3370 3256 3473 3332 Pa:-

1881 3342 1960 3402 tre
1990 3329 2143 3402 (ibid.
2190 3332 2301 3399 38).
2333 3333 2470 3385 Tum
2498 3329 2751 3402 adhibita
2788 3330 3040 3385 cautione
3093 3331 3325 3402 nequis
3363 3329 3470 3384 sibi

1880 3399 2156 3457 Noetianm
2187 3402 2411 3457 hzeresis
2447 3411 2629 3457 notam
2672 3401 2933 3463 inurerct,
2957 3399 3234 3455 concludit
3279 3410 3471 3455 contra

1879 3473 2094 3527 Celsum
2121 3491 2139 3524 ι
2166 3488 2330 3526 unum
2352 3474 2539 3537 Deum,
2571 3470 2785 3525 Patrem
2803 3482 2857 3525 et
2881 3470 3075 3524 Filium
3112 3490 3130 3522 ›
3156 3470 3471 3524 aChristia-

1882 3543 1965 3595 nis
1989 3542 2113 3603 coli,
2150 3561 2167 3594 ι
2211 3559 2298 3597 res
2334 3543 2869 3612 quidemihypostasi
2914 3542 3069 3604 duas,
3097 3557 3258 3594 uuam
3286 3551 3470 3595 autem

1882 3612 2167 3667 identitate
2186 3610 2535 3667 voluntatis.»
2559 3610 2677 3666 Non
2702 3621 2913 3681 poterat
2931 3612 3184 3665 Ecclesiae
3214 3626 3473 3681 causasc-

1880 3684 2122 3737 curatius
2149 3684 2403 3738 defendi:
2441 3698 2564 3736 nam
2595 3697 2661 3737 ex
2685 3680 2893 3737 unitate
2920 3682 3246 3735 substantia:
3284 3682 3336 3734 in
3370 3680 3473 3734 Pa-

1882 3763 1966 3807 tre
1990 3763 2046 3807 et
2076 3753 2215 3808 Filio
2244 3755 2425 3808 unitas
2457 3752 2550 3807 Dei
2586 3754 2898 3807 necessario
2924 3753 3295 3821 consequitur.
3324 3753 3396 3805 At
3421 3753 3468 3806 si

1879 3822 2144 3891 Origenes
2167 3825 2330 3879 citata
2367 3824 2663 3891 Scriptum
2692 3824 2859 3877 verba
2901 3825 2967 3876 ad
2995 3823 3315 3891 obsequium
3347 3821 3471 3877 Filii

1880 3904 1936 3948 et
1963 3909 2288 3949 consensum
2331 3894 2673 3948 voluntatum
2722 3902 3030 3960 evocasset,
3068 3904 3128 3947 ut
3174 3893 3372 3953 factum
3401 3892 3471 3946 ab

1877 3964 2120 4035 Ariauis,
2154 3966 2426 4035 quomodo
2468 3965 2589 4035 sibi
2613 3978 2781 4035 unum
2826 3963 2993 4018 Deum
3028 3963 3207 4018 colere
3250 3961 3475 4035 videba-

1877 4036 2012 4089 tur?
2038 4033 2228 4089 Nonne
2260 4035 2452 4090 Celsus
2494 4034 2683 4089 eodem
2707 4034 2831 4103 jure
2864 4049 3190 4089 consensum
3218 4033 3471 4103 volunta-

1881 4117 1996 4159 tum
2030 4105 2174 4160 inter
2203 4120 2474 4160 summum
2506 4104 2675 4159 Deum
2701 4102 2756 4158 et
2781 4103 2900 4171 eius
2928 4104 3209 4158 ministros
3235 4102 3469 4170 objecis-

1879 4175 2005 4249 set?
2033 4178 2113 4229 An
2153 4176 2234 4249 ita
2280 4174 2684 4249 absurdus_fuit
2725 4173 3007 4249 Origenes,
3045 4184 3102 4228 ut
3149 4177 3200 4228 in
3228 4174 3304 4249 i_d_,
3329 4173 3471 4243 quod

1879 4243 2315 4315 reprehendebat
2340 4247 2394 4300 in
2433 4246 2690 4311 ethnicis,
2726 4243 2929 4299 revelvi
2958 4260 3034 4315 se
3066 4260 3172 4300 non
3204 4243 3417 4315 videret
3450 4260 3467 4311 ;

1879 4313 1973 4369 aut
1999 4317 2069 4370 ita
2100 4317 2377 4385 improbus
2418 4324 2478 4369 ut
2513 4315 2927 4370 dissimularet?
2956 4313 3083 4385 Haec
3118 4314 3179 4385 ι).
3226 4313 3473 4385 Pruden-

1883 4387 1989 4441 tius
2038 4383 2261 4451 Maratt,
2304 4386 2399 4442 111).
2429 4400 2484 4441 tv
2517 4384 2594 4440 De
2631 4386 2913 4439 divinitate
2967 4384 3332 4453 Christitcap.
3380 4383 3469 4446 15,

1880 4471 2029 4527 n_um.
2053 4456 2107 4527 6.
2139 4456 2274 4511 Vide
2296 4458 2519 4527 insuper
2539 4455 2772 4527 Bullum,
2792 4454 3005 4524 Defens.
3020 4456 3149 4527 ﬁdei
3160 4452 3395 4527 Nicaeum
3410 4455 3473 4509 de

1880 4524 2111 4598 Filiijrip
2132 4524 2439 4598 ὁμοουσίῳξ
2459 4537 2593 4581 sect.
2612 4525 2670 4592 2,
2704 4540 2824 4596 cap.
2861 4526 2927 4598 9,;
2948 4524 3096 4598 num.
3129 4526 3217 4598 11.

1952 4596 2065 4667 (78)
2082 4594 2259 4668 Ἀιὶιιιὶ
2282 4594 2623 4663 ὑπόστασις
2658 4612 2751 4668 pro
2767 4594 2969 4668 ίοῠσίᾳ
3005 4596 3191 4664 priscis
3216 4594 3473 4668 tempori-

1881 4667 1977 4720 bus
2004 4664 2200 4722 solebat
2228 4670 2497 4737 usurpari,
2516 4678 2621 4722 etc.
2649 4686 2667 4718 ι
2694 4667 2921 4737 Etiamsi
2938 4666 3006 4721 de
3029 4664 3300 4720 nonnullis
3334 4666 3473 4719 scri-

1879 4738 2126 4807 ptoribus
2175 4739 2227 4793 id
2260 4734 2637 4799 concederem,
2669 4737 2737 4792 de
2783 4734 3017 4807 Origene
3063 4746 3212 4792 certe
3241 4738 3463 4807 concedi

1880 4823 1986 4861 non
2019 4819 2241 4878 posset;
2284 4811 2377 4864 sed
2422 4808 2575 4862 multi
2605 4809 2694 4861 alii
2726 4808 2867 4861 hanc
2894 4806 3081 4863 vocem
3124 4807 3176 4860 iu
3224 4806 3471 4860 eamdem

1879 4881 2203 4933 sententiam
2257 4888 2607 4948 usurparunt.
2666 4878 2771 4947 Ipsi
2822 4878 3088 4939 haeretici,
3130 4892 3253 4931 cum
3305 4892 3470 4929 uuam

1881 4948 2217 5019 hypostasim
2278 4952 2648 5010 admitterent,
2683 4949 3222 5020 nonnehypostasis
3254 4948 3471 5020 nomine

1879 5033 2166 5088 personam
2219 5020 2645 5089 intelligebant?
2682 5018 2751 5073 Ut
2799 5018 3048 5073 omittam
3100 5019 3470 5089 Alexandrum

1876 5090 2301 5144 Alexandrinum
2342 5088 2433 5157 qui
2482 5092 2532 5143 in
2564 5090 2814 5159 epistola.
2847 5090 2914 5142 ad
2964 5090 3331 5144 Alexandrum
3364 5088 3469 5159 CP.

1888 5159 2029 5214 idem
2067 5161 2224 5217 docet
2252 5175 2316 5215 ac
2364 5158 2658 5229 Origenes;
2688 5160 3069 5223 Athanasium,
3098 5164 3189 5228 qui
3212 5170 3337 5229 tres
3374 5158 3473 5228 by-

1889 5241 2136 5298 postases
2176 5247 2298 5285 cum
2332 5246 2435 5284 una
2465 5228 2517 5286 in
2544 5232 2884 5285 concordiam
2928 5231 3180 5293 adduxit;
3208 5228 3469 5282 Basilimn

1875 5314 1928 5354 et
1953 5300 2271 5371 Gregorium
2307 5299 2816 5371 Nazianzenum,iet
2862 5300 2996 5355 alios
3024 5302 3184 5355 trium
3214 5301 3471 5368 hyposta-

1880 5372 2019 5425 sium
2060 5370 2376 5427 defensores
2408 5389 2424 5438 ;
2466 5382 2691 5443 uterque
2742 5370 3069 5443 Dionysius,
3104 5371 3378 5443 Romanus
3416 5378 3472 5443 et

1879 5443 2303 5509 Alexandrinus,
2339 5457 2434 5497 sex
2458 5439 2719 5511 episcopi,
2748 5439 2978 5511 quorum
3025 5451 3201 5496 exstat
3237 5439 3466 5511 epistola

1874 5514 1941 5564 ad
1965 5512 2185 5565 Paulum
2209 5509 2655 5577 Samosateuuui,
2672 5509 3005 5582 Iiypostasim
3024 5514 3213 5566 eodem
3238 5509 3392 5582 modo
3412 5519 3470 5562 ut

1877 5581 2132 5651 Origenes
2160 5585 2497 5652 interpretati
2523 5593 2668 5638 sunt.
2694 5579 2779 5636 »ξ
2812 5582 2935 5637 Haec
2966 5584 3029 5637 ι).
3051 5582 3215 5652 Prud.
3249 5579 3465 5652 Μλιωι.

1876 5652 1952 5705 De
1977 5650 2141 5706 divin.
2172 5650 2436 5726 CIachap.
2463 5653 2549 5722 15,
2572 5653 2790 5710 num.6.
2829 5653 2960 5709 Vide
2993 5662 3048 5708 et
3070 5651 3303 5717 Bullum,
3332 5650 3465 5709 ibid.

1875 5737 1983 5802 quo
2018 5738 2202 5796 supra.
