3870 6220
495 299 595 331 ξιξ

504 321 597 357 Ιῧῢ

1767 306 1831 363 Ρ.
1871 308 2187 368 DANIELIS
2221 313 2451 370 llUE'l'll

3814 90 3830 383 l

3664 326 3746 382 755

489 417 757 487 prodiisse
787 418 1081 474 vehemens
1117 421 1355 491 suspicio
1381 433 1485 479 est.
1517 425 1665 482 Talis
1696 428 1785 485 ille
1816 431 1964 487 locus
1989 441 2074 489 est
2102 438 2149 496 Α
2177 434 2456 503 imaginem
2488 451 2663 501 suam,
2702 447 2750 490 et
2781 436 3065 491 secundant
3100 439 3321 509 speciem
3348 458 3507 496 suam
3536 443 3606 497 “.
3638 442 3749 509 QUI
3828 450 3832 535 χ

489 508 654 535 LA...”
713 508 779 535 ΠΟ
819 512 874 535 ὲ..
924 509 1055 535 Νη...
1154 529 1274 535 ..η-η
1333 516 1349 535 ι
1418 530 1517 535 ____
1574 517 1677 535 una
1814 520 1850 535 τη
1892 533 1900 535 -
2178 524 2190 535 .
2446 526 2459 535 .
3030 530 3043 535 -
3221 532 3230 535 -
3331 533 3349 535 _
3464 534 3471 535 ,

488 508 678 563 Itomil.
712 508 781 564 l2
818 512 876 563 in
913 509 1102 575 Nam,
1153 529 1299 566 num.
1328 516 1381 581 1,
1418 530 1541 587 pag.
1574 517 1678 572 312
1708 536 1722 573 :
1763 539 1785 573 α
1811 520 1907 576 Est
1943 539 2072 593 ergo

488 601 604 655 haec
638 600 799 654 trium
830 602 1110 657 distinctio
1139 619 1499 673 personarum
1535 608 1587 663 in
1622 609 1803 679 Patre,
1832 623 1889 668 et
1912 614 2071 683 Filio,

487 707 541 751 et
583 696 790 766 Spiritu
828 708 1047 765 sancto,
1080 715 1201 769 quae
1239 702 1305 755 ad
1341 702 1601 771 pluralem
1644 717 1931 776 puteorum
1974 726 2072 765 nu-

484 803 694 841 merum
738 797 1043 843 revocatur.
1091 790 1198 844 Sed
1243 791 1433 846 horum
1481 804 1770 863 puteorum
1806 814 1944 854 unus
1985 810 2072 855 est

485 876 607 932 fons
638 893 654 930 :
684 893 792 931 una
816 878 959 933 enim
984 880 1279 935 substantia
1308 895 1389 937 est
1415 892 1469 937 et
1497 893 1687 939 natura
1710 887 1992 943 Trinitatis
2016 905 2063 953 ;›

490 980 542 1023 et
576 970 663 1025 hic
695 970 861 1024 etiam
887 985 919 1025 e
949 970 1042 1024 lib.
1070 985 1131 1024 ιιι
1170 972 1226 1025 in
1263 972 1432 1042 Epist.
1464 977 1533 1026 ad
1558 974 1737 1040 Rom"
1765 993 1914 1032 num.
1940 978 2000 1032 ll
2048 996 2063 1033 :

487 1087 505 1118 α
537 1066 720 1121 Fidem
764 1075 947 1121 autem
991 1066 1221 1121 dicimus
1266 1068 1319 1121 in
1367 1066 1607 1134 Patrem,
1653 1079 1709 1125 et
1751 1069 1966 1137 Filium,
2014 1080 2069 1127 et

482 1158 747 1227 Spiritum
785 1167 1058 1222 sanctum,
1112 1159 1399 1229 integram,
1453 1160 1690 1229 plenam,
1740 1163 2064 1233 perfectam,

479 1268 601 1320 quae
637 1252 771 1305 nihil
803 1252 1099 1311 diversum,
1131 1250 1208 1305 nil
1246 1250 1583 1320 discrepans,
1620 1263 1715 1307 aut
1746 1263 2065 1310 extraneum

478 1344 533 1398 in
563 1341 829 1398 Trinitate
878 1342 1192 1411 proﬁtetur;
1234 1360 1252 1394 ι
1303 1352 1356 1398 et
1399 1342 1489 1398 ille
1531 1360 1562 1398 e
1606 1344 1701 1402 lib.
1731 1360 1785 1411 v,
1831 1362 1983 1405 num.
2008 1349 2066 1415 2,

478 1453 600 1508 pag.
635 1437 742 1493 555
775 1452 789 1490 :
826 1456 845 1488 ι
874 1435 985 1493 Nec
1028 1436 1272 1507 rapinam
1304 1435 1453 1491 ducit
1494 1436 1788 1509 (Christus)
1839 1454 1959 1496 esse
2007 1456 2067 1498 se

477 1532 735 1601 aqualem
768 1532 905 1597 Deo;
954 1531 1055 1587 hoc
1086 1539 1204 1596 est,
1241 1546 1345 1584 non
1385 1530 1487 1585 sibi
1532 1532 1710 1602 magni
1739 1532 1941 1604 aliquid
1971 1533 2066 1589 de-

477 1633 646 1691 putat,
697 1622 839 1691 quod
894 1622 1010 1691 ipse
1055 1621 1277 1690 quidem
1328 1622 1555 1690 aequalis
1606 1623 1742 1689 Deo,
1792 1633 1849 1679 et
1896 1640 2063 1680 unum

476 1729 597 1769 cum
637 1714 799 1770 Patre
835 1724 1091 1778 estw-et
1126 1714 1228 1769 iste
1262 1729 1293 1770 e
1338 1716 1438 1769 lib.
1477 1730 1577 1779 vn,
1624 1732 1775 1771 num.
1811 1717 1899 1784 15,
1936 1733 2060 1789 pag.

475 1806 581 1861 6l2
613 1826 626 1863 :
658 1826 676 1859 ι
702 1806 760 1862 Si
787 1822 917 1876 ergo
947 1805 1117 1862 Filius
1154 1808 1294 1863 Deus
1330 1822 1496 1877 super
1520 1808 1702 1863 omnia
1747 1809 1965 1875 dicitur,
2006 1822 2063 1866 et
2095 1792 2138 1848 Β
2166 1808 2366 1860 stantia
2394 1824 2557 1862 unum
2588 1820 2735 1874 sunt,
2768 1811 2819 1865 in
2848 1812 3044 1881 quibus
3074 1812 3349 1881 plenitudo
3370 1822 3455 1867 est
3493 1814 3755 1867 divi-uitae

474 1899 710 1970 Spiritus
735 1910 956 1954 sanctus
985 1900 1268 1955 continere
1313 1902 1495 1956 omnia
1531 1912 1885 1970 memoratur,
1919 1906 2062 1962 Dens

473 2001 651 2047 autem
682 1988 845 2045 Pater
872 2004 955 2046 est
987 2006 1052 2046 ex
1081 2007 1190 2061 quo
1217 1994 1418 2058 omnia,
1450 1994 1733 2049 evidenter
1757 1997 2061 2052 ostenditur

472 2094 719 2138 naturam
752 2083 1037 2139 Trinitatis
1076 2094 1131 2138 et
1159 2086 1513 2140 substantiam
1548 2102 1709 2141 uuam
1753 2102 1894 2153 esse,
1942 2104 2059 2157 qua:

470 2185 551 2231 est
585 2192 747 2246 super
776 2176 994 2242 omnia;
1028 2196 1046 2229 ι
1077 2186 1131 2231 et
1165 2177 1253 2231 hic
1286 2194 1506 2249 quoque
1547 2194 1577 2234 e
1612 2179 1707 2235 lib.
1753 2196 1871 2245 vnt,
1904 2197 2053 2235 num.

470 2269 523 2334 5,
559 2285 681 2337 pag.
712 2268 855 2325 626:
895 2287 914 2320 ι
939 2270 1079 2323 Sunt
1113 2270 1277 2324 etiam
1308 2272 1547 2325 nonnulli
1594 2272 1684 2342 qui
1731 2273 2057 2327 annuntiaat

469 2360 686 2431 quidem
718 2369 773 2416 et
803 2361 1097 2430 praedicant
1132 2362 1197 2416 de
1224 2362 1419 2427 Patre,
1454 2374 1510 2417 et
1542 2362 1713 2429 Filio,
1762 2373 1817 2419 et
1847 2364 2053 2433 Spiritu

468 2462 677 2518 sancto,
714 2452 810 2508 sed
843 2468 948 2507 non
986 2455 1232 2518 sincere,
1271 2469 1378 2507 non
1407 2456 1650 2526 integre;
1697 2467 1756 2509 nt
1788 2466 1915 2511 sunt
1942 2473 2054 2513 om-

469 2558 567 2600 nes
615 2543 893 2612 heretici,
946 2546 1037 2616 qui
1078 2545 1295 2601 Patrem
1351 2546 1591 2616 quidem,
1645 2558 1699 2602 et
1732 2548 1947 2615 Filium,
1999 2560 2054 2605 et

471 2635 734 2704 Spiritum
778 2646 1025 2692 sanctum
1062 2640 1422 2703 annuntiant,
1463 2640 1556 2694 sed
1595 2656 1699 2694 non
1741 2643 1909 2706 bene,
1945 2658 2048 2695 non

468 2726 695 2782 ﬁdeliter
740 2729 1090 2783 annuntiant.
1136 2730 1243 2782 Aut
1294 2729 1438 2785 enim
1483 2730 1623 2785 male
1668 2743 1923 2802 separant
1961 2733 2050 2787 Fi-

466 2819 593 2874 lium
632 2837 661 2876 a
693 2819 889 2889 Patre,
924 2832 985 2876 ut
1014 2822 1240 2877 alterius
1284 2830 1492 2876 natura:
1523 2822 1776 2887 Patrem,
1823 2824 2048 2879 alterius

465 2912 657 2967 Filium
693 2914 902 2980 dicant;
936 2924 1031 2968 aut
1063 2914 1203 2969 male
1235 2914 1595 2980 confundunt,
1638 2928 1695 2970 ut
1732 2916 1816 2970 vel
1845 2932 1908 2971 ex
1951 2917 2046 2971 tri-

465 3009 567 3055 bus
600 3004 960 3072 compositum
996 3003 1162 3058 Deum
1183 3044 1197 3069 ,
1241 3004 1325 3058 vel
1356 3006 1513 3060 trina:
1547 3009 1920 3062 tantummodo
1952 3024 2046 3077 ap-

465 3092 768 3160 pellationis
797 3094 849 3147 in
877 3110 940 3149 eo
977 3110 1096 3149 esse
1130 3096 1455 3151 vocabulum
1487 3106 1700 3167 putent.
1733 3098 1834 3165 Qui
1861 3109 2041 3154 autem

465 3183 599 3239 bene
626 3188 908 3240 annuntiat
935 3187 1097 3253 bona,
1142 3190 1505 3259 proprietates
1536 3188 1750 3259 quidem
1784 3190 1951 3257 Patri,
1988 3201 2043 3246 et

464 3271 620 3340 Filio,
663 3284 717 3328 et
763 3274 991 3344 Spiritui
1037 3286 1228 3331 sancto
1274 3292 1402 3332 suas
1438 3278 1635 3349 cuique
1680 3279 1865 3345 dabit;
1909 3280 2041 3334 nihil

463 3374 642 3419 autem
685 3366 1017 3421 diversitatis
1059 3382 1180 3423 esse
1218 3369 1571 3427 confitebitur
1617 3370 1668 3424 in
1714 3381 1903 3424 natura
1955 3372 2042 3427 vel

463 3455 798 3522 substantia;
849 3476 868 3509 ι
915 3472 1122 3512 necnon
1174 3468 1227 3511 et
1277 3458 1365 3511 ille
1395 3474 1425 3512 e
1452 3458 1549 3515 lib.
1582 3475 1595 3513 t
1634 3460 1776 3527 Περὶ
1807 3460 2032 3530 ἀρχῶν,

462 3564 575 3618 cap.
632 3548 704 3612 2,
762 3564 909 3603 num.
960 3549 993 3603 5
1027 3566 1040 3602 :
1074 3568 1091 3601 ι
1142 3549 1409 3604 Secunda:
1457 3564 1589 3604 vero
1650 3550 2043 3621 comparationi

462 3639 638 3711 imago
661 3638 782 3693 Filii
810 3639 926 3706 Dei,
960 3641 1024 3695 de
1051 3655 1156 3712 qua
1193 3657 1338 3695 nunc
1368 3656 1548 3696 sermo
1585 3651 1689 3707 est,
1729 3644 2037 3711 comparari

461 3742 638 3803 potest
685 3732 849 3787 etiam
897 3735 1191 3787 secundum
1247 3734 1349 3789 hoc
1405 3736 1548 3805 quod
1604 3734 1892 3789 invisibilis
1944 3734 2037 3789 Dei

461 3826 642 3895 imago
688 3825 978 3880 invisibilis
1027 3834 1147 3890 est,
1215 3827 1357 3881 sicut
1401 3827 1698 3882 secundum
1748 3827 2035 3881 historiam

460 3916 692 3973 dicimus
746 3917 1159 3973 similitudinem
1191 3918 1320 3972 Atla:
1372 3919 1538 3973 ﬁlium
1589 3918 1706 3986 ejus
1756 3918 1909 3973 Seth.
1956 3919 2035 3973 Ita

460 4009 604 4064 enim
637 4011 899 4082 scriptum
935 4022 1020 4068 est
1054 4031 1067 4066 :
1104 4012 1169 4066 Et
1198 4013 1374 4084 genuit
1398 4012 1568 4065 Adam
1592 4009 1716 4065 Sella
1747 4012 2032 4065 secundum

542 4127 586 4158 “
612 4128 746 4183 Gen.
782 4144 832 4188 v.
863 4130 917 4183 '5.

458 4221 608 4277 addit
634 4224 902 4292 propriam
948 4232 1003 4281 et
1043 4224 1453 4286 subsistentem,
1497 4236 1561 4275 ac
1591 4220 1703 4292 suis
1733 4218 2033 4289 pr0prieta-

462 4294 604 4347 tibus
636 4290 927 4349 definitam
980 4303 1035 4349 et
1082 4293 1574 4359 circumscriptam.
1638 4290 1914 4360 Denique,
1974 4300 2033 4344 ut

458 4378 619 4431 supra
645 4363 938 4440 haereticos
986 4361 1471 4440 castigabat_quod
1500 4360 1775 4416 Christum
1814 4362 2033 4440 nomine

459 4429 617 4488 tenus
641 4433 836 4489 Filium
868 4429 1252 4500 dicerenUhic
1283 4429 1480 4487 Filium
1514 4446 1643 4485 vere
1669 4444 1789 4484 esse
1814 4429 2028 4497 Filium,

458 4501 676 4557 Patrem
718 4520 848 4560 vere
879 4504 1092 4559 Patrem
1124 4499 1415 4558 contendit
1446 4519 1461 4554 :
1496 4503 1549 4555 in
1584 4516 1690 4570 quo
1720 4516 1825 4553 non
1857 4499 2027 4553 solum

457 4570 751 4645 Noctianos
796 4575 1010 4638 refellit,
1051 4575 1140 4645 qui
1179 4576 1296 4627 lucc
1341 4573 1408 4627 ad
1461 4573 1654 4645 inanes
1686 4571 2033 4645 metaphoras

460 4642 808 4711 redigebant;
836 4648 929 4699 sed
959 4641 1119 4699 etiam
1149 4645 1404 4714 Arianos,
1433 4642 1525 4714 qui
1557 4642 1611 4694 in
1638 4641 1835 4714 haeresi
1873 4642 2031 4714 plane

457 4710 733 4783 contraria
763 4717 950 4769 eadem
973 4726 1156 4783 postea
1183 4713 1369 4783 nugati
1387 4710 1531 4783 sunt.
1637 4710 1875 4765 Domnus
1901 4711 2034 4783 Pru-

457 4781 671 4837 dentius
698 4784 909 4851 MARAN,
938 4780 1011 4839 De
1038 4784 1311 4838 divinitate
1332 4780 1529 4836 Christi
1558 4781 1653 4835 lib.
1681 4796 1754 4846 tv,
1785 4793 1907 4848 cap.
1938 4780 2030 4847 15,

458 4866 607 4907 num.
644 4854 676 4907 ι
714 4866 768 4909 et

541 4923 655 4995 (8i)
715 4924 915 4978 Filium
976 4923 1063 4993 qui
1132 4922 1380 4995 splendor
1446 4920 1670 4995 gloriae,
1739 4927 1787 4973 et
1854 4920 2029 4995 ﬁgura

457 4991 770 5047 substantia:
831 4991 1062 5061 paterna:
1112 4993 1447 5062 appellatur,
1514 4991 1568 5043 id
1618 5006 1728 5062 esse
1789 4992 2029 5062 censebat

460 5066 660 5117 ratione
678 5059 875 5128 Patris,
904 5065 1041 5133 quod
1064 5059 1350 5116 est'radius
1378 5071 1609 5133 respectu
1632 5061 1780 5113 solis.
1805 5059 1917 5114 Hoc
1937 5076 2029 5133 so:

458 5132 527 5186 lis
554 5134 854 5201 solarisque
883 5132 1016 5187 radii
1061 5134 1309 5201 exemplo
1345 5132 1478 5184 nihil
1529 5133 1861 5186 l'reuuentius
1887 5132 2027 5197 apud

458 5200 1033 5271 Origenem’aliosque
1073 5200 1258 5257 Patres
1304 5205 1369 5256 ad
1417 5201 1842 5271 signiﬁcandam
1872 5213 2029 5253 auer-

459 5269 580 5325 natu
611 5272 768 5327 Verbi
799 5269 1201 5343 generationem
1237 5289 1251 5327 :
1288 5273 1381 5343 sed
1422 5269 1686 5343 quatenus
1731 5269 1914 5343 radius
1947 5280 2029 5324 est

458 5345 633 5411 portio
655 5340 899 5413 quaedam
926 5353 981 5397 et
1003 5343 1277 5413 ellluvinm
1302 5341 1475 5413 solari
1523 5340 1862 5402 substantize,
1900 5356 2029 5413 nus-

457 5428 620 5480 quam
656 5411 872 5468 censuit
908 5416 1171 5482 Origenes
1200 5412 1397 5466 Filium
1429 5412 1480 5465 id
1524 5426 1644 5482 esse
1680 5415 1886 5482 ratione
1920 5411 2026 5461 Pa-

460 5479 750 5560 ti;is,_quo_d
773 5496 856 5539 est
872 5479 1077 5560 radius
1095 5492 1344 5560 respectu
1373 5482 1521 5560 solis.
1546 5500 1563 5530 ι
1584 5479 2021 5560 Nunqnidnam,i

458 5550 637 5622 inquit
663 5554 760 5608 lib.
792 5571 807 5608 ι
863 5554 1003 5622 Περὶ
1046 5551 1277 5621 ἀρχῶν,
1309 5567 1429 5620 cap.
1456 5553 1507 5622 1,
1564 5566 1717 5622 num.
1745 5550 1797 5622 1,
1855 5569 1872 5599 ι
1901 5551 2026 5622 quia

460 5619 671 5700 (Filius)
719 5626 903 5700 lumen
928 5619 1302 5700 _'nominatur,
1349 5619 1525 5676 simile
1575 5619 1850 5700 putabitur
1896 5621 2027 5700 solis

459 5690 629 5770 ltnjns‘
653 5690 1127 5770 lumini?uLumeu
1160 5703 1500 5770 est__vernttt,
1523 5709 1541 5741 ι
1593 5690 1670 5745 ait
1704 5690 1801 5770 lib.
1835 5692 2024 5770 eodem

458 5761 574 5833 cap.
601 5765 667 5831 2,
709 5782 855 5820 nmn.
886 5766 950 5831 6,
992 5782 1009 5816 ι
1034 5766 1174 5831 quod
1214 5763 1479 5817 illuminat
1519 5776 1719 5816 ontnem
1757 5761 2021 5815 hominem

2176 524 2355 595 imago
2388 526 2551 580 etiam
2601 538 2808 583 natura:
2856 544 2921 585 ac
2963 530 3282 587 substantia:
3330 533 3513 589 Patris
3555 546 3614 590 et
3644 536 3744 591 Filii

2174 617 2418 671 continet
2448 618 2742 685 unitatem;
2776 638 2795 673 ›
2829 630 2883 674 et
2910 621 2998 676 hic
3026 637 3057 678 e
3091 624 3268 692 capite
3300 628 3581 694 sequenti,
3612 644 3744 681 num.
3828 584 3831 669 l

2178 708 2233 772 4,
2264 724 2422 779 quem
2456 711 2650 765 recitat
2681 711 2993 781 Pamphilus
3039 715 3091 769 in
3131 715 3387 785 Apologia
3408 733 3427 770 :
3464 736 3485 768 ‹
3522 719 3679 785 Quod
3710 722 3747 773 si

2172 808 2336 861 esset,
2374 814 2648 868 nunquam
2694 803 2879 871 utique
2914 803 2969 858 in
2998 805 3204 859 unitate
3224 805 3535 873 Trinitatis,
3572 811 3624 864 id
3654 821 3744 876 est,

2175 887 2266 942 Dei
2295 888 2471 944 Patris
2499 890 2935 947 inconvertibilis
2958 933 2974 958 ,
3004 902 3059 949 et
3086 893 3208 949 Filii
3239 895 3355 963 ejus
3381 938 3397 962 ,
3427 900 3601 954 etiam
3644 901 3744 966 ipse

2177 978 2416 1049 Spiritus
2437 992 2659 1037 sanctus
2685 982 2976 1039 haberetur
3006 1000 3021 1039 :
3047 1004 3066 1037 ›
3098 998 3154 1041 et
3175 986 3278 1043 iste
3301 990 3464 1043 etiam
3495 1005 3531 1044 e
3554 1006 3675 1060 cap.
3697 993 3744 1054 5,

2171 1089 2319 1127 num.
2340 1074 2375 1129 5
2401 1091 2415 1129 :
2437 1093 2454 1126 ι
2476 1073 2591 1129 Non
2622 1075 2766 1131 enim
2795 1075 3079 1134 Trinitatis
3102 1091 3292 1134 natura
3318 1080 3524 1136 habere
3554 1082 3747 1154 aliquid

2169 1166 2584 1231 compositionis
2650 1175 2869 1223 ostensa
2937 1180 3055 1232 est;
3115 1190 3135 1224 ι
3184 1182 3239 1225 et
3288 1172 3374 1227 hic
3436 1189 3465 1228 e
3531 1174 3629 1229 lib.
3678 1192 3746 1239 nt.

2169 1272 2287 1326 cap.
2314 1258 2368 1322 6,
2394 1275 2543 1317 num.
2574 1260 2628 1326 1,
2659 1276 2782 1331 pag.
2813 1261 2949 1317 152:
2986 1282 3004 1315 ι
3030 1263 3086 1318 Id
3116 1265 3257 1333 quod
3282 1282 3447 1320 unum
3473 1278 3563 1322 est
3592 1267 3750 1323 Filius

2169 1363 2292 1401 cum
2344 1348 2525 1417 Patre,
2580 1353 2647 1405 ad
2700 1362 2910 1409 naturae
2959 1358 3344 1426 proprietatem
3402 1358 3750 1413 referendum

2169 1439 2292 1495 ﬁdei
2326 1442 2527 1496 veritas
2556 1443 2749 1507 docet;
2790 1464 2809 1497 ι
2844 1455 2896 1499 et
2930 1446 3031 1502 iste
3060 1458 3323 1516 praeterea
3363 1464 3395 1505 e
3444 1451 3545 1505 lib.
3580 1468 3656 1515 tv,
3706 1453 3751 1505 in

2167 1529 2637 1599 Anacephalwosi:
2670 1552 2689 1585 ‹
2718 1534 2953 1603 Veritas,
2981 1538 3112 1601 vita,
3140 1539 3424 1607 sapientia,
3456 1539 3607 1593 idem
3638 1554 3754 1595 sunt

2167 1636 2231 1675 ac
2253 1622 2504 1681 Christus
2536 1645 2549 1679 :
2584 1626 2835 1683 Christus
2864 1629 3003 1684 idem
3032 1645 3095 1684 ac
3124 1628 3307 1685 Pater.
3337 1629 3469 1696 Quae
3502 1635 3753 1700 quamvis

2171 1712 2450 1770 intellectu
2494 1716 2659 1771 multa
2710 1732 2835 1773 esse
2879 1720 3164 1785 dicantur;
3200 1736 3258 1776 re
3304 1730 3483 1774 tamen
3535 1733 3597 1775 et
3636 1724 3755 1776 sub.

2165 1896 2279 1951 tis:
2320 1917 2339 1949 ι
2380 1900 2465 1952 cui
2512 1908 2568 1954 et
2617 1901 2707 1955 hic
2751 1901 2987 1956 indidem
3043 1902 3417 1971 adjungendus
3463 1907 3753 1960 nnm.28:
3834 1950 3835 1959 χ

2165 2005 2184 2040 ι
2212 1986 2327 2042 Νοη
2359 1989 2505 2043 enim
2534 1991 2791 2055 dicimus,
2824 1992 2965 2048 sicut
3008 1993 3253 2049 haeretici
3284 2004 3500 2065 putant,
3543 2008 3754 2065 partem

2160 2079 2398 2149 aliquam
2435 2083 2752 2138 substantia:
2790 2085 2883 2140 Dei
2931 2085 2986 2139 in
3020 2085 3213 2140 Filium
3259 2101 3496 2150 versam,
3551 2100 3653 2143 aut
3693 2106 3753 2143 ex
3832 2098 3838 2188 J

2159 2171 2322 2227 nullis
2346 2173 2766 2230 subsistentibus
2796 2175 2993 2231 Filium
3025 2187 3365 2247 procreatum
3403 2193 3434 2231 a
3475 2177 3671 2241 Patre,
3706 2180 3754 2234 id

2159 2210 2322 2227 ..υ-...ο
2346 2210 2766 2230 assummum”
2796 2210 2993 2231 ι-...υιη
3026 2210 3365 2247 γιυιιῦσιυιυ
3403 2210 3434 2231 .-
3476 2210 3495 2231 ι
3520 2210 3671 2241 auc,
3707 2210 3754 2234 lu

2155 2273 2261 2331 est,
2308 2273 2465 2318 extra
2509 2266 2871 2320 substantiam
2912 2282 3087 2335 suam,
3122 2278 3181 2323 ut
3220 2268 3380 2323 fuerit
3425 2267 3748 2335 aliquando,
3830 2210 3837 2313 l

2155 2356 2378 2425 quando
2409 2372 2513 2410 non
2560 2356 2743 2411 fuerit.
2770 2377 2788 2409 ι
2837 2357 2979 2413 Nihil
3008 2368 3156 2413 esset
3198 2360 3265 2412 ad
3298 2357 3597 2415 Trinitatis
3638 2361 3751 2413 lau-

2153 2447 2275 2500 dem
2311 2446 2530 2511 clarius,
2574 2448 2619 2501 si
2666 2464 2796 2516 non,
2852 2460 2912 2503 ut
2953 2450 3104 2517 dixi,
3142 2462 3392 2520 suspecta
3443 2466 3504 2505 ea
3546 2453 3750 2507 faceret

2152 2537 2295 2591 fluxa
2334 2538 2514 2593 Rufini
2567 2540 2881 2610 interpretis
2933 2540 3087 2597 ﬁdes.
3137 2541 3301 2597 Utilia
3353 2558 3578 2613 quoque
3630 2546 3744 2600 haec

2151 2646 2272 2686 esse
2294 2632 2514 2704 Origeni
2542 2635 2816 2702 putaverit
2850 2635 3070 2705 aliquis,
3096 2651 3215 2704 quae
3243 2637 3492 2701 leguntur
3522 2646 3659 2692 tom.
3707 2654 3741 2693 tt

2150 2724 2203 2776 in
2232 2722 2419 2787 leam,
2456 2740 2605 2777 nunt.
2636 2725 2669 2775 fi
2696 2743 2709 2779 :
2732 2726 2793 2779 El
2830 2724 2887 2778 δὲ
2936 2726 3078 2779 κατὰ
3114 2726 3208 2779 τὸν
3249 2726 3475 2779 Ἡσαΐαν
3510 2727 3681 2797 φησὶν
3716 2730 3744 2782 ὀ

2148 2816 2353 2886 Κύριος
2380 2816 2537 2887 ἡμῶν
2586 2817 2690 2870 ὑπὸ
2737 2817 2831 2871 τοῦ
2875 2818 3088 2889 Πατρὸς
3130 2819 3464 2872 ἀπεστάλϐαι
3510 2821 3611 2872 καὶ
3644 2819 3742 2875 τοῦ

2147 2907 2464 2977 Πνεύματος
2504 2908 2689 2974 αὑτοῦ,
2728 2910 2846 2962 ἐστὶ
2886 2911 2980 2964 καὶ
3017 2910 3250 2964 ἐνταῦθα
3290 2910 3420 2981 περὶ⁸
3462 2910 3559 2963 τοῦ
3602 2912 3738 2965 ἀπο·

2148 3001 2455 3065 στείλαντος
2498 3001 2589 3055 τὸν
2638 3000 2871 3073 Χριστὸν
2912 3003 3227 3073 Πνεύματος
3267 3002 3734 3074 ἀπολογήσασθαι,

2145 3090 2243 3161 οὐχ
2275 3091 2350 3155 ὡς
2382 3091 2542 3160 φύσει
2586 3092 2955 3164 διαφέροντος,
3009 3094 3142 3146 ἀλλὰ
3176 3093 3264 3146 διὰ
3304 3094 3401 3164 τὴν
3432 3096 3737 3169 γενομένη-ι

2143 3185 2454 3255 οἰκονομίαν
2494 3187 2593 3257 τῆς
2632 3187 3097 3258 ὲνανθρωπήσεως
3135 3187 3228 3241 τοῦ
3258 3187 3390 3241 Υίοῦ
3436 3188 3532 3241 τοῦ
3573 3190 3735 3254 Θεοῦ,

2144 3275 2538 3339 ὲλαττωθέντος
2567 3279 2697 3349 παρ’
2718 3278 2850 3332 αὐτὸ
2880 3278 2969 3331 τοῦ
2997 3278 3265 3348 Σωτῆρος.
3303 3280 3370 3333 At
3400 3295 3523 3333 cum
3557 3281 3734 3348 Spiri-

2145 3376 2257 3420 tum
2300 3379 2551 3421 sanctum
2604 3371 2680 3423 ait
2726 3386 2832 3423 non
2879 3386 2999 3425 esse
3039 3372 3197 3441 φύσει
3234 3373 3583 3445 διαφέροντα,
3628 3377 3733 3429 ιιιὶ-

2144 3458 2290 3513 nime
2333 3460 2605 3530 signiﬁcat
2644 3473 2838 3515 natura
2878 3479 2983 3517 non
3032 3464 3279 3534 differre,
3320 3468 3472 3535 quod
3518 3471 3733 3537 putavi

2143 3547 2451 3617 Perionius,
2479 3553 2573 3606 sed
2612 3565 2805 3608 natura
2838 3570 2940 3609 non
2967 3567 3243 3621 priestare.

2221 3640 2279 3698 ν.
2316 3642 2554 3699 Validior
2590 3645 2682 3701 ille
2724 3645 2873 3701 locus
2904 3662 2970 3701 ex
3015 3650 3202 3704 eodem
3246 3660 3391 3706 tomo
3426 3653 3483 3705 in
3516 3653 3730 3720 leam,

2144 3748 2293 3787 num.
2329 3734 2398 3798 2,
2433 3734 2524 3788 ubi
2574 3736 2834 3791 adversus
2868 3740 3128 3805 quosdam
3178 3742 3487 3805 invehitur,
3525 3746 3733 3815 ἀρνου-

2145 3825 2337 3895 μένους
2362 3826 2458 3898 τὴν
2488 3828 2716 3897 Θεότητα
2754 3828 2847 3882 τοῦ
2878 3830 3030 3895 Υἱοῦ,
3062 3831 3306 3896 τιθέντας
3334 3834 3390 3887 δὲ
3433 3836 3607 3889 αὑτοῦ

2144 3919 2401 3990 ἰδιότητα,
2431 3923 2523 3975 καὶ
2544 3923 2642 3993 τὴν
2673 3924 2858 3978 οὐσίαν
2881 3924 3022 3977 κατὰ
3052 3927 3394 3998 περιγραφὴν
3420 3932 3733 3999 τυγχάνου-

2142 4029 2239 4067 σαν
2272 4013 2464 4086 ἑτέραν
2507 4014 2603 4067 τοῦ
2644 4017 2877 4089 Πατρός.
2930 4018 3041 4088 (81)
3080 4018 3272 4072 Filium
3319 4021 3411 4089 qui
3464 4023 3731 4090 splendor

2139 4222 2427 4275 uenientem
2454 4220 2508 4272 in
2541 4220 2679 4274 hunc
2709 4220 2965 4274 mundum
2995 4220 3179 4291 (Joan.
3212 4237 3265 4285 ι,
3300 4219 3354 4291 9)
3377 4260 3415 4291 ,Α
3438 4221 3534 4275 sed
3587 4225 3725 4279 nihil

2140 4292 2308 4360 habet
2332 4305 2618 4345 commune
2652 4291 2718 4343 ad
2748 4290 2877 4345 solis
2912 4288 3071 4360 hujus
3099 4288 3345 4345 lumenJ
3380 4288 3727 4349 Germanam

2136 4359 2390 4431 Origenis
2421 4360 2523 4431 hac
2549 4361 2615 4415 de
2644 4374 2702 4414 re
2731 4359 3042 4429 Opinionem
3073 4360 3284 4415 discere
3321 4362 3448 4431 licet
3476 4378 3542 4414 ex
3585 4373 3719 4418 toni.

2136 4427 2290 4485 xxx'u
2338 4432 2396 4483 in
2445 4427 2644 4495 10am,
2693 4427 2842 4485 num.
2904 4432 2992 4487 18.
3036 4431 3126 4484 ubi
3184 4430 3263 4485 ait
3315 4430 3553 4485 tFilium
3599 4450 3723 4488 esse

2139 4500 2485 4570 splendorem
2539 4502 2704 4554 totius
2750 4500 2936 4566 gloria:
2984 4501 3108 4565 Dei,
3158 4511 3216 4554 et
3272 4500 3445 4555 solum
3493 4517 3718 4558 omnem

2136 4571 2476 4639 splendorem
2514 4571 2678 4624 totius
2722 4572 2908 4640 gloriae
2948 4570 3041 4625 Dei
3085 4584 3281 4640 capere
3312 4586 3533 4640 pOSae.)
3583 4572 3718 4636 Quae

2133 4642 2299 4695 verba
2340 4640 2632 4694 manifeste
2676 4641 2918 4696 indicant
2959 4641 3092 4694 nihil
3141 4656 3264 4694 esse
3310 4644 3360 4693 in
3409 4645 3715 4709 exemplari

2133 4712 2276 4779 quod
2318 4725 2425 4764 non
2468 4711 2540 4765 sit
2582 4710 2636 4763 in
2678 4710 2951 4780 imagine,
2986 4713 3228 4779 adeoque
3253 4709 3449 4764 Filium
3486 4727 3516 4763 a
3547 4711 3716 4767 Patre

2131 4796 2241 4834 non
2282 4780 2449 4835 dividi
2481 4790 2573 4834 aut
2603 4784 2843 4850 separari
2877 4791 2936 4835 ut
2969 4792 3175 4850 partem
3207 4799 3234 4835 a
3269 4792 3381 4835 t0to
3406 4820 3421 4845 ,
3458 4781 3555 4835 sed
3589 4797 3713 4837 esse

2133 4851 2295 4905 unius
2337 4864 2561 4904 numero
2607 4860 2663 4905 et
2708 4851 2950 4917 ejusdem
2999 4867 3064 4906 ac
3108 4851 3319 4905 Patrem
3360 4850 3708 4905 substantize.

2133 4918 2267 4975 Vide
2294 4921 2431 4973 infra
2472 4930 2587 4973 not.
2619 4922 2674 4975 in
2713 4938 2859 4975 num.
2888 4922 2988 4985 εις
3039 4921 3159 4975 vide
3185 4931 3240 4974 et
3268 4920 3484 4974 Bullutn
3513 4922 3566 4974 in
3608 4922 3713 4975 De-

2132 4992 2265 5057 [ειη.
2296 4991 2421 5058 ﬁdei
2447 4988 2700 5056 Nicaeum,
2749 4992 2816 5045 de
2846 4993 2968 5047 Filii
2989 4991 3431 5047 subordinatione
3453 5032 3469 5054 ,
3497 5006 3620 5058 cap.
3652 4992 3709 5054 4,

2133 5076 2285 5113 num.
2315 5058 2460 5124 9,10
2489 5069 2543 5114 et
2570 5075 2749 5131 seqq.,
2778 5063 2867 5115 ubi
2895 5065 3173 5117 evidenter
3201 5060 3437 5131 ostendit
3464 5064 3709 5114 numeri-

2131 5145 2248 5184 eam
2299 5131 2557 5184 unitatem
2606 5129 2919 5187 substantiae
2962 5133 3138 5186 Patris
3191 5141 3245 5184 et
3290 5129 3412 5183 Filii
3472 5142 3708 5185 eatenus

2130 5201 2416 5280 agnovisse
2443 5200 2763 5280 Origenem,
2810 5213 3076 5280 quatenus
3124 5202 3292 5280 ipsam
3334 5200 3559 5280 Patrum
3600 5217 3704 5280 an-

2132 5272 2426 5339 tiquiorum
2492 5270 2845 5341 quisquam,’
2880 5275 3121 5339 adeoque
3195 5273 3308 5339 ipse
3361 5270 3705 5341 Athanasius

2130 5338 2388 5420 Eglfovui
2421 5338 2524 5420 Ιξ-οιξ
2562 5338 2676 5420 est,
2720 5344 3017 5398 credidisse
3036 5338 3333 5410 ’Origenem
3380 5338 3600 5420 Patrem
3622 5353 3705 5420 ,ει

2128 5412 2324 5469 Filium
2353 5422 2408 5463 et
2432 5411 2692 5481 Spiritum
2720 5424 3005 5479 sanctum,
3046 5429 3167 5467 cum
3210 5426 3399 5464 revera
3434 5419 3547 5464 tres
3587 5411 3702 5463 sint

2127 5496 2392 5551 personae,
2430 5498 2765 5551 nequaquam
2796 5493 2977 5536 tamen
3004 5494 3064 5536 ut
3098 5496 3205 5535 tres
3248 5481 3498 5534 homines
3541 5495 3702 5533 seor-

2127 5568 2248 5606 sum
2287 5562 2343 5605 et
2371 5553 2663 5621 separatim
2701 5555 3006 5620 exsistere;
3041 5552 3137 5607 sed
3175 5553 3365 5606 intime
3406 5551 3510 5605 sibi
3554 5552 3696 5602 invi-

2127 5637 2243 5676 cem
2272 5623 2546 5675 cohaerere
2581 5634 2636 5677 et
2659 5625 2976 5692 conjunCtos
3001 5637 3152 5688 esse;
3182 5623 3427 5689 adeoque
3452 5622 3693 5674 alterum

2128 5693 2180 5745 in
2216 5692 2384 5746 altero
2418 5696 2716 5757 exsistere,
2760 5703 2951 5761 atque,
2999 5704 3055 5744 ut
3081 5694 3151 5747 ita
3182 5692 3393 5761 loquar,
3429 5692 3697 5744 immeare

2130 5763 2357 5818 invicem
2380 5772 2432 5817 et
2464 5773 2745 5831 penetrare
2775 5778 2869 5829 per
2901 5761 3226 5818 int-flabilem
3262 5766 3551 5831 quamdam
3597 5774 3697 5813 1::-
