3840 6222
90 261 228 317 737

997 266 1570 326 ORIGENIANORUM
1608 270 1742 330 LIB.
1782 270 1845 339 ll,
1885 272 2036 328 CAP.
2078 273 2144 339 ll,
2186 274 2463 342 QU/EST.
2508 274 2569 329 ll.

3288 259 3294 263 ’
3311 281 3412 336 758

93 377 348 447 glorim,
398 385 453 432 et
497 377 667 447 ligura
707 378 1024 435 substantiae
1069 394 1308 452 paternae
1337 383 1728 455 appellatur",
1761 392 1809 451 Α
1837 385 1983 441 xisse
2020 386 2344 457 Origencm;
2377 386 2434 444 at
2470 404 2536 445 eo
2584 406 2747 446 sensu
2799 391 3022 458 dixisse,
3052 408 3159 463 quo
3196 393 3412 451 Nica-ua

97 468 163 521 id
227 483 375 522 esse
420 469 675 522 censebat
720 471 930 525 ratione
976 470 1174 541 Patris,
1220 476 1365 544 quod
1415 486 1498 531 est
1546 476 1731 533 radius

96 568 398 628 respectu
443 560 596 615 solis.
650 562 810 631 Atqui
847 564 1044 620 solaris
1094 567 1277 622 radius
1315 568 1428 623 sole
1473 569 1602 625 licet
1644 572 1729 625 in-

96 650 326 719 ferior,
369 653 615 722 ejusdem
659 663 835 709 tamen
875 667 959 711 est
997 660 1316 716 substantia:
1353 677 1417 717 ac
1464 663 1543 719 sol
1580 664 1726 733 ipse;

100 761 249 798 nam
312 747 640 801 substantiae
678 748 873 803 solaris
916 748 1186 805 eﬂluvium
1234 754 1503 821 quoddam
1542 767 1625 810 est
1676 766 1732 811 et.

98 838 430 906 particula,
466 838 558 893 sed
593 849 772 894 tamen
801 857 907 896 non
939 852 1023 897 est
1053 859 1157 896 una
1192 861 1418 901 numero
1446 857 1499 902 et
1531 849 1725 903 eadem

100 930 467 983 substantia.
514 930 624 1000 (82)
683 929 786 986 Hic
850 948 977 1002 ergo
1027 932 1208 1003 culpat
1263 935 1547 992 btereticos
1595 939 1726 993 sub-

100 1020 399 1073 stantiam
464 1020 586 1074 Filii
646 1037 675 1074 a
734 1021 915 1077 Patris
981 1024 1282 1080 substantia
1346 1028 1604 1096 penitus,
1672 1036 1729 1083 et

99 1112 269 1165 κατὰ
327 1115 680 1185 περιγραφὴν
737 1126 1120 1183 secernenles,
1183 1130 1241 1174 et
1289 1121 1357 1174 ab
1415 1120 1515 1175 hac
1578 1121 1725 1175 illam

100 1218 422 1259 emanasse
449 1216 702 1273 negantes
734 1223 748 1261 :
776 1217 832 1259 at
874 1206 926 1260 in
956 1208 1133 1262 allatis
1182 1212 1442 1279 superius
1474 1212 1723 1266 testimo-

106 1296 226 1349 niis
263 1296 471 1350 Filium
506 1298 780 1352 inliciatur
808 1298 970 1353 unius
996 1316 1223 1357 numero
1249 1317 1315 1356 ac
1340 1301 1579 1371 ejusdem
1604 1318 1724 1358 esse

103 1404 175 1441 ac
235 1388 465 1444 Patrem
508 1390 848 1446 substantiae.
903 1391 1043 1448 Vera
1094 1395 1207 1448 haec
1250 1405 1415 1450 estet
1464 1411 1720 1466 germana

103 1481 390 1549 Origenis
415 1482 618 1549 opinio.
655 1482 792 1537 Hinc
824 1486 1195 1540 conciliantur
1217 1488 1577 1559 ὲναντιοφανῆ
1621 1487 1721 1543 ista

107 1574 421 1643 Epiplianii
460 1575 589 1630 lizer.
621 1574 711 1641 64,
746 1591 865 1645 cap.
897 1577 931 1629 4
961 1579 1089 1631 εἘκ
1117 1579 1217 1649 τῆς
1257 1580 1445 1644 οὐσίας
1490 1579 1580 1633 τοῦ
1605 1580 1721 1633 Πα-

103 1663 250 1734 τρὸς
281 1663 478 1716 τοῦτον
505 1663 675 1735 (Υἱὸν)
705 1667 1027 1737 εἰσηγεῖται·
1069 1686 1087 1718 ι
1134 1668 1212 1721 Ex
1261 1671 1561 1725 substantia
1614 1671 1717 1725 Pa-

1832 480 1966 536 dixit
1994 482 2251 553 synodus,
2308 483 2362 537 id
2400 500 2529 541 vero
2571 485 2725 539 fateri
2756 499 2861 539 non
2906 501 3147 553 possmn.
3185 487 3414 543 Frustra

1831 571 1996 640 igitur
2026 572 2093 626 ad
2128 574 2464 643 purgandum
2511 575 2821 645 Origenem,
2855 574 3029 629 allicta
3068 577 3140 629 illi
3182 588 3238 631 et
3276 580 3414 633 scri-

1830 665 1936 730 ptis
1979 663 2097 727 ejus
2138 664 2339 719 inserta
2375 680 2496 720 esse
2547 666 2681 722 dicit
2731 666 2960 722 Ruﬁnus
3016 669 3068 721 in
3103 669 3282 722 libello
3338 670 3414 722 De

1830 754 2056 808 adulter.
2108 755 2356 809 librorum
2390 756 2654 828 Origenis,
2703 774 3039 829 quaecunque
3066 761 3204 814 hanc
3235 760 3411 814 hatre-

1831 846 1932 900 sim
1986 848 2201 917 sapiunt
2245 867 2261 904 :
2300 849 2618 920 «Nunquid,
2667 852 2863 920 inquit,
2905 858 2958 905 in
3006 853 3194 908 eodem
3244 868 3411 922 opere

1827 936 2067 1003 ejusdem
2105 938 2228 993 libri
2266 939 2558 1005 interdum,
2597 952 2654 996 ut
2680 943 2936 1008 diximus,
2970 945 3154 998 statim
3185 945 3238 998 in
3269 961 3408 1000 con-

1827 1029 2072 1098 sequenti
2142 1030 2382 1098 capitulo
2427 1032 2624 1087 oblitus
2673 1034 2756 1087 sui
2811 1049 2933 1089 esse
2978 1035 3190 1104 potuit,
3258 1036 3409 1090 verbi

1827 1135 2015 1183 causa,
2053 1130 2111 1174 ut
2157 1123 2248 1191 qui
2281 1122 2496 1177 Patrem
2538 1136 2592 1178 et
2642 1124 2840 1180 Filium
2874 1127 3032 1182 unius
3066 1127 3407 1190 substantiae,

1825 1212 1967 1280 quod
1998 1212 2187 1268 Graece
2212 1215 2495 1285 ὀμοούσιον
2523 1216 2744 1281 dicitur,
2770 1219 3096 1289 designavit,
3135 1219 3187 1272 in
3217 1234 3407 1273 conse-

1824 1306 2117 1373 quentibus
2147 1310 2332 1361 statim
2359 1310 2610 1378 capitulis
2643 1310 2871 1366 alterius
2908 1326 3029 1366 esse
3062 1311 3406 1372 substantiae.

1825 1404 1878 1449 et
1905 1404 2144 1451 creatum
2176 1408 2387 1466 poterat
2416 1400 2598 1454 dicere
2621 1414 2767 1466 eum,
2800 1415 2960 1470 quem
2993 1400 3152 1470 paulo
3186 1412 3313 1456 ante
3340 1402 3408 1456 de

1825 1485 1940 1556 ipsa
1969 1499 2162 1543 natura
2194 1489 2285 1543 Dei
2320 1488 2493 1543 Patris
2524 1492 2974 1559 pronuntiaverat
3013 1494 3241 1547 natum?
3273 1512 3293 1545 ι

1894 1578 1979 1633 Vl.
2017 1579 2107 1634 Sic
2138 1582 2383 1649 exposita
2433 1581 2683 1652 Origenis
2733 1583 3005 1648 doctrina,
3039 1583 3406 1652 exploduntur

1824 1670 2063 1724 nonnulli
2098 1686 2127 1725 a
2159 1672 2354 1740 quibus
2381 1684 2691 1728 accusatum
2728 1673 2894 1729 fuisse
2939 1674 3229 1745 Origenem
3263 1677 3403 1731 scri-

110 1755 223 1809 tris
279 1771 409 1807 eum
467 1755 705 1825 (Filium)
767 1772 887 1811 esse
933 1761 1234 1813 arbitratur
1268 1779 1280 1815 :
1322 1782 1341 1813 ι
1396 1778 1516 1816 cum
1556 1764 1658 1818 illis
1687 1780 1717 1819 e
1752 1741 1794 1795 Β
1821 1762 1898 1814 bit
1932 1760 2244 1831 Pamphilus
2272 1765 2323 1816 in
2352 1765 2550 1834 Apolog
2581 1800 2595 1828 ,
2624 1765 2765 1834 quod
2790 1764 2985 1818 Filium
3018 1741 3109 1821 [λεὶ
3151 1781 3249 1836 per
3275 1783 3373 1837 pro

108 1861 243 1914 cap.
294 1846 331 1901 8
358 1847 480 1901 :'Ev
514 1847 724 1911 πολλοῖς
766 1850 951 1914 τόποις
982 1850 1214 1923 εὕρομεν
1239 1854 1401 1907 αὐτὸν
1429 1854 1518 1907 τὸν
1543 1857 1715 1908 Mavo-

110 1939 258 2008 γενῆ
291 1940 429 1993 Θεὸν
456 1940 917 2012 ἁπαλλοτριοῦντα
954 1943 1055 2013 τῆς
1084 1944 1177 1997 τοῦ
1210 1945 1423 2016 Πατρός
1466 1946 1717 2017 Οεότητός

110 2047 178 2083 τε
216 2031 321 2083 καὶ
363 2030 567 2097 οὐσίας,
614 2032 750 2103 ὁμοῦ
799 2051 857 2086 τε
914 2036 1007 2087 καὶ
1054 2034 1115 2088 τὸ
1160 2036 1388 2108 Πνεῦμα
1441 2038 1502 2091 τὸ
1540 2039 1710 2107 ἅγιον·

118 2136 141 2168 ε
178 2118 371 2173 Multis
399 2119 453 2173 in
495 2121 625 2177 locis
656 2124 959 2177 invenimus
1002 2142 1125 2179 eum
1164 2126 1505 2197 Uuigenitum
1548 2130 1712 2184 Deum

116 2224 510 2285 segregantem
545 2232 573 2269 a
610 2216 787 2271 Patris
808 2219 1091 2272 divinitate
1112 2228 1165 2271 et
1191 2219 1518 2285 substantia,
1553 2223 1713 2276 simul

115 2320 256 2360 vero
289 2316 345 2358 et
382 2305 644 2373 Spiritum
697 2319 962 2361 sanctum.
1000 2328 1017 2358 ι
1050 2308 1161 2378 (85)
1195 2310 1346 2375 Quod
1399 2312 1441 2364 si
1478 2313 1709 2382 genuina

121 2397 245 2450 lucc
299 2407 385 2451 est
439 2396 690 2468 Origenis
742 2402 1035 2463 sententia,
1101 2418 1262 2471 quam
1318 2404 1707 2472 proponimus;

118 2480 320 2557 parum
371 2506 433 2543 ea
484 2502 634 2545 certe
681 2501 964 2561 perspecta
1008 2492 1169 2548 fuerit
1215 2496 1533 2559 Athanasio,
1586 2512 1707 2548 cum

121 2583 201 2635 ait
245 2583 322 2636 De
366 2585 558 2637 decret.
598 2583 833 2639 Nicu'nu:
862 2588 1047 2654 synod.
1080 2604 1097 2641 :
1132 2588 1265 2659 Περὶ
1309 2589 1365 2640 δὲ
1392 2588 1485 2641 τοῦ
1526 2589 1709 2652 ἀϊδίως

125 2677 371 2728 συνεῖναι
400 2674 489 2729 τὸν
522 2678 692 2747 Λόγον
721 2678 797 2748 τῷ
845 2679 1016 2749 Πατρὶ
1037 2719 1050 2742 ,
1077 2681 1170 2731 καὶ
1201 2679 1274 2751 μὴ
1309 2679 1499 2752 ἐτέρας
1521 2681 1707 2744 οὐσίας

120 2767 159 2838 ἢ
221 2768 591 2834 ὑποστάσεως,
646 2770 783 2823 ἀλλὰ
833 2772 933 2841 τῆς
977 2770 1070 2823 τοῦ
1123 2771 1337 2842 Πατρὸς
1378 2771 1504 2824 ἴδιον
1545 2771 1707 2825 αὐτὸν

124 2855 290 2923 εἶναι,
330 2861 406 2924 ὡς
448 2864 730 2933 εἰρήκασιν
773 2864 820 2915 οί
858 2865 915 2916 ὲν
952 2865 1017 2932 τῇ
1048 2862 1267 2930 συνόδῳ,
1304 2862 1503 2927 ἐξέστω
1542 2862 1705 2916 πάλιν

126 2954 277 3023 ἡμᾶς
310 2952 534 3005 ἀκοῦσαι
574 2956 667 3006 καὶ
724 2952 872 3025 παρὰ
910 2953 1003 3005 τοῦ
1050 2951 1335 3020 φιλοπόνου
1380 2952 1702 3021 Ὠριγένουςο

1819 1852 2074 1908 lationem
2127 1854 2179 1907 in
2228 1856 2583 1909 substantiam
2641 1856 2856 1911 venisse
2901 1857 3125 1911 dixerit.
3198 1857 3393 1911 Mirum

1817 1953 1965 1998 certe
2000 1953 2082 1999 est
2126 1945 2229 2000 hoc
2278 1946 2326 1998 ei
2376 1946 2583 1999 crimen
2626 1946 2807 2014 ohjici,
2840 1948 2980 2015 quod
3029 1947 3081 2001 in
3107 1947 3230 2001 aliis
3259 1962 3401 2016 sape

1818 2034 1934 2101 ipse
1987 2034 2165 2103 carpit
2195 2047 2258 2087 ac
2313 2035 2536 2089 diserte.
2575 2034 2710 2089 Nam
2760 2047 2956 2105 praeter
2997 2051 3061 2091 ea
3093 2035 3399 2105 quaeall‘ert

1816 2124 2127 2195 Pamphilus
2176 2127 2503 2188 testimonia,
2556 2128 2765 2196 insigne
2804 2142 3019 2195 quoque
3067 2127 3196 2181 illud
3235 2136 3318 2181 est
3362 2143 3393 2179 e

1816 2227 1945 2272 tom.
2000 2231 2014 2269 l
2059 2218 2111 2270 in
2141 2217 2325 2283 Joan.,
2369 2234 2519 2274 num.
2548 2220 2639 2282 9.5,
2677 2237 2724 2288 p.
2757 2220 2828 2272 25
2862 2238 2873 2273 :
2922 2221 3031 2272 Καὶ
3063 2220 3208 2273 ἔστιν
3248 2219 3395 2285 ἄξιον

1812 2309 2101 2380 ἐπιστῆσαι
2133 2312 2246 2373 τοῖς
2275 2310 2342 2363 τὰ
2372 2310 2605 2363 τοσαῦτα
2627 2310 2734 2365 τῶν
2769 2312 3180 2383 ὀνομαζομένων
3215 2331 3393 2383 παρα-

1813 2400 2204 2468 πεμπομένοις,
2241 2402 2332 2453 καὶ
2353 2400 2527 2471 τούτῳ
2557 2402 2630 2464 ὡς
2664 2400 2922 2471 ἐξαιρέτῳ
2948 2392 3276 2473 ’χρωμένοις,
3301 2405 3394 2457 καὶ

1811 2490 1971 2543 πάλιν
2030 2492 2115 2543 ἐπ’
2151 2493 2373 2545 ἐκείνων
2432 2494 2529 2563 μὲν
2583 2493 2835 2565 διήγησιν
2892 2494 3164 2565 ζητοῦσιν,
3213 2496 3263 2547 εἴ
3309 2513 3392 2558 τις

1809 2584 1989 2646 αὐτοῖς
2042 2584 2305 2654 προσάγοι
2356 2584 2514 2646 αὐτὰ,
2578 2585 2670 2637 ἐπὶ
2732 2585 2787 2638 δὲ
2849 2585 3044 2655 τούτῳ,
3107 2586 3184 2647 ὡς
3225 2588 3390 2654 σαφὲς

1808 2675 2183 2744 προσιεμένοις
2218 2676 2297 2727 τό’
2331 2676 2383 2728 τί
2415 2677 2543 2728 ποτέ
2566 2679 2712 2730 ἐστιν
2740 2679 2768 2728 ὁ
2794 2677 2920 2740 Υἱὸς
2942 2677 3035 2729 τοῦ
3066 2675 3200 2730 Θεοῦ
3223 2677 3392 2745 Λόγος

1806 2764 2220 2836 ὀνομαζόμενος,
2272 2766 2365 2818 καὶ
2426 2766 2660 2837 μάλιστα
2705 2767 2826 2819 ἐπεὶ
2883 2766 3121 2836 συνεχῶς
3154 2767 3392 2838 χρῶνται

1806 2856 1882 2925 τῷ
1912 2855 2231 2927 ἐξερεύξατο
2261 2859 2293 2927 ἡ
2329 2857 2523 2928 καρδία
2562 2875 2662 2929 μου
2716 2857 2871 2926 λόγον
2900 2857 3122 2926 ἀγαθὸν,
3156 2858 3391 2928 οἰόμενοι

1807 2949 2084 3018 προφορὰν
2133 2948 2423 3020 πατρικὴν,
2483 2950 2641 3002 οἱονεὶ
2690 2948 2748 3001 ἐν
2799 2948 3087 3012 συλλαϐαῖς
3130 2948 3391 3019 κειμένην

132 3063 153 3095 ι
196 3044 432 3099 Verbum
479 3058 655 3100 autem
704 3047 773 3100 ab
801 3057 1004 3100 aeterno
1048 3060 1170 3099 esse
1220 3060 1343 3098 cum
1379 3043 1558 3107 Patre,
1604 3060 1703 3099 nec

1810 3036 1941 3093 εἷναι
1972 3042 2061 3093 τὸν
2097 3042 2224 3093 Υἱὸν
2265 3040 2358 3094 τοῦ
2408 3041 2562 3103 Θεοῦ,
2602 3042 2692 3094 καὶ
2726 3041 2864 3093 κατὰ
2903 3040 3059 3093 τοῦτο
3090 3041 3389 3094 ὑπόστασιν

125 3152 253 3190 esse
284 3137 505 3192 alterius
542 3139 791 3191 essentia:
845 3137 926 3190 vel
958 3137 1290 3201 substantiae,
1327 3137 1420 3189 sed
1450 3138 1702 3189 substan-

130 3230 221 3282 tiae.
270 3230 441 3283 Patris
489 3230 765 3299 proprium
820 3228 966 3282 illum
1019 3243 1177 3292 esse,
1250 3229 1699 3297 quemadmodum

130 3321 383 3374 dixerunt
412 3322 502 3391 qui
533 3320 891 3374 interfuerunt
917 3322 1141 3389 synodo,
1171 3320 1293 3375 licet
1322 3320 1478 3373 nobis
1508 3320 1701 3373 iterum

133 3412 320 3465 audire
349 3428 413 3465 ex
460 3413 729 3467 laborioso
777 3410 1028 3481 Origene.
1076 3430 1095 3463 ›
1134 3410 1251 3465 Νοη
1305 3425 1442 3480 nego
1472 3409 1586 3463 haec
1615 3409 1697 3460 di-

206 3528 249 3559 ¹³
277 3528 432 3583 llebr.
462 3543 501 3593 ι,
533 3526 584 3580 3.

138 3620 446 3695 ριχώρησιν,
482 3634 639 3687 quam
680 3617 1217 3695 circunzincessionem
1254 3612 1561 3695 scholastici
1603 3627 1696 3693 vo-

134 3683 302 3748 ea'ut':
328 3683 396 3746 ex
424 3683 527 3759 qua
567 3690 933 3759 περιχωρήσει
977 3690 1231 3759 unitatem
1277 3684 1696 3759 illaln_numeri-

136 3780 255 3815 cant
294 3752 595 3815 necessario
626 3752 761 3812 elliei
783 3752 1083 3812 'c'ontendit
1129 3756 1379 3809 Petavius
1415 3755 1510 3807 lib.
1542 3768 1591 3806 tv
1624 3752 1695 3805 De

139 3834 325 3887 Trinit.
349 3873 363 3894 ,
399 3847 515 3897 cap.
552 3828 634 3881 16.

209 3904 314 3971 (8').)
352 3891 605 3966 llic-ergo
639 3901 817 3967 culpat
867 3895 1527 3971 hwreticossubstantiam
1566 3891 1700 3945 Filii

138 3962 361 4025 aPutris
384 3962 674 4023 substantia
704 3962 904 4038 penitus
948 3978 995 4021 et
1037 3968 1179 4021 κατὰ
1220 3962 1564 4039 περιγραφὴν
1615 3979 1698 4015 se-

138 4052 413 4101 cerncntes,
445 4052 551 4094 etc.
588 4039 719 4093 Vide
766 4040 923 4107 paulo
968 4054 1124 4104 supra
1168 4037 1573 4091 observationes
1595 4049 1700 4107 no-

140 4128 278 4166 stras
311 4114 357 4163 in
395 4115 504 4164 haec
537 4111 695 4164 verba
727 4128 740 4162 :
768 4106 878 4163 ’Sed
918 4110 1040 4177 quid
1075 4109 1429 4178 defensionem
1473 4106 1701 4173 pra’bere

140 4199 349 4235 conanm
359 4198 399 4243 Γ,
428 4192 533 4233 CIC.

213 4253 315 4321 (85)
343 4250 493 4317 Quod
534 4250 579 4303 si
616 4251 841 4320 genuina
874 4251 984 4303 haec
1029 4258 1104 4301 est
1154 4246 1392 4318 Origenis
1418 4244 1696 4321 sententiq,

140 4315 307 4389 qunm'
333 4315 685 4388 proponimus,
727 4337 914 4388 parum
948 4336 1007 4371 ea
1045 4330 1181 4370 certe
1216 4315 1486 4386 perspecta
1541 4315 1699 4389 [nem

143 4387 437 4454 Athanasio,
489 4402 594 4444 etc.
628 4410 645 4440 ι
672 4387 732 4443 lu
772 4405 836 4445 eo
863 4393 1101 4459 ignoscat
1132 4389 1401 4459 nobis_vir
1429 4387 1697 4459 eruditus,

145 4462 331 4536 (inquit
352 4460 530 4536 Bullus
554 4453 912 4536 Defens.ﬁ_deiv_
921 4456 1175 4536 Nicaeum,
1190 4461 1253 4511 de
1278 4456 1395 4536 Filii
1516 4458 1701 4535 ὀμοου-

146 4526 264 4604 σίῳ)
293 4546 404 4597 cap.
453 4531 508 4604 9,
554 4526 714 4604 num.
765 4526 851 4591 25,
903 4533 953 4582 in
990 4527 1115 4604 line)
1158 4531 1297 4604 quod
1349 4526 1697 4604 nihilominus

146 4595 445 4675 peis'uasum
483 4601 773 4675 habeamus
822 4595 1116 4675 Athanasio
1156 4599 1406 4675 episcopo
1461 4595 1696 4675 Alexan-

146 4665 316 4735 drino,
343 4672 586 4741 Origenis
618 4672 963 4723 Alexandrini
1000 4669 1332 4737 temporibus
1363 4665 1691 4741 tanrviciuo,

147 4735 563 4812 scriptorunique
587 4742 702 4807 ejus
736 4742 1071 4808 aliorumque
1112 4735 1369 4812 veterum
1396 4735 1696 4812 diligentis-

148 4805 281 4868 sime
314 4805 517 4880 pariter
544 4805 1110 4879 et'perspicacissimo
1158 4808 1380 4880 lectori,»
1396 4805 1552 4874 longe
1578 4820 1692 4857 me-

148 4885 248 4938 lius
274 4878 591 4951 perspectam
618 4878 788 4951 fuisse
814 4880 1120 4951 Adamantii
1151 4878 1497 4937 sententiam,
1530 4888 1688 4942 quam

149 4948 399 5024 cuiquam
432 4966 502 5024 ex
542 4950 696 5004 nobis
743 4952 879 5024 seris
927 4948 1206 5024 nepOtibus
1255 4954 1533 5024 perSpecta
1573 4959 1693 5021 esse

146 5016 322 5092 possit.
355 5022 531 5089 Pergit
571 5032 749 5092 autem
788 5020 1009 5073 Huetius
1038 5035 1052 5070 :
1085 5036 1103 5068 ι
1143 5016 1259 5070 Non
1300 5032 1462 5092 nego,
1488 5016 1682 5080 inquit,

158 5087 177 5145 ἰ
208 5096 305 5145 haec
362 5087 558 5146 dixisse
605 5090 922 5160 Origenem;
978 5099 1032 5142 at
1069 5104 1133 5142 eo
1171 5104 1327 5140 sensu
1359 5087 1553 5138 uixisse
1584 5098 1691 5153 quo

158 5182 176 5213 ι
201 5164 393 5217 Nicmna
421 5163 557 5215 dixit
586 5162 908 5231 synodus,jd
941 5175 1067 5214 vero
1098 5160 1249 5212 l'ateri
1280 5172 1383 5210 non
1401 5170 1636 5232 possum.
1664 5172 1683 5204 ›

153 5236 340 5287 llursus
382 5235 503 5285 dico
549 5234 746 5284 nemini
786 5232 974 5284 melius
1002 5232 1271 5298 cognitum
1297 5244 1414 5279 eSse
1454 5234 1691 5298 potuisse

152 5305 321 5374 synodi
351 5303 574 5355 Nicaante
607 5316 840 5374 sensum,
876 5315 1033 5368 quam
1072 5295 1382 5374 Athanasio,
1413 5295 1501 5363 qui
1530 5306 1689 5374 synoe

152 5368 217 5426 d'o
248 5373 309 5425 liii
338 5374 447 5442 ipse
477 5370 900 5442 interlui_t._lden_i
935 5385 1061 5442 vero
1089 5368 1410 5442 Athanasius
1438 5373 1684 5442 testatur,

153 5437 414 5511 Origenein
446 5452 552 5494 tam
586 5444 651 5494 de
672 5439 793 5511 Filii
826 5439 904 5511 τῷ
934 5437 1223 5511 ὁμοουσίῳ,
1253 5451 1410 5503 quam
1430 5438 1499 5511 _de
1519 5437 1687 5495 ipsius

153 5458 414 5511 Urtgenem
446 5458 552 5494 lalll
586 5458 651 5494 ue
672 5458 793 5494 rltll
826 5458 855 5491 τ
934 5458 1223 5508 ομοουσιῳ,
1253 5458 1410 5503 quam
1435 5458 1687 5495 ttcrpalus

153 5515 225 5586 τῷ
274 5511 507 5581 συναῖδίῳ
556 5526 678 5586 eum
729 5458 978 5586 Patriiius
1026 5508 1253 5586 Metellis
1297 5504 1516 5571 omnin
1555 5515 1687 5586 seu:

154 5571 294 5639 susse.
335 5588 408 5635 Ac
459 5571 525 5633 de
557 5580 675 5633 Filii
724 5582 937 5649 quidem
969 5579 1269 5650 mterititate
1319 5589 1505 5626 verum
1555 5571 1684 5650 illud

155 5670 264 5709 esse
311 5669 404 5706 non
444 5641 755 5704 dillitebitur
803 5650 1054 5707 lluetius;
1103 5646 1170 5697 de
1211 5641 1682 5721 consubstantialif

158 5737 395 5779 Ltht’Cl‘O
437 5723 487 5777 id
519 5724 675 5773 lateri
722 5735 780 5774 se
827 5737 929 5772 non
980 5732 1135 5787 posse
1165 5718 1465 5783 protitetur.
1516 5713 1678 5777 Atqui

1806 3131 1973 3201 αὐτῷ,
2010 3134 2057 3184 εί
2090 3132 2329 3205 ἀκριϐῶς
2358 3133 2535 3185 αὐτῶν
2568 3132 2986 3202 πυνθανοίμεοα,
3031 3133 3089 3184 οὐ
3134 3132 3384 3194 διδόασιν,

1808 3224 1927 3277 οὐδὲ
1955 3225 2141 3278 οὐσίαν
2166 3225 2329 3278 αὐτοῦ
2356 3225 2757 3297 σαφηνίςουσιν.
2793 3224 2904 3293 (84)
2934 3225 3108 3292 Atque
3141 3226 3253 3279 hau:
3297 3240 3385 3277 ve-

1810 3319 1957 3374 sania
1990 3320 2089 3372 fuit
2126 3319 2643 3383 Valentiniauorum,
2677 3319 3090 3380 Μιτςοείοτιιιιι,
3122 3320 3381 3372 aliorum-

1811 3425 1915 3479 que
1949 3410 2347 3475 lnereticorum,
2385 3412 2582 3481 quibus
2618 3423 2939 3481 perpetuum
2975 3411 3237 3482 Origenes
3267 3410 3381 3463 bel-

1805 3608 1921 3663 l'use
1955 3622 2118 3676 supra
2147 3616 2199 3660 et
2227 3605 2526 3659 luculenter
2547 3608 2875 3660 ostendimus
2905 3604 3239 3676 Filium‘non
3271 3604 3375 3659 alio

1804 3694 1962 3733 sensu
2016 3673 2162 3746 Patri
2199 3677 2483 3746 ὁμοούσιον
2524 3680 2726 3730 dixisse
2766 3679 3048 3745 episcopos
3101 3673 3370 3735 Nicaeum.

1804 3765 1965 3817 quam
1995 3763 2098 3817 quo
2125 3745 2293 3800 Filius
2328 3748 2585 3801 statuitur
2616 3763 2773 3799 verus
2811 3760 2929 3799 esse
2978 3747 3127 3817 Dens
3151 3746 3374 3809 perinde

1807 3816 1869 3873 ac
1905 3816 2082 3878 Pater,
2131 3833 2234 3869 non
2267 3830 2462 3870 creatae
2514 3817 2742 3886 alicujus
2769 3826 2858 3869 aut
2888 3816 3163 3886 mutabilis
3194 3830 3379 3868 essene

1807 3890 1915 3942 the.
1951 3894 2122 3956 Atque
2151 3887 2251 3941 hoc
2286 3903 2447 3940 sensu
2480 3884 2671 3940 Filium
2699 3886 2845 3939 Patri
2886 3884 3169 3953 ὁμοούσιον
3204 3899 3374 3951 agno-

1807 3959 1950 4013 visse
1982 3955 2267 4026 Origenem
2298 3973 2397 4011 nos
2454 3958 2505 4009 in
2548 3960 2647 4011 hoc
2673 3956 2901 4026 capite79
2935 3956 3145 4026 abunde
3179 3955 3375 4021 proba-

1806 4030 2000 4083 vimus.
2041 4048 2060 4080 ι
2088 4025 2233 4095 Lege
2259 4027 2303 4081 si
2338 4036 2512 4088 vacat,
2544 4027 2807 4092 integrant
2836 4025 2970 4078 Bulli
3004 4025 3371 4092 Delensionem

1806 4098 1931 4166 ﬁdei
1971 4096 2226 4158 Nictcmv,
2262 4098 2325 4150 de
2378 4096 2493 4149 Filii
2535 4095 2614 4167 τῷ
2644 4098 2932 4165 όμοουσίῳ,
2966 4097 3049 4149 vel
3080 4097 3272 4149 saltem
3291 4104 3373 4148 to-

1809 4180 1917 4221 tum
1955 4177 2112 4235 caput
2142 4169 2370 4234 primum
2402 4179 2455 4219 et
2479 4182 2698 4220 nouum.

1878 4238 1989 4308 (84)
2022 4233 2202 4305 ‘Atque
2257 4236 2630 4308 Itwc__resunia
2652 4306 2660 4308 ᾗ
2683 4235 2804 4308 [αἱς⁸
2844 4233 3365 4308 Valentinianpruut,

1806 4303 2348 4370 Murcosioritm,aetc.
2381 4305 2555 4358 Minus
2582 4306 2719 4360 belle
2766 4305 2990 4358 lluetius
3017 4306 3131 4356 haec
3176 4303 3228 4355 in
3262 4304 3368 4357 Va-

1805 4378 2128 4431 lentinianos
2155 4388 2243 4428 aut
2277 4375 2567 4429 Marcosios
2602 4378 2741 4429 dicta
2779 4377 3073 4428 existimat.
3122 4374 3367 4426 Assenti-

1809 4458 1895 4500 tur
1915 4450 1961 4501 ei
1994 4449 2092 4500 hac
2117 4449 2167 4498 in
2191 4461 2246 4499 re
2269 4446 2465 4497 Auctor
2514 4444 2825 4499 Platonismi
2852 4446 3048 4508 retecti,
3094 4457 3213 4511 pag.
3233 4442 3362 4496 2:12.

1801 4517 2057 4571 Petavius
2096 4516 2172 4569 De
2204 4514 2423 4580 Trinit.,
2464 4516 2557 4568 lib.
2612 4532 2686 4579 vl,
2721 4532 2837 4585 cap.
2875 4512 3266 4585 5,70atbolicos
3295 4513 3365 4567 ab

1801 4589 2031 4657 Origene
2080 4588 2248 4640 ret'elli
2290 4586 2560 4657 Opinatur,
2612 4581 2839 4652 eumque
2866 4584 3090 4657 itidem,
3122 4591 3178 4635 ut
3221 4581 3360 4657 line:

1798 4653 1928 4722 tins',
1965 4658 2225 4725 vituperat
2257 4653 2399 4723 quod
2431 4654 2591 4710 Verbi
2624 4656 3060 4725 appellationem,
3092 4667 3210 4725 quae
3240 4653 3359 4725 Filii

1798 4720 2130 4797 llypostasiin
2181 4720 2396 4794 proprie
2443 4720 2761 4794 distinguit,
2792 4741 2918 4797 non
2970 4720 3127 4797 aliter
3168 4720 3309 4797 Filio
3340 4762 3356 4781 .

1798 4792 1959 4865 quam
1994 4797 2149 4858 lucis,
2176 4792 2231 4851 et
2270 4792 2413 4860 vitze,
2436 4807 2489 4850 et
2514 4792 3035 4865 resurrectionis,_et
3058 4792 3364 4865 aliasejus-

1792 4859 1937 4941 'niodi
1983 4868 2366 4941 appellationes
2399 4859 2592 4941 raptare
2633 4867 2899 4920 videatur.
2948 4861 3071 4941 Nec.
3117 4859 3360 4941 Valenti-

1795 4938 1939 5009 niani
1968 4931 2296 5009 abrOrigene
2330 4931 2682 5009 refelluntur,
2711 4950 2808 4988 nec
2838 4931 3359 5009 ge_neratim__Oatbo_-

1794 5004 1905 5079 lici,
1950 5000 2498 5079 sed_velvNovatiani,
2548 5000 2903 5079 velimperiti
2952 5000 3354 5079 nuiinulli,qui,

1795 5078 1919 5131 dum
1946 5079 1998 5132 in
2033 5076 2187 5133 Verbi
2224 5078 2579 5145 appellatione
2611 5071 2832 5127 nimium
2862 5073 3092 5145 harent,
3139 5071 3357 5145 Noctia—

1792 5150 1877 5217 nis
1906 5144 2274 5217 imprudentes
2303 5148 2572 5217 favebant.
2600 5145 2887 5217 Postquam
2912 5144 3053 5196 enim
3085 5144 3357 5217 recensuit.

1792 5212 2059 5287 Origeiies
2094 5218 2273 5268 varias
2302 5216 2519 5287 Christi
2553 5215 2940 5287 appellationes
2974 5227 3104 5287 qua}.
3139 5226 3205 5264 ex
3238 5212 3355 5272 eius

1790 5281 2191 5355 Operationibus
2221 5286 2409 5339 deduci
2446 5281 2637 5350 solent,
2671 5288 2781 5338 haec
2816 5284 2946 5355 aitia
2970 5298 3028 5335 se
3058 5281 3200 5333 dicta
3235 5295 3355 5334 esse

1795 5353 1912 5409 (ut
1941 5357 2227 5409 nmltorum
2255 5357 2596 5408 temerariam
2626 5365 2679 5407 et
2710 5353 3159 5407 inconsideratam
3190 5366 3353 5414 agen-

1780 5426 1840 5478 di
1868 5428 2150 5488 rationem,
2202 5444 2221 5475 »
2257 5424 2317 5478 τὸ
2351 5423 2459 5477 τῶν
2499 5423 2707 5477 πολλῶν
2761 5419 3213 5492 ἀτιοκληρωτικδν.
3260 5424 3352 5468 καὶ

1786 5487 2164 5575 ἀϐασάνιστον,
2186 5498 2489 5575 redarguat,
2510 5498 2623 5575 qui,
2657 5512 2673 5545 ι
2710 5509 2841 5575 eum?
2864 5487 3351 5575 totappellaliones

1780 5569 1852 5619 'ad
1880 5557 2155 5620 Christum
2186 5557 2505 5627 refera'ntur,
2528 5557 2617 5617 'in'
2656 5565 2766 5618 sola
2801 5561 2957 5615 Verbi
2991 5557 3351 5627 appellatione

1784 5636 2070 5707 induerent,
2124 5652 2227 5707 non
2264 5636 2599 5707 inquirente.
2635 5649 2797 5702 quam
2833 5632 3050 5707 tandem
3105 5630 3175 5707 ob
3220 5640 3349 5705 cau-

1782 5720 1897 5761 sam
1926 5704 2090 5759 Filius
2142 5705 2231 5759 Dei
2280 5701 2509 5758 verbum
2559 5701 2675 5758 esse
2723 5714 2777 5757 et
2833 5703 2884 5755 υτ
2906 5718 2968 5755 us
3000 5701 3049 5753 in
3082 5701 3349 5766 principio
