3840 6222
174 288 272 341 ’ῑΗ

1020 286 1588 345 ΟΠΙΟΕΝΙᾹΝΟΜΙΜ
1627 285 1753 341 LIB.
1796 284 1861 350 Il,
1900 284 2051 341 CAP.
2093 284 2157 351 ll,
2194 284 2472 351 ΟυίΕδτ.
2516 284 2577 340 ll.

3325 285 3432 342 742

173 400 292 458 εἶτα
315 404 440 458 Θεοὶ⁵
458 404 642 475 διχῶς,
670 397 743 459 ὧν
762 405 855 459 τοῦ
878 406 1182 479 κρείττονος
1200 407 1479 478 τάγματος
1495 405 1751 477 ὑπερέχει
1780 412 1827 469 Α
1852 405 1881 457 6
1910 402 2044 466 Θεὸς
2070 402 2264 471 Λόγος,
2294 403 2692 474 ὑπερεχόμενος
2724 407 2826 457 ὑπο
2858 406 2949 457 τοῦ
2978 404 3085 457 τῶν
3113 403 3246 460 ὅλων
3268 404 3428 461 Θεοῦ.

173 607 373 678 cipium
412 608 501 670 sit,
550 609 736 678 eisque
772 608 949 663 omnia
982 608 1285 667 tradiderit.
1333 609 1489 678 cujus
1520 616 1746 660 senten—

176 677 264 730 tia:
305 688 471 733 testes
517 677 660 732 citat
686 680 1064 741 Athanasium,
1117 679 1402 739 Hilarium,
1463 677 1741 739 Basilium,

174 746 493 814 Gregorium
526 758 834 816 utrumque,
867 760 921 803 et
958 750 1092 802 alios
1126 749 1303 819 magni
1330 749 1575 819 nominis
1602 746 1744 819 scri-

173 828 381 886 ptorcs,
412 820 501 886 qui
546 814 738 873 eodem
778 829 1095 889 argumento
1128 814 1291 874 unum
1324 818 1492 873 Deum
1527 834 1555 871 a
1588 814 1747 871 Chri-

170 889 362 943 stianis
389 890 492 942 coli
523 890 911 944 demonstrant.

240 959 299 1011 2°
327 960 635 1013 Adhibitam
672 962 739 1012 ah
768 960 998 1025 Origene
1048 959 1453 1013 distinctionem
1488 957 1578 1011 Dei
1626 973 1746 1009 cum

169 1030 397 1082 articulo
436 1040 490 1083 et
533 1029 625 1083 Dei
670 1032 781 1083 sine
821 1030 1047 1084 articulo
1082 1031 1325 1083 inutilem
1358 1044 1586 1098 prorsus
1622 1042 1745 1081 esse

170 1116 277 1153 non
334 1098 575 1165 inlicior;
632 1115 804 1167 neque
838 1103 1000 1153 etiam
1036 1101 1190 1153 valde
1228 1099 1569 1166 probaverim
1601 1098 1744 1166 quod

171 1169 287 1221 lucc
334 1171 495 1224 verba
524 1188 537 1224 :
570 1170 685 1223 Ἵνα
719 1170 1028 1239 γινώσκωσί
1080 1188 1138 1223 σε
1171 1170 1263 1222 τὸν
1301 1170 1457 1239 μόνον
1497 1168 1746 1239 ἀληθινὸν

148 1239 336 1311 ἱΘεὸν,
375 1258 399 1311 ε
432 1250 490 1294 ut
534 1238 833 1309 agnoscant
873 1251 925 1295 te
960 1241 1131 1295 solum
1165 1238 1351 1293 verum
1397 1238 1595 1311 Deum,
1623 1258 1641 1290 ι
1679 1238 1745 1292 ad

168 1310 346 1362 solum
380 1310 591 1365 Patrem
635 1312 822 1375 refert,
857 1327 979 1365 cum
1013 1312 1207 1365 Filium
1258 1326 1361 1363 non
1392 1309 1688 1363 excludant
1725 1325 1739 1361 :

168 1381 264 1432 sed
300 1395 511 1448 :equum
557 1391 639 1435 est
684 1381 981 1451 inquirere,
1036 1392 1223 1451 utrum
1266 1380 1526 1450 Origenes
1544 1381 1619 1451 ad
1650 1381 1746 1433 has

169 1450 397 1504 Suhtiles
452 1450 829 1506 distinctiones
872 1453 1135 1505 adductus
1183 1450 1276 1516 sit,
1328 1453 1451 1518 quia
1506 1450 1744 1503 divinam

169 1529 418 1573 naturam
444 1523 541 1575 soli
579 1524 722 1575 Patri
753 1525 951 1585 inesse,
993 1538 1058 1575 an
1085 1521 1211 1590 quia
1238 1521 1410 1574 solum
1442 1518 1656 1590 Pat_rem
1678 1520 1746 1574 ab

171 1590 283 1643 alio
332 1591 669 1647 divinitatem
723 1608 829 1645 non
876 1588 1149 1661 accepisse
1198 1593 1475 1645 credebat.
1529 1588 1660 1642 Rem
1690 1592 1742 1644 in

172 1661 431 1731 ambiguo
469 1678 573 1715 non
622 1663 899 1731 relinquit,
936 1663 1201 1730 siquidem
1249 1664 1524 1729 conceptis
1568 1661 1745 1715 verbis

172 1728 418 1784 declarat
459 1733 623 1787 Deum
661 1728 1030 1785 cum'ariicnlo
1078 1732 1211 1785 nihil
1259 1732 1403 1783 aliud
1423 1728 1555 1784 esse
1582 1746 1743 1797 quam

171 1800 449 1872 αὐτόθεον,
482 1821 513 1855 a
543 1820 595 1855 ne
631 1803 795 1855 Deum
832 1818 845 1854 :
884 1802 1136 1865 αὑτόθεος
1162 1804 1189 1854 6
1218 1802 1349 1863 Θεός
1380 1803 1517 1860 ἐστι.
1556 1800 1744 1872 διόπερ

170 1871 266 1923 καὶ
299 1874 326 1924 6
355 1872 541 1944 Σωτήρ
569 1890 731 1943 φησιν
756 1874 811 1925 ὲν
840 1875 903 1943 τῇ
941 1873 1075 1944 πρὸς
1102 1873 1192 1925 τὸν
1214 1872 1429 1943 Πατέρα
1462 1872 1615 1942 εὐχῇ,
1640 1871 1744 1924 etc.

175 1957 195 1990 ι
232 1944 337 1995 Per
376 1958 434 1996 se
465 1943 626 2008 Deus,
665 1943 806 1997 Deus
846 1944 931 1996 ille
979 1943 1058 1997 est
1088 1959 1208 1996 cum
1239 1945 1488 2005 articulo,
1531 1952 1749 2010 propter

170 2012 312 2079 quod
341 2024 395 2067 et
431 2012 679 2067 Salvator
707 2014 759 2067 in
785 2014 1097 2081 precatione
1122 2017 1185 2065 ad
1216 2013 1426 2067 Patrem
1451 2013 1548 2076 ait,
1589 2032 1607 2064 ι
1637 2024 1745 2066 etc.

169 2084 459 2151 Comparat
484 2086 647 2153 igitur
688 2083 940 2137 αὑτόθεον
967 2100 1089 2136 cum
1139 2084 1246 2137 Deo
1275 2100 1342 2137 ex
1378 2083 1507 2145 Deo,
1548 2084 1749 2153 verita-

170 2163 282 2207 tem
312 2165 368 2207 et
398 2152 676 2224 exemplar
717 2170 838 2208 cum
889 2156 1140 2224 imagine,
1182 2168 1281 2208 nec
1312 2155 1377 2207 de
1406 2153 1600 2224 divina
1625 2152 1747 2224 Eilii

170 2235 366 2277 natura
392 2223 647 2279 detrahit.
679 2225 768 2278 Ait
796 2227 941 2279 enim
991 2223 1164 2291 illum,
1197 2240 1318 2279 cum
1363 2224 1433 2277 sit
1464 2223 1604 2291 apud
1646 2223 1749 2277 Pa-

169 2304 332 2358 trem,
380 2296 595 2350 trahere
636 2297 702 2348 ad
749 2310 809 2350 se
854 2295 1231 2357 divinitatem,
1283 2297 1423 2362 apud
1474 2294 1639 2347 Deum
1692 2295 1743 2348 in

168 2365 441 2434 principio
480 2380 621 2431 esse,
656 2384 675 2417 ‹
712 2381 777 2420 eo
831 2366 973 2434 quod
1024 2368 1096 2420 sit
1124 2364 1264 2434 apud
1316 2366 1482 2419 Deum
1528 2379 1747 2431 semper

171 2449 401 2489 manens
451 2434 613 2491 Deus.
650 2454 674 2489 θ
714 2436 912 2491 Deinde
947 2450 1076 2489 vero
1122 2452 1229 2489 non
1276 2434 1382 2487 alio
1434 2434 1660 2487 consilio
1691 2435 1744 2489 in

170 2505 267 2559 has
321 2507 486 2561 tricas
538 2521 660 2561 sese
709 2507 946 2575 implicat
986 2506 1276 2574 Origenes,
1330 2504 1524 2557 nisiut
1564 2503 1745 2573 plures

168 2588 433 2643 personas
457 2577 668 2631 divinas
691 2592 812 2630 cum
840 2577 1156 2631 monarchia
1182 2575 1461 2636 conciliet;
1493 2590 1592 2629 nec
1614 2575 1748 2630 facit

169 2660 295 2698 cum
334 2647 550 2703 Ariauis
580 2662 701 2702 cum
733 2646 950 2702 Patrem
983 2648 1155 2701 solum
1187 2660 1375 2700 verum
1420 2644 1589 2699 Deum
1626 2660 1746 2700 esse

169 2717 440 2780 concedit,
488 2719 613 2787 quia
652 2720 799 2772 solus
851 2727 936 2771 est
971 2717 1114 2771 Deus
1139 2732 1167 2770 a
1198 2730 1279 2787 se,
1328 2716 1435 2787 sed
1461 2715 1746 2787 eispmaxi-

169 2801 317 2859 mum
363 2785 674 2855 praisidium
713 2788 953 2859 praeripit
991 2789 1135 2859 quod
1185 2786 1287 2841 sibi
1324 2786 1377 2839 in
1428 2785 1515 2839 his
1543 2785 1743 2841 Christi

167 2857 351 2910 verbis
380 2859 549 2913 consti
559 2867 703 2912 tuera
713 2857 790 2913 iit.

237 2926 299 2979 '5-
328 2926 369 2981 ιη’
375 2928 535 2982 ilium
558 2930 700 2982 inter
727 2930 858 2983 deos
890 2926 1065 2984 factos
1094 2941 1436 2997 nequaquam
1471 2935 1740 2982 recenset.

168 2996 373 3052 Statuit
403 3000 491 3053 ille
523 3000 744 3070 quidem
782 3000 1040 3070 quidquid
1092 2996 1232 3070 Deus
1278 2997 1495 3070 dicitur,
1540 3007 1745 3070 praeter

166 3081 293 3139 eum
322 3070 412 3137 qui
447 3067 591 3125 est'a
631 3083 691 3124 se
727 3067 890 3133 Dens,
929 3067 979 3124 id
1009 3069 1420 3139 participatione
1446 3067 1743 3139 divinitatis

167 3136 347 3192 Patris
377 3140 447 3192 ita
479 3139 772 3209 appellari;
801 3141 893 3195 sed
924 3136 1056 3193 deos
1105 3140 1224 3193 illos
1257 3138 1429 3191 factos
1460 3138 1585 3209 latis
1620 3139 1741 3190 llni-

1845 598 2099 667 quoniam
2136 598 2433 652 verisimile
2478 608 2562 650 est
2596 598 2711 652 fore
2754 608 2813 652 ut
2855 598 3009 653 multi
3056 599 3426 664 oll‘endantur,

1844 669 1986 735 quod
2012 683 2179 739 unum
2209 682 2394 739 verum
2436 669 2602 721 Deum
2646 668 2887 733 Patrem,
2935 680 2989 723 et
3012 682 3210 739 praater
3239 685 3427 724 verum

1848 739 2015 791 Deum
2050 738 2245 790 multos
2281 737 2370 790 Dei
2406 740 2823 806 participatione
2856 737 3029 793 factos
3072 742 3201 795 deos
3232 740 3430 794 dixeri-

1846 824 1985 871 mus,
2013 823 2074 860 ac
2101 818 2388 861 vereantur
2418 823 2483 859 ne
2518 809 2660 860 illius
2691 808 2880 874 gloria,
2906 812 2995 875 qui
3025 826 3239 863 omnem
3271 826 3428 865 crea-

1844 886 2020 931 turam
2053 877 2334 945 praecellit,
2361 878 2581 947 reliquis
2610 878 2700 932 Dei
2726 879 3138 946 appellationem
3170 880 3426 935 obtinen—

1847 948 1991 1020 tibus
2020 950 2334 1020 adaequetur
2354 963 2389 1020 ;_
2427 958 2623 1015 praeter
2654 948 2872 1002 allatam
2903 948 3287 1013 diﬂerentiam,
3316 967 3423 1020 qua

1846 1017 2014 1071 Deum
2068 1017 2302 1071 Verbum
2340 1018 2574 1072 diximus
2627 1019 2853 1087 reliquis
2895 1020 3147 1073 oumibus
3194 1020 3297 1074 diis
3328 1017 3424 1073 ini-

1846 1089 2077 1142 nistrum
2114 1103 2236 1143 esse
2287 1089 2522 1149 deitatis,
2565 1089 2676 1141 hmc
2721 1104 2937 1159 quoque
2987 1093 3318 1157 apponenda.
3352 1091 3423 1144 Ea

1844 1159 1988 1212 enim
2020 1161 2333 1229 ratio,qua:
2364 1158 2417 1212 in
2449 1160 2673 1229 singulis
2707 1158 2921 1213 ratione
2954 1160 3230 1214 utentibus
3263 1162 3423 1225 inest,

1844 1231 2089 1283 eamdem
2117 1228 2277 1282 habet
2314 1228 2776 1297 comparationem
2830 1230 2894 1283 ad
2943 1230 3086 1283 illam
3138 1231 3424 1295 rati0uem,

1845 1313 1965 1367 qua:
1994 1300 2046 1352 in
2080 1300 2342 1366 principio
2366 1300 2507 1370 apud
2538 1299 2704 1351 Deum
2734 1310 2837 1370 est,
2870 1309 2924 1354 et
2960 1302 3099 1354 Deus
3131 1313 3209 1356 est
3230 1300 3422 1370 Λόγος,

1844 1385 2005 1437 quam
2035 1371 2197 1422 habet
2224 1370 2360 1423 Deus
2381 1369 2613 1423 Verbum
2640 1371 2706 1422 ad
2732 1369 2921 1422 Deum.
2952 1369 3424 1437 Quemadmodum

1843 1440 1988 1493 enim
2037 1454 2095 1495 se
2128 1439 2292 1494 habet
2337 1456 2366 1492 a
2403 1454 2463 1494 se
2510 1440 2649 1493 Deus
2682 1450 2735 1493 et
2786 1440 2927 1495 Deus
2957 1456 3117 1495 verus
3166 1441 3327 1495 Pater
3355 1443 3423 1495 ad

1846 1510 2132 1578 imaginem
2161 1521 2215 1563 et
2261 1511 2524 1579 imagines
2574 1511 2845 1580 imaginis,
2896 1526 3055 1579 quam
3096 1511 3166 1565 ob
3203 1527 3423 1566 causam

1846 1580 2013 1634 etiam
2047 1580 2293 1633 homines
2322 1580 2576 1634 dicuntur
2614 1598 2715 1634 non
2748 1582 3031 1647 imagines,
3072 1583 3164 1635 sed
3190 1586 3258 1636 ad
3288 1583 3424 1635 ima-

1843 1665 2045 1720 ginem,
2083 1650 2161 1704 sic
2191 1652 2335 1704 hunc
2374 1651 2427 1704 in
2462 1652 2678 1704 modum
2710 1666 2768 1704 se
2793 1652 2953 1704 habet
2986 1652 3099 1717 ipse
3134 1652 3326 1720 Λόγος.
3357 1654 3423 1706 ad

1844 1736 1985 1784 eam,
2020 1735 2138 1788 qua:
2165 1731 2247 1773 est
2284 1722 2344 1790 in,
2365 1721 2610 1790 singulis,
2653 1721 2936 1776 rationem.
2991 1720 3230 1789 Utraque
3274 1724 3418 1777 enim

1846 1790 2025 1844 locum
2055 1792 2299 1861 obtinent
2325 1789 2489 1844 fontis
2516 1802 2571 1845 et
2601 1792 2846 1859 originis,
2882 1792 3038 1845 Pater
3078 1792 3292 1861 quidem
3337 1795 3421 1845 di-

1779 1866 1822 1921 Β
1850 1862 2113 1923 vinitatis,
2149 1860 2317 1932 Filius
2342 1877 2471 1916 vero
2514 1860 3266 1932 rationisaQuemadmodum
3294 1879 3421 1932 ergo

1849 1932 1924 1985 dii
1953 1932 2124 1993 multi,
2162 1931 2256 1985 sed
2284 1932 2439 1986 nobis
2479 1946 2616 1985 unus
2657 1944 2741 1986 est
2771 1931 2911 1985 Deus
2934 1932 3130 1998 Pater,
3181 1942 3235 1987 et
3267 1931 3418 1986 multi

1850 2001 2051 2055 domini
2100 2010 2259 2065 sunt,
2302 2003 2397 2055 sed
2443 2002 2598 2055 nobis
2645 2018 2783 2055 unus
2840 2003 3095 2056 Dominus
3136 2014 3220 2056 est
3262 2002 3419 2056 Jesns

1849 2071 2134 2141 Chrisms;
2165 2072 2243 2125 sic
2286 2070 2441 2125 multi
2476 2073 2638 2125 etiam
2672 2080 2796 2125 sunt
2825 2072 2994 2141 λόγοι,
3046 2073 3139 2127 sed
3172 2074 3328 2128 nobis
3357 2073 3421 2125 il-

1849 2140 1959 2195 lum
1995 2142 2167 2209 Λόγον
2199 2156 2483 2212 precamur
2516 2144 2714 2212 inesse,
2764 2143 2855 2211 qui
2903 2154 2987 2197 est
3036 2144 3089 2196 in
3128 2144 3415 2212 principio,

1850 2212 2049 2282 quiest
2074 2212 2213 2279 apud
2246 2210 2433 2275 Deum,
2458 2211 2552 2282 qui
2586 2223 2669 2265 est
2698 2210 2838 2282 Deus
2870 2213 3063 2281 Λόγος.
3110 2232 3129 2263 ι

1921 2280 2144 2351 Multum
2171 2282 2313 2335 valet
2347 2284 2413 2334 ad
2440 2280 2687 2351 Origenis
2718 2280 3087 2337 defensionem
3121 2288 3294 2336 metus
3330 2282 3419 2337 ille

1850 2367 1921 2406 ne
1955 2350 2128 2405 Verbo
2161 2366 2248 2405 res
2289 2360 2502 2405 creatas
2532 2350 2818 2419 adaequare
2853 2354 3148 2417 videretur,
3182 2363 3233 2404 et
3259 2352 3417 2405 adhi-

1849 2421 1959 2475 bita
1994 2420 2057 2473 ad
2086 2422 2228 2474 hanc
2259 2421 2622 2489 suspicionem
2670 2418 3019 2475 refellendam
3058 2421 3275 2477 uberior
3300 2437 3420 2475 seu-

1850 2492 2033 2545 tentim
2060 2491 2365 2557 explicatio.
2395 2491 2645 2545 Declarat
2675 2492 2819 2546 enim
2845 2507 2907 2547 se
2938 2508 3040 2546 nec
3070 2508 3134 2546 ea
3168 2506 3288 2560 quae
3329 2491 3419 2545 Fi-

1849 2560 1951 2635 l_iu_s
1990 2575 2020 2614 a
2075 2560 2236 2614 Patre
2284 2562 2511 2630 accepit,
2564 2576 2685 2635 cum
2733 2563 2819 2635 iis,
2857 2577 2979 2635 qua:
3028 2578 3112 2617 res
3161 2570 3358 2615 creatae
3386 2580 3415 2615 a

1845 2629 1985 2685 Filio
2016 2638 2359 2702 acceperunt,
2390 2629 2489 2686 nec
2512 2633 2809 2702 accipiendi
2834 2629 3050 2686 modum
3078 2646 3414 2702 comparare,

1849 2703 1943 2755 sed
1987 2703 2163 2771 potius
2201 2699 2394 2754 Filium
2432 2702 2578 2755 Patri
2620 2699 2882 2771 aequalem
2925 2699 3245 2771 praedicare,
3291 2704 3415 2771 quia

1847 2780 2139 2838 utrmnque
2183 2772 2385 2825 fontem
2432 2786 2555 2827 esse
2588 2781 2865 2827 asseverat
2895 2788 2911 2824 :
2938 2788 3003 2826 ex
3035 2787 3142 2840 quo
3172 2782 3420 2839 sequitur

1845 2843 2091 2894 eamdem
2138 2842 2189 2894 in
2248 2850 2478 2910 utroque
2528 2854 2801 2908 naturam,
2850 2857 2916 2896 ac
2956 2849 3145 2897 eadem
3194 2857 3419 2910 prorsus

1845 2925 1967 2965 esse
2009 2911 2293 2981 attributa.
2332 2911 2517 2981 Itaque
2565 2912 2693 2967 dum
2734 2927 2821 2967 res
2856 2923 3068 2966 creatas
3098 2912 3245 2966 ineo
3272 2926 3420 2965 com-

1845 2996 2040 3050 parare
2062 2995 2182 3034 cum
2228 2980 2367 3035 Filio
2390 2980 2624 3048 videtur,
2656 2984 2798 3049 quod
2840 2981 3009 3036 Filius
3036 2983 3214 3036 omnia
3255 2997 3285 3034 a
3316 2982 3421 3036 Pa-

1847 3060 1953 3113 tre,
2000 3066 2086 3105 res
2127 3062 2324 3121 creata:
2377 3052 2558 3105 omnia
2609 3070 2637 3107 a
2685 3052 2822 3106 Filio
2861 3053 3191 3121 acceperint,
3241 3051 3416 3120 ipsum

1844 3122 2024 3189 potius
2061 3136 2183 3175 cum
2229 3120 2367 3176 Filio
2394 3122 2627 3189 Patrem,
2672 3125 2715 3177 si
2753 3126 2852 3177 rite
2881 3120 3228 3189 attendimus,
3268 3139 3419 3179 com-

167 3211 270 3263 bus
318 3226 345 3263 a
391 3200 856 3266 Filid'disceruit.
906 3211 983 3265 Dii
1029 3210 1122 3275 illi,
1168 3218 1225 3261 ut
1269 3223 1375 3262 non
1418 3208 1589 3261 multo
1618 3200 1815 3266 autec
1844 3202 2016 3262 Pari“.

166 3280 422 3348 exposuit
447 3293 576 3334 tom.
610 3297 649 3346 ι,
684 3296 832 3336 ιιυιιι.
868 3282 957 3342 54.
990 3292 1115 3335 sunt
1152 3290 1361 3333 certum
1402 3279 1621 3346 aliquod
1648 3294 1740 3346 ge-

165 3364 270 3420 nus
316 3352 631 3420 angelorum
686 3353 899 3405 thronis
943 3359 998 3404 et
1044 3350 1432 3419 principatibus
1473 3352 1740 3420 superius.

166 3418 279 3491 llos
321 3418 451 3475 deos
488 3421 671 3475 vocari
720 3422 922 3491 colligit
969 3418 1051 3474 ex'
1075 3421 1158 3475 his
1189 3420 1483 3491 Scriptnrze
1514 3419 1739 3491 verbis:

168 3490 311 3544 Deus
341 3491 558 3545 deorum
616 3491 821 3545 locutus
857 3488 933 3545 est
967 3492 1141 3561 (l‘sal.
1172 3504 1319 3561 aus,
1340 3491 1414 3557 1).
1441 3488 1745 3561 Con/itemi-

167 3563 222 3614 m'
252 3561 366 3615 Deo
395 3565 608 3632 deerant
640 3561 813 3632 (Paul.
842 3559 1037 3623 cxxsv,
1066 3562 1143 3631 2).
1189 3560 1243 3632 1η
1276 3559 1378 3613 hoc
1405 3569 1612 3632 tantum
1644 3560 1744 3613 hos

167 3633 301 3684 deos
362 3647 485 3686 cum
528 3628 663 3685 Filio
709 3644 1010 3701 comparat.
1057 3628 1198 3701 quod
1238 3630 1433 3701 neutri
1465 3628 1573 3701 sint
1619 3643 1646 3701 a
1686 3643 1746 3682 se

171 3701 334 3765 Deus,
368 3706 507 3768 quod
552 3701 720 3755 Filius
765 3698 846 3756 sit'
880 3698 1295 3769 imago'l’atris,
1348 3699 1434 3769 isti
1483 3698 1744 3766 imagines

165 3770 312 3825 Filii.
362 3778 636 3839 Quantum
667 3784 845 3826 autem
881 3768 1022 3826 inter
1058 3782 1317 3841 uti-Osque
1363 3768 1574 3841 interSit
1609 3770 1744 3820 mul-

168 3843 236 3895 tis
287 3837 450 3897 rebus
492 3842 782 3896 declarat:
832 3859 954 3895 nam
1005 3841 1173 3896 Filius
1214 3837 1355 3908 apud
1401 3837 1613 3891 Patrem
1662 3846 1745 3891 est

165 3927 382 3983 semper
426 3912 592 3983 Deus,
620 3912 693 3966 ab
735 3912 850 3983 ipso
895 3914 1143 3983 trahens;
1160 3911 1500 3965 divmitatem
1527 3923 1540 3959 :
1571 3916 1627 3960 at
1656 3908 1743 3962 isti

167 3981 453 4051 nec'apud
507 3981 765 4046 Patreni,‘
796 3998 895 4036 nec
928 3984 1067 4049 apud
1108 3981 1298 4035 Filium
1346 3987 1480 4051 sunt
1530 3992 1745 4051 semper

165 4054 265 4115 dii,
300 4049 399 4108 nec
430 4069 459 4106 a
488 4051 624 4107 Filio
665 4055 997 4108 divinitatem
1055 4054 1294 4105 trahunt.
1346 4049 1510 4103 Filius
1553 4064 1581 4100 a
1632 4050 1744 4102 Deo

168 4124 355 4178 haurit
394 4125 534 4178 unde
561 4124 681 4178 illos
708 4130 841 4177 deos
872 4122 1096 4187 eﬂiciat;
1139 4123 1302 4191 idque
1335 4134 1434 4190 pro
1463 4133 1556 4173 sua
1585 4118 1743 4173 boni-

166 4203 280 4248 tate
309 4207 325 4248 :
359 4204 416 4249 at
449 4194 523 4247 illi
548 4209 578 4247 a
608 4192 744 4249 Filio
774 4208 880 4247 non
910 4194 1181 4246 hauriunt.

235 4264 379 4319 idem
421 4265 709 4318 discrimen
738 4266 1132 4316 observandum
1166 4264 1218 4316 in
1239 4261 1325 4316 his
1351 4274 1471 4329 qua:
1500 4273 1740 4327 sequun-

164 4344 276 4398 tur,
318 4350 465 4387 num.
487 4334 520 4387 5
550 4333 721 4387 εἈλλ’
748 4334 871 4386 ἐπεὶ
908 4331 1053 4395 εἰκὸς
1084 4332 1418 4404 προσκόψειν
1440 4330 1607 4404 -τιν-ᾲς
1633 4331 1745 4404 τοῖς

163 4406 498 4478 εἰρημένοις,
534 4405 678 4478 -ὲνδς
734 4405 853 4478 μὲνΔ
881 4399 1165 4478 ἀληθινοῦ,
1181 4399 1347 4478 ΘεοῦΔ
1373 4400 1467 4478 τοᾷ
1511 4399 1745 4478 λΙΙαςρὸς

162 4471 661 4546 ὰτὶσξγγελλομένου,
720 4471 869 4546 τιαρὰ
914 4471 981 4546 δὲ’
1012 4474 1101 4546 τὸν
1144 4473 1392 4543 ἀληθινὸν
1434 4471 1576 4546 Θεὸν.
1608 4471 1744 4546 θεῴν

1916 3281 2010 3335 llis
2051 3281 2375 3337 testimoniis
2416 3299 2523 3337 non
2565 3282 2832 3338 absimilia
2876 3292 3005 3337 sunt
3048 3284 3153 3338 duo
3204 3286 3305 3340 alia
3348 3287 3418 3342 ab

1847 3350 2180 3425 Hieronymo
2213 3361 2268 3406 et
2291 3351 2593 3408 Justiniano
2619 3354 2853 3422 objecta,
2881 3369 3110 3422 quorum
3158 3356 3208 3409 in
3243 3360 3418 3425 primo

1848 3421 2270 3492 FiliusPatrem
2304 3421 2763 3492 comprehendere
2798 3421 3011 3488 dicitur,
3047 3426 3089 3477 si
3134 3421 3415 3481 scientiam

1845 3502 1900 3547 et
1924 3491 2247 3559 sapientiam
2283 3491 2634 3559 consideres;
2681 3508 2837 3547 secus
2870 3508 2998 3547 vero
3027 3496 3071 3548 si
3116 3510 3235 3548 eam
3263 3512 3415 3551 eom-

1846 3563 2268 3630 prehensionem
2302 3563 2600 3633 intelligas,
2633 3578 2742 3631 qua
2792 3563 2954 3616 Pater
2996 3566 3176 3617 omnia
3212 3566 3283 3620 ab
3324 3568 3417 3621 illo

1854 3647 1975 3704 esse
2016 3632 2267 3704 habentia
2312 3632 2741 3702 comprehendit.
2782 3633 3089 3704 Sic_igitur
3120 3634 3415 3704 Origenes,

1840 3700 1996 3769 juxta
2034 3700 2487 3771 Hieronymnm':
2533 3721 2551 3753 ι
2602 3704 2658 3756 Si
2706 3702 2852 3757 enim
2892 3700 3108 3758 Patrem
3138 3700 3416 3772 cognoscit

1847 3772 2049 3835 Filius,
2072 3772 2316 3843 videtur,
2345 3773 2395 3825 in
2425 3788 2489 3827 eo
2517 3775 2656 3842 quod
2685 3774 2833 3826 novit
2861 3772 3094 3841 Patrem,
3119 3790 3273 3843 posse
3292 3792 3414 3831 eum

1844 3842 2303 3910 comprehendere
2338 3858 2351 3893 :
2379 3850 2435 3895 ut
2466 3843 2509 3896 si
2537 3844 2767 3897 dicimus
2795 3844 3019 3898 artilicis
3047 3842 3283 3899 animum
3320 3863 3412 3900 ar-

1849 3914 2091 3983 tis_scire
2123 3926 2453 3966 mensuram.
2486 3912 2595 3967 Nec
2628 3913 2884 3979 dubium,
2918 3915 3045 3983 quin
3081 3918 3124 3967 si
3159 3916 3316 3969 Pater
3343 3920 3415 3972 sit

1844 3982 1899 4036 in
1933 3980 2089 4045 Filio,
2130 3990 2184 4034 et
2224 3982 2713 4050 comprehendatur
2760 3984 2824 4036 ab
2869 3980 3014 4037 eo'in
3046 4000 3153 4053 quo
3178 3997 3281 4040 est.
3316 3986 3411 4041 Sin

1846 4063 2025 4105 autem
2076 4053 2612 4119 comprehensionem
2656 4067 2775 4106 eam
2815 4054 3063 4117 dicimus,
3105 4064 3161 4108 ut
3186 4072 3289 4111 non
3320 4073 3414 4112 so-

1845 4120 1954 4174 lum
1999 4135 2158 4175 sensu
2195 4121 2316 4188 quis
2348 4130 2403 4174 et
2439 4122 2701 4191 sapientia
2730 4123 3181 4192 comprehendat,
3221 4129 3315 4181 sed
3360 4141 3413 4181 et

1844 4194 2044 4244 virtute
2075 4202 2129 4245 et
2158 4193 2394 4260 potentia
2427 4204 2622 4246 cuncta
2667 4202 2847 4246 teneat
2877 4195 2964 4260 qui
2990 4197 3262 4263 cognovit,
3307 4213 3411 4252 non

1883 4277 2132 4316 ossumus
2161 4263 2342 4315 dicere
2370 4265 2512 4330 quod
2535 4264 2956 4330 comprehendat
2984 4263 3151 4317 Filius
3173 4265 3412 4323 Patrem.

1871 4336 2164 4401 ’aterpvero
2183 4334 2363 4384 omnia
2389 4334 2817 4401 comprehendit.
2849 4333 2992 4386 Inter
3024 4337 3201 4387 munia
3232 4347 3411 4391 autem

1845 4412 1903 4457 et
1924 4399 2094 4454 Filius
2119 4411 2223 4471 est,
2249 4416 2377 4469 ergo
2402 4413 2453 4455 et
2470 4399 2664 4471 Filium
2687 4402 3115 4471 comprehendit.
3151 4424 3169 4456 ι
3196 4403 3414 4459 Ροδιτο-

1847 4475 2132 4541 μιαίνει-θη
2173 4470 2363 4524 Graece
2403 4476 2540 4540 apud
2576 4469 2937 4525 Justiinanum
2978 4488 3057 4525 sic
3115 4476 3406 4541 leguntur:

164 4532 428 4627 πλειόνῳν
451 4532 526 4627 τῇ
550 4532 750 4627 μεξοχῇ
779 4532 873 4627 ἑοῖ)
901 4545 1036 4627 Θεοῦ
1064 4532 1397 4627 γινομένωνι
1414 4541 1740 4627 ερλαόουμε-
1773 4542 1817 4597 D
1845 4532 1907 4627 ξὶί
2081 4532 2609 4627 ρατὴρέμπερνιέχει
2645 4543 2714 4627 τὰ
2741 4542 2937 4627 navie:
2966 4542 3073 4627 τᾶέν
3096 4532 3408 4627 δείπάντων

162 4636 288 4682 νους
314 4619 410 4690 τὴν
440 4611 531 4671 τοῦ
550 4611 749 4690 ’πᾶσαν
778 4618 953 4669 κτίσιν
986 4611 1339 4690 ὑπερέχοντος
1371 4612 1526 4678 δόξαν
1551 4611 1741 4690 sitarb-

165 4706 257 4742 σαι
296 4683 408 4752 τοῖς
437 4690 641 4752 λοιποῖς
679 4688 779 4757 τῆς
807 4689 938 4749 Θεὸς
993 4683 1359 4756 προοηγορίας
1396 4683 1739 4757 τογχάνουσι,

165 4761 304 4831 πρὸς
332 4763 395 4830 τῇ
446 4755 807 4831 ἀποδεδομενῃ
854 4755 1105 4831 διαφορᾷ,
1160 4755 1281 4830 καθ’
1315 4757 1410 4831 ἢν-
1434 4755 1743 4831 ὲςρὰοςκομεν

163 4824 300 4883 πᾶσι
328 4824 439 4893 τοῖς
470 4824 686 4893 λοιποῖς
721 4824 859 4891 θεοῖς
897 4824 1139 4880 διάκονον
1175 4824 1310 4879 εἶναι
1340 4824 1449 4893 τῆς
1487 4824 1743 4891 θεότητος

160 4902 255 4955 τὸν
278 4901 409 4954 Θεὸν
438 4902 628 4969 Λόγον,
664 4899 756 4952 καὶ
782 4898 984 4969 ταύτην
1020 4896 1410 4969 παραστα-ςέον.
1536 4894 1643 4962 γὰρ
1686 4895 1743 4969 εν

162 4973 378 5041 ἑκάστῳ
400 4963 555 5040 λόγος
579 4969 685 5021 τῶν
707 4963 1140 5041 λογικῶντοῦὴεόν
1163 4968 1253 5041 τεὸν
1288 4966 1442 5041 λόγον
1472 4963 1744 5041 ἔχει-πρὸς

161 5045 254 5096 τὸν
282 5034 504 5113 ἐν’ᾀρχῇ
519 5043 688 5113 Λόγον
708 5034 843 5113 πρὸς
866 5039 965 5113 ῖὸν,
981 5039 1133 5113 Θεὸν,
1165 5038 1293 5113 ὄντα
1317 5037 1497 5113 Λόγον⁸
1515 5034 1665 5095 Θεὸν,
1686 5034 1743 5113 ὃν

160 5116 189 5165 ὁ
220 5113 352 5175 Θεὸς
380 5096 533 5180 Χόὲἑές
580 5096 714 5182 ripe;
744 5096 840 5182 ’ἱὸν
867 5108 1017 5182 Θεόν.
1060 5096 1152 5182 'o';
1199 5108 1307 5178 γὰρ
1340 5096 1615 5182 eaedem,
1647 5104 1740 5182 xei.

161 5183 413 5251 ἀληθινὸς
440 5176 570 5244 Θεὸς
601 5176 636 5235 ὅ
661 5180 845 5251 Πατὴρ
873 5179 1009 5251 πρὸς
1042 5179 1244 5251 εἰκόνα,
1271 5176 1362 5251 καὶ
1391 5176 1621 5251 εἰκόνας-
1640 5176 1739 5242 τῆς

162 5244 494 5316 εἰκόνοςζδιὸ
527 5255 619 5305 καὶ
648 5254 765 5304 κατ’
794 5244 975 5302 εἰκόνα
1003 5250 1249 5317 λέγονται
1285 5245 1421 5300 εἶναι
1453 5249 1502 5299 οἱ
1532 5244 1737 5317 ἄνθρω-

164 5340 275 5387 ποι,
299 5314 399 5376 οὖκ
432 5324 655 5387 εἰκόνες,
691 5320 861 5382 οὕτως
890 5321 916 5371 6
944 5314 1105 5381 αὐτὸς
1148 5320 1317 5385 Λόγος
1369 5318 1504 5388 πρὸς
1536 5314 1643 5388 ’τὸν
1675 5316 1733 5388 ὲν

162 5385 375 5469 ἑκάοξῳ
405 5385 624 5469 ᾼόγονηί
643 5385 955 5469 Ἇμφόιςερα
972 5390 1096 5469 *γαρ
1130 5392 1307 5469 πηγῆς
1342 5385 1466 5469 ἕχεᾷ
1481 5385 1736 5469 χώραν,τὸ

208 5466 263 5516 ὲν
296 5459 501 5534 [ἰατὴρέ
531 5459 803 5532 θεότητος.
836 5462 945 5534 6
964 5460 1128 5534 )‘i6;,_
1167 5460 1343 5534 @703).
1404 5459 1737 5534 "ﬂarzepoby

208 5482 263 5516 εν
296 5482 501 5535 ιιατηρ,
531 5482 803 5532 υεοτητος,
836 5482 864 5513 ο
888 5482 945 5512 οε
981 5482 1118 5521 ιιος,
1168 5482 1343 5527 Λυγου.
1430 5482 1611 5523 ωσπερ
1645 5482 1737 5508 υυν

164 5482 274 5586 θιεοὶ
305 5536 504 5597 πολλοὶ,
539 5534 651 5587 ἀλλ’
685 5533 814 5602 ἡμῖν
848 5526 925 5593 εἷς
955 5530 1084 5602 Θεὸς
1108 5532 1135 5581 6
1174 5530 1362 5599 Πατὴρ
1385 5568 1397 5587 ,
1433 5529 1526 5602 καὶ
1555 5526 1737 5602 ποζλοὶ

166 5606 358 5685 κύριοι,
380 5596 498 5657 an"
526 5607 657 5675 ἡμῖν
685 5596 764 5665 ε’ῗς
800 5602 997 5672 Κύριος
1045 5601 1247 5671 Ἰησοῦς
1310 5596 1538 5668 Χριστός
1559 5613 1572 5625 ο
1598 5596 1738 5649 οὕτω

163 5677 346 5728 πολλοὶ
374 5677 537 5743 λόγοι.
569 5675 681 5728 ἀλλ’
715 5676 843 5743 ἡμῖν
876 5671 1142 5743 εὐχόμεθα
1172 5673 1318 5732 ὅπως
1356 5669 1568 5743 ὑπάρξῃ
1617 5670 1644 5719 6
1677 5669 1733 5743 ἐν

218 5702 346 5728 λιιι-οι
375 5702 537 5740 Λυῖυι.
569 5702 665 5728 “AA
716 5702 843 5740 ημιν
876 5702 1142 5740 ευλυμῑυψ
1172 5702 1315 5732 υνμιυτ
1359 5702 1553 5738 ιιι-μυί]τῖ

375 5710 537 5743 mp...
569 5710 665 5728 ...ηπ
721 5710 841 5745 Ἦ...
876 5710 1142 5740 πυρα..
1173 5710 1315 5732 ww,
1360 5710 1568 5738 -..τμη
1618 5710 1651 5745 νδ
1677 5710 1728 5718 -,

168 5749 311 5817 ἀρχῇ
341 5748 529 5814 Λόγος,
564 5748 593 5799 ό
624 5745 760 5817 πρὸς
782 5744 872 5796 τὸν
899 5744 1027 5793 Θεὸν
1057 5742 1316 5802 omnes;
1346 5741 1533 5806 Λόγος.
1565 5757 1582 5788 t
1625 5740 1729 5792 bed

1849 4612 1994 4663 ἐστὶν
2021 4612 2048 4662 6
2081 4610 2226 4673 Tibq,
2257 4610 2411 4681 δῆλον
2454 4610 2555 4664 ὅτι
2581 4612 2671 4664 καὶ
2710 4613 2800 4664 τὸν
2841 4612 2984 4667 Υἰόν.
3026 4611 3289 4668 Uoitatem
3322 4633 3408 4669 es-

1850 4682 2039 4736 sentiae
2084 4692 2138 4734 et
2186 4682 2551 4748 atqualitatem
2609 4685 2659 4734 in
2714 4682 2878 4736 Patre
2930 4694 2983 4736 et
3016 4682 3150 4736 Filio
3184 4689 3411 4740 miritlce

1848 4752 2068 4819 exponit
2092 4750 2372 4820 Origenes,
2403 4754 2528 4805 dum
2567 4751 2782 4806 Patrem
2812 4769 2839 4805 a
2871 4752 3006 4807 Filio
3026 4756 3405 4821 comprehendi

1850 4823 2062 4891 statuit,
2091 4822 2217 4891 quia
2248 4821 2411 4874 Pater
2436 4823 2488 4875 in
2527 4823 2661 4876 Filio
2689 4833 2791 4877 est.
2833 4823 3042 4876 Patrem
3077 4839 3206 4891 ergo
3239 4828 3290 4877 in
3320 4824 3410 4879 Fl-

1849 4890 1920 4944 lio
1950 4905 2068 4961 esse
2095 4890 2368 4961 credebat,
2399 4908 2501 4945 non
2528 4896 2654 4961 quia
2688 4892 2831 4946 Patri
2874 4893 3043 4947 Filius
3076 4890 3285 4958 obedit,
3313 4899 3407 4950 sed

1846 4964 1969 5029 quia
1998 4960 2135 5016 Filio
2170 4960 2333 5034 Pater
2364 4960 2807 5034 totatn’divinam
2844 4964 3205 5018 substantiam
3246 4981 3410 5034 gene-

1846 5034 2015 5085 rando
2070 5031 2309 5085 tradidit.
2364 5029 2515 5087 Unde
2563 5036 2842 5087 scientiam
2893 5044 2948 5086 et
2983 5029 3306 5101 sapientiam
3355 5040 3407 5090 in

1844 5111 2073 5170 utroque
2095 5101 2353 5169 aequalem
2388 5105 2633 5171 agnoscit
2672 5104 2935 5171 Origenes
2958 5142 2974 5167 ,
3019 5120 3083 5157 ac
3118 5106 3246 5159 illud
3284 5120 3409 5159 tau-

1843 5182 1955 5244 tum
1987 5172 2492 5244 comprehensionis
2520 5189 2709 5242 genus,
2749 5189 2853 5241 quo
2893 5178 3132 5243 genitum
3164 5192 3406 5244 compre-

1840 5242 2026 5295 hendit
2054 5244 2287 5311 genitor,
2315 5260 2345 5294 a
2374 5241 2800 5297 Filio’removet.

1912 5313 2096 5386 Alt_ero
2130 5314 2182 5365 in
2232 5312 2371 5386 loco,
2415 5313 2503 5379 qui
2542 5315 2608 5386 in,
2649 5315 2823 5380 primo
2857 5312 2932 5386 De
2981 5316 3205 5386 princip.
3246 5316 3405 5382 libro,

1842 5396 1963 5453 cap.
1990 5383 2043 5440 5,
2083 5397 2225 5434 num.
2253 5380 2307 5447 5,
2342 5392 2539 5442 exstat.
2571 5385 2798 5437 similem
2854 5380 3113 5439 habemus
3150 5380 3407 5453 perSonaL

1845 5452 1961 5505 ruin
1996 5452 2423 5515 distinctionem,
2478 5454 2731 5507 nimirum
2778 5454 2829 5507 iu
2872 5471 2937 5508 eo
2970 5452 3218 5523 positam,
3263 5458 3407 5523 quod

1843 5523 2223 5594 FiliusAPatre,
2249 5524 2320 5575 ob
2361 5524 2623 5594 rationem
2655 5525 2900 5594 originis,
2930 5538 2984 5577 et
3013 5529 3244 5593 Spiritus
3279 5542 3405 5576 san-

1842 5604 1962 5664 ctus
2005 5592 2137 5645 Filio
2164 5594 2347 5664 minor
2376 5594 2442 5645 sit
2471 5593 2646 5664 [Ὅτι
2694 5597 2723 5646 6
2747 5592 2871 5664 ’μὲν
2904 5594 3035 5656 Θεὸς
3056 5592 3166 5646 καὶ
3218 5594 3405 5664 Πατὴρ

1844 5663 2077 5732 συνέχων
2122 5662 2188 5714 τὰ
2220 5662 2412 5716 ,πάντα
2452 5662 2641 5730 φθάνει
2686 5662 2784 5727 εἰς
2814 5664 3041 5717 ἕκαστον
3085 5664 3192 5716 τῶν
3237 5662 3404 5717 ὄντῶν

1842 5735 2145 5804 parm-.6676,-
2189 5733 2401 5802 ἑκάστῳ
2435 5735 2541 5786 ἀπὸ
2576 5751 2665 5785 τοι.
2704 5736 2830 5787 ἰδίου
2860 5735 2919 5787 τὸ
2953 5732 3121 5786 εἶναι·
3158 5733 3251 5785 Ὧν
3294 5738 3403 5806 γάρ
