3870 6220
243 303 346 361 759

1092 297 1674 357 omemmoauu
1712 301 1845 358 ue.
1873 294 1952 367 ιι,
1995 300 2254 367 arma,
2293 298 2569 368 QUEST.
2608 278 2706 357 tt.’

3391 301 3496 356 750

242 422 342 492 τὴν
384 418 714 492 προπέτειαν
751 417 1097 472 ὑποτίθεσθαι
1143 419 1235 472 τὸν
1282 421 1510 493 Σὶιιτῆρα
1546 416 1683 475 εἶναι
1730 421 1821 475 τὸν

1939 423 2218 494 ignorasse
2242 420 2541 486 Christum,
2585 429 2848 491 quatenus
2872 420 3044 490 ipsam
3077 417 3343 486 Ecclesia,
3375 435 3496 490 qua

243 510 337 566 ἐπὶ
407 512 540 563 πᾶσι
579 508 735 562 Θεὸν.
785 509 925 562 Ἀλλ’
969 508 1083 562 οῦτι
1136 527 1199 578 γε
1249 512 1410 581 ἡμεῖς
1463 513 1723 578 τοιοῦτον,
1769 516 1821 567 οἱ

246 602 555 673 πειθόμενοι
605 600 751 672 αὑτῷ
789 601 1018 669 λέγοντι·
1066 623 1084 652 ι
1105 601 1167 654 '0
1192 602 1378 674 Πατὴρ
1417 604 1445 657 ὁ
1477 603 1698 676 πέμψας
1731 622 1818 676 με,

247 694 449 766 μείζων
487 692 589 765 μοὺ
622 695 789 746 ἐστιν.
819 707 842 746 s
883 692 978 747 His
1010 693 1279 763 vulgatam
1316 709 1381 749 ex
1401 696 1698 751 Athanasio
1734 713 1820 751 re-

247 787 591 856 sponsionem
635 785 858 854 suhjicit
901 785 1238 841 Hteschelius
1277 806 1291 841 :
1343 788 1420 840 υύ
1457 787 1675 858 μεγέθει
1715 790 1823 843 τινὶ

249 881 373 933 οὐδὲ
425 878 625 950 χρόνῳ,
677 877 812 931 ἀλλὰ
860 877 949 930 διὰ
994 878 1094 948 τὴν
1141 877 1201 942 ἐξ
1256 878 1419 931 αὑτοῦ
1460 878 1556 932 τοῦ
1607 879 1822 950 Πατρὸς

246 972 518 1040 γέννησιν.
554 988 571 1022 ι
607 969 721 1022 Non
755 969 1130 1038 magnitudine
1153 967 1358 1037 aliqua,
1399 984 1498 1025 nec
1548 978 1812 1040 tempore,

252 1063 343 1116 sed
375 1073 596 1132 propter
636 1061 1037 1128 generationem
1068 1075 1135 1115 ex
1168 1061 1283 1130 ipso
1314 1062 1512 1124 Patre;
1552 1079 1570 1114 ι
1600 1072 1653 1116 et
1683 1063 1822 1116 alte-

248 1169 362 1208 rsm
398 1152 572 1207 hanc:
612 1152 703 1214 Ὧς
743 1151 873 1214 Θεὸς
913 1150 1049 1204 Θεοῦ
1089 1149 1209 1222 οὑχ,
1245 1152 1322 1216 ὡς
1368 1152 1559 1224 Πατὴρ
1603 1152 1660 1206 δὲ
1691 1151 1822 1205 Υἱοῦ

246 1242 785 1314 ὲνανθρωπήσαντος.
828 1261 844 1292 ι
871 1237 989 1296 Non
1023 1252 1082 1296 ut
1109 1242 1251 1296 Deus
1279 1243 1408 1306 Deo,
1445 1245 1538 1297 sed
1573 1251 1632 1296 ut
1665 1241 1826 1296 Pater

248 1334 408 1402 Filio,
449 1335 539 1402 qui
570 1335 859 1387 humanam
893 1333 1132 1402 suscepit
1178 1341 1448 1387 naturam.
1482 1347 1502 1385 ι
1537 1332 1606 1386 At
1647 1348 1732 1394 ea,
1768 1342 1828 1387 ut

247 1440 378 1480 vere
430 1424 632 1490 dicam,
681 1439 874 1495 parum
923 1424 990 1478 ad
1031 1439 1169 1479 rem.
1200 1424 1560 1479 Affirmabant
1603 1426 1822 1493 quidam

249 1516 531 1573 Christum
562 1530 689 1571 esse
717 1518 1096 1572 universorum
1151 1516 1342 1583 Deum,
1394 1517 1559 1587 idqtte
1599 1533 1725 1574 vere
1771 1527 1828 1573 et

247 1609 573 1664 orthodoxe.
602 1608 847 1663 Pertinet
901 1608 1031 1663 illud
1083 1621 1213 1664 sane
1249 1609 1315 1663 ad
1355 1608 1593 1664 divinam
1625 1609 1824 1664 Christi

247 1708 523 1764 naturam,
558 1715 664 1754 non
690 1700 756 1753 ad
786 1699 1104 1755 humanam.
1135 1698 1304 1771 Negat
1333 1714 1364 1755 e
1402 1701 1676 1755 contrario
1704 1700 1828 1756 Ori-

248 1806 415 1863 genes
453 1791 800 1847 Servatorem
853 1806 974 1847 esse
1011 1794 1389 1848 universorum
1419 1793 1586 1848 Deum
1614 1832 1630 1857 ,
1681 1792 1825 1862 quod
1858 1769 1900 1824 Β

248 1883 379 1939 inde
415 1884 606 1952 prohat
628 1884 757 1953 quia
791 1882 949 1937 Patre
975 1883 1153 1938 minor
1189 1884 1282 1946 sit,
1309 1883 1400 1952 qui
1433 1893 1516 1938 est
1543 1883 1828 1938 universo-

249 1988 371 2030 rum
428 1974 588 2029 Deus.
649 1973 856 2028 Divina:
897 1987 1030 2042 ergo
1077 1973 1285 2029 Christi
1337 1981 1545 2028 natura:
1591 1973 1833 2029 detrahit

248 2081 560 2137 supremam
607 2065 752 2120 illam
801 2062 1032 2136 Θεότητα
1075 2079 1236 2134 supra
1297 2080 1382 2120 res
1421 2066 1723 2129 universas,
1777 2074 1831 2121 et

249 2157 399 2215 Patri
433 2161 634 2215 addicit
667 2160 1045 2229 ;proindeque
1079 2157 1299 2229 μεγέθει
1331 2159 1464 2222 τινι,
1493 2167 1548 2214 et
1579 2169 1638 2212 ut
1661 2159 1829 2214 Deum

251 2249 384 2318 Deo,
415 2251 724 2306 inferiorem
757 2251 913 2306 Patre
945 2250 1142 2306 Filium
1173 2252 1383 2316 statuit,
1416 2267 1522 2306 non
1555 2259 1615 2305 ut
1655 2252 1830 2306 homi-

250 2357 374 2398 nem
409 2342 543 2398 Deo.
572 2342 834 2398 Leontius
867 2343 1202 2415 Byzantinus
1225 2341 1570 2398 Scholiorum
1616 2343 1830 2398 actione

251 2434 342 2495 10,
376 2434 443 2488 ad
469 2434 902 2489 convincendum
934 2435 1142 2488 erroris
1189 2432 1350 2500 hujus
1383 2431 1676 2502 Origenem
1728 2435 1828 2486 ista

251 2525 473 2579 adducit
503 2527 668 2580 verba
698 2541 765 2580 ex
794 2526 1024 2594 quadam
1068 2526 1242 2593 ipsius
1273 2524 1497 2594 epistola
1527 2541 1540 2578 :
1589 2523 1648 2578 '0
1699 2523 1830 2588 Υἱὸς

249 2615 286 2686 ἢ
313 2615 516 2686 μείζων
548 2616 665 2670 ἐστὶ
693 2614 787 2669 τοῦ
814 2616 1049 2685 Πατρὸς,
1075 2615 1108 2687 ἢ
1141 2615 1398 2681 ἐλάττων,
1427 2614 1460 2687 ἢ
1491 2615 1622 2680 ἴσος·
1663 2617 1710 2670 εἰ
1736 2611 1829 2670 οὖν

247 2708 408 2774 δείξω
447 2709 527 2762 ὅτι
575 2708 698 2762 οὐδὲ
748 2707 948 2778 μείζων
989 2708 1157 2772 ἐστὶν,
1196 2707 1318 2760 οὑδὲ
1364 2709 1496 2771 ῐσος,
1540 2707 1696 2777 δῆλον
1747 2709 1828 2760 δτι

250 2802 491 2856 ἐλάττων
524 2801 694 2857 ἐστίν.
726 2799 1008 2855 Postremo
1037 2815 1159 2856 cum
1188 2801 1390 2855 dixerit
1436 2803 1687 2871 superius
1718 2801 1828 2856 Pa-

253 2904 392 2950 trem
427 2894 691 2959 essentia,
718 2893 1003 2963 dignitate,
1056 2893 1282 2958 virtute,
1338 2894 1640 2958 divinitate,
1673 2895 1829 2949 honi-

250 2994 366 3042 tste
405 2996 462 3041 et
507 2986 772 3055 sapientia
810 2995 1073 3054 praestare
1103 2983 1265 3048 Filio,
1300 2983 1441 3041 idem
1473 3001 1692 3055 quoque
1719 2989 1830 3041 sci-

250 3077 359 3133 scit
400 3079 470 3133 de
518 3078 744 3134 scientia
795 3089 956 3134 tract.
1017 3078 1108 3142 50,
1159 3076 1214 3132 in
1255 3078 1475 3144 Matth.,
1532 3094 1681 3133 num.
1714 3079 1823 3134 55:
1854 3111 1899 3168 ο

256 3186 280 3222 s
313 3169 562 3226 Forsitan
596 3179 775 3224 autem
806 3180 862 3224 et
893 3170 1035 3240 quod
1070 3170 1146 3224 ait
1174 3169 1385 3225 nescire
1412 3184 1470 3224 se
1511 3171 1650 3224 diem
1696 3185 1827 3225 con-

248 3261 636 3320 summationis
673 3271 728 3316 et
765 3260 980 3324 horam,
1018 3271 1145 3315 ante
1170 3261 1627 3330 dispensationem
1663 3275 1818 3315 suam

249 3354 387 3408 dixit
425 3355 573 3424 quia,
612 3353 781 3407 Nemo
807 3353 926 3416 scit,
979 3368 1144 3423 neque
1189 3353 1382 3423 angeli,
1438 3369 1601 3421 neque
1632 3350 1824 3418 Filius,

249 3446 358 3500 nisi
397 3445 542 3499 solus
575 3443 736 3497 Pater
767 3444 832 3497 μ’.
868 3443 996 3498 Post
1028 3444 1484 3513 dispensationem
1521 3453 1699 3498 autem
1724 3444 1822 3498 itu-

250 3535 454 3606 pletam
498 3551 839 3604 nequaquam
861 3536 964 3590 hoc
991 3535 1154 3599 dixit,
1187 3545 1472 3603 postquam
1510 3533 1648 3588 Deus
1678 3535 1829 3588 illum

251 3627 684 3696 superexaltavit,
710 3635 755 3679 et
784 3628 996 3681 donavit
1052 3626 1100 3678 ei
1134 3641 1320 3679 nomen
1373 3625 1510 3692 quod
1550 3637 1626 3679 est
1672 3642 1830 3694 super

250 3735 409 3772 omne
456 3735 647 3772 nomen
701 3718 743 3750 ¹⁵
788 3735 802 3773 :
858 3734 979 3772 nam
1034 3726 1220 3790 postea
1275 3726 1330 3771 et
1380 3717 1548 3772 Filius
1575 3720 1829 3787 cognovit

251 3811 540 3866 scientiam
592 3825 620 3864 a
671 3810 836 3865 Patre
878 3812 1204 3880 suscipiens,
1242 3811 1404 3865 etiam
1461 3810 1528 3863 de
1577 3811 1661 3864 die
1696 3825 1828 3864 con-

251 3903 636 3958 summationis
660 3912 715 3957 et
741 3903 897 3967 hora,
934 3910 995 3956 ιιι
1026 3903 1138 3970 jam
1177 3917 1280 3956 non
1312 3902 1487 3956 solum
1527 3901 1686 3955 Pater
1718 3902 1827 3956 sci-

250 4005 340 4052 ret
374 3997 440 4050 de
467 4010 554 4062 ea,
596 3995 689 4049 sed
713 3996 875 4048 etiam
915 3994 1108 4049 Filius.
1145 4013 1163 4046 ι
1198 3995 1361 4060 Quasi
1405 3993 1654 4047 Christus
1685 4008 1822 4047 non-

250 4087 359 4142 nisi
390 4099 509 4158 post
542 4097 768 4141 mortem
799 4086 1002 4140 obitam
1037 4087 1399 4156 cognitionem
1438 4085 1575 4138 hanc
1605 4101 1634 4138 a
1665 4085 1826 4140 Patre

251 4179 548 4248 acceperit.
589 4180 658 4232 At
697 4177 884 4233 sanior
927 4187 1012 4232 est
1060 4193 1181 4243 quae
1220 4177 1380 4247 paulo
1419 4188 1540 4245 post
1578 4178 1827 4246 sequitur

250 4268 361 4323 loci
390 4269 629 4337 ejusdem
659 4270 946 4340 expositio,
975 4279 1205 4325 eatenus
1241 4283 1432 4338 nempe
1468 4269 1657 4323 horam
1684 4268 1826 4325 hanc

337 4404 382 4438 “
405 4407 594 4465 Matth.
624 4425 774 4477 xxw,
806 4409 896 4464 56.
975 4411 1017 4442 ¹⁸
1041 4409 1237 4479 Philip.
1266 4424 1330 4472 tt,
1371 4410 1405 4464 9

1923 526 2124 580 corpus
2156 511 2358 566 Christi
2383 521 2487 578 est,
2519 514 2753 582 ignorat.
2789 511 2906 566 Huc
2940 511 3240 566 addendam
3271 522 3496 568 censeat

1923 603 2119 672 aliquis
2159 604 2373 675 longam
2418 605 2837 674 disputationem
2883 617 2948 657 ex
2994 604 3148 658 initio
3179 606 3307 660 tomi
3343 621 3405 671 tt,
3436 607 3491 658 in

1922 693 2111 758 Joan.,
2139 711 2288 750 num.
2323 694 2434 748 ﬁet
2459 710 2600 763 seq.,
2641 695 2693 748 iu
2734 709 2838 763 qua
2862 709 3049 749 vocem
3090 693 3226 759 Θεός
3269 695 3498 749 articulo

1924 799 2022 840 suo
2052 784 2397 852 coniunctam
2431 785 2714 855 distinguit
2746 783 3010 856 Origenes
3036 800 3065 838 a
3089 800 3221 839 voce
3247 782 3380 848 Θεός
3406 799 3500 839 eo-

1926 875 2046 931 dem
2092 876 2324 931 articulo
2369 876 2648 940 destituta,
2683 884 2848 945 atque
2899 877 3040 930 hanc
3074 875 3298 945 deputat
3334 875 3495 940 Filio,

1927 967 2071 1021 illam
2101 967 2247 1022 Patri
2283 986 2296 1022 :
2336 968 2478 1024 unde
2502 968 2710 1038 opinati
2736 977 2859 1022 sunt
2879 969 3100 1038 quidam
3132 968 3291 1021 aliam
3317 969 3493 1038 ipsum

1928 1058 2194 1115 Deitatem
2259 1045 2577 1129 ascripsisse
2608 1059 2779 1123 Patri,
2813 1074 2877 1113 ac
2904 1060 3377 1129 praestantiorem;
3416 1060 3502 1114 in-

1929 1151 2183 1204 feriorem
2243 1164 2373 1206 vero
2415 1149 2576 1205 Filio.
2632 1150 2976 1221 Quapropter
3019 1165 3080 1204 ea
3110 1148 3496 1206 Ceuebrardus

1928 1241 1995 1296 ab
2027 1242 2243 1296 Arianis
2276 1252 2457 1296 assuta
2500 1243 2666 1297 fuisse
2711 1243 2989 1297 censebat.
3031 1243 3100 1296 At
3148 1259 3272 1298 cum
3303 1259 3366 1298 ea
3421 1254 3501 1297 ta-

1928 1349 2054 1388 men
2082 1335 2270 1388 dextre
2317 1334 2485 1404 accipi
2511 1349 2672 1404 posse
2720 1345 2998 1405 agnoscat,
3038 1345 3094 1389 et
3124 1349 3224 1390 nos
3285 1349 3502 1405 quoque

1931 1425 1984 1480 in
2028 1424 2493 1480 Observationibus
2522 1426 2948 1481 demonstraturi
3003 1426 3197 1489 simus,
3245 1441 3344 1481 cur
3383 1425 3503 1480 loco

1929 1518 2057 1572 huic
2105 1518 2226 1573 falsi
2275 1531 2611 1588 apponamus
2654 1527 2862 1582 notam,
2907 1533 3073 1573 causa
3112 1518 3254 1572 nulla
3291 1526 3396 1572 est.
3432 1517 3505 1572 At

1931 1608 2216 1665 manifeste
2249 1618 2494 1664 sanctum
2535 1608 2794 1679 Spiritum
2842 1610 3048 1664 honore
3093 1623 3190 1662 suo
3225 1623 3291 1662 ac
3330 1607 3505 1678 digni-

1934 1709 2043 1755 tate
2070 1700 2326 1756 fraudare
2355 1710 2590 1756 conatur
2624 1701 2883 1770 Origenes
2912 1711 3041 1754 tom.
3091 1715 3187 1754 xm
3224 1701 3278 1752 in
3308 1697 3498 1762 Joan.,

1931 1807 2080 1845 num.
2135 1790 2228 1855 25,
2283 1793 2369 1847 his
2421 1793 2633 1847 verbis:
2681 1793 2796 1863 (9‘2)
2848 1791 2992 1862 Πρὸς
3047 1791 3138 1844 τὸν
3179 1790 3502 1862 βουλόμενον

1930 1883 2310 1954 ὑπερδοξάζειν
2350 1884 2440 1936 τὸν
2489 1883 2636 1946 Υἰὸν,
2694 1885 2908 1938 πάντων
2954 1883 3051 1953 μὲν
3096 1881 3204 1935 τῶν
3264 1883 3505 1953 γενητῶν

1929 1976 2321 2048 ὑπερέχειν,οὑ
2358 1977 2661 2047 συγκρίσει,
2707 1976 2824 2028 ἀλλ’
2872 1974 3284 2049 ὑπερϐαλλούσῃ
3333 1975 3506 2048 ὑπερ-

1938 2069 2060 2138 οχῇ,
2088 2069 2268 2138 φαμὲν
2306 2068 2396 2121 τὸν
2426 2068 2676 2140 Σωτῆρα,
2727 2069 2822 2120 καὶ
2867 2067 2927 2121 τὸ
2973 2067 3197 2139 Πνεῦμα
3227 2068 3288 2120 τὸ
3327 2066 3504 2137 ἅγιον,

1932 2160 2336 2232 ὑπερεχόμενον
2396 2161 2738 2232 τοσοῦτον,ἢ
2777 2161 2868 2214 καὶ
2911 2159 3068 2213 πλέον
3111 2159 3218 2214 ἀπὸ
3261 2159 3356 2214 τοῦ
3402 2159 3512 2215 Ila.-

1929 2250 2076 2322 στρος,
2111 2251 2220 2320 ὅσῳ
2248 2249 2505 2322 ὑπερέχει
2531 2250 2692 2313 αὑτὸς
2733 2250 2826 2303 καὶ
2854 2250 2916 2303 τὸ
2943 2250 3096 2318 ἅγιον
3127 2248 3352 2320 Πνεῦμα
3396 2248 3507 2303 τῶν

1929 2339 2152 2405 λοιπῶν,
2192 2342 2252 2393 οὑ
2295 2344 2404 2394 τῶν
2441 2343 2735 2412 τυχόντων.
2785 2342 3049 2411 Spiritum
3099 2351 3346 2395 sanctum
3395 2340 3507 2397 illic

1934 2432 2074 2486 infra
2103 2432 2318 2489 Patrem
2347 2434 2637 2502 deprimit:
2669 2433 2809 2487 Filio
2827 2448 2954 2488 vero
2975 2433 3263 2501 posthahet
3288 2441 3419 2489 tom.
3440 2449 3504 2498 ll,

1929 2525 1984 2578 in
2010 2523 2194 2589 Joau.,
2217 2538 2367 2578 num.
2417 2523 2484 2578 6:
2515 2522 2626 2594 (95)
2666 2523 2850 2578 Ταῦτα
2879 2524 2934 2578 δὲ
2963 2524 3191 2578 ἐπιπολὺ
3218 2525 3509 2594 ἐξήτασται

1931 2617 2261 2686 σαφέστερον
2317 2617 2445 2672 ἰδεῖν
2499 2615 2862 2688 βουλομένοις,
2927 2616 3066 2681 πῶς,
3122 2617 3172 2669 εἰ
3229 2616 3407 2670 πάντα
3439 2617 3507 2670 δι’

1927 2708 2091 2763 αὑτοῦ
2120 2709 2356 2778 ἐγένετο,
2385 2710 2478 2763 καὶ
2502 2709 2563 2762 τὸ
2588 2707 2812 2780 Πνεῦμα
2843 2709 2928 2762 διὰ
2957 2709 3049 2763 τοῦ
3081 2709 3239 2779 λόγου
3265 2709 3507 2778 ἐγένετο.

1927 2799 1985 2853 ἓν
2040 2801 2146 2853 τῶν
2203 2801 2418 2854 πάντων
2469 2801 2733 2872 τυγχάνον
2767 2801 3168 2873 ὑποδεεστέρων
3209 2800 3306 2854 τοῦ
3352 2801 3419 2854 δι’
3447 2797 3509 2856 οῦ

1928 2892 2143 2960 ἐγένετο
2169 2893 2478 2963 νοούμενον,
2506 2893 2554 2945 εἰ
2587 2894 2682 2946 καὶ
2703 2891 2876 2956 λέξεις
2897 2893 3037 2958 τινὲς
3064 2895 3336 2965 περισπᾷν
3362 2895 3510 2965 ἡμᾶς

1928 2987 2008 3048 εἰς
2048 2985 2110 3037 τὸ
2139 2984 2378 3038 ἐναντίον
2420 2983 2688 3038 δοκοῦσιν.

2005 3074 2134 3131 νιιι.
2189 3076 2354 3131 Lassae
2405 3077 2610 3131 Christi
2656 3076 2955 3146 majestatis
3009 3091 3159 3131 reum
3217 3075 3507 3148 Origenem

1932 3169 2144 3240 peragit
2173 3167 2537 3239 Hieronymus
2567 3168 2729 3237 epist.
2773 3169 2864 3234 59,
2893 3170 2962 3221 ad
2986 3166 3151 3232 Avit.,
3196 3184 3314 3238 cap.
3349 3184 3386 3232 ι,
3415 3168 3510 3223 ubi

1931 3260 2054 3314 libri
2095 3260 2253 3328 primi
2287 3259 2429 3328 Περὶ
2457 3259 2660 3329 ἀρχῶν
2682 3260 2873 3314 deliria
2908 3275 3364 3322 commemorans,
3393 3259 3509 3331 (94)

1934 3352 2137 3406 dixisse
2186 3351 2333 3406 illum
2371 3361 2571 3406 notat:
2622 3352 2941 3406 «Christum
3002 3351 3289 3406 collatione
3332 3351 3511 3408 Patris

1935 3443 2282 3512 Splendorem
2314 3458 2436 3498 esse
2467 3458 2817 3514 perparvum,
2849 3443 2943 3513 qui
2973 3446 3114 3514 apud
3149 3457 3248 3498 nos
3279 3459 3378 3514 pro
3407 3445 3510 3499 im-

1934 3534 2230 3590 hecillitate
2286 3546 2471 3590 nostra
2521 3550 2746 3606 magnus
2776 3547 2899 3590 esse
2943 3534 3212 3589 videatur.
3255 3553 3272 3585 ι
3308 3534 3512 3589 Deinde

1936 3624 2124 3679 addit:
2167 3624 2281 3696 (95)
2328 3643 2347 3677 ι
2386 3626 2624 3681 Duarum
2660 3628 2990 3692 statuarum,
3030 3625 3253 3696 majoris
3296 3635 3353 3680 et
3386 3641 3510 3694 par-

1933 3717 2110 3782 vulae;
2158 3719 2320 3772 unius
2356 3734 2476 3787 qua:
2533 3720 2792 3772 mundum
2835 3717 3077 3787 impleat,
3134 3727 3190 3772 et
3232 3719 3507 3789 magnitu-

1935 3808 2060 3864 dine
2102 3825 2197 3863 sua
2227 3810 2630 3880 quodammodo
2673 3810 2956 3865 invisibilis
3009 3810 3120 3875 sit;
3174 3819 3233 3864 et
3286 3810 3512 3864 alterius

1935 3916 2058 3971 quae
2085 3904 2185 3957 sub
2208 3902 2394 3957 oculos
2419 3905 2602 3967 cadat,
2635 3902 2789 3972 ponit
2818 3901 3126 3972 exemplum
3157 3942 3172 3967 ,
3205 3901 3374 3969 priori
3409 3900 3512 3955 Pa~

1935 4002 2097 4059 trem,
2130 3995 2415 4064 posteriori
2443 3995 2643 4049 Filium
2667 4009 3012 4064 comparans.
3039 4013 3059 4046 ι
3086 3993 3430 4050 Justinianus
3453 3994 3508 4048 in

1933 4085 2166 4154 epistola
2217 4088 2282 4139 ad
2332 4085 2544 4139 Menam
2595 4086 2792 4152 gradus
2840 4087 2892 4140 in
2943 4085 3211 4140 Trinitate
3258 4086 3510 4155 posuisse

1935 4177 2111 4246 ipsum
2141 4178 2258 4240 ait,
2297 4186 2352 4232 et
2380 4176 2595 4231 Patrem
2627 4176 2767 4231 Filio
2791 4176 3050 4246 majorem
3089 4177 3310 4231 finxisse
3342 4194 3356 4230 :
3394 4186 3507 4230 tum

1934 4283 1998 4325 ex
2036 4269 2170 4339 ipsis
2198 4267 2449 4340 Origenis
2484 4268 2667 4324 verbis
2709 4269 3114 4324 accusationem
3163 4282 3322 4323 suam
3355 4283 3507 4324 com-

251 4549 666 4604 dominahitur?
694 4567 712 4599 ι
741 4550 870 4616 Quae
890 4565 1010 4603 cum
1043 4548 1422 4603 haereticorum
1452 4548 1674 4618 propria
1699 4563 1822 4604 esse
1859 4530 1907 4589 θ
2004 4547 2137 4618 (91)
2166 4545 2374 4599 Dixisse
2410 4545 2559 4598 illum
2583 4553 2751 4609 notat,
2775 4542 3045 4599 Christum
3076 4541 3354 4618 collatione
3391 4539 3506 4618 Ρα-

252 4621 494 4674 nesciret
544 4628 637 4672 aut
685 4621 1071 4682 dissimularet,
1102 4618 1298 4673 Filium
1332 4619 1421 4672 Dei
1458 4619 1596 4687 apud
1630 4634 1821 4674 omnes

249 4688 618 4755 Christianos,
667 4707 686 4740 ο
729 4690 1008 4744 fortiorem
1069 4689 1176 4743 Deo
1246 4689 1532 4755 imperium
1581 4697 1817 4751 tenente,

251 4757 487 4826 ejusque
512 4759 795 4813 Dominum
816 4761 944 4824 dici,
983 4773 1047 4813 ac
1079 4759 1254 4813 solum
1274 4759 1376 4812 coli
1407 4777 1425 4809 ι
1460 4760 1815 4824 querebatur.

252 4827 534 4898 Christum
584 4841 737 4898 ergo,
791 4839 847 4882 ut
893 4845 960 4883 ex
997 4830 1080 4882 his
1108 4839 1284 4898 patet,
1323 4844 1426 4881 non
1462 4827 1626 4898 Deum
1661 4838 1820 4898 negat

252 4896 545 4968 Origenes,
577 4896 669 4953 sed
701 4898 860 4953 Patre
883 4896 1142 4965 majorem
1177 4899 1344 4953 Deum
1378 4915 1394 4964 ;
1438 4912 1538 4951 nec
1572 4896 1817 4968 Catholi-

248 4967 606 5032 cos’refellit,
638 4970 732 5023 sed
762 4970 1222 5031 criminationem,
1269 4970 1356 5022 cui
1395 4967 1677 5020 materiam
1723 4969 1820 5020 de-

251 5037 454 5090 derant
484 5039 860 5093 haereticorum
904 5049 1235 5104 commenta,
1265 5055 1294 5091 a
1329 5037 1663 5106 Christianis
1694 5053 1820 5106 pro-

249 5107 452 5177 pulsat.
486 5109 545 5161 D.
572 5107 829 5162 Prudeut.
850 5108 1032 5164 Marau
1058 5108 1128 5161 De
1152 5109 1356 5162 divinit.
1380 5105 1579 5161 Christ.
1617 5105 1711 5160 lib.
1743 5124 1818 5169 tv,

251 5190 384 5244 cap.
417 5178 507 5240 16,
541 5194 688 5233 nttm.
721 5178 775 5232 5.
813 5178 943 5233 Vide
973 5189 1026 5233 ct
1055 5178 1263 5233 Rullum
1312 5179 1522 5246 Defens.
1553 5177 1676 5245 ﬁdei
1715 5177 1821 5229 Nl-

249 5261 418 5332 φησι
555 5247 673 5332 filii
703 5248 1096 5332 egopooueiqi‘,
1124 5264 1244 5317 cap.
1267 5247 1507 5332 9,nmutn.
1537 5247 1627 5310 12,
1666 5257 1721 5301 et
1749 5247 1824 5300 De

249 5316 688 5387 σειοτάὶηαιίοηε
721 5316 873 5380 Filii,
905 5335 1022 5387 cap.
1047 5316 1112 5382 ἲ,
1142 5316 1290 5372 num.
1315 5317 1370 5372 6.

331 5385 442 5458 (9‘2)
482 5387 621 5458 Πρὸς
649 5389 740 5441 τὸν
771 5385 1110 5459 βουλόμενον,
1144 5396 1248 5459 etc.
1299 5388 1433 5442 Vide
1464 5386 1822 5459 paulosupra

251 5455 696 5538 observatihnem
751 5455 803 5512 in
836 5455 950 5515 haec
980 5458 1234 5528 Origenis
1266 5459 1426 5513 verba
1452 5474 1467 5510 :
1513 5456 1650 5509 Ἀλλ’
1675 5457 1824 5526 ὅμως

251 5542 367 5580 των
400 5543 686 5591 τοσουτων,
723 5539 828 5583 etc.

330 5596 678 5670 (93)__'I‘csﬁra.
715 5599 772 5651 δὲ
816 5599 1050 5670 ἐπιπολὺ
1097 5594 1820 5670 ὲξήτασταιηειοηει-Ρθ-

253 5672 401 5737 trum
433 5668 663 5721 aliorum
706 5669 974 5726 similibus
1024 5667 1202 5723 verbis
1244 5667 1483 5723 ostendit
1514 5667 1654 5724 infra
1703 5667 1819 5737 ipse

258 5735 487 5793 Huetius
514 5753 621 5809 quo
649 5753 812 5796 sensu
844 5742 958 5797 haec
992 5741 1165 5810 accipi
1191 5740 1446 5796 debeant.

1930 4611 2026 4672 tris
2058 4611 2385 4684 splendorem
2433 4632 2542 4669 esse
2589 4630 2919 4683 perparuum,
2969 4625 3074 4684 etc.
3106 4611 3343 4684 Videtur
3390 4611 3507 4666 haec

1929 4681 2237 4741 criminatio
2291 4701 2355 4738 ex
2400 4685 2468 4740 iis
2522 4681 2654 4739 locis
2681 4681 2885 4752 petita,
2927 4683 3014 4736 ubi
3065 4683 3197 4737 dicit
3241 4681 3507 4750 Origenes

1933 4775 1954 4808 ι
1999 4759 2050 4811 in
2081 4757 2240 4810 Patre
2267 4756 2445 4810 nullas
2475 4769 2595 4810 esse
2621 4755 2896 4817 tenebras,
2937 4752 3131 4807 Filium
3158 4766 3292 4806 vero
3335 4753 3384 4804 in
3427 4762 3506 4804 te-

1929 4827 2116 4881 nebris
2148 4827 2352 4880 lucere.
2385 4843 2404 4876 ι
2437 4825 2543 4879 Sed
2575 4840 2683 4894 quo
2713 4838 2877 4894 sensu
2905 4823 2960 4878 id
2995 4822 3196 4894 dixerit
3220 4837 3379 4890 supra
3407 4835 3508 4876 ex-

1926 4898 2196 4965 ponimus,
2238 4911 2387 4948 num.
2420 4895 2474 4956 3,
2531 4892 2738 4949 indtaec
2770 4892 2932 4965 verba
2959 4909 2972 4946 :
3009 4909 3028 4942 ι
3062 4892 3170 4965 Sed
3199 4906 3392 4965 vereor
3425 4901 3509 4944 ta»

1926 4962 2046 5021 inen
2107 4981 2173 5021 ne
2221 4965 2288 5018 de
2335 4965 2628 5019 Platonicze
2680 4963 2940 5017 doctrina:
2993 4962 3300 5026 narthecio,
3345 4979 3365 5012 ι
3393 4970 3503 5016 etc.

1922 5035 2060 5090 Vide
2102 5045 2157 5090 et
2190 5035 2400 5089 Bullum
2452 5035 2668 5103 θείειν.
2722 5033 2849 5102 ﬁdei
2892 5030 3133 5086 Nicwna:
3163 5033 3231 5086 de
3271 5031 3398 5086 Filii
3424 5029 3505 5102 τῷ

1924 5107 2211 5177 ὁμοουσίῳ.
2253 5121 2374 5174 cap.
2412 5104 2468 5166 9,
2499 5122 2648 5157 num.
2685 5105 2769 5160 18.

1998 5177 2112 5246 (95)
2162 5170 2404 5228 Duarum
2452 5184 2770 5239 statuarum,
2819 5176 3048 5246 majoris
3116 5170 3503 5246 elmparoulig,

1927 5240 2036 5324 etc.
2086 5240 2293 5324 Exstat
2347 5245 2564 5324 quidem
2621 5240 2925 5324 exemplum
2967 5247 3100 5324 _hoc
3178 5240 3272 5324 lib.
3334 5257 3350 5294 ι
3425 5240 3506 5296 De

1925 5319 2176 5384 princip.,
2199 5331 2322 5401 pap.
2355 5316 2410 5378 2,
2445 5330 2593 5393 num.
2625 5314 2678 5368 8.
2713 5314 2818 5368 Sed
2853 5317 2921 5369 de
2967 5313 3341 5369 lncarnatioue
3387 5325 3509 5364 tua-

1929 5387 2184 5440 nifestum
2245 5396 2328 5439 est
2375 5390 2659 5453 Urtgenem
2721 5385 2891 5452 loqui,
2927 5397 2982 5438 et
3030 5386 3133 5438 hoc
3187 5381 3500 5453 exemplum

1929 5457 2135 5510 idcirco
2176 5457 2455 5516 adhibere,
2474 5449 2512 5505 ἰ
2549 5456 2694 5524 quod
2727 5449 3050 5508 exinaniens
3077 5469 3136 5508 se
3179 5451 3371 5524 Filius,
3406 5449 3500 5517 qui

1924 5537 2043 5579 erat
2095 5527 2146 5579 in
2202 5527 2374 5578 forma
2422 5525 2536 5585 Dei,
2566 5521 2688 5592 'per
2747 5526 2917 5593 ipsam
2948 5525 3031 5578 sui
3069 5521 3500 5593 exinanitionem

1929 5597 2112 5650 Studet
2163 5597 2317 5649 nobis
2364 5595 2454 5648 Dei
2504 5586 2889 5664 plenitudinem
2938 5596 3338 5664 demonstrare.

1931 5665 2322 5788 Prud.‘Maran
2368 5657 2701 5739 Beudivinit.
2752 5659 3082 5737 Christilib.
3139 5676 3212 5728 tv,
3253 5674 3375 5731 cap.
3407 5657 3498 5724 16,

1931 5751 2078 5788 ltutn.
2152 5776 2163 5788 .

1931 5751 2078 5789 Illllll.
2117 5751 2136 5788 ι
2152 5776 2163 5790 .
