3840 6222
396 335 491 394 ’ἷ51

1660 341 1740 435 Ρ..
1761 339 2073 434 ΒᾼΝΙΕΙᾸΞ
2111 334 2345 397 HUETII

3534 345 3629 400 752

399 453 613 522 probat.
678 451 746 509 Et
781 452 911 525 quid
969 452 1209 527 reliquos
1259 468 1692 515 commemorare
1748 460 1965 526 attinet,
1994 466 2041 525 Α
2070 469 2312 514 vatorem
2348 472 2479 529 ergo
2512 456 2885 514 universorum
2916 455 3083 511 Deum
3110 470 3230 513 esse
3259 468 3442 530 negat,
3464 461 3629 518 Deum

393 560 514 597 cum
577 560 676 613 par
727 546 798 600 sit
855 545 1183 617 scriptorum
1248 546 1365 604 fere
1417 551 1660 605 omnium
1716 551 1964 620 querela,

392 646 666 707 quotquot
690 637 744 691 in
778 638 896 709 ejus
926 642 1273 695 recensendis
1296 641 1575 696 erroribus
1604 656 1824 712 operam
1860 642 1963 697 ali-

395 744 557 795 quam
594 730 941 798 posuerunt?
969 729 1085 785 Non
1126 732 1429 787 minoribus
1464 733 1713 787 doctrina
1741 733 1857 801 ejus
1899 735 1965 789 de

393 820 597 886 Spiritu
650 830 841 875 sancto
887 822 1388 879 insimulationibus
1427 834 1486 880 et
1522 826 1793 880 conviciis
1840 840 1966 897 pro—

392 912 564 967 scissa
593 921 678 967 est
714 928 743 966 a
780 910 1103 983 Theophilo,
1146 914 1475 984 Epiphanio,
1519 925 1574 971 et
1599 926 1799 986 praeter
1829 917 1964 973 alios

393 1019 422 1056 a
461 1002 681 1071 Basilio,
722 1005 814 1075 qui
848 1004 970 1059 libri
1012 1004 1088 1059 De
1138 1005 1344 1073 Spiritu
1393 1017 1600 1072 sancto,
1629 1023 1749 1077 cap.
1781 1008 1873 1075 29,
1909 1016 1964 1063 et

391 1094 558 1165 epist.
590 1094 681 1162 41,
720 1095 1008 1167 Origenem
1048 1096 1115 1151 de
1162 1097 1364 1166 Spiritu
1416 1109 1607 1154 sancto
1660 1099 1803 1155 male
1844 1115 1964 1155 sen-

392 1188 640 1251 tientem,
684 1188 728 1243 si
760 1189 977 1257 quando
1023 1199 1173 1244 recte
1217 1190 1432 1245 locutus
1462 1202 1567 1258 est,
1596 1193 1644 1246 vi
1668 1202 1961 1247 consuetu-

389 1278 535 1334 dinis
568 1287 624 1332 et
661 1279 971 1335 traditionis
1010 1281 1212 1335 victum
1260 1282 1426 1337 fuisse
1464 1284 1675 1337 scribit.
1702 1282 1957 1353 Ejusdem

388 1369 553 1422 etiam
609 1384 763 1424 noxae
826 1371 1113 1426 arcessivit
1166 1373 1478 1443 Dionysium
1532 1373 1957 1429 Alexandrinum

387 1454 642 1530 Origenis
675 1461 996 1530 discipulum
1025 1478 1037 1517 :
1066 1463 1202 1518 adeo
1232 1472 1291 1518 ut
1320 1481 1387 1519 ex
1430 1465 1741 1521 Adamantii
1773 1467 1958 1523 schola

386 1551 549 1618 primi
578 1553 817 1605 omnium
855 1552 1115 1607 adversus
1144 1554 1403 1623 Spiritum
1456 1568 1705 1612 sanctum
1739 1573 1955 1614 errores

386 1642 673 1696 videantur
704 1644 992 1698 exstitisse.
1019 1643 1097 1697 Ad
1134 1646 1361 1703 aliorum
1392 1648 1808 1705 criminationes
1830 1651 1961 1721 adji-

382 1735 461 1788 cit
489 1734 848 1805 Hieronymus
880 1735 970 1789 lib.
1006 1752 1043 1791 ιι
1089 1736 1244 1805 Apol.
1278 1740 1479 1794 advers.
1512 1738 1719 1810 Rnﬁn.,
1753 1756 1871 1810 cap.
1896 1741 1949 1807 5,

2066 551 2312 623 intellige
2340 565 2369 604 a
2396 563 2475 613 se,
2516 562 2609 603 seu
2642 547 2918 604 αὑτόθεον.
2960 547 3093 603 Cum
3124 551 3372 604 eumdem
3420 553 3630 608 univer-

2071 658 2258 699 sorum
2300 642 2469 696 Deum
2501 656 2624 695 esse
2668 643 2882 707 asserit,
2917 639 3085 692 Deum
3123 640 3369 712 intellige
3393 658 3422 696 a
3452 642 3657 711 Patre,-

2065 735 2181 790 sive
2216 736 2383 790 Deum
2416 733 2481 787 de
2517 732 2643 786 Deo.
2680 731 2831 785 Facit
2863 732 3026 784 etiam
3061 746 3159 801 pro
3182 731 3455 803 Origene,
3489 737 3625 804 quod

2066 826 2301 882 maxima
2332 824 2575 880 locorum
2607 823 2841 886 illorum,
2872 823 3069 893 quibus
3126 821 3246 877 Filii
3282 825 3621 894 majestatem

2065 918 2359 983 imminuit,
2395 931 2521 987 pars
2549 930 2579 972 e
2611 914 3013 969 Commentariis
3043 917 3098 968 in
3121 914 3382 970 Joannem
3407 927 3488 971 est
3516 932 3632 988 pro-

2068 1009 2231 1074 fecta,
2278 1024 2416 1081 quos
2464 1007 2725 1063 adversus
2777 1005 3181 1060 Marcionistam
3239 1005 3653 1063 l-leracleonem‘

2062 1103 2379 1171 scripserat.
2424 1099 2480 1154 ld
2533 1108 2708 1154 autem
2760 1106 2880 1153 erat
2934 1107 3091 1152 secta:
3140 1097 3300 1168 hujus
3356 1097 3645 1167 delirium,-

2062 1191 2309 1261 opiﬁcem
2367 1190 2552 1244 mundi
2607 1188 2774 1243 Deum
2833 1186 2998 1241 alium
3054 1203 3177 1244 esse
3209 1204 3238 1242 a
3281 1189 3389 1244 Deo
3424 1189 3627 1245 Christi

2061 1283 2245 1349 Patre,
2286 1284 2511 1352 ipsoque
2554 1296 2618 1335 ac
2651 1280 2874 1336 Christo
2946 1279 3281 1334 inferiorem.
3332 1280 3449 1347 Quo
3491 1282 3625 1337 faci-

2062 1369 2173 1432 lius'
2214 1384 2578 1429 commentum
2638 1372 2900 1442 ejusmodi
2958 1372 3271 1443 proﬁigaret
3337 1372 3626 1444 Origenes,

2061 1467 2393 1523 contrariam
2420 1464 2651 1520 astruxit
2677 1463 3022 1527 sententiam,
3051 1464 3406 1533 probavitque
3444 1466 3649 1519 mundi

2061 1554 2310 1623 opiﬁcem
2371 1553 2537 1606 Deum
2580 1550 2799 1606 Christo
2846 1551 3106 1621 majorem
3139 1567 3259 1606 esse
3293 1568 3357 1607 ac
3384 1556 3628 1621 superio-

2061 1658 2198 1699 rem.
2229 1643 2304 1699 De
2339 1644 2541 1714 Spiritu
2571 1652 2757 1698 sancto
2784 1643 3083 1697 orthodoxa
3119 1660 3240 1699 eum
3281 1646 3482 1700 sentire
3511 1661 3645 1701 ere-7

2060 1737 2157 1790 das
2193 1738 2244 1791 in
2284 1736 2555 1790 Prommio
2603 1737 2863 1792 librorum
2918 1738 3052 1807 Περὶ
3100 1735 3320 1807 ἀρχῶν,
3377 1755 3525 1793 num.
3568 1740 3625 1800 4.

386 1825 592 1879 dixisse
626 1825 774 1879 illum
799 1824 978 1880 Patris
1019 1836 1069 1881 et
1106 1827 1229 1881 Filii
1281 1830 1590 1891 ministrum
1627 1846 1747 1886 esse
1775 1832 1953 1903 Spiri-
1989 1815 2029 1868 Β
2069 1843 2194 1880 cum
2232 1828 2343 1881 ait:
2389 1849 2406 1879 ι
2453 1825 2590 1881 Τυιιι
2629 1829 2824 1883 deinde
2851 1830 3056 1883 honore
3091 1842 3144 1883 et
3176 1830 3435 1899 dignitate
3483 1830 3627 1885 Patri

382 1922 501 1969 tum
532 1926 776 1970 sanctum
816 1935 830 1970 :
882 1926 939 1971 et
980 1914 1315 1974 Justinianus
1346 1922 1398 1976 in
1428 1922 1531 1977 ﬁne
1571 1923 1812 1991 epistolae
1844 1939 1955 1979 sure

385 2008 454 2061 ad
487 2006 693 2061 Menam
727 2007 1013 2075 Origenem
1050 2010 1126 2063 ait
1177 2008 1373 2064 Filium
1415 2021 1470 2066 et
1517 2014 1780 2083 Spiritum
1828 2030 1955 2069 san-

378 2107 528 2151 ctum
574 2099 873 2169 appellasse
913 2099 1260 2171 λειτουργικὰ
1304 2102 1442 2171 ζῶα,
1497 2122 1516 2156 t
1556 2106 1947 2163 ministratoria

380 2190 659 2244 animalia.
692 2210 710 2244 ι

456 2280 549 2335 IX.
594 2281 759 2337 Multa
792 2284 1008 2354 quidem
1042 2294 1232 2339 contra
1260 2286 1375 2340 haec
1415 2285 1469 2340 in
1498 2285 1727 2357 gratiam
1762 2285 1953 2357 Orige-

383 2373 469 2427 nis
506 2373 723 2429 obtendi
755 2384 1008 2443 possunt,
1050 2376 1248 2445 quibus
1281 2375 1641 2430 orthodoxam
1678 2376 1745 2432 de
1776 2375 1941 2432 Verbi

381 2464 645 2532 dignitate
696 2466 1020 2519 sententiam
1064 2465 1203 2518 tueri
1250 2465 1397 2520 visus
1443 2475 1567 2520 est:
1617 2465 1711 2521 sed
1740 2481 1804 2520 ea
1839 2466 1953 2522 fere

374 2571 415 2611 'e
448 2555 602 2611 libris
638 2556 956 2639 deprompta
1002 2572 1121 2626 quae
1166 2556 1419 2611 Ruﬁnum
1469 2557 1821 2628 interpretem
1850 2559 1949 2614 ha-

381 2647 534 2711 bent,
578 2643 975 2717 pr0ptet‘éaque
1002 2646 1174 2701 dubia:
1198 2656 1325 2701 sunt
1363 2646 1509 2713 ﬁdei,
1541 2658 1595 2702 et
1623 2649 1950 2720 interpolata

380 2740 526 2793 credi
560 2748 811 2809 possunt.
837 2738 1140 2795 Alleremus
1167 2749 1345 2795 tamen
1375 2739 1610 2809 singula,
1639 2756 1708 2797 ne
1730 2756 1949 2796 causam

377 2829 628 2899 Origeuis
664 2830 973 2885 deseruisse
1013 2830 1310 2885 videamur.
1343 2829 1420 2885 Ac
1453 2831 1683 2900 primum
1709 2833 1775 2886 de
1795 2831 1952 2886 Chri-

378 2931 463 2975 sto
514 2921 629 2975 hinc
680 2922 932 2992 leguntur
989 2922 1134 2976 hom.
1194 2922 1227 2975 4
1298 2922 1354 2976 in
1413 2921 1627 2987 Genes.,
1682 2938 1829 2976 num.
1876 2922 1945 2977 5:

386 3031 406 3065 ι
435 3012 691 3069 Formam
724 3030 956 3084 namque
982 3014 1123 3068 servi
1157 3014 1387 3082 accepit,
1415 3022 1469 3069 et
1498 3029 1621 3068 cum
1666 3015 1783 3083 ipse
1814 3016 1951 3069 invi-

378 3104 553 3161 sibilis
597 3107 670 3159 sit
710 3117 937 3169 naturte,
991 3113 1178 3175 utpote
1232 3104 1458 3174 aequalis
1502 3103 1666 3167 Patri,
1699 3106 1941 3161 habitum

377 3205 560 3251 tamen
608 3197 875 3251 visibilem
920 3198 1155 3265 suscepit
1196 3217 1207 3251 :
1245 3215 1265 3250 υ
1310 3207 1366 3251 et
1420 3196 1523 3252 ista
1575 3196 1714 3252 libro
1754 3213 1827 3251 vn
1891 3199 1947 3253 in

390 3286 566 3356 Epist.
603 3286 764 3341 Pauli
787 3289 855 3341 ad
890 3287 1070 3354 Rom,
1102 3303 1251 3344 num.
1283 3289 1336 3354 5,
1358 3303 1479 3358 pag.
1508 3288 1610 3344 599
1637 3308 1649 3343 :
1689 3308 1706 3340 ί
1730 3289 1794 3343 Ει
1828 3290 1948 3345 ideo

374 3394 485 3433 non
526 3380 592 3433 ad
631 3379 880 3448 iniuriam
935 3380 1154 3447 dicitur,
1200 3380 1339 3449 quia
1387 3368 1686 3450 prophetis
1717 3380 1945 3450 subjecti

377 3479 507 3524 sunt
556 3470 798 3540 spiritus,
842 3471 935 3525 sed
968 3470 1033 3524 ad
1072 3471 1571 3539 dispensationem;
1625 3471 1768 3527 sicut
1794 3482 1848 3528 et
1880 3473 1947 3527 il-

374 3561 467 3615 lud
514 3562 729 3616 dictum
784 3563 1080 3631 accipimus
1133 3562 1198 3618 de
1241 3561 1544 3629 Salvatore,
1579 3564 1704 3633 quia
1743 3574 1866 3618 tunc
1896 3574 1945 3618 et

372 3655 489 3720 ipse
519 3651 696 3707 Filius
730 3654 995 3723 subjectus
1028 3655 1125 3707 erit
1155 3656 1242 3723 qui
1277 3654 1375 3709 sibi
1404 3654 1636 3708 subdidit
1669 3656 1845 3709 omnia
1878 3654 1942 3708 ¹⁶.

373 3743 442 3797 Et
489 3743 581 3800 hic
648 3746 792 3800 enim
827 3745 1101 3812 subjectus
1145 3762 1250 3800 non
1290 3746 1445 3815 quasi
1475 3746 1699 3800 inferior
1720 3746 1940 3802 dicitur.

366 3832 657 3902 Quomodo
686 3836 828 3891 enim
862 3836 1087 3891 inferior
1114 3838 1221 3892 dici
1250 3847 1449 3907 potest,
1485 3839 1576 3907 qui
1632 3838 1802 3893 Filius
1833 3847 1940 3903 est,

375 3936 429 3979 et
459 3927 640 3980 omnia
672 3934 756 3982 est
781 3942 901 3995 quae
929 3925 1133 3981 Pater?
1166 3927 1359 3982 Omnia
1383 3929 1551 3994 enim,
1599 3929 1797 3998 inquit,
1831 3929 1945 3983 Pa-

374 4030 474 4081 ter,
520 4026 633 4085 tua,
675 4034 792 4071 mea
833 4027 956 4072 sunt
1007 4019 1068 4073 ⁸⁷.
1124 4036 1143 4071 ι
1187 4018 1326 4085 Quin
1361 4019 1524 4072 etiam
1576 4019 1695 4073 libr.
1748 4036 1763 4074 ι
1802 4021 1943 4090 Περὶ

372 4108 595 4179 ἀρχῶν,
628 4124 747 4179 eap.
786 4109 841 4175 2,
868 4109 1115 4165 eamdem
1158 4124 1278 4166 esse
1325 4111 1481 4165 docet
1514 4110 1691 4165 Patris
1721 4120 1776 4167 et
1823 4111 1943 4167 Filii

368 4201 698 4270 potentiam,
738 4201 1038 4257 bonitatem
1100 4204 1363 4257 eamdem.
1413 4202 1525 4273 (liti)
1562 4202 1713 4269 Quod
1762 4213 1941 4257 autem

372 4291 718 4348 Servatorern
735 4294 1115 4350 universorum
1132 4307 1253 4349 esse
1275 4293 1443 4348 Deum
1479 4296 1692 4365 negavit
1712 4294 1805 4351 lib.
1844 4310 1943 4349 vnt

364 4394 555 4437 contra
589 4383 819 4445 Celsum,
855 4400 1006 4439 num.
1056 4385 1145 4449 14,
1192 4384 1319 4439 huic
1366 4386 1493 4439 illud
1541 4386 1737 4456 opponi
1767 4396 1945 4455 potest

368 4492 403 4528 e
432 4474 962 4545 Pra’fatﬂomment.
988 4479 1044 4528 in
1064 4476 1251 4541 Joan.,
1272 4492 1424 4530 num.
1461 4478 1547 4542 11,
1578 4492 1702 4547 pag.
1729 4477 1796 4530 12
1825 4495 1839 4532 :
1867 4479 1940 4532 Οὐ

373 4568 676 4638 σιωπητέον
713 4567 789 4633 δὲ,
824 4568 944 4621 οὐδὲ
974 4567 1064 4621 τὸν
1094 4566 1230 4639 μετὰ
1274 4567 1365 4621 τὸν
1409 4569 1630 4640 Πατέρα
1669 4569 1776 4623 τῶν
1806 4568 1943 4623 ὅλων

366 4657 502 4710 θεὸν
545 4659 737 4726 Λόγον,
763 4658 974 4723 οὐδενὸς
1022 4662 1128 4731 γὰρ
1166 4659 1383 4714 ἔλαττον
1421 4660 1626 4728 ἀγαθοῦ
1662 4662 1754 4715 καὶ
1789 4660 1945 4714 τοῦτο

371 4750 434 4801 τὸ
473 4749 696 4817 ἀγαθόν.
729 4752 861 4805 Cum
887 4752 1032 4806 enim
1060 4753 1244 4805 omnia
1281 4752 1480 4806 habeat
1505 4770 1531 4805 a
1560 4751 1723 4805 Patre
1747 4751 1940 4820 Filius,

372 4852 656 4909 acceptum
683 4841 830 4895 Patri
857 4842 1025 4897 refert
1057 4845 1433 4900 universorum
1469 4858 1595 4897 esse
1641 4842 1801 4898 Deus.
1840 4843 1946 4897 Re-

370 4945 495 4983 rum
533 4932 700 5001 igitur
731 4934 1104 4989 universarum
1156 4935 1297 4991 Deus
1347 4945 1432 4989 est
1483 4935 1643 4990 Pater
1671 4950 1699 4987 a
1727 4949 1818 4998 se;
1856 4933 1945 4986 Fi-

386 5022 491 5075 lius
529 5026 845 5079 earumdem
869 5040 1046 5081 rerum
1073 5025 1213 5080 Deus
1242 5035 1323 5081 est
1355 5040 1386 5079 a
1416 5025 1596 5079 Patre.
1632 5014 1765 5080 Com
1816 5017 1945 5078 Ser?-

445 5228 488 5258 ¹⁶
516 5226 534 5282 Ι
562 5227 688 5282 Cor.
724 5242 815 5293 xv,
837 5226 926 5282 28.
1006 5227 1049 5259 ⁸⁷
1076 5226 1237 5283 Joan.
1268 5244 1402 5292 xvu,
1445 5227 1532 5285 10.

444 5363 752 5438 (θϐὶίριιοά
801 5376 977 5438 autem
1010 5361 1507 5438 ServatoremLetc.
1553 5360 1707 5438 _Vide
1754 5378 1937 5431 supra,

370 5430 522 5490 nuin.
542 5430 605 5500 '7,
628 5436 1067 5489 observationem
1094 5436 1145 5485 in
1177 5435 1317 5485 hunc
1349 5430 1600 5499 Origenis
1630 5430 1938 5485 contextum

372 5522 438 5561 ex
472 5506 564 5559 lib.
591 5520 691 5557 VIII
732 5517 914 5556 contra
947 5503 1081 5557 Cels.
1118 5517 1135 5555 .'
1177 5504 1354 5555 Ἔστω
1383 5502 1438 5555 δέ
1464 5518 1612 5565 τινας
1632 5502 1706 5565 ὡς
1728 5504 1805 5568 ἐν,
1836 5514 1942 5555 etc.

447 5576 559 5644 (97)
611 5573 957 5644 Verumlevia
986 5583 1129 5635 sunt,
1158 5584 1213 5624 ut
1244 5574 1394 5644 dixi,
1418 5589 1552 5644 qua:
1588 5584 1839 5644 petuntur
1876 5587 1940 5625 ea:

370 5641 615 5711 aperibus
643 5661 675 5697 a
706 5642 900 5711 Ruﬁno
927 5641 1280 5711 interpretatis
1310 5643 1629 5707 testimonia,
1664 5653 1765 5696 etc.
1804 5642 1939 5696 Gra-

378 5714 530 5783 viora
575 5712 686 5783 alia
721 5713 1033 5783 testimonia
1091 5712 1326 5779 reperire
1349 5713 1635 5783 _potuisset
1689 5711 1937 5779 Huetius,

372 5782 426 5835 si
458 5780 723 5837 libuisset.
761 5782 924 5837 Suam
964 5782 1109 5839 enim
1148 5784 1212 5839 de
1249 5780 1451 5852 Spiritu
1498 5792 1684 5841 sancto
1721 5793 1937 5839 senten-

1974 3166 2017 3223 C

1978 4524 2023 4582 ι)

1612 5228 1655 5259 ’⁸
1687 5228 1886 5298 Ephes.
1936 5244 1975 5295 ι,
2008 5227 2099 5281 21.

2058 1934 2121 1973 ac
2147 1918 2282 1973 Filio
2317 1920 2580 1975 sociatum
2642 1922 2980 1975 tradiderunt
3035 1920 3309 1993 (apostoli)
3361 1922 3627 1991 Spiritum

2057 2022 2320 2066 sanctum.
2357 2031 2376 2064 ι
2411 2008 2523 2083 (97)
2560 2010 2756 2066 Verum
2788 2012 2927 2067 levia
2956 2024 3100 2078 sunt,
3137 2024 3191 2065 ut
3222 2013 3353 2079 dixi,
3386 2029 3508 2080 qua:
3532 2028 3630 2083 pe-

2060 2113 2249 2158 tuntur
2280 2118 2349 2157 ex
2388 2104 2647 2173 operibus
2673 2120 2701 2157 a
2739 2104 2933 2159 Ruﬁno
2966 2106 3336 2172 interpretatis
3381 2106 3630 2160 testimo-

2058 2195 2147 2249 nia
2180 2211 2193 2248 :
2224 2196 2494 2265 praecipue
2539 2211 2671 2250 vero
2701 2211 2766 2250 ex
2799 2197 2949 2249 libris
2980 2195 3118 2264 Περὶ
3151 2194 3371 2264 ἀρχῶν,
3414 2197 3467 2249 in
3503 2196 3627 2264 qui-

2063 2288 2169 2341 bus
2218 2303 2436 2342 errores
2487 2288 2631 2341 circa
2682 2286 3006 2341 Trinitatem
3042 2288 3304 2341 admissos
3335 2290 3633 2341 emendare

2055 2387 2277 2433 conatus
2314 2388 2416 2433 est.
2470 2377 2829 2445 Quamobrem
2878 2378 3098 2432 ﬁculnea
3146 2393 3357 2446 quoque
3407 2385 3491 2431 est
3520 2377 3628 2431 loci

2055 2468 2196 2522 illius
2224 2468 2412 2532 tutela,
2450 2483 2481 2522 e
2504 2468 2642 2521 libro
2674 2483 2689 2521 I
2718 2468 2874 2537 hujus
2896 2466 3106 2534 Operis,
3136 2481 3258 2533 cap.
3277 2466 3329 2525 ὅ.
3365 2479 3512 2517 num.
3544 2462 3577 2515 7
3606 2481 3626 2517 :

2060 2575 2079 2609 ι
2118 2546 2289 2613 Porro
2335 2568 2512 2613 autem
2559 2558 2691 2611 nihil
2739 2558 2789 2611 in
2840 2557 3108 2611 Trinitate
3151 2554 3324 2622 majus
3375 2554 3631 2608 minusve

2053 2650 2335 2704 dicendum
2367 2661 2487 2705 est:
2523 2668 2541 2701 ι
2574 2658 2628 2704 et
2659 2650 2842 2719 hujus,
2873 2648 3043 2703 elibr.
3064 2663 3122 2711 η,
3152 2662 3268 2715 cap.
3299 2644 3354 2711 2,
3384 2660 3535 2702 nunt.
3557 2647 3581 2696 ἰ
3608 2660 3627 2698 :

2056 2740 2222 2811 Origo
2248 2752 2296 2795 et
2331 2743 2448 2810 {ons
2489 2740 2644 2806 Filii,
2679 2742 2755 2794 vel
2787 2739 3018 2809 Spiritus
3044 2740 3234 2805 sancti,
3259 2737 3418 2790 Pater
3448 2747 3548 2801 est,
3576 2747 3631 2790 et

2052 2834 2182 2887 nihil
2208 2834 2263 2886 in
2289 2835 2355 2886 iis
2386 2834 2646 2893 anterius,
2674 2833 2992 2901 posteriusve
3032 2831 3253 2899 intelligi
3284 2840 3474 2895 potest.
3516 2826 3634 2883 Nee

2051 2924 2317 2993 gravioris
2353 2926 2537 2979 istliaec
2573 2939 2670 2994 pro
2707 2923 2936 2993 Origene
2965 2925 3215 2976 momenti
3246 2937 3277 2976 e
3308 2922 3399 2976 lib.
3446 2938 3522 2976 vn
3569 2924 3629 2976 in

2052 3018 2223 3086 Epist.
2253 3020 2320 3070 ad
2348 3015 2522 3083 Rom.,
2563 3032 2710 3069 num.
2753 3016 2841 3079 15,
2871 3030 2989 3084 pag.
3028 3014 3133 3067 612
3163 3033 3175 3067 :
3200 3012 3290 3067 Est
3314 3031 3438 3082 ergo
3468 3013 3636 3069 Chri-

2051 3114 2160 3155 stus
2195 3102 2329 3155 Deus
2354 3119 2511 3170 super
2547 3103 2743 3156 omnia.
2780 3101 2909 3167 Qua:
2953 3118 3129 3155 omnia
3147 3102 3173 3156 .9
3193 3101 3299 3155 Illa
3326 3105 3440 3155 sine
3459 3103 3633 3156 dubio.

2052 3210 2169 3264 qua:
2202 3205 2246 3248 et
2275 3198 2434 3261 paulo
2465 3204 2585 3247 ante
2605 3194 2856 3259 diximus,
2882 3212 2900 3244 ‹
2929 3210 3090 3263 super
3111 3194 3436 3263 principatus
3452 3204 3501 3244 et
3525 3209 3634 3260 po-

2055 3294 2287 3349 testates,
2324 3298 2372 3340 et
2398 3288 2633 3352 uirtutes,
2691 3296 2739 3341 et
2774 3304 2923 3340 omne
2978 3303 3167 3340 nomen
3209 3286 3349 3354 quod
3382 3285 3638 3339 nomina-

2054 3388 2140 3431 tur
2170 3394 2271 3431 non
2294 3378 2461 3431 solum
2486 3378 2541 3430 in
2572 3379 2667 3431 hoc
2701 3377 2913 3443 saeculo,
2929 3378 3018 3431 sed
3043 3378 3269 3432 etiamin
3293 3376 3475 3444 futuro
3507 3375 3625 3428 η.»

2056 3470 2159 3536 Qui
2190 3479 2366 3523 autem
2404 3486 2562 3538 super
2594 3470 2771 3523 omnia
2808 3480 2903 3535 est,
2949 3485 3106 3537 super
3137 3485 3191 3521 se
3230 3468 3488 3521 neminem
3521 3468 3634 3521 Ita-

2054 3562 2157 3614 bet.
2215 3558 2339 3615 Non
2375 3562 2512 3614 enim
2543 3570 2657 3629 post
2704 3557 2917 3612 Patrem
2943 3570 3017 3612 est
3044 3561 3171 3628 ipse,
3206 3558 3297 3611 sed
3329 3560 3395 3610 de
3438 3557 3637 3616 Patre.

2055 3652 2171 3708 Hoc
2228 3664 2401 3708 autem
2439 3655 2576 3707 idem
2622 3653 2885 3722 sapientia
2936 3650 3033 3704 Dei
3078 3652 3238 3703 etiam
3300 3650 3365 3702 de
3410 3648 3641 3716 Spiritu

2054 3756 2235 3801 sancto
2261 3747 2483 3817 intelligi
2507 3746 2669 3812 dedit,
2698 3746 2785 3797 ubi
2809 3744 2980 3798 dicit:
3008 3761 3026 3793 ι
3056 3741 3285 3811 Spiritus
3304 3741 3524 3795 Domini
3542 3757 3644 3795 re-

2052 3838 2204 3907 plevit
2229 3839 2404 3892 orbem
2431 3851 2727 3900 terrarum;
2752 3847 2799 3890 et
2844 3835 2935 3906 qui
2964 3834 3197 3889 continet
3228 3833 3430 3897 omnia,
3456 3834 3648 3887 sciera-

2054 3932 2185 3984 tiam
2213 3932 2362 3984 habet
2387 3931 2525 3984 uocis
2550 3929 2649 3983 “.i

2124 4019 2191 4073 Χ.
2231 4018 2603 4075 Favorahilior
2642 4019 2745 4074 erit
2802 4032 2899 4088 pro
2955 4015 3297 4087 Origenianis
3368 4015 3647 4084 partibus

2052 4112 2405 4181 praescriptio,
2434 4125 2553 4177 quae
2591 4125 2657 4165 ex
2711 4110 2933 4178 paribus
2982 4109 3035 4162 iu
3070 4108 3260 4162 eodem
3297 4114 3656 4177 argumento

2051 4203 2271 4258 Patrum
2344 4203 2571 4257 aliorum
2626 4202 2987 4257 locutionibus
3050 4200 3156 4266 peti
3213 4207 3416 4268 potest.
3474 4198 3659 4253 lutet

2050 4296 2395 4351 Christianos
2448 4295 2644 4364 quippe
2694 4293 2972 4355 doctores,
3029 4291 3121 4359 qui
3172 4298 3297 4344 ante
3344 4287 3661 4348 Nicaeam

2051 4382 2351 4441 ﬂoruerunt
2384 4385 2672 4454 synodum,
2724 4381 2875 4434 multi
2919 4380 2986 4433 de
3031 4379 3315 4433 Trinitatis
3360 4380 3666 4447 mySterio

2051 4492 2241 4547 parum
2291 4485 2448 4530 caute
2502 4474 2664 4529 locuti
2714 4485 2859 4528 sunt.
2893 4474 3167 4527 lnsincera
3196 4481 3344 4524 certe
3378 4469 3483 4523 fuit
3519 4466 3663 4525 Ta-

2052 4568 2208 4635 tiani,
2262 4577 2317 4622 et
2350 4566 2581 4621 Tatiano
2624 4564 2938 4621 vetustioris
2990 4562 3188 4619 Justini
3240 4561 3310 4616 de
3350 4560 3669 4617 Trinitate

2053 4656 2329 4712 doctrina.
2361 4655 2418 4709 ln
2461 4654 2706 4710 eamdem
2737 4655 2885 4709 venit
2910 4654 3352 4708 criminationem
3382 4649 3665 4718 pseudo-

2052 4747 2330 4814 Clemens,
2352 4750 2501 4803 venit
2534 4759 2587 4802 et
2612 4745 2906 4816 Teophilus
2954 4744 3354 4799 Antiochenus.
3398 4741 3673 4811 Indigna

2053 4854 2208 4905 vero,
2257 4849 2311 4893 et
2361 4838 2704 4894 intoleranda
2753 4835 3111 4908 profuderunt
3161 4831 3543 4888 Tertulliattus
3612 4851 3691 4891 et

2057 4929 2400 4995 Lactantius;
2432 4927 2684 4983 Clemens
2712 4942 2948 4999 quoque,
2980 4925 3265 4996 Dionysius
3303 4932 3362 4978 et
3413 4922 3697 4983 Pierius

2051 5019 2451 5087 Alexandrini;
2504 5019 2706 5090 aliique
2757 5019 3081 5090 complures.
3124 5014 3311 5086 Itaque
3351 5028 3480 5069 cum
3528 5015 3705 5075 Ori-

2178 5228 2221 5258 "
2248 5223 2375 5294 Sap.
2405 5243 2441 5292 ι,
2474 5225 2527 5282 7.

2054 5364 2187 5416 tiam
2219 5377 2323 5416 non
2358 5362 2595 5417 obscure
2626 5359 2870 5414 declarat
2904 5357 3167 5427 Origenes
3220 5356 3273 5427 in
3320 5353 3442 5409 aliis
3479 5355 3701 5422 libri;

2051 5448 2280 5502 quorum
2331 5430 2541 5505 Graeca
2590 5431 2882 5505 etiamnum
2943 5424 3181 5505 exstant.
3234 5424 3382 5505 lianc
3440 5440 3701 5505 supra,

2053 5496 2202 5556 lium.
2232 5506 2287 5567 2,
2320 5502 2669 5571 exposuimus
2692 5502 2792 5571 sub
2819 5498 2979 5571 linem
3003 5496 3403 5571 observationis
3428 5496 3705 5562 ausu-ag

2048 5572 2102 5625 in
2126 5572 2238 5625 haec
2274 5567 2434 5623 verba
2462 5588 2476 5624 :
2502 5587 2523 5622 s
2544 5570 2905 5635 Quamobrem
2945 5567 3279 5637 Augustinus
3305 5570 3539 5621 haeres.
3578 5573 3700 5636 ιε,

2044 5644 2113 5694 ad
2175 5640 2624 5713 Quodvultdeum,
2682 5654 2746 5692 ac
2799 5638 3155 5713 Justinianus,
3187 5652 3207 5686 ι
3253 5643 3415 5713 _e_tc._,
3472 5650 3701 5713 gnam

2045 5703 2364 5766 videride
2417 5712 2637 5779 insuper
2696 5710 3005 5767 testimonia
3050 5720 3169 5778 quae
3199 5703 3426 5761 adducit
3470 5703 3704 5773 Pam;

2045 5782 2228 5851 philus
2254 5782 2307 5837 in
2342 5781 2596 5853 Apologia
2625 5794 2742 5836 sua.
