3840 6222
248 337 352 393 755

1070 332 1647 392 ORIGENIANORUM
1688 336 1818 391 ue.
1860 335 1927 403 tt,
1967 334 2119 392 car.
2161 334 2228 399 tt,
2270 331 2545 400 QUASST.
2588 311 2657 383 tt.‘

3403 325 3506 379 754

246 466 439 523 ganem
472 451 573 506 hoc
601 459 920 521 argumento
954 459 1135 504 tuetur
1165 450 1523 507 Bellarminus
1555 451 1648 507 lib.
1676 468 1693 506 ι
1752 450 1826 507 De

1945 468 2059 504 ιατι
2083 466 2097 478 '
2134 451 2198 503 ὲκ
2226 449 2320 503 τοῦ
2362 445 2577 516 Πατρὸς
2608 446 2716 517 γὰρ
2753 446 2781 497 ό
2811 443 2939 508 Υἱός
2963 458 2978 474 ⁶
3008 442 3108 497 οῦκ
3138 442 3201 495 ὲκ
3236 440 3329 493 τοῦ
3374 441 3505 492 Tia;

247 543 472 608 Christ.,
528 556 646 610 cap.
709 540 797 605 10,
836 540 978 608 quod
1030 555 1166 594 sana
1204 551 1258 595 et
1320 542 1630 596 orthodoxa
1663 541 1826 597 fuerit

246 634 599 706 praaeeptoris
625 633 793 704 ipsius
815 632 1137 698 Clementis,
1169 634 1562 703 discipulorum
1583 635 1826 707 Dionysii

244 725 620 787 Alexandrini,
653 734 708 779 et
736 723 986 796 Gregorii
1028 723 1421 797 Tltaumaturgi
1469 728 1539 782 de
1569 729 1828 798 mysterio

247 828 453 876 sancta:
508 818 794 887 Trinitatis
849 817 1055 887 opinio,
1118 818 1385 873 credibile
1438 821 1637 889 quippe
1683 836 1825 885 esse,

246 927 411 983 quam
445 926 472 964 a
497 909 779 965 Clemente
809 909 1115 964 doctrinam
1154 919 1463 978 acceperat,
1508 912 1751 965 eamdem
1796 926 1827 965 a

246 1018 309 1058 se
333 1001 601 1058 excultam
633 1000 918 1069 discipulis
954 1000 1065 1055 suis
1102 1001 1429 1066 tradidisse;
1467 1001 1601 1056 nihil
1647 1001 1829 1071 profe-

248 1104 339 1150 cto
351 1094 691 1164 Origeniaiza:
705 1106 880 1146 causa:
898 1101 1085 1146 contra
1095 1091 1233 1145 rium
1256 1092 1426 1162 magis
1443 1092 1623 1146 dicere
1635 1092 1825 1163 potuit.

248 1186 461 1245 Nullius
488 1186 630 1239 enim
659 1199 724 1237 ex
758 1184 841 1239 his
874 1181 1049 1237 tribus
1082 1183 1217 1237 satis
1258 1183 1376 1252 puri
1411 1181 1712 1238 fueruntet
1740 1184 1827 1237 in—

250 1279 388 1350 tegri
425 1278 491 1333 de
533 1277 803 1332 Trinitate
852 1290 1044 1331 sensus
1078 1292 1093 1330 :
1137 1291 1260 1329 nam
1312 1285 1363 1330 et
1395 1275 1513 1329 Filii
1575 1276 1829 1331 substan-

250 1373 384 1426 tiam
407 1387 435 1426 a
465 1370 698 1425 Paterna
730 1370 803 1422 ita
838 1367 1077 1423 secernit
1111 1366 1391 1432 Clemens,
1431 1375 1489 1421 ut
1522 1366 1829 1422 inferiorem

253 1481 379 1521 eam
410 1472 622 1520 statuat
648 1482 662 1519 :
700 1462 989 1532 Dionysius
1040 1476 1171 1515 vero
1200 1460 1607 1516 Alexandrinus
1637 1460 1830 1516 Filium

251 1556 434 1612 Patris
471 1554 702 1625 ποίημα,
735 1554 893 1622 eique
924 1551 1237 1606 dissimilem
1257 1564 1377 1605 esse
1401 1551 1554 1615 dixit,
1579 1559 1631 1604 et
1651 1549 1832 1620 ἀφῆκε

250 1648 439 1724 φωνὰς
492 1648 692 1720 ἥκιστα
733 1644 1049 1717 πρεπούσας
1094 1641 1173 1715 τῷ
1227 1643 1527 1713 Πνεῦματι,
1585 1661 1603 1694 t
1656 1641 1830 1696 Voces

252 1740 480 1814 Spiritui
513 1754 702 1811 parum
734 1738 1118 1794 convenientes
1146 1737 1346 1802 emisit,
1387 1755 1407 1787 ι
1457 1736 1635 1805 inquit
1672 1734 1829 1789 Basi-

1926 544 1956 595 ὁ
1983 544 2202 614 Πατήρ·
2238 540 2397 611 φύσει
2435 541 2493 593 δὲ
2520 539 2631 603 ῐσος
2654 554 2667 567 ·
2711 535 3003 607 Ἐγὼγὰρ,
3038 534 3192 605 φησὶ,
3227 532 3376 586 καὶὸ
3398 536 3508 586 Πα-

1926 632 2037 703 τὴρ
2058 632 2125 686 ἓν
2149 634 2353 702 ἐσμεν.
2401 630 2557 683 Οὕτω
2589 628 2682 682 καὶ
2709 626 2769 680 τὸ
2802 624 3025 695 Πνεῦμα
3071 622 3133 676 τὸ
3161 623 3313 691 ἆγιον
3354 620 3505 684 τάξει

1932 724 2030 795 μὲν
2047 722 2297 794 δεύτερον
2330 719 2423 774 τοῦ
2448 720 2601 786 Υἱοῦ,
2630 718 2811 781 καθὼς
2838 712 2896 770 ἓν
2920 718 2986 787 τῇ
3024 713 3413 785 συναριθμήσει
3431 711 3509 764 δε-

1927 812 2161 885 δήλωται
2181 827 2193 838 ·
2229 810 2316 864 ναὶ
2345 809 2448 881 μὴν
2483 809 2577 863 καὶ
2615 807 2917 879 ἀξιώματι·
2978 804 3202 876 Πνεῦμα
3230 802 3338 873 γὰρ
3372 798 3505 854 Υἱοῦ

1928 907 2163 978 λέγεται,
2200 910 2276 973 ὡς
2303 909 2390 963 διὰ
2434 908 2527 961 τοῦ
2564 905 2693 960 Υἱοῦ
2727 901 3147 976 χορηγούμενον.
3185 919 3202 952 t
3239 896 3508 965 Quemad-

1932 1002 2148 1055 modum
2182 1000 2351 1055 Filius
2377 1000 2569 1053 ordine
2598 998 2813 1063 quidem
2839 994 3114 1049 secundos
3133 1001 3215 1044 est
3241 1005 3269 1041 a
3307 986 3505 1040 Patre:

1931 1093 2080 1163 prior
2106 1093 2247 1147 enim
2272 1092 2493 1161 ponitur
2530 1089 2713 1153 Pater,
2743 1104 2864 1141 cum
2893 1091 3246 1139 numerantur
3279 1078 3507 1133 simul...

1930 1184 2200 1239 Praeterea
2235 1184 2507 1237 secundus
2535 1189 2619 1236 est
2643 1183 2807 1234 etiam
2830 1176 3127 1247 dignitate;
3159 1187 3281 1225 natn
3305 1186 3331 1223 a
3351 1169 3511 1223 Patre

1933 1286 2017 1334 est
2045 1276 2247 1341 Filius;
2285 1274 2450 1329 Pater
2478 1290 2584 1329 non
2617 1282 2699 1326 est
2727 1287 2754 1325 a
2788 1269 2959 1329 Filio:
3000 1279 3197 1322 natura
3230 1273 3407 1317 autem
3438 1277 3511 1315 te-

1933 1369 2115 1440 qualis
2141 1379 2262 1433 est;
2289 1367 2398 1437 Ego
2415 1366 2574 1430 enim,
2599 1362 2792 1432 inquit,
2816 1370 2866 1415 et
2888 1357 3051 1413 Pater
3064 1373 3224 1411 unum
3242 1371 3422 1409 sumus
3438 1354 3503 1408 ³³.

1932 1462 2008 1518 lta
2046 1471 2097 1518 et
2120 1460 2356 1532 Spiritus
2394 1467 2618 1514 sanctus
2655 1456 2847 1509 ordine
2876 1452 3094 1523 quidem
3130 1449 3402 1505 secundus
3429 1455 3514 1501 est

1935 1569 1964 1609 a
2004 1553 2162 1615 Filio,
2193 1550 2657 1622 quemadmodum
2686 1549 3120 1602 demonstratum
3153 1553 3256 1606 est,
3279 1556 3400 1595 cum
3438 1540 3514 1593 si-

1936 1648 2044 1701 tnul
2101 1654 2532 1701 numerarentur
2570 1660 2581 1695 :
2622 1650 2771 1696 certe
2812 1649 2869 1693 et
2939 1637 3237 1708 dignitate;
3281 1634 3515 1705 Spiritus

1937 1741 2078 1795 enim
2112 1738 2233 1792 Filii
2262 1738 2489 1797 dicitur,
2528 1742 2714 1803 utpote
2774 1747 2868 1801 per
2902 1728 3100 1783 Filium
3134 1725 3517 1783 subministra-

250 1834 362 1891 lius
384 1833 543 1903 epist.
572 1832 664 1899 4l,
695 1846 724 1885 a
764 1844 872 1901 quo
899 1828 1221 1900 castigatus,
1255 1842 1468 1897 quoque
1508 1838 1592 1882 est
1614 1826 1822 1897 Grego-

1945 1843 2048 1887 tus.
2088 1850 2108 1884 ι
2174 1830 2300 1883 llaec
2342 1833 2696 1896 reprzesentat
2747 1821 3066 1892 Euthymius
3116 1819 3167 1872 in
3208 1814 3471 1885 Panoplia
3498 1855 3515 1881 ,

252 1930 371 1989 rius
413 1926 854 1991 Thaumaturgus
906 1924 1049 1994 quod
1099 1921 1291 1977 Filium
1344 1930 1533 1989 aperte
1588 1930 1829 1975 creatum

254 2019 661 2093 prmdicaverit.
686 2016 840 2071 Adeo
874 2025 932 2071 ut
959 2031 1148 2086 parum
1184 2023 1453 2068 attentum
1487 2012 1658 2066 fuisse
1688 2011 1831 2064 Ana-

249 2113 481 2170 stasium
510 2110 992 2165 Bibliothecarium
1028 2108 1323 2177 putandum
1362 2105 1458 2168 sit,
1510 2119 1633 2159 cum
1673 2102 1749 2155 ait
1778 2102 1829 2156 in

257 2204 523 2269 Historia,
556 2204 621 2259 ad
652 2218 742 2257 an.
771 2201 970 2258 Christi
999 2200 1128 2267 246,
1159 2199 1344 2253 laudes
1368 2197 1615 2267 Gregorii
1639 2195 1819 2250 Thau-

252 2296 487 2367 maturgi
527 2294 742 2350 silentio
775 2292 1039 2363 pressisse
1078 2290 1392 2354 Eusebium,
1421 2289 1566 2357 quod
1594 2289 1661 2341 ab
1696 2286 1823 2341 Ori-

251 2389 410 2460 genis
438 2387 631 2443 etArii
676 2384 1051 2440 deliramentis
1099 2398 1325 2453 prorsus
1371 2381 1537 2435 fuerit
1584 2378 1827 2433 alienus:

249 2496 378 2537 cum
414 2490 470 2535 et
497 2481 610 2535 huic
640 2479 996 2533 deliramenta
1026 2477 1097 2532 sit
1124 2485 1385 2534 sectatus.
1430 2488 1531 2529 nec
1576 2472 1832 2527 laudibus

249 2585 379 2626 eum
418 2570 683 2625 Eusebius
735 2568 1067 2624 fraudaverit
1112 2566 1205 2624 lib.
1245 2583 1294 2620 Vl
1359 2563 1530 2629 Ηίδεη
1587 2579 1708 2633 cap.
1741 2563 1831 2618 ΞΟ.

250 2662 485 2721 Constat
525 2663 761 2732 denique
812 2676 878 2715 ne
902 2659 1082 2715 Basilii
1115 2659 1331 2729 quidem
1368 2656 1720 2727 temporibus,
1770 2670 1833 2709 ac

255 2755 657 2811 recentioribus
715 2754 904 2820 etiam,
957 2750 1193 2822 Spiritus
1257 2748 1431 2804 sancti
1492 2747 1833 2802 divinitatem

254 2858 454 2915 aperte
500 2845 745 2915 profiteri
799 2860 961 2900 ausos
1006 2858 1127 2899 esse
1180 2840 1514 2908 Catholicos,
1549 2854 1617 2895 ne
1658 2837 1838 2894 Pneu—

254 2937 721 2993 ntatomacborum
760 2934 1113 3006 petulantiam
1146 2933 1544 3003 experirentur.
1618 2967 1627 2979 .

333 3029 718 3085 Verumtamen
744 3042 867 3082 cum
900 3026 1212 3083 inferiorem
1243 3024 1402 3079 Patre
1433 3021 1659 3088 Filium,
1697 3020 1837 3077 Filio

257 3120 524 3190 Spiritum
559 3129 806 3176 sanctum
849 3118 948 3173 visi
981 3127 1109 3173 sunt
1144 3117 1219 3171 illi
1260 3127 1519 3180 statuere,
1555 3115 1623 3169 ad
1646 3124 1838 3169 aucto-

256 3215 479 3270 ritatem
517 3212 796 3283 principii,
831 3211 1085 3281 originis,
1121 3224 1322 3273 causae,
1357 3207 1706 3278 paternitatis
1781 3216 1839 3261 et
1867 3181 1908 3239 Ο

253 3303 587 3376 ἀγεννησίας
641 3303 756 3359 fere
828 3304 1198 3368 attenderunt,
1254 3316 1377 3369 qua:
1438 3299 1580 3353 inter
1638 3304 1841 3352 sancta

257 3397 549 3453 Trinitatis
599 3410 865 3467 personas
917 3396 1166 3451 ordinem
1221 3394 1459 3463 aliquem
1531 3391 1838 3446 constituit.

258 3488 398 3545 Nam
430 3490 573 3558 quod
610 3489 771 3545 Pater
812 3488 1139 3558 principium
1172 3486 1239 3541 sit
1271 3495 1325 3539 et
1354 3484 1507 3553 origo
1546 3479 1692 3548 Filii,
1721 3496 1842 3544 ma-

251 3583 349 3654 jor
389 3580 529 3637 Filio
557 3589 612 3637 et
645 3581 906 3652 dignitate
945 3581 1192 3634 anterior
1230 3576 1334 3632 dici
1392 3584 1590 3643 potest,
1638 3576 1844 3647 absque

259 3674 374 3731 ullo
406 3683 587 3729 tamen
637 3684 843 3729 naturae
901 3671 1324 3743 perfectionisve
1372 3667 1711 3723 discrimine.
1751 3667 1843 3722 Sic

262 3764 673 3835 intelligendum
720 3780 843 3819 esse
876 3764 1004 3818 illud
1057 3763 1319 3817 Joannis:
1355 3760 1520 3815 Pater
1553 3761 1727 3829 major
1762 3776 1844 3813 me

260 3866 342 3912 est
371 3858 441 3922 '°,
472 3872 668 3922 magna
707 3854 928 3910 Patrum
958 3870 1083 3924 pars
1125 3853 1387 3907 arbitrata
1426 3863 1546 3916 est;
1586 3852 1726 3920 quod
1753 3850 1845 3904 alii

262 3948 335 4003 de
367 3948 704 4003 humanitate
728 3948 934 4003 Christi
973 3952 1039 4001 ad
1073 3947 1253 4002 Patris
1296 3946 1637 4003 divinitatem
1694 3959 1845 3999 com—

260 4049 457 4112 parata
490 4040 939 4111 interpretantur.
986 4039 1117 4095 Item
1158 4039 1299 4109 quod
1358 4054 1386 4092 a
1412 4037 1564 4107 _Filio
1603 4036 1845 4106 Spiritus

260 4142 488 4190 sanctus
542 4138 704 4190 ducat
758 4135 1060 4203 originem,
1168 4133 1350 4187 minor
1406 4146 1470 4186 eo
1524 4129 1845 4198 appellatur.

261 4224 595 4279 Athanasius
632 4231 777 4279 orat.
832 4223 867 4277 2
922 4233 1105 4277 contra
1165 4221 1388 4276 Arianos
1415 4237 1433 4274 .'
1466 4219 1703 4273 Τοιαῦτα
1748 4219 1845 4289 μὲν

261 4311 360 4371 οὖν
402 4319 515 4380 τοῖς
571 4317 842 4380 Ἰουδαίοις
889 4316 964 4379 ὡς
1007 4314 1293 4383 ἄνθρωπος
1345 4312 1529 4383 ἔλεγεν
1564 4315 1591 4365 ὁ
1620 4310 1844 4382 Κύριος·

260 4410 380 4472 τοῖς
415 4408 471 4460 δὲ
499 4407 767 4479 μαθηταῖς
796 4407 895 4478 τὴν
936 4405 1165 4475 θεότητα
1192 4405 1286 4458 καὶ
1326 4404 1422 4476 τὴν
1455 4403 1849 4474 μεγαλειότητα

1938 1933 2081 1995 part.
2115 1938 2176 1986 tt,
2205 1921 2290 1975 tit.
2324 1919 2411 1987 12,
2438 1918 2529 1974 ubi
2571 1917 2725 1972 vides
2762 1916 2964 1986 gradus
2996 1914 3235 1983 aliquos,
3261 1920 3312 1964 et
3336 1908 3516 1977 digni-

1941 2020 2066 2073 tatis
2088 2014 2438 2087 ὑποϐάθμους
2466 2013 2519 2066 in
2546 2010 2813 2066 Trinitate
2832 2008 3183 2062 constitutos.
3210 2005 3386 2072 Atque
3414 2000 3518 2055 hac

1938 2108 2281 2180 potissimum
2328 2102 2681 2176 responsione
2722 2113 3003 2168 aspersam
3057 2095 3390 2164 Origeniano
3420 2105 3520 2145 no-

1940 2202 2072 2257 mini
2101 2198 2429 2255 calumniam
2458 2196 2772 2263 abstergere
2821 2206 2881 2247 se
2926 2204 3082 2256 posse
3137 2184 3520 2242 Genebrardus

1940 2290 2270 2348 existimavit
2291 2288 2510 2343 Collect.
2539 2302 2655 2355 cap.
2682 2284 2734 2339 6.

2011 2382 2103 2437 XI.
2148 2381 2242 2435 His
2280 2381 2511 2433 fortasse
2551 2387 2832 2447 permotus
2887 2372 3216 2428 Athanasius
3259 2367 3523 2440 praeclare

1941 2475 2009 2529 de
2029 2473 2292 2527 Trinitate
2322 2470 2612 2541 Origeuem
2644 2467 2926 2535 scripsisse
2961 2464 3123 2517 tradit
3147 2461 3255 2517 lib.
3276 2459 3350 2512 De
3379 2459 3523 2512 decr.

1944 2566 2153 2622 Nicam.
2197 2563 2406 2634 synodi,
2446 2560 2673 2630 ejusque
2705 2557 3091 2613 auctoritatem
3131 2568 3240 2623 prae
3284 2566 3345 2607 se
3374 2550 3520 2605 fert:

1942 2659 2079 2731 Περὶ
2111 2658 2165 2712 δὲ
2201 2656 2293 2711 τοῦ
2325 2655 2528 2718 ἁῖδὶως,
2570 2654 2764 2722 inquit,
2816 2651 3055 2704 συνεῖναι
3083 2647 3175 2701 τὸν
3225 2646 3397 2714 Λόγον
3447 2643 3525 2714 τῷ

1943 2751 2138 2822 Πατρὶ.
2164 2749 2258 2802 καὶ
2283 2746 2357 2818 μὴ
2387 2747 2578 2818 ἐτέρας
2598 2742 2837 2812 οὐσίαςῆ
2862 2738 3232 2799 ὑποστάσεως,
3267 2734 3402 2791 ἀλλὰ
3426 2734 3526 2804 τῆς

1943 2839 2036 2894 τοῦ
2073 2839 2283 2911 Πατρός
2314 2837 2443 2889 ἴδιον
2470 2835 2633 2891 αὐτὸν
2659 2828 2820 2895 εἶναι,
2856 2831 2931 2894 ὡς
2972 2829 3260 2899 εἰρήκασιν
3280 2824 3329 2875 οἱ
3363 2823 3422 2875 ὲν
3455 2823 3522 2892 τῇ

1948 2936 2171 3005 συνόδῳ,
2206 2932 2407 2998 ἐξέστω
2439 2930 2600 2984 πάλιν
2649 2929 2793 2999 ὑμᾶς
2824 2924 3057 2979 ἀκοῦσαι
3091 2923 3187 2976 καὶ
3236 2916 3389 2992 παρὰ
3430 2916 3524 2970 τοῦ

1947 3029 2233 3100 φιλοπόνου
2280 3025 2609 3100 Ὠριγένοῦς.
2665 3042 2683 3075 ‹
2725 3020 2960 3075 Verbum
2997 3032 3160 3089 porro
3214 3017 3282 3071 ab
3320 3023 3525 3100 αξιοι-ιι.

1949 3097 2070 3173 esse
2096 3132 2217 3170 cum
2238 3097 2420 3178 Patre,
2451 3098 2550 3163 nec
2570 3108 2806 3163 essentia
2830 3106 2914 3160 vel
2945 3102 3249 3159 substantia
3283 3097 3523 3161 differre,

1945 3208 2038 3261 sed
2070 3204 2382 3260 substantiae
2405 3210 2644 3272 paterna
2670 3198 2947 3268 proprium
2978 3194 3130 3248 illum
3151 3206 3271 3246 esse
3295 3188 3519 3247 Filium,

1945 3309 2003 3353 ut
2028 3297 2279 3350 dixerunt
2309 3292 2401 3363 qui
2426 3289 2789 3345 interfuerunt
2832 3286 3062 3357 Nicaeum:
3122 3281 3349 3353 synodo,
3393 3277 3528 3331 licet

1945 3391 2121 3447 denuo
2156 3385 2313 3441 nobis
2366 3385 2558 3439 audire
2610 3397 2676 3436 ex
2711 3378 2985 3434 laborioso
3034 3374 3290 3444 Origene.
3329 3389 3346 3423 ι
3387 3369 3525 3423 Tum

1944 3484 2081 3545 duos
2125 3496 2191 3535 ex
2224 3494 2289 3533 eo
2320 3474 2593 3532 subnectit
2634 3473 2803 3534 locos,
2851 3468 3051 3538 quibus
3089 3474 3295 3518 attenta
3336 3460 3459 3515 Filii
3496 3474 3529 3513 a

1947 3576 2105 3630 Patre
2148 3570 2443 3643 processio,
2490 3581 2612 3621 cum
2651 3578 2823 3633 eoque
2855 3558 3137 3629 tequalitas
3207 3563 3390 3624 aperte
3432 3552 3528 3605 de-o

1948 3642 2301 3723 monstratur.
2336 3660 2596 3716 Basilium
2622 3669 2859 3725 quoque,
2890 3661 2946 3706 et
2967 3650 3368 3705 Nazianzenum
3394 3642 3529 3701 Gre-

1946 3757 2156 3830 gorium
2224 3755 2394 3809 refert
2442 3751 2695 3806 Socrates
2729 3747 2825 3801 lib.
2883 3759 2959 3810 tv,
2998 3756 3117 3809 cap.
3169 3739 3264 3803 26,
3310 3742 3529 3791 cumat)

1947 3854 2172 3910 Arianis
2223 3849 2475 3918 Origenis
2503 3844 2830 3901 auctoritate
2870 3849 2923 3895 et
2957 3834 3286 3893 testimoniis
3313 3844 3530 3899 preme-

1951 3952 2160 4009 rentur,
2182 3953 2465 4010 perperam
2489 3938 2559 3990 ab
2596 3936 2662 3988 iis
2689 3931 3026 3987 intellectum
3074 3923 3402 3981 ostendisse.
3433 3920 3531 3973 Di-

1951 4036 2171 4106 dymum
2204 4040 2463 4101 praeterea
2493 4024 2745 4095 Origeuis
2782 4025 2849 4076 de
2881 4020 3151 4075 Trinitate
3199 4012 3528 4070 sententiam

1953 4105 2022 4181 ita
2060 4136 2428 4196 propttguasse
2465 4120 2543 4173 ait
2574 4118 2937 4186 Hieronymus
2972 4113 3132 4183 epist.
3162 4109 3231 4164 65
3253 4108 3318 4163 ad
3370 4105 3533 4159 Pam.-

1954 4216 2128 4272 mach.
2154 4226 2207 4268 et
2232 4215 2432 4269 Ocean.
2473 4226 2596 4279 cap.
2648 4209 2702 4274 4,
2746 4218 2802 4262 et
2834 4206 3056 4276 Apolog.
3103 4204 3314 4257 advers.
3345 4198 3529 4267 Ruﬁn.

1954 4308 2047 4363 lib.
2084 4324 2145 4373 tt,
2175 4322 2297 4374 cap.
2332 4303 2382 4368 4,
2429 4312 2489 4356 ut
2539 4299 2679 4353 male
2710 4298 3036 4354 sonantibus
3091 4296 3272 4350 verbis
3319 4301 3531 4346 rectum

1956 4412 2132 4456 tamen
2163 4413 2379 4454 sensum
2414 4396 2591 4449 inesse
2626 4393 2832 4447 diceret
2877 4408 2890 4444 :
2933 4407 2963 4440 ιΔ
2999 4388 3255 4457 Didymus
3282 4425 3297 4450 ,
3338 4381 3533 4451 inquit,

263 4499 482 4564 δεικνὺς
509 4500 726 4565 ἑαυτοῦ,
756 4499 940 4552 οὐκέτι
970 4498 1227 4551 ἐλάττονα
1256 4498 1446 4550 ἑαυτὸν
1474 4495 1568 4549 τοῦ
1598 4495 1849 4565 Πνεῦμα-

1958 4495 2011 4548 in
2056 4492 2185 4561 ipsis
2214 4488 2355 4559 Περὶ
2380 4485 2601 4556 ἀρχῶν,
2634 4499 2768 4553 quos
2804 4495 2857 4535 tu
2919 4482 3309 4549 interpretatus
3347 4490 3426 4541 es,
3466 4474 3537 4528 li-

263 4608 379 4658 τος,
424 4591 560 4646 ἀλλὰ
606 4591 829 4664 μείζονα
874 4591 970 4644 καὶ
1008 4589 1121 4643 ἴσον
1152 4589 1279 4644 ὄντα
1324 4589 1628 4660 σημαίνων,
1677 4587 1846 4642 ἐδίδου

268 4685 371 4756 μὲν
384 4683 447 4737 τὸ
464 4683 707 4755 Πνεῦμα,
743 4683 839 4737 καὶ
866 4682 1039 4751 ἔλεγε·
1071 4680 1289 4737 Λάϐετε
1310 4682 1374 4734 τὸ
1391 4678 1635 4749 Πνεῦμα
1655 4678 1846 4748 ἅγιον,

265 4776 385 4830 καιο
452 4776 592 4845 Ἐγὼ
604 4776 751 4831 αὐτὸ
764 4776 1143 4837 ἀποστέλλω,
1165 4773 1443 4839 κάκεῖνος
1457 4772 1563 4841 ἐμὲ
1578 4770 1847 4835 δοξάσει.

272 4886 293 4920 ι
359 4867 486 4923 Haec
546 4869 766 4939 quidem
833 4866 1033 4923 Iudaeis
1084 4875 1339 4933 tanquam
1400 4866 1561 4919 homo
1631 4862 1847 4916 dicebat

269 4958 575 5013 Dominus:
607 4957 887 5027 discipulis
921 4968 1102 5012 autem
1160 4956 1501 5011 divinitatem
1529 4962 1584 5008 et
1636 4951 1848 5021 magni-

271 5053 515 5107 tudinem
544 5066 701 5106 suam
725 5050 1043 5113 ostendens,
1082 5062 1186 5102 non
1209 5046 1323 5115 jam
1357 5046 1590 5115 amplius
1634 5059 1694 5098 se
1724 5042 1847 5111 Spi-

269 5145 380 5199 ritu
420 5143 705 5209 minorem,
734 5142 826 5197 sed
857 5142 1116 5211 majorem
1156 5148 1212 5193 et
1233 5138 1495 5208 aequalem
1525 5150 1646 5189 esse
1673 5136 1847 5205 signi-

268 5237 468 5299 ficans,
516 5236 680 5290 dabat
711 5234 931 5304 quidem
966 5232 1260 5303 Spiritum,
1293 5240 1351 5283 et
1394 5227 1608 5283 dicebat
1642 5245 1654 5279 :
1696 5225 1849 5279 Acci-

268 5332 379 5400 pite
398 5327 654 5396 Spiritum
683 5337 924 5380 sanctum
949 5325 1027 5391 ²¹;
1052 5334 1107 5379 et
1137 5320 1442 5393 :Egoillum
1468 5318 1645 5382 mitto,
1670 5319 1853 5386 rt'ipse

272 5440 358 5479 me
390 5421 702 5492 gloriﬁcabit
732 5421 799 5473 ¹².
831 5438 849 5471 ›
877 5419 1089 5474 Clarius
1128 5418 1291 5471 etiam
1332 5414 1565 5470 Basilius
1593 5431 1608 5468 :
1642 5413 1853 5484 Ὠσπερ

270 5517 303 5569 ὁ
326 5514 458 5579 Υἱὸς
482 5512 634 5580 τάξει
666 5511 765 5585 μὲν
795 5511 1045 5583 δεύτερος
1074 5508 1166 5563 τοῦ
1208 5506 1421 5578 Πατρός
1443 5522 1456 5535 ·
1490 5506 1853 5578 προτέτακται

274 5608 387 5679 γὰρ
420 5610 449 5662 ὁ
476 5607 665 5679 Πατὴρ
687 5608 744 5659 ὲν
774 5608 838 5677 τῇ
873 5602 1358 5674 συναριθμήσει....
1389 5599 1467 5652 ἔτι
1500 5599 1556 5650 δὲ
1579 5599 1673 5651 καὶ
1693 5596 1855 5663 ἀξιώ-

1954 4586 2068 4641 bris
2098 4584 2289 4639 breves
2312 4580 2537 4636 dictavit
2553 4572 3057 4636 commentariolos,
3078 4571 3276 4641 quibus
3300 4583 3407 4622 non
3441 4581 3538 4621 ne-

1956 4685 2111 4748 garet
2142 4676 2211 4731 ab
2236 4672 2469 4742 Origene
2485 4669 2710 4737 scripta,
2735 4680 2855 4736 quae
2883 4664 3082 4733 scripta
3115 4669 3246 4716 sunt
3271 4675 3285 4726 ;
3316 4658 3411 4713 sed
3438 4672 3537 4712 nos

1957 4768 2232 4838 simplices
2262 4763 2508 4820 homines
2543 4776 2649 4816 non
2685 4772 2846 4829 posse
2870 4755 3174 4824 intelligere
3203 4766 3323 4822 qua:
3345 4750 3536 4805 dicun-

1959 4875 2083 4932 tur;
2109 4868 2166 4916 et
2190 4872 2297 4930 quo
2331 4870 2493 4910 sensu
2530 4854 2583 4908 in
2616 4853 2814 4908 bonam
2838 4856 3047 4919 partem
3080 4844 3253 4915 accipi
3283 4844 3535 4901 debeant,

1952 4951 2284 5022 persuadere
2315 4955 2563 5000 conatur.
2604 4960 2624 4994 ι
2682 4940 2911 4996 Accedit
2951 4937 3217 5009 anonymi
3250 4933 3537 5004 scriptoris

1954 5062 1982 5098 a
2016 5043 2209 5098 Photio
2260 5039 2385 5096 cod.
2446 5052 2590 5093 cxvu
2627 5031 3042 5090 commemorati
3107 5027 3436 5084 testificatio.
3491 5026 3540 5079 ls

1953 5137 2205 5207 Origenis
2261 5134 2636 5189 defensionem
2696 5129 2937 5197 quinque
2987 5126 3143 5180 libris
3177 5122 3538 5191 complexus,

1951 5230 2085 5299 φησὶ
2109 5226 2272 5299 μηδὲν
2296 5224 2457 5279 αὑτὸν
2477 5221 2617 5277 κατὰ
2642 5220 2799 5285 δόξαν
2823 5216 3089 5289 ἐσφάλθαι
3106 5214 3356 5288 περὶτῆς
3374 5213 3543 5284 Τριά-

1957 5320 2045 5383 δος
2067 5336 2083 5350 ο
2128 5314 2550 5387 ἁντιφερόμενον
2566 5312 2621 5366 δὲ
2643 5315 2709 5383 τῇ
2728 5310 2937 5382 αἱρέσει
2962 5306 3277 5369 Σαϐελλίου,
3300 5306 3378 5367 εἰς
3402 5303 3543 5374 μέγα

1961 5410 2128 5467 κακὸν
2164 5410 2379 5482 ὴρμένῃ
2410 5407 2530 5461 τότε
2555 5423 2569 5438 ο
2601 5405 2696 5460 καὶ
2716 5404 2814 5475 τὴν
2846 5400 2953 5455 τῶν
2976 5398 3283 5471 προσώπων
3311 5393 3541 5466 Τριάδοι,
3626 5466 3629 5469 Δ

1962 5504 2361 5577 ἐναργεστάτην
2399 5501 2494 5555 καὶ
2533 5499 2745 5561 πολλοῖς
2765 5495 2986 5569 τρόποις
3004 5491 3366 5563 διαφέρουσαν
3393 5487 3545 5556 ἀγω-

1962 5597 2264 5667 νιζόμενον,
2306 5592 2661 5665 παραστῆσαι
2688 5588 2838 5660 παρὰ
2866 5583 2961 5643 τοῦ
2998 5583 3398 5657 προσήκοντος,
3451 5577 3548 5632 καὶ

351 5784 397 5815 ³⁸
427 5783 578 5840 Joan.
615 5800 724 5855 xiv,
758 5781 846 5840 ‘28.
926 5783 967 5814 ²¹
1002 5779 1158 5838 Joan.
1198 5794 1288 5846 xx,
1322 5776 1408 5831 ἓξ.
1488 5776 1535 5811 ⁸⁸
1563 5773 1717 5831 Joan.
1744 5789 1853 5843 xvt,

1945 5775 1975 5828 ι.
2055 5772 2097 5807 »ε
2131 5769 2285 5827 han.
2339 5784 2390 5837 χ,
2430 5768 2516 5823 50.
