3840 6222
381 332 486 389 755

377 446 458 508 εις
510 438 818 495 τούναντίον
857 437 1222 508 ἀπενεχθῆναι
1258 455 1270 467 ·

365 530 653 607 ι’Άρειανῷ
671 531 1067 604 ἁρρωστήματι
1088 529 1406 584 ἑαλωκέναι.
1441 548 1459 580 ι
1492 527 1636 582 Nihil
1665 529 1839 597 ipsum
1873 541 1956 581 as-

375 627 508 683 serit
533 627 676 682 circa
695 623 1020 678 Trinitatem
1050 636 1296 687 errasse;
1323 622 1419 677 sed
1444 636 1566 676 cum
1594 619 1815 676 Sabellii
1844 618 1956 672 hae-

377 719 542 772 resim
569 717 930 786 impugnaret,
957 729 1079 784 quae
1111 721 1220 767 tum
1258 713 1313 766 in
1359 725 1610 781 magnam
1633 709 1958 780 erumpebat

374 809 702 878 perniciem,
733 815 789 860 et
832 819 1189 874 personarum
1225 803 1548 858 Trinitatem
1602 799 1952 856 manifestam

373 911 432 955 et
467 900 652 954 multis
683 899 856 952 modis
887 895 1226 952 dilIerentetn
1273 894 1609 958 defenderet,
1649 901 1800 948 extra
1842 889 1955 946 cal-

374 988 478 1043 lem
512 987 732 1050 abiisse,
768 995 818 1040 et
867 985 919 1038 in
967 985 1296 1039 contrariam
1349 994 1556 1051 partem
1589 981 1754 1037 fuisse
1790 981 1953 1036 abre-

373 1087 551 1146 ptum,
610 1077 845 1146 indeque
898 1075 1073 1129 visum
1137 1075 1343 1129 Ariano
1389 1073 1578 1128 morbo
1627 1072 1895 1128 laborare.
1925 1089 1946 1124 ι

379 1169 533 1235 Quod
563 1169 640 1222 ait
671 1169 739 1222 de
770 1167 1077 1222 Sabelliana
1111 1167 1328 1230 haeresi,
1384 1167 1451 1220 de
1501 1164 1760 1220 Noetiana
1793 1164 1954 1218 intel-

373 1260 515 1330 lige;
541 1269 663 1328 post
694 1256 981 1327 Origenem
1005 1259 1202 1327 quippe
1235 1272 1388 1312 suam
1433 1256 1703 1311 Sabellius
1752 1255 1953 1324 sparsit

360 1351 624 1423 haeresim
660 1368 676 1404 :
736 1364 920 1403 verum
979 1364 1085 1403 non
1118 1357 1226 1401 tam
1252 1362 1444 1402 novam
1484 1347 1690 1401 invexit
1718 1357 1950 1412 sectam,

373 1457 537 1514 quam
571 1453 804 1496 veterem
836 1456 865 1494 a
900 1439 1071 1495 Νοθιο
1098 1450 1430 1510 praceptore
1461 1454 1558 1495 suo
1583 1437 1835 1493 traditam
1859 1453 1948 1493 re-

373 1535 551 1589 ﬁnxit.
585 1532 833 1602 Equalis
861 1542 1041 1587 autem
1069 1530 1321 1602 Origenis
1362 1530 1465 1585 fuit
1487 1529 1712 1598 Noetus,
1741 1529 1835 1600 qui
1859 1544 1952 1585 ve-

374 1627 507 1680 teris
535 1633 590 1680 et
619 1625 731 1695 ipse
765 1633 1095 1694 propagator
1127 1624 1396 1678 haereseos
1437 1623 1618 1692 potius
1652 1638 1816 1691 quam
1850 1637 1950 1677 no-

357 1730 454 1790 qva?
482 1724 674 1769 auctor
704 1715 962 1769 dicendus
1008 1721 1114 1769 est.
1165 1712 1420 1783 Equalis
1467 1706 1631 1770 etialn
1670 1717 1950 1784 utriusque

1647 324 1708 380 P.
1745 322 2062 379 DANIELIS
2098 322 2337 378 HUETH

1323 437 1382 504 ἐξ
1439 429 1499 491 οὗ
1547 435 1695 502 δόξαι
1737 434 1832 487 καὶ
1874 411 1943 502 in;

2053 419 2421 500 et'sapientia.
2445 430 2682 503 Cyrillus
2707 429 2801 486 lib.
2826 445 2886 486 ιιι
2919 440 3101 485 contra
3124 429 3334 486 Julian.
3361 448 3380 486 :
3406 432 3640 489 Πλάτων

3528 324 3642 380 756

2056 521 2152 574 ἕνα
2178 522 2275 592 μὲν
2298 517 2437 576 εἶναι
2459 522 2550 575 τὸν
2584 523 2912 594 δημιουργὸν
2944 522 3230 595 διωρίσατο
3255 525 3347 578 τὸν
3375 525 3634 579 ἁπάντων

2057 613 2250 677 αἴτιον,
2277 612 2336 666 ὃν
2369 614 2464 668 καὶ
2511 613 2756 684 προσεχῆ
2797 611 2875 682 τῷ
2926 614 3116 683 κόσμῳ
3162 613 3412 682 γενέσθαι
3453 616 3584 684 φησι
3613 631 3635 646 ο

2056 705 2463 776 προϋφεστάναι
2497 722 2561 774 γε
2605 704 2712 776 μὴν
2737 705 2902 759 αὑτοῦ
2954 705 3085 759 Θεὸν
3124 705 3330 777 ἕτερον,
3363 708 3480 777 ἦτοι
3529 709 3640 778 τὴν

2057 795 2200 849 ἰδέαν
2225 795 2487 864 τάγαθοῦ.
2512 797 2870 869 Προσεπινοεῖ
2906 797 2962 850 δὲ
2994 798 3089 850 καὶ
3121 798 3300 868 τρίτον
3316 799 3504 862 αττιον,
3532 798 3632 852 τά-

2055 886 2138 953 ξει
2166 888 2224 940 δὲ
2251 889 2347 941 καὶ
2374 888 2533 958 φύσει
2566 888 2676 943 τῶν
2701 887 2953 958 πρώτων.
2968 888 3470 959 μειονεκτούμενον,
3505 891 3533 942 ὃ
3564 891 3638 962 δὴ

2053 978 2150 1031 καὶ
2193 978 2372 1048 ψυχὴν
2417 977 2528 1032 τῶν
2568 979 2734 1032 ὄντων
2779 979 3033 1033 ἁπάντων
3078 979 3360 1034 ἀποκαλεῖ.
3401 999 3420 1032 ι
3477 981 3632 1036 Plato

2054 1086 2217 1124 unum
2241 1072 2456 1140 quidem
2474 1087 2597 1127 esse
2625 1072 2872 1141 opiﬁcem
2893 1071 3161 1138 definivit,
3184 1088 3363 1127 rerum
3383 1074 3626 1128 omnium

2056 1175 2296 1223 causam,
2330 1177 2495 1230 quem
2556 1171 2611 1216 et
2667 1161 3027 1231 propinquum
3075 1163 3278 1216 mundo
3308 1178 3428 1217 esse
3469 1164 3629 1228 dixit,

2051 1252 2325 1306 exstitisse
2352 1267 2479 1306 vero
2501 1251 2674 1308 Deum
2692 1251 2920 1307 alterum
2950 1262 3077 1306 ante
3096 1252 3260 1318 hunc,
3289 1267 3481 1322 nempe
3501 1254 3633 1308 boni

2052 1343 2251 1398 ideam.
2275 1343 2562 1414 Excogitat
2584 1352 2844 1413 praeterea
2863 1354 2919 1397 et
2943 1344 3154 1397 tertiam
3173 1359 3419 1409 causam,
3437 1345 3630 1400 ordine

2051 1434 2267 1502 quidem
2299 1445 2352 1490 et
2396 1446 2596 1489 natura
2633 1435 2908 1504 prioribus
2943 1435 3050 1490 illis
3099 1436 3435 1503 inferiorem,
3463 1451 3629 1507 quam

2057 1537 2111 1582 et
2134 1526 2370 1580 animam
2395 1526 2776 1581 universarqu
2816 1542 2997 1582 rerum
3054 1527 3309 1598 appellat.
3359 1548 3378 1580 ι
3415 1528 3533 1595 Quo
3561 1544 3634 1584 ex

2052 1618 2206 1672 fonte
2239 1617 2553 1687 proﬂuxere
2579 1633 2684 1672 non
2713 1616 2964 1686 Origenis
2994 1634 3209 1674 errores
3229 1619 3401 1675 solum
3433 1624 3632 1683 adver-

2052 1725 2144 1764 sus
2169 1710 2572 1765 sanctissimam
2622 1709 2977 1777 Trinitatem,
3034 1711 3334 1766 aliorumve
3359 1727 3495 1781 quos
3551 1729 3638 1768 re-

373 1807 480 1860 fnit
511 1806 758 1877 Beryllus
785 1807 1081 1862 Bostrenus
1122 1808 1433 1877 episcopus,
1480 1808 1686 1862 erroris
1711 1807 1950 1875 ejusdem
1983 1783 2026 1842 Β
2056 1802 2368 1856 censuimus
2402 1801 2621 1855 Patrum
2655 1802 2836 1856 minus
2868 1802 3280 1871 circumspecta:
3309 1804 3640 1872 locutiones,

374 1895 713 1963 defensione,
763 1905 818 1952 et
861 1897 1057 1953 deinde
1089 1899 1465 1966 repudiatione
1493 1898 1745 1966 celebris,
1800 1906 1950 1968 post-

373 2002 538 2056 quam
563 1988 630 2043 ab
656 1989 891 2057 Origene
927 1991 1231 2054 convictus,
1261 2000 1316 2044 et
1348 1990 1414 2043 ad
1443 1991 1718 2045 saniorem
1749 1991 1947 2044 doctri-

374 2099 502 2138 nam
530 2085 810 2148 traductus
833 2093 936 2140 est.
969 2084 1082 2140 llos
1117 2083 1433 2155 perstringit
1472 2084 1735 2154 Origenes
1766 2123 1780 2148 ,
1826 2099 1949 2137 cum

371 2176 498 2231 alibi
527 2176 864 2248 frequenter,
893 2189 1003 2232 tum
1023 2178 1076 2231 in
1105 2177 1243 2234 libro
1269 2194 1428 2247 quem
1463 2178 1518 2231 in
1555 2176 1850 2245 Epistolam
1879 2177 1948 2229 ad

375 2266 554 2322 Titum
580 2269 840 2340 scripsit;
871 2270 1074 2340 quique
1092 2271 1345 2324 laudatur
1371 2287 1399 2323 a
1425 2269 1704 2340 Pamphilo
1735 2270 1786 2322 in
1813 2272 1951 2338 Apo-

371 2354 534 2424 logia.
558 2355 718 2411 lnitia
740 2359 1000 2413 doctrinae
1026 2359 1314 2428 hujusjam
1351 2360 1473 2415 inde
1504 2360 1572 2414 ab
1595 2359 1782 2430 lgnatii
1815 2372 1951 2414 tem~

372 2446 594 2512 poribus
627 2449 824 2517 repetit
859 2447 1126 2504 Baronius
1170 2455 1236 2505 ad
1270 2467 1358 2506 an.
1390 2451 1591 2505 Christi
1637 2451 1764 2515 260,
1793 2467 1946 2506 num.

371 2538 462 2594 65.
499 2538 653 2606 Quod
700 2555 831 2612 ergo
886 2542 1024 2596 dixit
1071 2558 1376 2613 anonymus
1423 2543 1649 2597 Sabellii
1699 2543 1947 2598 haeresim

371 2636 718 2704 impugnasse
769 2634 1083 2707 Origenem,
1122 2637 1203 2692 sic
1249 2637 1624 2706 accipiendum
1665 2647 1770 2701 est,
1809 2637 1949 2691 hanc

371 2727 443 2780 ab
476 2741 541 2781 eo
574 2727 945 2796 impugnatam
975 2727 1224 2782 hmresim
1250 2743 1370 2797 qua:
1393 2743 1423 2781 a
1461 2727 1690 2782 vetustis
1720 2726 1946 2783 haereti-

367 2819 449 2872 cis
475 2826 621 2884 urta,
646 2834 676 2872 a
705 2817 878 2874 Noctu
905 2829 958 2874 et
980 2819 1193 2890 Beryllo
1220 2819 1334 2874 suis
1369 2828 1705 2890 propugnata
1739 2828 1946 2888 tempo-

368 2908 542 2974 ribus,
574 2925 776 2964 novum
808 2911 1006 2966 deinde
1036 2927 1065 2964 a
1105 2911 1341 2966 Sabellio
1367 2927 1565 2967 nomen
1599 2926 1663 2965 ac
1713 2911 1942 2966 formam

367 3002 596 3072 accepit.
631 3002 710 3056 Ac
739 3001 786 3055 si
819 3001 940 3070 quis
990 3001 1343 3073 Ἀρειανίξειν
1381 3003 1582 3056 diceret
1609 3001 1899 3070 Origenem
1925 3041 1942 3066 ,

368 3109 490 3148 eam
527 3108 721 3165 nempe
768 3095 913 3149 tueri
954 3094 1298 3160 doctrinam,
1330 3107 1450 3165 qua:
1479 3095 1650 3150 multo
1700 3104 1823 3165 post
1875 3098 1945 3152 ab
1971 3130 2014 3189 ο

367 3187 502 3242 Ario
528 3186 888 3256 ampliﬁcata,
907 3201 1102 3242 nomen
1131 3185 1201 3240 ab
1223 3199 1288 3241 eo
1313 3187 1504 3256 adepta
1529 3197 1635 3243 est.

439 3276 555 3331 ΧΗ.
585 3277 810 3332 Multum
859 3279 1076 3348 quidem
1110 3278 1252 3332 valet
1297 3279 1437 3346 apud
1492 3293 1598 3344 me,
1631 3294 1729 3349 pro
1763 3295 1828 3336 eo
1880 3296 1946 3336 ac

369 3370 554 3437 debet,
602 3370 826 3425 Patrum
873 3369 1087 3424 illorum
1123 3371 1422 3425 auctoritas
1447 3410 1464 3435 ,
1512 3371 1604 3440 qui
1640 3371 1945 3436 doctrinam

369 3463 623 3533 Origenis
646 3464 713 3517 de
743 3461 1012 3518 Trinitate
1044 3462 1323 3533 sull'ragiis
1348 3463 1462 3519 suis
1498 3465 1946 3532 comprobarunt.

370 3555 477 3608 Sed
518 3554 651 3609 mihi
682 3563 862 3609 tamen
890 3554 1063 3624 pluris
1092 3564 1176 3610 est
1208 3557 1323 3625 ipsa
1349 3557 1571 3623 veritas,
1596 3572 1763 3626 quam.
1797 3567 1852 3613 et
1877 3574 1946 3614 ex

368 3646 712 3716 Origeniante
738 3646 995 3702 doctrinae
1019 3648 1376 3711 connexione,
1402 3658 1455 3702 et
1483 3663 1548 3702 ex
1578 3658 1781 3703 attente
1816 3665 1943 3719 per-

368 3737 573 3806 spectis
617 3737 925 3792 Adamantii
979 3737 1179 3802 verbis,
1233 3748 1288 3792 et
1336 3752 1406 3791 cx
1441 3737 1665 3792 Patrum
1713 3739 1943 3793 aliorum

369 3829 730 3897 complurium
768 3829 1264 3894 testiﬁcationibus,
1292 3829 1404 3900 (98)
1435 3829 1488 3884 in
1521 3839 1702 3898 partes
1734 3842 1938 3885 sectam

369 3923 439 3976 ab
490 3923 609 3991 ipso
645 3921 998 3988 Trinitatem,
1031 3932 1085 3977 et
1115 3925 1370 3978 essentia:
1403 3940 1466 3978 ac
1493 3923 1792 3979 divinitatis
1819 3927 1943 3994 qui-

368 4010 595 4068 busdam
635 4011 800 4066 veluti
832 4012 1092 4082 gradibus
1125 4011 1436 4066 distinctam
1469 4011 1844 4078 clamantium,
1872 4013 1938 4066 li-

367 4104 533 4174 quido
557 4103 690 4157 mihi
723 4104 1066 4172 perspexisse
1091 4103 1307 4157 videor.
1330 4103 1479 4158 Adde
1504 4103 1792 4158 Platonicae
1819 4105 1941 4173 phi-

367 4195 630 4266 losophiae
653 4195 888 4260 decreta,
939 4194 1006 4248 ad
1032 4210 1153 4264 qua:
1182 4194 1300 4249 fere
1323 4210 1419 4248 sua
1447 4197 1716 4263 expressit
1747 4194 1941 4267 Orige-

365 4303 486 4352 nes,
510 4289 652 4355 quod
674 4285 787 4358 jam
823 4302 986 4356 supra
1017 4286 1350 4354 monuimus,
1394 4287 1605 4341 larvam
1647 4289 1941 4357 quamdam

367 4382 658 4436 Trinitatis
724 4380 1013 4450 etlingere,
1061 4380 1311 4450 personis
1349 4387 1688 4434 constantem
1745 4381 1941 4445 tribus,

371 4473 625 4543 inaequali
650 4472 895 4542 penditis
929 4470 1216 4542 dignitate,
1259 4479 1565 4542 potestate,
1615 4472 1941 4543 antiquitate

440 4585 486 4617 "
510 4585 668 4642 Joan.
707 4602 747 4651 ι,
771 4587 826 4640 5.

2055 1896 2150 1948 sed
2180 1894 2436 1963 quidquid
2463 1895 2626 1947 etiam
2659 1893 2758 1948 luit
2787 1903 2975 1950 contra
3021 1894 3161 1951 idem
3207 1897 3525 1968 mysterium
3559 1899 3642 1954 ab

2052 1987 2325 2042 haereticis
2357 1987 2671 2044 insanitum.

2125 2077 2264 2133 Xlll.
2317 2079 2374 2132 Si
2406 2094 2511 2133 non
2542 2095 2609 2132 ex
2642 2094 2806 2149 supra
2833 2079 3011 2134 allatis
3033 2088 3089 2133 et
3111 2080 3163 2133 in
3191 2090 3476 2150 utramque
3502 2094 3636 2150 par-

2056 2181 2161 2227 tem
2211 2173 2475 2242 expositis
2512 2173 2859 2237 testimoniis,
2905 2173 3102 2241 quibus
3139 2172 3258 2227 Filii
3292 2185 3343 2228 et
3392 2173 3649 2243 Spiritus

2049 2265 2221 2319 sancti
2253 2265 2563 2334 dignitatem
2589 2264 2915 2319 labefactare
2945 2264 3028 2318 vel
3061 2279 3302 2320 asserere
3352 2267 3498 2321 visus
3546 2278 3642 2320 est

2051 2357 2336 2428 Origenes,
2375 2358 2513 2412 satis
2572 2357 2741 2426 ipsius
2787 2357 2962 2412 elucet
2989 2360 3307 2412 sententia:
3365 2369 3419 2413 at
3463 2359 3642 2414 lacile

2051 2459 2202 2503 certe
2229 2447 2650 2516 deprehenditur
2677 2462 2743 2502 ex
2773 2448 3151 2517 sequentibus,
3195 2448 3249 2502 in
3283 2449 3480 2517 quibus
3512 2465 3640 2503 mo-

2049 2537 2294 2592 litionem
2327 2551 2506 2592 rerum
2528 2536 2581 2591 in
2609 2537 2774 2592 Deum
2801 2536 3015 2592 Patrem
3044 2538 3360 2593 transcribit
3386 2555 3403 2603 ;
3431 2538 3638 2594 Filium

2052 2645 2184 2684 vero
2209 2629 2590 2684 secundariam
2630 2638 2838 2683 tantum
2866 2631 3129 2685 creationi
3165 2631 3498 2700 impendisse
3519 2632 3644 2688 vult

2049 2736 2294 2788 cperant,
2317 2731 2371 2773 et
2398 2721 2744 2774 instrumenti
2777 2719 2858 2774 vel
2894 2721 3126 2776 ministri
3162 2732 3343 2790 partes
3369 2722 3572 2778 abiisse
3605 2739 3626 2777 :

2049 2814 2160 2883 (99)
2190 2812 2344 2867 Οὕτω
2383 2812 2582 2878 τοίνυν,
2615 2813 2790 2882 inquit
2820 2823 2949 2868 tom.
2989 2829 3029 2866 ιι
3081 2815 3136 2867 in
3163 2813 3349 2878 Joan.,
3391 2830 3546 2868 num.
3571 2817 3648 2882 6,,

2050 2908 2140 2959 καὶ
2174 2906 2384 2970 ἐνθάδε,
2414 2906 2462 2959 εἰ
2495 2906 2674 2959 πάντα
2697 2905 2785 2958 διὰ.
2806 2905 2900 2957 τοῦ
2931 2904 3104 2974 Λόγου
3134 2905 3370 2974 ἐγένετο,
3400 2907 3500 2977 οὐχ
3527 2907 3650 2960 ὑπὸ.

2047 3000 2140 3054 τοῦ
2157 2999 2330 3068 Λόγου
2356 2999 2591 3068 ἐγένετο,
2625 2998 2737 3052 ἀλλ’
2771 3000 2874 3052 ὑπὸ
2913 2999 3217 3070 κρείττονος
3243 3000 3334 3052 καὶ
3380 3001 3640 3071 μείζονος

2048 3093 2198 3165 παρὰ
2213 3094 2304 3146 τὸν
2319 3094 2509 3161 Λόγονο
2528 3094 2609 3157 τίς
2620 3093 2663 3146 δ’
2683 3092 2748 3146 ἂν
2765 3093 2917 3156 ἄλλος
2932 3085 3088 3156 οὗτος
3102 3094 3342 3166 τυγχάνῃ
3359 3095 3578 3165 (100),ἢ
3599 3097 3647 3148 ὁ.

2051 3186 2275 3258 Πατήρ;
2309 3186 2511 3255 Duplex
2535 3195 2618 3241 est
2645 3187 2806 3256 hujus
2842 3186 2942 3240 loci
2975 3186 3142 3248 labes,
3180 3203 3300 3240 nam
3337 3195 3391 3240 et
3417 3187 3629 3242 Filium

2047 3275 2205 3331 Patre
2247 3278 2508 3331 minorem
2532 3293 2595 3332 ac
2618 3276 2929 3331 inferiorem
2966 3292 3085 3334 esse
3141 3279 3404 3344 decernit,
3435 3289 3492 3333 et
3539 3294 3628 3335 re-

2045 3383 2165 3423 rum
2201 3369 2530 3424 creationem
2569 3371 2784 3439 penitus
2811 3371 2910 3439 ipsi
2937 3370 3246 3438 abjudicat;
3298 3372 3350 3425 in
3382 3389 3487 3441 qua
3516 3373 3630 3428 Pa-

2048 3463 2115 3516 tri
2156 3471 2366 3516 tantum
2408 3462 2770 3529 ministrasse,
2826 3478 2930 3518 non
2964 3463 3263 3518 molitorem
3319 3465 3510 3520 itidem
3553 3477 3628 3522 ut

2045 3553 2260 3610 Patrem
2288 3555 2450 3609 fuisse
2493 3554 2623 3608 dicit
2647 3555 2739 3609 lib.
2765 3570 2780 3608 1
2802 3557 2939 3623 Περὶ
2971 3555 3174 3625 ἀρχῶν
3201 3557 3254 3610 in
3293 3557 3410 3626 ipso
3439 3573 3636 3628 prom-

2045 3648 2178 3710 mio,
2203 3663 2351 3701 num.
2377 3647 2410 3700 4
2448 3665 2460 3700 :
2496 3664 2515 3697 ι
2553 3645 2712 3702 Jesus
2739 3645 2987 3702 Christus
3027 3649 3139 3716 ipse
3168 3650 3259 3719 qui
3287 3652 3453 3715 venit,
3487 3662 3634 3710 ante

2023 3747 2261 3794 'omnem
2295 3746 2605 3793 creaturam
2639 3747 2798 3793 natus
2827 3756 2893 3793 ex
2925 3740 3083 3794 Patre
3122 3753 3224 3796 est.
3261 3741 3362 3808 Qui
3391 3758 3520 3798 cum
3574 3747 3638 3801 in

2045 3831 2287 3885 omnium
2334 3833 2642 3886 conditione
2682 3830 2828 3886 Patri
2878 3832 3237 3888 ministrasset
3285 3836 3413 3905 (per
3439 3838 3627 3905 ipsum

2046 3927 2186 3978 enim
2225 3926 2403 3978 omnia
2436 3925 2581 3993 facta
2606 3936 2724 3979 sunt
2747 3925 2813 3987 “i
2851 3927 3158 3981 novissimis
3186 3928 3526 3999 temporibus
3553 3945 3648 3987 se-

2048 4016 2221 4086 ipsum
2250 4017 2572 4086 exinaniens
2605 4018 2770 4071 homo
2803 4017 2977 4072 lactus
3020 4028 3144 4073 est:
3177 4039 3197 4071 ο
3228 4036 3388 4088 quem
3441 4020 3635 4077 locum

2004 4143 2015 4155 .
2048 4108 2247 4176 repetit
2279 4118 2472 4161 auctor
2511 4107 2630 4162 libri
2659 4107 2735 4162 De
2765 4109 2958 4162 deitate
2987 4119 3033 4163 et
3064 4111 3433 4164 incarnatione
3468 4109 3640 4166 Verbi

2047 4197 2117 4248 ad
2153 4195 2499 4263 Januarium,
2525 4195 2616 4263 qui
2647 4204 2792 4249 tonio
2829 4204 3026 4266 quarto
3069 4211 3294 4266 operum
3335 4196 3640 4266 Augustini

2046 4288 2240 4358 subjici
2271 4290 2435 4352 solet,
2458 4305 2580 4358 cap.
2608 4289 2668 4343 1.,
2699 4287 2939 4357 Repetiit
2967 4299 3164 4342 etante
3191 4289 3338 4341 illum
3365 4288 3643 4359 Pamphi-

2048 4380 2131 4434 lus
2165 4381 2216 4433 in
2247 4379 2534 4449 Apologia:
2565 4388 2727 4449 atque
2769 4381 2917 4434 illutn
2948 4395 3012 4434 ex
3049 4379 3140 4433 lib.
3174 4396 3233 4433 Ill
3261 4383 3314 4434 in
3351 4378 3530 4447 Epist.
3560 4381 3639 4434 ad

2052 4475 2258 4529 Culost.
2285 4489 2298 4527 :
2329 4493 2347 4526 ι
2385 4473 2511 4527 Data
2531 4483 2617 4528 est
2637 4482 2816 4528 autem
2848 4473 2932 4528 l'ex
2961 4472 3128 4543 Moysi
3168 4490 3263 4543 per
3286 4475 3534 4544 angelos,
3573 4476 3638 4530 in

438 4703 549 4776 (98)
575 4706 641 4758 In
666 4717 840 4780 partes
867 4718 1061 4780 sectam
1083 4710 1147 4762 ab
1170 4709 1282 4776 ipso
1315 4711 1651 4777 Trinitatem,
1695 4723 1800 4770 etc.
1856 4715 1932 4769 Ex
1969 4722 2013 4776 Ι)
2053 4713 2299 4780 procedit
2325 4726 2355 4765 e
2387 4721 2590 4775 mente,
2629 4720 2681 4763 et
2718 4725 2894 4778 neque
2927 4721 3131 4779 partem
3157 4712 3397 4780 aliquam
3424 4715 3645 4770 mentis

368 4775 455 4829 his
478 4775 598 4843 quae
624 4792 786 4844 supra
816 4776 1063 4846 infraque
1088 4775 1518 4844 observavimus,
1576 4775 1715 4839 satis.
1750 4795 1934 4838 osten-

368 4861 488 4900 sum
521 4856 604 4899 est
635 4847 810 4900 nqus
833 4849 1032 4917 gradus
1064 4849 1114 4903 in
1145 4849 1410 4905 Trinitate
1445 4856 1787 4909 constituisse
1810 4856 1935 4910 Ori-

369 4930 580 4992 genem,
607 4917 712 4969 nisi
747 4928 989 4992 respectu
1021 4933 1218 4992 cauete,
1253 4922 1525 4992 principii,
1561 4925 1722 4978 fontis
1753 4936 1806 4978 et
1834 4926 1940 4979 ori-

367 4985 548 5066 ginis,
585 5001 653 5066 ac
683 4985 917 5066 proinde
954 4988 1102 5066 nullo
1136 4985 1295 5066 modo
1330 4991 1382 5066 in
1431 4985 1616 5066 partes
1642 5005 1843 5048 sectam
1872 4997 1938 5050 ab

369 5055 489 5123 ipso
525 5055 688 5109 fuisse
720 5059 1011 5112 essentiam
1043 5059 1303 5113 divinam.
1340 5055 1514 5114 Unum
1547 5065 1647 5118 hoc
1675 5067 1866 5119 addam
1904 5080 1936 5118 e

367 5125 546 5179 librat
577 5126 718 5195 Περὶ
744 5126 976 5196 ἀρχῶν,
1009 5145 1130 5198 cap.
1156 5130 1213 5196 2,
1261 5147 1408 5186 num.
1462 5133 1526 5186 6:
1567 5151 1586 5184 t
1627 5133 1933 5188 Observan-

369 5198 763 5268 dumnamque
786 5211 960 5252 estne
983 5201 1103 5268 quis
1134 5200 1377 5254 incurrat
1421 5202 1471 5254 in
1520 5203 1638 5258 illas
1672 5205 1936 5259 absurdus

367 5266 584 5344 fabulas
613 5282 801 5321 eorum
837 5272 925 5344 qui
972 5266 1304 5339 prolationes
1353 5274 1617 5344 quasdam
1654 5275 1753 5328 sibi
1805 5277 1935 5344 ipsis

366 5338 667 5410 depingunt
713 5348 778 5410 ut,
818 5338 1054 5410 divinam
1115 5338 1385 5392 naturain
1410 5343 1461 5394 in
1519 5352 1700 5410 partes
1744 5338 1936 5399 vocent

366 5406 641 5478 (secent),
682 5419 736 5464 et
763 5409 928 5463 Deum
958 5409 1194 5475 Patrem,
1239 5421 1496 5477 quantum
1520 5406 1591 5466 'in
1621 5427 1683 5467 se
1715 5425 1819 5478 cst,
1852 5417 1933 5468 di-

367 5477 577 5542 vidant,
610 5495 732 5533 cum
772 5481 874 5534 hoc
914 5481 980 5533 de
1019 5481 1332 5547 incorporea
1374 5491 1564 5535 natura
1605 5483 1688 5537 vel
1739 5477 1933 5539 leviter

364 5549 628 5620 suspicari
662 5567 764 5604 non
787 5551 954 5620 solum
987 5562 1242 5604 extrema:
1270 5551 1557 5620 impietatis
1603 5555 1705 5618 sit,
1745 5571 1930 5610 verum

367 5619 532 5694 etiam
564 5619 765 5672 ultima:
795 5617 1140 5694 insipienti-.2,
1170 5637 1269 5675 nec
1294 5617 1516 5677 omnino
1535 5625 1598 5677 ad
1623 5617 1928 5692 intelligen-

368 5692 495 5758 tiam
520 5703 857 5758 consequens
889 5701 944 5744 ut
979 5692 1316 5758 incorp0reaa
1338 5702 1543 5748 natura:
1561 5696 1932 5752 substantialis

367 5757 559 5814 divisio
605 5757 774 5830 possit
816 5760 1065 5832 intelligi.
1091 5757 1282 5839 Magis
1327 5777 1458 5834 ergo
1509 5764 1648 5821 sicut
1679 5767 1930 5825 voluntas

2043 4792 2216 4847 secat,
2244 4798 2417 4843 neque
2443 4785 2525 4833 ah.
2544 4798 2604 4832 ea
2618 4793 2918 4852 separatur
2939 4794 3032 4833 aut
3057 4783 3338 4852 dividitur,
3370 4785 3460 4836 tali
3486 4800 3636 4852 qua-

2044 4855 2168 4906 dam
2214 4853 2394 4918 specie
2432 4851 2698 4916 putandus
2737 4861 2818 4904 est
2865 4850 3024 4904 Pater
3067 4851 3263 4921 Filium
3312 4850 3576 4921 genuisse
3607 4896 3627 4919 ,

2047 4923 2337 4989 imaginem
2368 4921 2575 4975 scilicet
2613 4936 2786 4984 suam,
2815 4931 2892 4984 ut,
2922 4921 3191 4990 sicutipse
3215 4920 3508 4978 inviSibilis
3537 4935 3638 4979 est

2047 5009 2142 5063 per
2177 5002 2451 5063 naturam,
2493 4992 2564 5045 ita
2591 4991 3133 5063 imagiuernquoque
3168 4993 3496 5063 invisibilem
3530 5008 3637 5063 ge-

2048 5060 2254 5116 nuerit.
2278 5061 2515 5116 Verbum
2546 5063 2691 5116 enim
2711 5060 2807 5116 est
2829 5060 3018 5124 Filius,
3039 5073 3092 5116 et
3126 5063 3247 5115 ideo
3274 5062 3404 5115 nihil
3447 5065 3503 5115 in
3534 5060 3645 5120 ’ρο

2043 5132 2302 5187 ευιιεὶῠίιο
2331 5132 2736 5201 intelligendum
2766 5143 2868 5186 est.
2899 5131 3178 5201 Sapientia
3211 5142 3316 5194 est,
3357 5143 3413 5186 et
3444 5136 3500 5185 in
3530 5149 3634 5188 sa-

2042 5204 2243 5272 pientia
2285 5202 2422 5256 nihil
2463 5218 2782 5270 corporeum
2833 5204 3214 5269 suspicandum
3265 5213 3370 5266 est,
3413 5201 3634 5258 Lumen

2042 5287 2126 5328 est
2152 5289 2326 5327 verum
2355 5275 2492 5339 quod
2523 5273 2786 5325 illuminat
2815 5288 3018 5326 onmem
3038 5275 3298 5325 hominem
3328 5276 3638 5329 venientem

2044 5346 2097 5396 in
2127 5346 2265 5397 hunc
2298 5344 2550 5396 mundum
2583 5342 2765 5412 (Joan.
2795 5360 2832 5405 ι,
2856 5343 2935 5412 9).
2966 5344 3062 5396 sed
3089 5343 3222 5396 nihil
3264 5344 3430 5397 habet
3469 5360 3642 5398 com-

2044 5430 2204 5468 mune
2223 5415 2288 5466 ad
2308 5415 2435 5467 solis
2454 5413 2613 5482 hujus
2635 5415 2834 5468 lumen.
2867 5430 2884 5462 ι
2910 5412 3035 5466 Haec
3057 5416 3218 5468 verba
3244 5416 3437 5481 repetit
3463 5415 3645 5469 Pam-

2043 5485 2221 5553 philus
2248 5485 2298 5537 in
2328 5482 2578 5552 Apologia
2608 5499 2729 5537 sua.
2757 5483 2887 5538 Vide
2913 5495 3176 5551 praeterea
3202 5485 3642 5543 observationes

2041 5556 2092 5607 in
2123 5571 2274 5607 num.
2311 5555 2344 5607 5
2372 5566 2427 5606 et
2458 5553 2510 5605 in
2543 5569 2687 5610 num.
2717 5553 2809 5607 9.4.

2111 5626 2222 5708 (99)
2247 5625 2416 5708 porca
2461 5624 2688 5708 τοίνυνῖ
2728 5635 2834 5704 οιιεἴ
2865 5620 2999 5708 Vide
3027 5625 3186 5708 paulo
3212 5639 3394 5708 supra_
3412 5641 3576 5684 num.
3603 5623 3643 5683 ἰ

2041 5695 2538 5750 animmtversiones
2570 5705 2785 5764 nostras
2819 5695 2870 5747 in
2904 5695 3051 5749 hunc
3083 5695 3332 5764 Origenis
3381 5695 3604 5754 locum.

2109 5765 2260 5839 (100)
2284 5764 2560 5838 Τυγχὰνῃ.
2591 5761 2730 5835 Lege
2751 5765 3027 5837 τυγχάνοι.
3055 5761 3215 5822 Em“.

1957 5869 2044 5895 η
3565 5869 3602 5877 ρ.
