3840 6222
224 264 331 321 757

1073 263 1647 326 ORIGENIANORUM
1670 268 1818 326 LIB.
1858 270 1925 337 11,
1965 270 2119 329 CAP.
2161 270 2230 337 ll,
2272 269 2551 339 ρυιεετ.
2590 272 2659 327 ιι.

3370 273 3474 332 758

224 391 389 431 mauu
420 382 475 433 et
498 375 705 433 virtute
739 378 1058 437 mediatoris
1081 381 1279 441 Christi
1307 386 1376 451 ’⁸,
1409 387 1500 456 qui
1550 403 1674 444 cum
1700 403 1789 445 es-
1819 438 1825 452 .

1918 389 2132 449 meet»
2156 385 2248 462 ἦν,
2269 391 2364 446 καὶ
2378 388 2511 454 Θεὸς
2541 384 2631 462 ἦν.
2666 407 2686 443 ι
2720 387 2857 444 Cum
2891 401 3020 445 vero
3046 388 3260 460 opillcis
3281 390 3477 461 agebat

226 480 315 524 aet
340 469 393 523 in
417 469 688 539 principio
711 468 942 526 Verbum
988 472 1117 537 Dei,
1141 484 1197 530 et
1234 476 1377 546 apud
1412 477 1580 534 Deum
1612 490 1798 550 esset,

226 570 285 617 et
316 560 457 617 Deus
497 570 645 617 esset
692 562 953 631 Verbum,
985 564 1137 621 Patri
1167 567 1220 621 in
1244 569 1493 625 omnibus
1524 571 1799 626 ministra-

226 652 326 707 vit.
376 651 568 707 Omnia
612 654 751 708 enim
794 671 886 723 per
912 657 1084 725 ipsum
1102 658 1244 727 facta
1271 671 1414 726 sunt,
1449 660 1504 716 Id
1550 673 1803 729 est,.non

226 742 401 798 solum
428 752 714 809 creaturae,
734 744 830 801 sed
858 746 1014 802 etlex
1036 756 1093 803 et
1121 749 1450 819 prophetae.»
1479 752 1629 809 Unde
1654 764 1802 808 tomo

226 849 300 895 xx
332 836 385 888 in
421 834 615 901 Joan.,
638 852 788 893 num.
823 838 875 904 7,
921 839 1096 910 ipsum
1127 843 1340 913 quidem
1379 844 1667 919 αὐτόπτην.
1682 861 1803 903 esse

228 928 309 982 ait
333 942 522 983 eorum
545 943 665 999 quae
703 939 830 985 sunt
854 930 907 985 in
932 931 1130 1001 Patre;
1161 935 1386 1006 angelos
1409 946 1589 992 autem
1619 939 1804 996 videre

227 1022 421 1074 eadem
454 1034 554 1089 per
580 1020 776 1090 ipsum,
811 1031 1070 1093 tanquam
1118 1041 1214 1095 per
1249 1028 1598 1083 mediatorem
1621 1039 1675 1084 et
1702 1031 1806 1086 mi-

228 1111 463 1168 nistrum
490 1153 506 1181 ,
552 1113 629 1178 ὡς
656 1114 743 1167 διὰ
775 1116 994 1187 μεσίτου
1026 1118 1120 1173 xai
1148 1120 1442 1193 ὑπηρέτου.
1496 1121 1561 1179 Et
1595 1131 1726 1178 tom.
1762 1138 1801 1186 ι,

229 1218 385 1260 ιιιιιιι.
412 1204 503 1269 22,
533 1204 809 1262 Christum
870 1216 1098 1266 eatenus
1130 1226 1249 1267 esse
1278 1212 1594 1269 Creatorem
1627 1215 1804 1284 docet,

229 1306 499 1365 quatenus
528 1296 667 1351 dixit
697 1295 857 1353 Pater
885 1321 897 1356 :
934 1299 1061 1355 Fiat
1101 1301 1218 1367 lux,
1253 1303 1304 1357 id
1330 1314 1431 1368 est,
1463 1308 1729 1375 quatenus
1753 1307 1805 1362 in

230 1388 481 1443 iacienda
505 1388 621 1444 luce
637 1388 784 1443 Patri
803 1392 1116 1446 ministrum
1133 1408 1193 1448 se
1209 1396 1459 1463 praebuit.
1503 1395 1579 1468 (l)
1601 1396 1807 1452 Claris-

231 1478 371 1533 sime
392 1495 524 1535 vero
553 1484 882 1538 sententiam
914 1483 1056 1539 hanc
1082 1486 1354 1555 expressit
1383 1484 1477 1540 lib.
1529 1501 1581 1541 vt
1621 1500 1803 1542 contr.

231 1568 410 1635 Cels.,
454 1586 601 1627 nutu.
650 1572 739 1626 60'
771 1591 794 1630 ε,
822 1574 926 1627 Τὸν
973 1574 1072 1645 μὲν
1122 1576 1404 1649 προσεχῶς
1477 1578 1807 1652 δημιουργὸν

230 1657 371 1741 εἶναι
395 1662 485 1717 τὸν
507 1664 637 1718 Υἱὸν
660 1664 765 1722 τοῦ,
778 1665 913 1719 Θεοῦ
934 1667 1125 1736 Λόγον,
1144 1668 1236 1721 καὶ
1260 1668 1407 1721 ὡσπε
1417 1669 1498 1740 psi
1514 1671 1808 1741 αὐτουργὸν

1899 491 2103 552 partes,
2119 483 2331 537 cunctis
2346 480 2618 551 praebebat
2634 488 2691 534 ut
2705 487 2910 545 essent,
2926 490 2980 536 et
2994 490 3109 536 erat
3124 481 3263 548 apud
3284 481 3474 544 Deum,

1899 581 1955 627 et
1981 571 2120 627 Deus
2163 580 2313 639 erat;
2345 590 2364 623 ι
2410 580 2463 627 et
2482 571 2713 640 denique
2742 587 2757 623 :
2787 569 2927 625 Ἀλλ’
2959 570 3058 642 οὐχ
3085 570 3113 623 ὁ
3144 569 3476 645 δημιουργὸς

1901 661 1991 716 τοῦ
2009 662 2207 727 παντὸς
2228 660 2488 726 τοιοῦτος,
2507 662 2787 736 τυγχάνων
2804 660 2933 725 Θεὸς
2950 661 3117 728 Λόγος
3137 662 3255 716 κατ’
3267 662 3474 715 οὐσίανο

1900 752 1981 807 διὸ
2008 753 2100 807 καὶ
2124 752 2311 822 Σοφία,
2334 753 2429 806 καὶ
2461 751 2707 822 Ἀλήθεια
2732 754 2791 804 ἐν
2822 754 2940 816 ταῖς
2968 750 3265 821 Θεολογὶαις
3288 751 3479 823 ὀνομά-

1903 842 2071 909 ζεται.
2111 863 2131 897 ι
2159 845 2231 899 At
2261 859 2368 898 non
2416 843 2491 897 ita
2548 858 2732 898 rerum
2781 843 3022 898 omnium
3052 844 3347 915 |Conditor,
3383 843 3476 913 qui

1905 938 2049 992 Deus
2078 937 2312 992 Verbum
2337 946 2421 992 est
2442 938 2737 993 secundum
2763 937 3079 993 essentiam.
3109 936 3264 994 Unde
3293 950 3347 995 et
3374 940 3477 993 Sa-

1904 1028 2106 1099 pientia
2137 1027 2461 1098 appellatur.
2487 1036 2543 1082 et
2577 1028 2819 1093 Veritas,
2838 1043 2959 1083 cum
2989 1028 3054 1084 de
3086 1027 3248 1084 rebus
3281 1028 3479 1085 divinis

1905 1118 2208 1173 disseritur.
2246 1136 2265 1170 ι
2295 1117 2425 1176 Item
2445 1117 2538 1173 lib.
2564 1133 2635 1172 vn
2658 1119 2711 1172 ia
2738 1115 2908 1186 Epist.
2932 1117 3001 1172 ad
3028 1116 3203 1183 Rom.,
3236 1133 3383 1173 num.
3404 1118 3474 1175 9:

1912 1227 1934 1262 s
1971 1208 2117 1264 Nihil
2140 1220 2225 1264 est
2248 1210 2501 1275 visibilis,
2535 1210 2651 1265 sive
2674 1209 2966 1266 invisibilis
2996 1220 3260 1267 creatura:
3281 1251 3298 1277 ,
3334 1212 3483 1281 quod

1905 1301 2044 1357 Filio
2073 1302 2241 1371 possit
2276 1302 2589 1370 adacquari:
2627 1300 2776 1357 nullo
2829 1302 2977 1357 enim
3032 1310 3207 1372 pacto.
3242 1302 3480 1359 creatori

1908 1408 2006 1449 suo
2039 1403 2286 1449 creatura
2327 1402 2502 1460 potest
2525 1392 2760 1448 conferri
2793 1411 2807 1449 :
2836 1402 2892 1450 et
2919 1392 2965 1449 si
3011 1405 3227 1449 creator
3251 1394 3364 1463 ipse
3389 1394 3485 1447 do-

1875 1493 1881 1497 ‘
1909 1496 2067 1540 natus
2095 1496 2181 1539 est
2205 1485 2380 1547 nobis,
2407 1486 2680 1553 quomodo
2708 1500 2815 1540 non
2838 1500 2961 1540 cmn
2988 1487 3103 1556 ipso
3129 1486 3284 1540 nobis
3303 1488 3482 1541 omnis

1910 1586 2156 1631 creatura
2188 1575 2513 1630 donabitur?
2538 1595 2556 1629 ι
2591 1574 2791 1630 Rerum
2810 1575 3116 1633 eti‘ectorcm
3140 1576 3335 1632 Filium
3362 1591 3485 1633 esse

1913 1675 2082 1735 putat,
2108 1667 2202 1721 sed
2233 1667 2609 1720 secundarium
2637 1686 2651 1722 :
2682 1678 2736 1723 et
2757 1684 2843 1724 res
2870 1670 3090 1739 quidem
3140 1684 3378 1735 creasse,
3428 1679 3484 1726 at

229 1738 329 1807 σεόῦ
356 1754 558 1827 κόσμου
578 1772 594 1787 ·
623 1756 716 1809 τὸν
734 1756 792 1814 δὲ
811 1756 1029 1829 Πατέρα
1059 1758 1153 1815 τοῦ
1186 1760 1384 1829 Λόγου,
1510 1738 1807 1832 προστετα-

1918 1756 2259 1812 instrumenti
2303 1759 2417 1812 vice
2445 1758 2793 1829 fungentem;
2824 1738 3040 1816 Patrem
3069 1775 3196 1817 vero
3252 1761 3484 1816 creatio-

232 1842 387 1916 χέναι
414 1845 491 1915 τῷ
515 1844 630 1917 Υἱῷ
656 1848 849 1903 ἑαυτοῦ
870 1849 1028 1921 Λόγῳ
1056 1850 1279 1920 ποιῆσαι
1306 1850 1401 1904 τὸν
1430 1850 1650 1923 κόσμον,
1672 1848 1808 1906 εἶναι

232 1934 467 2007 πρώτως
490 1936 839 2011 δημιουργόν.
869 1938 987 1995 lam
1022 1956 1151 2012 ergo
1185 1942 1353 2011 liquet
1402 1958 1510 2012 quo
1538 1959 1698 1999 sensu
1727 1946 1810 1998 di-

231 2028 378 2082 xerit
408 2029 461 2082 in
493 2027 697 2087 Catena
720 2030 1020 2088 Baltasaris
1044 2032 1289 2089 Corderii
1318 2034 1374 2088 in
1400 2033 1562 2089 Joan.
1596 2035 1661 2089 ad
1687 2050 1805 2105 cap.

235 2136 279 2185 ι,
340 2121 375 2179 1,
412 2122 479 2191 (si
532 2124 689 2178 modo
738 2122 801 2179 ea
861 2140 991 2181 vere
1029 2136 1155 2181 sunt
1198 2123 1472 2197 Origenis,
1520 2137 1576 2183 et
1608 2128 1811 2198 aliquid

234 2212 558 2272 Catenarum
586 2217 895 2273 auctoritati
932 2217 1275 2272 tribuendum
1298 2217 1404 2287 est)
1430 2238 1443 2272 :
1469 2219 1812 2291 Δημιουργὸν

237 2304 353 2364 τῶν,
372 2306 586 2362 πάντων
610 2306 893 2377 τιθέμενος
907 2308 1091 2375 αὐτὸν,
1111 2309 1170 2363 τὸ
1190 2309 1283 2364 τοῦ
1302 2309 1475 2377 Λόγου
1492 2309 1664 2380 ὄνομα
1682 2326 1814 2364 κατ-

231 2398 427 2470 ηγορεῖ
460 2396 662 2475 ¹αὑτοῦ.
706 2417 725 2450 ι
760 2398 1018 2469 Opilicem
1061 2416 1238 2455 rerum
1280 2401 1521 2457 omnium
1571 2410 1812 2456 statuens

235 2489 437 2559 ipsum,
471 2488 633 2544 Verbi
661 2492 881 2546 nomine
904 2494 1076 2562 ipsum
1107 2493 1309 2559 allicit;
1344 2512 1363 2545 ι
1391 2492 1480 2549 ubi
1509 2500 1562 2546 et
1586 2493 1813 2565 ποιητὴν

234 2580 345 2635 τῶν
370 2581 587 2636 πάντων
617 2582 890 2652 appellat:
918 2593 973 2637 et
1004 2584 1082 2638 ait
1111 2585 1273 2654 paulo
1319 2594 1441 2654 post
1471 2604 1486 2641 :
1524 2585 1651 2650 Πῶς
1702 2586 1813 2660 γὰρ

233 2673 336 2726 οὐκ
364 2672 468 2727 ἔδει
496 2673 658 2727 αὑτὸν
699 2670 836 2728 εἶναι
866 2674 977 2745 πρὸ
1034 2676 1275 2741 πάντων,
1309 2677 1403 2731 καὶ
1454 2679 1512 2732 ὲν
1542 2680 1682 2750 ἀρχῇ
1716 2680 1814 2749 τῆς

235 2762 523 2833 ὑπάρξεως
552 2762 727 2817 αὐτῶν
746 2762 970 2834 κτίστην
992 2763 1151 2829 ὄντας
1184 2783 1203 2816 ι
1234 2764 1516 2831 Quomodo
1540 2768 1684 2819 enim
1708 2781 1813 2819 non

237 2856 529 2923 oportebat
556 2869 675 2908 esse
700 2855 874 2924 ipsum
907 2866 1034 2909 ante
1059 2856 1259 2917 omnia.
1306 2865 1361 2911 et
1413 2869 1535 2910 cum
1577 2856 1812 2924 primum

235 2961 363 2999 esse
377 2958 671 3013 cmperttut,
689 2946 779 3014 qui
801 2960 985 3000 eorum
1002 2946 1230 3001 Greator
1246 2946 1368 3001 est?
1389 2966 1406 2999 ι
1427 2958 1482 3001 et
1513 2961 1631 3001 mox
1654 2963 1667 3001 :
1687 2947 1815 2999 Ὅτε

233 3037 297 3092 δὲ
335 3037 782 3109 ἐδημιούργειιεὶς
812 3036 998 3091 οὐσίαν
1036 3036 1197 3108 ἔφερε
1222 3036 1291 3091 τὰ
1320 3037 1517 3103 πάντα,
1546 3037 1641 3091 καὶ
1676 3037 1815 3109 πρὸς

314 3155 361 3187 ⁸³
390 3152 566 3209 Galat.
594 3169 675 3218 ιιι,
718 3153 805 3210 l9.

1913 1847 1998 1901 nis
2020 1858 2302 1902 auctorem
2326 1864 2467 1913 esse,
2501 1863 2550 1904 et
2578 1852 2889 1919 primariam
2922 1867 2987 1907 ac
3007 1853 3345 1924 praecipuam.
3362 1867 3487 1925 cau-

1915 1954 2032 1994 sam
2060 1958 2074 1994 :
2104 1949 2266 2006 atque
2298 1941 2366 1993 ita
2393 1956 2548 1995 suum
2575 1943 2771 2011 cuique
2793 1942 3026 2002 omnium
3068 1944 3320 2013 partitur.
3348 1942 3486 2002 Hinc

1914 2028 2224 2087 Gennadius
2261 2031 2352 2085 lib.
2385 2031 2462 2089 lie
2508 2032 2778 2103 Dogmt.,
2813 2048 2937 2104 cap.
2970 2035 3003 2087 4
3033 2050 3045 2088 :
3080 2053 3098 2086 ι
3133 2033 3277 2092 Nihil
3306 2033 3483 2090 otIicio

1917 2122 2216 2193 singulare,
2265 2137 2365 2178 nec
2412 2123 2568 2179 alteri
2605 2125 3062 2180 communicabile
3112 2110 3199 2186 lin
3230 2125 3488 2182 Trinitats

1916 2212 2217 2283 credamus)
2244 2222 2301 2267 ut
2330 2212 2615 2281 Origenes.
2644 2234 2667 2267 ι
2703 2215 2841 2271 Hinc
2869 2217 3030 2273 etiam
3057 2215 3319 2287 Cyt'iacus
3345 2216 3488 2285 apud

1918 2304 2227 2365 Simeonem
2283 2305 2702 2375 Metaphrastem
2760 2307 2901 2361 inter
2936 2306 3187 2375 dogmata
3237 2305 3488 2378 Origeni-

1916 2404 2127 2452 starum
2146 2396 2561 2454 Palestinorum
2581 2398 2760 2454 saeculi
2789 2398 2928 2457 sexti
2953 2399 3102 2469 ponit
3120 2398 3251 2452 illud
3278 2418 3291 2453 :
3322 2417 3341 2450 ι
3367 2398 3490 2455 Tri-

1919 2489 2146 2545 nitatem
2183 2506 2289 2546 uon
2325 2489 2492 2546 fuisse
2530 2491 2714 2544 mundi
2745 2489 3079 2558 Opiﬁcem/i
3124 2499 3177 2544 et
3226 2489 3489 2545 Justiniao-

1918 2596 2023 2638 nus
2053 2578 2339 2649 Origenem
2367 2581 2718 2649 conqueritur
2747 2579 2943 2634 Filium
2977 2589 3030 2635 et
3073 2580 3331 2650 Spiritum
3356 2596 3489 2636 san-

1920 2684 2065 2730 ctum
2105 2672 2408 2743 appellasse
2449 2671 2795 2743 λειτουργικὰ
2824 2670 2961 2738 ζῶα,
3019 2690 3038 2724 ι
3093 2671 3489 2732 ministratoria

1920 2765 2197 2830 animalia,
2233 2774 2340 2818 aut
2361 2779 2521 2833 supra
2549 2781 2577 2818 a
2619 2779 2705 2817 me
2730 2766 3078 2819 observatum
3109 2773 3212 2819 est.

1992 2852 2135 2909 XlV.
2162 2853 2243 2928 (2)
2277 2854 2505 2910 Easdem
2539 2863 2718 2923 partes
2747 2854 2799 2907 in
2820 2868 2999 2908 rerum
3034 2852 3314 2908 molitione
3348 2868 3483 2907 non-

1922 2944 2054 3001 nulli
2110 2959 2144 3001 θ
2199 2944 2586 3001 vetustioribus
2647 2944 2898 3002 Patribus
2961 2944 3095 2999 Filio
3159 2944 3486 3000 tribuerunt.

1922 3034 2252 3107 Theophilus
2277 3035 2644 3090 Antiochenus
2667 3035 2761 3091 lib.
2792 3051 2831 3090 ιι
2867 3036 2935 3089 ad
2966 3034 3289 3105 Antolycum
3309 3051 3328 3088 :
3352 3033 3490 3088 Τοῦ·-

312 3273 392 3343 (1)
422 3270 725 3343 Clarissime
750 3287 869 3325 vero
902 3272 1222 3343 sententiam
1252 3271 1385 3325 hanc
1427 3272 1683 3343 expressit
1716 3270 1811 3343 liii.
1843 3276 1889 3336 ο
1920 3269 2285 3325 vetustioribus
2319 3263 2568 3322 Patribus
2605 3262 2747 3343 Filio
2784 3261 3098 3343 tribuerunt.
3136 3261 3297 3343 Certe
3325 3275 3354 3316 a
3381 3260 3488 3316 Pa-

238 3356 295 3398 VI
312 3340 494 3397 contra
512 3341 889 3403 Celsum,num.
910 3340 1006 3395 60:
1033 3341 1144 3395 Τὸν
1151 3340 1269 3410 μὲν
1283 3340 1614 3411 προσεχῶς,
1635 3350 1739 3397 etc.
1760 3341 1819 3396 Si

244 3412 473 3466 nimium
505 3412 789 3481 urgeret‘ur
816 3411 905 3465 hic
938 3411 1112 3475 locus,
1148 3412 1276 3466 illud
1301 3410 1479 3479 putius
1505 3413 1557 3465 iu
1585 3410 1817 3481 Origene

238 3480 683 3551 vituperandum
705 3490 874 3545 esset,
907 3482 1049 3551 quod
1108 3482 1160 3534 in
1194 3482 1472 3537 creatione
1522 3481 1644 3551 plus
1675 3480 1818 3537 Filio

242 3549 450 3606 tribuat
471 3566 634 3620 quam
656 3549 835 3605 Patri:
868 3549 989 3604 nam
1024 3551 1166 3605 illius
1181 3553 1274 3621 qui
1308 3561 1458 3621 creat
1486 3549 1665 3620 plures
1693 3567 1814 3606 esse

242 3631 430 3704 partes
446 3619 717 3704 jidentur
741 3621 793 3674 iu
819 3621 1120 3704 creatione,
1147 3619 1308 3704 quam
1336 3619 1496 3704 illius
1517 3622 1606 3689 qui
1636 3621 1812 3704 creari

237 3689 415 3759 jubet.
445 3690 551 3745 Sed
587 3706 693 3744 non
724 3690 919 3746 caluit
945 3689 1161 3759 Origeni
1180 3690 1449 3745 sententia
1478 3704 1616 3747 :-uec
1632 3693 1697 3745 de
1715 3690 1818 3744 Pa-

246 3774 332 3816 tre
361 3761 624 3825 detrahit,
654 3775 776 3815 cum
806 3759 942 3814 Filio
961 3761 1296 3815 creationem
1319 3760 1507 3817 mundi
1536 3762 1837 3822 attribuit;

245 3846 351 3886 nec
381 3832 449 3886 de
495 3830 654 3893 Filio,
686 3844 811 3884 cum
862 3831 1331 3900 omnipotentium.
1396 3846 1502 3900 qua
1554 3830 1813 3884 mundum

244 3902 478 3964 creavit,
504 3901 571 3954 ad
602 3900 815 3955 Patrem
840 3898 1026 3960 refert,
1048 3910 1105 3953 ut
1128 3898 1441 3969 primarium
1476 3899 1810 3958 Creatorem.

244 3970 381 4025 Cum
416 3971 621 4024 diceret
651 3971 840 4040 Celsus
867 3970 1142 4040 indignum
1170 3986 1281 4024 esse
1308 3972 1478 4038 primo
1500 3970 1807 4040 εει-ηιαπίωο

245 4041 361 4094 Deo
380 4041 603 4108 jubere:
642 4038 777 4093 Fiat
801 4042 917 4102 hoc,
954 4038 1160 4109 optime
1213 4040 1503 4108 respondet
1548 4038 1811 4108 Origenes

250 4111 423 4164 Deum
447 4124 550 4164 non
587 4111 743 4165 alicui
776 4110 1022 4164 ministro
1045 4110 1111 4163 ab
1147 4110 1263 4180 ejus
1294 4109 1813 4180 substantia_alieno

249 4182 394 4234 hanc
421 4180 753 4249 provinciam
785 4180 1141 4245 commisisse,
1178 4178 1281 4233 sed
1328 4180 1547 4247 proprio
1588 4178 1727 4232 Filio
1756 4188 1813 4232 et

252 4250 465 4313 Verbo,
488 4251 576 4303 cui
607 4250 787 4303 omnia
820 4250 1058 4303 tradidit.
1095 4249 1272 4303 Locus
1310 4258 1489 4319 autem
1535 4250 1600 4302 ad
1650 4263 1810 4319 quem

251 4319 344 4375 hic
379 4320 631 4373 lectorem
662 4318 1182 4388 dimittitOrigenes,
1214 4328 1395 4373 exstat
1430 4317 1523 4374 lib.
1560 4335 1620 4379 ιι.
1660 4317 1809 4373 num.

251 4392 310 4455 9,
342 4391 428 4460 ubi
464 4391 554 4460 sic,
587 4390 864 4460 loquitur:
911 4391 972 4442 Et
1009 4389 1118 4460 γὰρ
1142 4388 1442 4460 ἐνετείλατο
1470 4389 1498 4440 ὁ
1528 4388 1679 4460 Θεὸς,
1719 4391 1814 4444 καὶ

250 4458 485 4541 ξιιςτῒσθη¹
503 4458 572 4513 τὰ
595 4458 1193 4545 διλμξυργήματαίτςς
1220 4458 1284 4545 ᾷν
1320 4458 1459 4545 uarat
1489 4459 1549 4511 τὸ
1573 4460 1816 4542 ,ἄρεσκον

248 4528 333 4603 aii,
360 4527 681 4603 προφητικῷ
716 4527 991 4603 meum
1026 4529 1167 4603 εἴηοὸ
1201 4529 1317 4603 τὴν,
1356 4527 1700 4603 «namque
1719 4530 1814 4583 τοῦ

248 4599 465 4678 neego;
737 4599 1380 4678 Exuiquiaatfuvqﬂaig,
1414 4599 1445 4668 ἢ
1468 4600 1516 4678 ς),
1538 4600 1623 4653 ἵνα
1646 4599 1818 4678 οξτως

248 4669 523 4743 (recedam,
537 4669 774 4743 ἔμψυχος
790 4669 957 4739 Λόγος
975 4672 1066 4723 καὶ
1084 4669 1312 4739 ἀλήθεια,
1322 4669 1599 4741 τυγχάνων
1618 4669 1815 4743 ςιΝειιιι

251 4742 299 4795 si
334 4742 605 4794 mandavit
624 4742 783 4803 Deus,
809 4753 865 4795 et
884 4742 1116 4794 conditio
1140 4752 1261 4793 sunt
1288 4750 1570 4803 creaturae,
1591 4742 1713 4809 quis
1733 4750 1819 4795 est

252 4812 350 4881 qui
381 4814 685 4866 secundum.
710 4811 1009 4881 prophetici
1043 4811 1277 4878 Spiritus
1311 4813 1657 4873 sententiam,
1698 4820 1817 4864 tau-

253 4892 373 4934 tum
411 4881 720 4935 mandatum
779 4880 1079 4948 adimplere
1112 4882 1397 4949 potuisset,
1426 4893 1622 4949 praeter
1651 4896 1771 4934 eum
1797 4919 1813 4942 ,

253 4950 367 5018 qui.
399 4959 457 5004 ut
500 4954 572 5003 ita
606 4952 807 5015 dicam,
860 4952 1159 5005 animatum
1221 4950 1478 5014 Verbum,
1512 4962 1567 5005 et
1613 4952 1817 5005 veritas

251 5021 372 5075 est?
406 5039 425 5072 ι
470 5018 585 5075 Huc
619 5022 921 5091 ergoiredit
970 5029 1082 5075 tota
1126 5019 1375 5090 Origenis
1423 5022 1814 5076 ratiocinatio:

252 5090 721 5161 Quemadmodum
745 5090 907 5146 Patre
937 5090 1215 5161 indignum
1250 5104 1354 5144 non
1378 5100 1462 5145 est
1489 5091 1626 5146 Filio
1648 5108 1819 5161 man-

252 5160 390 5215 tlare
419 5170 476 5214 ut
502 5162 757 5215 mundum
791 5171 967 5225 creet,
1011 5160 1139 5229 quia
1197 5162 1448 5230 proprius
1491 5162 1609 5227 eius
1643 5160 1817 5216 Filius

253 5243 365 5293 est,
393 5246 455 5284 ac
485 5232 757 5298 proprium
791 5231 1058 5296 Verbum;
1102 5233 1173 5286 ita
1204 5247 1301 5287 nec
1333 5231 1470 5284 Filio
1502 5232 1815 5285 iudecormn

257 5301 511 5371 mandata
567 5300 741 5355 Patris
785 5316 1098 5369 capessere,
1147 5303 1275 5371 quia
1310 5300 1464 5354 nulla
1493 5316 1579 5355 res
1632 5311 1814 5371 creata

252 5370 519 5434 ejusmodi
545 5373 794 5424 mamlata
824 5372 1117 5439 adimplere
1156 5371 1530 5438 pctuisset.-—
1555 5371 1616 5425 D.
1647 5370 1813 5424 Prud.

255 5439 446 5510 hieran
484 5440 557 5510 De
579 5440 790 5510 diuinis.
808 5441 1004 5495 Christi
1039 5442 1135 5495 lib.
1164 5455 1404 5510 Iv,rcap.
1435 5439 1523 5501 1'6.
1564 5457 1709 5494 ιιιιιιι.
1759 5440 1815 5494 6.

257 5508 400 5565 Vale
430 5520 486 5581 et
513 5509 1009 5581 BullumﬂDefens,
1034 5512 1165 5579 ﬁdei
1216 5508 1447 5581 Nician,
1475 5515 1541 5565 de
1591 5511 1709 5581 Filii
1738 5510 1817 5581 τῷ

253 5578 549 5653 δειοουσίῳ,
578 5580 782 5653 cap._5,
814 5578 962 5636 num.
987 5578 1044 5646 6,
1068 5588 1123 5635 et
1146 5594 1265 5649 cap.
1292 5580 1347 5653 ξ),
1374 5596 1521 5653 num.
1555 5580 1642 5645 10,
1665 5578 1818 5651 cujus

254 5650 668 5721 observationes
702 5651 755 5706 in
787 5661 912 5705 nota
956 5662 1214 5721 sequente
1243 5650 1582 5706 adducimus.

336 5719 414 5792 ιε)
446 5719 670 5777 Easdem
706 5730 879 5791 partes
907 5722 964 5778 in
1003 5719 1176 5777 rerum
1208 5721 1475 5778 molitione
1506 5722 1746 5780 nonnulli
1788 5741 1816 5781 e

1928 3350 2007 3395 tre
2029 3351 2284 3408 tanquam
2316 3351 2529 3408 summo
2583 3334 2774 3405 opifice
2818 3335 2972 3408 quasi
3028 3332 3347 3401 imperante,
3393 3347 3493 3402 per

1924 3410 2120 3465 Filium
2141 3403 2345 3477 —Patris
2374 3403 2673 3477 iussionem
2714 3419 2779 3477 ac
2825 3403 3156 3477 voluntatem
3188 3416 3488 3477 exsequen-

1926 3489 2057 3542 tem,
2087 3488 2269 3535 creata
2299 3476 2463 3530 luisse
2484 3475 2687 3538 omnia,
2711 3475 2845 3527 adeo
2872 3474 3131 3527 Arianum
3159 3486 3264 3526 non
3293 3474 3393 3535 est,
3433 3482 3492 3526 ut

1923 3551 2089 3603 etiam
2124 3546 2373 3602 catholici
2404 3547 2656 3600 doctores
2700 3544 2793 3613 qui
2825 3553 2945 3612 post
2980 3542 3273 3613 concilium,
3322 3543 3491 3595 Nice-

1922 3635 2053 3674 num
2078 3618 2350 3680 vixerunt,
2376 3617 2581 3684 quique
2607 3612 2819 3684 Arianae
2850 3613 3078 3684 haeresis
3104 3612 3354 3684 acerrimi
3391 3612 3489 3665 im.

1922 3698 2252 3759 pugnatores
2276 3680 2445 3759 fuere,
2471 3680 2668 3759 passim
2706 3683 2918 3759 illudin
2968 3682 3190 3759 scriptis
3217 3680 3489 3759 afﬁrmare

1922 3748 2028 3814 hor.
2057 3758 2168 3812 sint
2200 3757 2381 3811 veriti.
2401 3748 2729 3809 Athanasius
2765 3754 2818 3806 in
2847 3752 2938 3805 lib.
2978 3750 3053 3805 De
3072 3748 3289 3806 decretis
3316 3748 3491 3804 Nico:-

1920 3846 2001 3882 me
2026 3827 2233 3900 synodi,
2268 3827 2379 3881 haec
2409 3828 2475 3880 de
2504 3824 2709 3900 psalmo
2729 3836 2930 3900 mani
2943 3839 2963 3874 s
2990 3819 3108 3890 Ipse
3129 3821 3408 3900 mandavit
3434 3829 3491 3875 et

1923 3890 2106 3952 cresia
2136 3890 2281 3959 sunt,
2313 3914 2332 3947 ι
2377 3890 2601 3965 exponit
2646 3894 2762 3965 sic.
2786 3903 2848 3965 ut
2892 3890 3109 3965 Patrem
3167 3890 3301 3965 Filio
3331 3906 3488 3965 man:

1915 3970 2073 4022 dasse
2097 3967 2261 4021 velit:
2303 3959 2593 4029 Ἐνόςὲστι
2631 3961 2786 4034 Θεοῦ,
2820 3962 2896 4025 ὡς
2934 3959 3387 4034 χειρὶ-χρωμένου
3407 3960 3488 4034 τῷ

1917 4038 2032 4112 ἰδίῳ
2060 4037 2444 4112 Αόγῳηκαὶᾼὲν
2475 4034 2621 4112 οευτξι
2638 4032 2915 4096 ποιοῦντος
3023 4029 3238 4085 eavea.
3259 4048 3277 4081 ι
3317 4029 3487 4110 Unius

1916 4100 2042 4162 sutit
2084 4100 2201 4170 De],
2226 4100 2437 4175 inquit,
2475 4100 2663 4175 Verbo
2690 4119 2786 4158 suo
2842 4103 3212 4175 quasi_m_anu
3236 4100 3486 4175 __prop_ria

1919 4178 2140 4241 utentis,
2167 4187 2223 4230 et
2259 4170 2399 4229 iu'en
2432 4174 2611 4228 omnia
2644 4170 2918 4227 facientis.
2954 4191 2972 4223 ι
3005 4171 3209 4225 Eodem
3236 4170 3377 4241 libro
3404 4171 3487 4224 in-

1917 4247 2000 4301 l'ra
2034 4266 2089 4302 τι
2129 4238 2339 4301 Etenim
2364 4246 2533 4299 Filius
2571 4244 2685 4308 Dei,
2719 4244 2912 4312 inquit,
2942 4253 3000 4296 ut
3049 4256 3116 4297 ex
3154 4241 3286 4312 ipsis
3334 4238 3489 4312 Scri-

1921 4318 2095 4398 pturis
2124 4326 2292 4398 patet,
2324 4318 2436 4389 ipse
2459 4326 2542 4398 est
2573 4315 2678 4398 Dei»
2700 4310 2973 4398 Vetv'liu'r‘n,

1923 4381 2211 4456 imago,'et
2242 4381 2450 4443 manus.
2485 4394 2542 4436 ct
2581 4385 2772 4456 virtus.
2796 4400 2829 4456 Δι
2868 4381 2967 4437 Ubi
3011 4396 3128 4456 non
3156 4382 3337 4456 minus
3362 4391 3489 4447 apte

1852 4446 1896 4503 Ι)
1923 4446 2119 4510 Filium
2182 4464 2339 4511 vocat
2396 4470 2611 4507 manum
2654 4453 2856 4514 Putris,
2897 4466 3058 4520 quam
3088 4449 3328 4504 Ecclesia
3363 4446 3487 4502 eum

1920 4527 2153 4596 appellat
2182 4526 2458 4579 Dexteram
2509 4523 2625 4596 Dei,
2648 4533 2705 4596 _et
2742 4523 3010 4596 Spiritum
3037 4520 3486 4596 sanctum_nomi-

1923 4587 2017 4651 ιιὶιὶ
2049 4595 2287 4665 Digitum
2324 4597 2522 4647 dextra:
2550 4593 2680 4665 Δυεὶ,
2740 4587 2922 4665 ιη’ρΙΙο
2949 4592 3158 4665 hymno
3175 4587 3488 4665 celebratis.-

1920 4669 2061 4720 simo
2086 4655 2273 4722 :vifeni
2309 4664 2524 4717 (ἔκαιον
2540 4661 2789 4731 Spiritus.
2808 4655 3113 4731 Orientales
3147 4660 3200 4712 in
3226 4655 3485 4731 Exemplo

1918 4738 2042 4804 ﬁdei
2065 4744 2257 4791 contra
2283 4729 2912 4804 Photiuum’liaareticum
2937 4750 2977 4804 :_
2997 4749 3038 4804 r_
3056 4729 3121 4783 Et
3139 4731 3371 4804 iterum,
3405 4730 3488 4804 in-

1918 4797 2130 4876 quiunt,
2158 4804 2544 4876 continuantes
2577 4801 2979 4876 Christianismi
3028 4797 3484 4876 intellectttm__di-

1918 4867 2136 4931 cimus}
2175 4873 2443 4940 Quoniam
2492 4872 2535 4926 si
2574 4873 2697 4942 quis
2747 4873 3020 4942 Christum
3063 4870 3247 4942 Deum
3285 4867 3485 4942 Filium

1920 4947 2012 5001 Dei
2043 4937 2393 4999 autesaecula
2424 4937 2814 4997 subsistentem
2843 4951 2898 4996 et
2942 4941 3344 4995 ministrantem
3382 4937 3487 4991 Pa-

1920 5016 1988 5071 tri
2013 5017 2078 5070 ad
2108 5015 2352 5075 omnium
2390 5012 2779 5083 perfectionem
2815 5028 2917 5083 non
2949 5013 3129 5076 dicat;
3160 5010 3254 5063 sed
3284 5022 3487 5083 (isquo

1918 5087 1985 5142 de
2017 5086 2187 5145 Maria
2242 5078 2404 5138 natus
2446 5094 2551 5148 est,
2579 5099 2643 5136 ex
2694 5096 2758 5135 eo
2789 5093 2841 5136 et
2875 5082 3149 5135 Christum
3184 5092 3239 5135 et
3290 5078 3486 5135 Filium

1916 5159 2254 5212 nominatum
2282 5170 2423 5221 esse,
2469 5165 2523 5209 et
2556 5154 2770 5225 initium
2807 5153 3190 5225 accepissent
3240 5150 3311 5205 sit
3341 5150 3487 5225 petis

1916 5228 2081 5292 dicat,
2135 5219 2423 5281 anathema
2455 5225 2546 5278 sit.
2602 5243 2620 5276 ι
2685 5220 2886 5277 Marius
2924 5219 3055 5278 item
3105 5220 3291 5278 Victor
3343 5219 3486 5277 libro

1917 5299 2089 5367 primo
2114 5297 2188 5351 De
2214 5312 2384 5351 rerum
2413 5295 2677 5367 creatione
2708 5310 2726 5348 :

1989 5366 2120 5439 Quo:
2158 5369 2440 5421 mandante
2467 5365 2577 5439 Deo
2606 5381 2723 5418 cum
2750 5364 2934 5439 plenus
2971 5374 3141 5419 ments
3170 5361 3416 5417 Parentis

1985 5436 2159 5491 Filius
2187 5440 2507 5506 omnipotens
2532 5434 2772 5506 faceret."

1989 5507 2189 5563 Eodem
2214 5501 2462 5577 spectant
2490 5501 2555 5560 et'
2589 5506 2675 5559 iHa
2718 5505 2968 5577 Prosperi
3006 5506 3056 5559 iu
3090 5501 3479 5577 Commentario

1916 5582 1987 5634 ad
2029 5574 2288 5647 psalmum
2357 5592 2557 5647 CXLVIII
2592 5595 2611 5637 ε,
2661 5593 2679 5625 ι
2715 5575 2834 5647 ipse
2893 5574 3164 5647 inundavit
3195 5583 3480 5647 et__t-.reata

1917 5640 2041 5706 sunt
2065 5664 2080 5703 :
2111 5649 2263 5714 Quod
2289 5650 2425 5702 enim
2445 5646 2584 5701 Deus
2607 5640 2755 5708 dicit,
2797 5643 2957 5699 Verbo
2981 5646 3146 5697 dicit:
3174 5652 3223 5696 et
3262 5640 3483 5694 Verbum

1916 5737 2008 5791 per
2040 5719 2178 5792 quod
2207 5718 2349 5790 facta
2374 5727 2494 5776 sunt
2518 5716 2717 5787 omnia,
2748 5720 3059 5771 mandatum
3084 5714 3303 5769 dicentis
3332 5726 3482 5767 (xu-
