3870 6220
409 302 517 359 759
1691 297 1751 353 P.
1797 292 2117 352 DANIELlS
2156 288 2394 348 HUET"
3571 277 3684 334 760

403 443 497 480 τον
531 425 623 479 τὸν
651 423 824 492 Λόγον
860 421 1017 494 ἔσχεν
1047 420 1099 490 (ὁ
1131 418 1283 491 Θεὸς)
1321 420 1595 492 ὑπουργὸν
1633 420 1743 474 τῶν
1774 419 1863 472 ὑπ’
1886 419 1984 470 αὑ-

2094 414 2278 468 luntati
2312 410 2545 466 servire.
2581 427 2599 458 ι
2637 406 2875 461 lrcnteus
2895 401 2989 456 lib.
3033 416 3114 467 ιιι,
3142 415 3259 470 cap.
3292 398 3325 454 8
3357 419 3370 453 :
3408 417 3428 449 α
3454 398 3558 454 Cui
3589 414 3683 455 er-

404 517 497 572 τοῦ
528 515 930 588 γεγενημένων,
949 514 1045 568 καὶ
1069 513 1136 566 δι’
1166 512 1330 567 αὐτοῦ
1357 514 1426 566 τὰ
1452 512 1628 567 πάντα
1656 512 1973 585 πεποίηκεν.

410 629 428 658 ε
462 608 575 663 11οε
627 606 866 680 Verbum
922 604 1112 660 habuit
1145 605 1333 675 (Deus)
1386 605 1692 659 ministrum
1750 618 1976 673 operum

403 714 649 765 suorum,
685 710 740 753 et
766 698 947 752 omnia
975 714 1073 768 per
1105 698 1279 767 ipsum
1309 695 1456 750 fecit.
1490 714 1508 746 ι
1544 694 1681 749 Tum
1712 695 1980 751 inferius:

416 789 605 843 Ὁπότε
633 788 688 842 δὲ
710 788 965 858 ὲθέλησεν
998 790 1025 841 ό
1056 785 1187 849 Θεὸς
1213 785 1437 854 ποιῆσαι
1469 785 1567 838 ὅσα
1606 783 1983 851 ἐϐουλεύσατο,

404 877 594 932 τοῦτον
618 877 708 932 τὸν
733 878 905 945 Λόγον
928 876 1187 947 ἐγέννησε
1216 876 1565 947 προφορεκόν.
1589 894 1607 926 ι
1633 874 1858 940 Quando
1890 890 1987 929 au-

406 980 513 1024 tem
558 969 731 1024 voluit
770 970 911 1024 Deus
947 968 1131 1022 facere
1167 982 1508 1035 qtttecunqtte
1558 965 1983 1031 deliberaverat,

409 1064 511 1116 hoc
550 1060 786 1116 Verbum
836 1062 1023 1133 genuit
1074 1060 1437 1130 prolatitium.
1467 1079 1485 1109 ι
1526 1059 1590 1114 Et
1621 1059 1781 1127 paulo
1813 1068 1934 1128 post
1967 1074 1983 1113 :

406 1153 539 1218 Θεὸς
566 1147 660 1208 οὖν
689 1151 765 1205 ὣν
790 1153 818 1205 ὁ
846 1152 1038 1223 Λόγος,
1068 1153 1161 1207 καὶ
1194 1154 1258 1205 ἐκ
1299 1149 1435 1204 Θεοῦ
1473 1149 1753 1219 πεφυκὼς,
1786 1150 1987 1204 ὁπόταν

410 1244 665 1317 βούληται
686 1247 714 1298 ό
743 1246 932 1319 Πατὴρ
970 1246 1080 1299 τῶν
1107 1245 1265 1309 ὅλων,
1298 1243 1511 1313 πέμπει
1558 1243 1720 1297 αὑτὸν
1751 1242 1832 1306 εἰς
1868 1260 1989 1296 τινα

407 1335 594 1393 τόπον.
628 1354 647 1388 t
674 1335 809 1391 Cum
864 1353 994 1407 ergo
1059 1336 1202 1391 Deus
1242 1336 1311 1389 sit
1345 1332 1609 1398 Verbum,
1651 1343 1705 1389 et
1755 1349 1822 1388 ex
1878 1334 1989 1389 Deo

408 1435 732 1494 prognatus,
763 1426 1203 1498 quotiescunque
1244 1426 1356 1480 vult
1384 1425 1547 1480 Pater
1580 1426 1988 1494 universorum,

410 1515 580 1569 mittit
608 1532 731 1570 enm
775 1518 827 1571 in
869 1518 1047 1573 locum
1100 1519 1361 1589 aliquem.
1387 1537 1406 1571 ι
1440 1518 1688 1573 Justinus
1748 1518 1801 1573 in
1858 1517 1992 1572 Dia-

409 1606 526 1675 logo
573 1622 691 1659 cum
725 1605 1000 1675 Tryphone
1028 1626 1047 1662 :
1076 1599 1246 1672 Οὗτος
1284 1611 1313 1662 ό
1344 1608 1529 1677 ὀφθεὶς
1561 1611 1675 1673 τοῖς
1708 1608 1991 1682 ’πατριάρ-

408 1714 533 1768 χαις
565 1697 852 1769 λεγόμενος
874 1698 1025 1763 Θεὸς,
1063 1699 1157 1754 καὶ
1186 1699 1450 1768 Ἀγγελος
1478 1701 1571 1752 καὶ
1604 1699 1807 1773 Κύριος
1835 1701 1989 1771 λέγε-ι

2092 523 2160 580 go
2192 502 2483 576 praecepit?
2517 500 2694 557 Verbo
2718 497 2949 561 scilicet,
2982 511 3079 564 per
3112 494 3281 565 quod.
3313 492 3511 561 inquit,
3540 490 3679 546 celi

2085 597 2285 655 ﬁrmati
2320 604 2480 658 sunt;
2514 613 2531 645 ι
2559 601 2614 647 ει
2641 591 2739 645 lib.
2771 603 2847 649 tv,
2877 603 2995 658 cap.
3030 586 3095 640 Π
3129 602 3143 638 :
3181 604 3200 636 ι
3230 582 3501 637 Ministrat
3524 581 3677 637 enim

2084 692 2133 746 ei
2160 688 2359 759 (Patri)
2392 686 2459 740 ad
2489 684 2669 739 omnia
2703 697 2799 737 sua
2834 680 3152 751 progenies,
3178 686 3234 732 et
3265 675 3515 745 figuratio
3546 689 3677 741 sua,

2087 782 2140 837 id
2204 790 2288 834 est
2352 778 2519 834 Filius
2562 783 2619 831 et
2642 773 2877 844 Spiritus
2914 782 3158 833 sanctus,
3198 765 3432 823 Ve‘rbum
3460 774 3517 821 et
3568 766 3676 821 Sa-

2087 875 2331 946 pientia,
2371 872 2571 941 quibus
2610 868 2850 923 serviunt
2911 875 2967 920 et
3013 861 3241 930 subjecti
3294 869 3420 915 sunt
3478 874 3678 913 omnes

2092 965 2293 1036 angeli.
2325 983 2345 1015 ι
2385 959 2636 1030 Episcopi
2691 973 2787 1012 sex
2836 955 3192 1011 Antiochenze
3241 951 3432 1023 synodi
3459 952 3516 1004 in
3551 949 3675 1019 epi-

2090 1058 2229 1115 stola
2263 1056 2327 1111 ad
2359 1054 2585 1109 Paulmn
2628 1052 3045 1106 Samosatenum
3098 1056 3391 1115 antequam
3432 1044 3675 1112 depone-

2088 1159 2240 1203 retur
2266 1162 2280 1199 :
2310 1145 2509 1200 Τοῦτον
2531 1144 2624 1198 τὸν
2648 1142 2778 1196 Υἱὸν
2808 1139 3139 1209 πιστεύομεν
3167 1138 3267 1190 σὺν
3287 1135 3366 1206 τῷ
3386 1135 3565 1206 Πατρὶ
3585 1133 3675 1188 ἀεὶ

2088 1240 2217 1294 ὄντα
2243 1238 2484 1308 ἔκπεπλη
2495 1236 2727 1309 ρωκέναι
2754 1234 2814 1286 τὸ
2848 1231 3109 1303 πατρικὸν
3138 1229 3382 1301 βούλημα
3406 1229 3545 1301 πρὸς
3575 1226 3674 1299 τὴν

2092 1331 2270 1385 κτίσιν
2291 1329 2400 1384 τῶν
2430 1329 2587 1382 ὅλων.
2632 1344 2651 1377 ε
2682 1326 2835 1380 llnnc
2874 1321 3120 1395 (Filium)
3157 1323 3429 1377 credimus
3456 1336 3677 1390 semper

2101 1423 2459 1477 exsistentem
2506 1434 2629 1475 cum
2696 1416 2860 1472 Patre
2899 1415 3207 1487 implevisse
3246 1414 3536 1469 Paternam
3579 1429 3674 1469 vo-

2093 1514 2358 1570 luntatem
2389 1513 2457 1568 ad
2497 1510 2833 1568 creationem
2881 1509 3323 1564 universorum.»
3382 1509 3562 1577 Atque
3604 1522 3671 1562 ex

2093 1608 2196 1663 hoc
2231 1608 2481 1678 dogmate
2527 1604 2874 1660 occasionem
2925 1604 3176 1656 videntur
3207 1602 3466 1656 habuisse
3511 1600 3675 1656 Arius

2092 1711 2147 1754 et
2173 1700 2381 1763 Aetius,
2407 1714 2508 1753 cur
2554 1696 2854 1752 creationis
2888 1710 3068 1750 rerum
3100 1695 3313 1748 Patrem
3353 1692 3677 1761 primariam

406 1807 518 1853 ται,
551 1789 637 1844 ἵνα
668 1792 762 1844 καὶ
788 1792 850 1844 ἐκ
877 1791 1082 1845 τούτων
1117 1792 1384 1861 ὲπιγνῶτε
1419 1792 1580 1847 αὑτὸν
1614 1793 1987 1866 ὑπηρετοῦντα

2094 1806 2214 1846 esse
2261 1804 2502 1853 causam,
2542 1788 2961 1841 instrumentum
3013 1801 3143 1838 vero
3188 1783 3381 1839 Filium
3428 1782 3679 1846 arbitra.

406 1881 485 1952 τῷ
510 1882 619 1935 τῶν
651 1884 787 1936 ὅλων
818 1884 1013 1956 Πατρί.
1040 1902 1061 1933 ι
1088 1884 1190 1938 Iste
1224 1885 1314 1953 qui
1347 1885 1674 1954 patriarchis
1710 1887 1857 1941 visus
1883 1896 1985 1951 est,

406 1981 462 2025 et
515 1973 714 2027 dicitur
768 1974 927 2036 Deus,
962 1982 1017 2027 et
1048 1973 1307 2042 Angelus,
1347 1984 1403 2028 et
1437 1975 1696 2028 Dominus
1752 1974 1989 2043 appella-

410 2076 535 2130 tur;
567 2073 626 2119 ut
651 2081 717 2119 ex
742 2066 824 2119 his
844 2080 1058 2136 quoque
1077 2065 1390 2135 intelligatis
1409 2065 1580 2135 ipsum
1608 2065 1754 2120 Patri
1775 2066 1988 2120 univer-

406 2168 589 2207 sttrum
619 2154 956 2220 ministrare;
985 2174 1004 2207 ι
1046 2164 1101 2210 ει
1138 2156 1247 2211 alio
1270 2155 1387 2209 loco
1420 2172 1434 2207 :
1462 2155 1541 2207 Δι’
1582 2148 1659 2210 ὧν
1708 2157 1983 2210 ἀποδέδει-

406 2263 532 2301 κται
553 2246 659 2300 ὑπὸ
683 2247 761 2318 τῷ
790 2247 961 2317 Πατρὶ
976 2248 1069 2300 καὶ
1093 2247 1284 2318 Κυρίῳ
1307 2248 1659 2319 τεταγμένος,
1677 2250 1770 2301 καὶ
1790 2250 1990 2321 ὑπηρε-

407 2336 515 2389 τῶν
542 2339 606 2408 τῇ
644 2336 807 2409 βουλῇ
856 2337 1045 2395 αὐτοῦ.
1074 2328 1111 2390 Δι
1138 2338 1240 2393 Ρει·
1268 2354 1387 2408 quae
1439 2340 1870 2395 demonstratum
1902 2352 1985 2396 est

410 2427 553 2481 Patri
594 2438 650 2483 et
681 2428 909 2483 Domino
944 2428 1250 2498 subjectum
1282 2447 1404 2487 esse
1433 2432 1629 2502 ipsum,
1662 2448 1726 2487 ac
1758 2432 1873 2501 ejus
1895 2448 1987 2489 vo-

409 2608 609 2675 quitur.
658 2625 675 2656 ι
712 2605 1082 2677 scriptoribus
1108 2603 1214 2661 illis
1257 2608 1384 2659 libet
1418 2609 1506 2662 hic
1531 2625 1695 2663 unum
1723 2608 1988 2662 llilarinm

410 2677 725 2758 adiungere.
750 2680 840 2746 qui
880 2679 931 2731 in
958 2680 1099 2758 libro
1129 2694 1181 2758 tv
1209 2678 1280 2731 De
1312 2679 1571 2758 Trinitate
1595 2696 1761 2758 agens
1786 2682 1852 2758 de
1876 2696 1989 2758 ver-

410 2746 497 2801 bis
523 2746 629 2800 illis
658 2746 858 2807 Cenes.
888 2764 901 2800 ι
934 2767 947 2802 :
1003 2768 1021 2800 ι
1058 2747 1348 2802 Faciamus
1382 2746 1655 2803 hominem
1694 2749 1759 2803 ad
1796 2751 1990 2817 imagi-

414 2831 538 2870 nem
582 2826 842 2887 nostrain.
876 2836 894 2869 ι
935 2829 1069 2883 ειε.,
1108 2820 1187 2872 sic
1219 2818 1502 2885 loquitur:
1541 2838 1558 2869 ι
1597 2818 1701 2873 Ρει·
1753 2820 1806 2875 id
1845 2821 1988 2887 quod

412 2887 615 2941 dictum
647 2898 752 2951 est,
784 2886 1076 2941 Faciamus
1102 2888 1387 2951 hominem,
1413 2905 1477 2941 ex
1509 2903 1574 2941 eo
1606 2890 1761 2956 origo
1793 2886 1897 2956 est,
1921 2905 1989 2943 ex

412 2971 518 3024 quo
548 2958 689 3028 capit
716 2968 767 3011 et
799 2971 1009 3011 sermo:
1037 2960 1087 3012 in
1111 2973 1176 3011 eo
1203 2973 1332 3012 vero
1356 2960 1498 3027 quod
1533 2959 1674 3013 Deus
1693 2960 1760 3014 ad
1794 2960 1991 3028 imagi-

411 3041 534 3082 nem
552 3026 641 3080 Dei
664 3026 794 3081 facit
811 3028 1105 3091 hominem,
1127 3026 1469 3097 significatur
1482 3031 1646 3083 etiam
1662 3031 1709 3083 is
1722 3044 1817 3098 per
1829 3026 1988 3098 quem

411 3108 824 3174 coiismnmatnr
852 3100 1117 3174 operatio.
1145 3099 1237 3174 tEt
1263 3098 1421 3167 paulo
1451 3109 1570 3168 post
1600 3116 1613 3151 :
1645 3119 1664 3149 ο
1686 3100 1740 3174 In
1761 3114 1826 3152 eo
1847 3100 1988 3167 quod
2018 3117 2063 3174 ο

412 3166 632 3238 dicitur,
668 3165 979 3230 Faciamus,
1004 3180 1063 3223 et
1084 3165 1273 3238 jussio‘
1292 3165 1612 3235 exsequatur
1637 3178 1688 3222 ct
1708 3165 1941 3222 factum.
1966 3188 1985 3221 ›

414 3235 480 3292 Et
509 3253 632 3290 mox
656 3238 847 3291 iterum
871 3240 938 3294 de
964 3235 1241 3307 Sapientia
1280 3239 1395 3292 sive
1425 3238 1563 3292 Filio
1593 3238 1684 3292 Dei
1714 3239 1860 3293 Patri
1891 3254 1992 3293 suo

417 3308 756 3378 aggaudente
774 3309 824 3362 in
848 3309 1144 3363 creationis
1163 3309 1439 3378 operibus,
1462 3309 1574 3362 liter.
1594 3309 1790 3364 habet:
1818 3327 1837 3360 ο
1862 3309 1996 3365 Cau-

415 3391 530 3449 sam
547 3377 741 3449 laetitiae
755 3394 863 3433 suae
882 3379 1158 3449 Sapientia
1178 3377 1391 3433 docuit:
1415 3379 1696 3449 laetabatur
1722 3389 1900 3433 autem
1925 3380 1995 3435 ob

413 3445 653 3501 laetitiam
674 3447 867 3518 Patris
902 3445 1308 3518 in'perfectione
1336 3449 1518 3503 mundi
1565 3458 1630 3518 et,
1652 3448 1705 3502 in
1737 3449 1861 3503 liliis
1893 3450 1996 3504 lio-

414 3518 619 3589 mitium
672 3517 921 3573 lzetantis.
968 3517 1239 3589 Scriptum
1270 3520 1528 3589 estienim
1556 3533 1569 3570 :
1596 3517 1662 3572 Et
1687 3519 1812 3572 vidit
1855 3520 1994 3575 Deus

414 3587 543 3655 quia
584 3587 718 3640 bona
767 3600 887 3642 sunt
923 3587 1152 3658 (ϐεηζι,
1194 3589 1306 3651 lli).
1355 3588 1578 3643 Placere
1634 3589 1780 3644 Patri
1827 3604 1991 3655 opera

420 3672 518 3729 sua
554 3660 770 3729 gaudet,
800 3673 897 3728 per
920 3676 979 3714 se
1008 3674 1071 3713 ex
1098 3668 1364 3729 praecepto
1397 3660 1513 3729 ejus
1550 3659 1760 3715 elfecta.
1795 3679 1813 3712 ιν
1847 3659 1992 3714 Sane

421 3726 468 3780 si
506 3727 551 3782 is
579 3727 669 3796 qui
700 3726 899 3783 dixerit
936 3726 1176 3791 Patrem,
1207 3726 1311 3798 qua
1346 3726 1509 3784 Pater
1537 3741 1639 3792 est,
1676 3732 1991 3798 primarium

417 3812 538 3863 esse
577 3799 757 3853 mundi
791 3799 1065 3868 opificem,
1098 3800 1188 3869 qui
1228 3801 1343 3853 Ιιίεε
1382 3800 1631 3855 universa
1676 3816 1769 3869 per
1798 3800 1990 3853 Filium

418 3883 576 3937 suum
607 3870 933 3933 condiderit,
970 3886 1065 3937 pro
1109 3871 1311 3923 Ariano
1342 3871 1622 3924 habendus
1657 3881 1774 3931 est,
1807 3870 1897 3923 vix
1925 3870 1993 3923 ab

417 3935 724 4011 Arianismi
754 3938 874 3995 labe
915 3935 1079 4011 purus
1127 3941 1232 3993 erit
1274 3940 1386 4010 ipse
1432 3938 1628 3994 Paulus
1671 3941 1721 3994 in
1752 3942 1926 4007 Epist.
1960 3939 1991 3993 Ι

418 4009 489 4062 ad
518 4007 790 4079 Corinth,
823 4007 942 4079 cap.
972 4010 1027 4071 8,
1065 4026 1209 4063 vers.
1241 4007 1393 4076 6,'de
1423 4011 1687 4078 partibus,
1722 4021 1779 4064 ut
1809 4013 1878 4063 ita
1910 4011 1992 4064 lo-

420 4092 580 4147 quar,
615 4077 792 4133 Patris
822 4077 1029 4134 et‘Filii
1061 4080 1111 4133 in
1156 4096 1332 4134 rermn
1368 4077 1642 4135 creatione
1673 4091 1727 4134 et
1764 4096 1990 4134 renova-

421 4149 567 4203 tione
583 4148 942 4205 sicdisserens
976 4170 987 4204 :
1018 4150 1185 4204 Nobis
1204 4168 1335 4203 unus
1362 4159 1436 4203 est
1458 4149 1596 4204 Deus
1628 4150 1807 4210 Pater.
1842 4168 1991 4218 aqua

421 4219 619 4283 omnia,
662 4228 711 4271 et
745 4236 836 4273 nos
866 4225 919 4273 in
940 4222 1051 4288 ipso
1074 4238 1092 4273 :
1115 4232 1160 4273 et
1196 4238 1330 4274 unus
1370 4220 1623 4275 Dominus
1653 4220 1808 4274 Jesus
1836 4220 1990 4274 Cliti-

418 4304 675 4358 sms,_per
696 4307 847 4358 quem
889 4292 1088 4356 omnia,
1116 4303 1161 4344 et
1199 4308 1291 4344 nos
1324 4308 1415 4357 per
1462 4293 1652 4358 ipsum.
1685 4291 1818 4343 Nam
1861 4293 1986 4346 illttd

421 4359 490 4426 ei
514 4356 599 4421 οὗ.
635 4378 664 4412 a
686 4356 813 4426 quo,
836 4375 1058 4415 causam
1087 4356 1331 4428 primam
1350 4356 1608 4414 denotare
1637 4362 1984 4414 manifestum

418 4443 528 4484 est.
563 4430 714 4486 Unde
742 4439 794 4482 et
828 4429 1140 4485 Theodorus
1176 4431 1310 4483 Beza
1350 4431 1415 4483 ad
1458 4432 1634 4484 locum
1676 4432 1789 4485 haec
1815 4431 1981 4485 adno-

421 4473 542 4556 iait":
567 4473 1061 4554 ἵόἅπῖῬὶῖἔὲἴ
1081 4473 1634 4570 ’ὲἰιῖῐ›”ῖιῖειιῖιεὶἧῖιῖἶ,’
1660 4473 1982 4567 ιὶΪΓρῑῇἰὲῖ-
2012 4473 2059 4529 υ

419 4572 569 4643 pium
608 4570 941 4643 tribuitur.)
978 4570 1198 4643 Sciﬂeet
1228 4573 1340 4643 haec
1374 4572 1551 4643 omnia
1594 4570 1814 4624 omnino
1843 4570 1987 4643 rc_fe-

420 4640 588 4695 renda
635 4648 761 4692 sunt
792 4641 858 4693 ad
890 4641 1037 4694 illam
1068 4640 1185 4693 Filii
1213 4641 1710 4694 subordinationetn
1745 4656 1854 4708 qua
1887 4640 1987 4694 Pa-

425 4713 492 4763 tri
524 4721 581 4764 ut
626 4711 834 4764 auctori
878 4726 975 4765 suo
1004 4710 1115 4779 (hic
1162 4712 1354 4763 iterum
1400 4710 1530 4778 ipsis
1562 4710 1751 4764 Hilarii
1803 4711 1987 4765 verbis

422 4783 570 4847 utor)
595 4779 869 4848 subjectus
898 4792 1002 4835 est.
1037 4780 1172 4845 Quid
1198 4780 1340 4848 quod
1368 4779 1421 4832 in
1457 4781 1572 4849 ipso
1602 4780 1858 4850 Symbolo
1892 4779 1986 4834 Ni—

423 4864 575 4904 caeno
609 4852 829 4904 credere
848 4850 1119 4918 jubemur,
1154 4852 1325 4919 primo
1357 4869 1375 4900 ι
1407 4850 1460 4905 in
1491 4868 1651 4904 unum
1688 4851 1851 4904 Deum
1884 4851 1985 4904 Pa-

426 4930 569 4974 trem
599 4920 1051 4989 omnipotentem,
1087 4922 1328 4974 onmium
1370 4920 1662 4975 visibilium
1697 4930 1751 4974 et
1798 4920 1989 4975 invisi-

423 4990 615 5045 bilium
647 4988 959 5045 Creatorem
995 5007 1008 5042 :
1038 5010 1059 5043 ι
1102 4992 1314 5054 deinde,
1350 5008 1369 5041 ι
1392 4992 1443 5043 in
1473 5007 1637 5044 unum
1699 4990 1985 5045 Dominum

427 5056 610 5130 Iesum
642 5060 938 5124 Christum,
966 5071 1096 5125 etc.,
1115 5077 1210 5130 per
1238 5074 1396 5129 quem
1425 5063 1605 5115 omnia
1638 5062 1779 5115 facta
1798 5073 1979 5116 suum

430 5127 503 5200 fit
538 5131 721 5199 paucis
747 5146 858 5182 rem
894 5141 1060 5184 totam
1092 5127 1419 5200 complectar
1447 5149 1459 5183 :
1483 5133 1572 5198 qui
1598 5130 1797 5186 dixerit
1820 5133 1985 5187 Deum

428 5198 671 5262 Patrem.
710 5213 964 5269 tanquam
1013 5198 1228 5256 fontem'
1261 5202 1556 5257 divinitatis
1596 5204 1838 5272 adeoque
1871 5216 1988 5257 οωρ

428 5272 990 5344 nium_operattonuiru
1033 5271 1338 5344 divinarum
1398 5275 1695 5342 originem,
1735 5271 1765 5325 a
1805 5272 1987 5344 seipso

424 5355 525 5409 per
559 5340 753 5395 Filium
793 5357 949 5413 suum
981 5342 1240 5396 mundum
1292 5340 1617 5406 condidisse,
1659 5357 1723 5397 ac
1762 5340 1988 5413 proinde

426 5425 609 5483 rerum
662 5412 900 5466 omnium
936 5413 1253 5483 primarium
1305 5428 1424 5468 esse
1474 5412 1777 5482 opilicem;’
1814 5429 1897 5469 na:
1941 5415 1987 5470 is

425 5481 644 5539 Arianae
697 5481 1276 5552 bteresis'neutiquam
1329 5481 1662 5538 incusandus
1712 5494 1829 5551 est;
1877 5486 1983 5541 nisi

426 5566 556 5624 vero
595 5553 831 5622 antiquis
854 5554 1108 5612 Ecclesia:
1153 5553 1405 5608 Patribus
1433 5555 1719 5620 universis,
1745 5556 1985 5624 adeoque

427 5623 561 5690 ipsis
611 5625 964 5693 scriptoribus
1030 5624 1405 5688 θεοπνὲυστοις
1463 5625 1754 5681 Arianismi
1806 5623 1983 5680 dicam

433 5693 734 5762 impingere
764 5695 1009 5750 velimus.
1042 5697 1149 5749 Sed
1182 5694 1307 5749 illud
1347 5698 1562 5749 demum
1597 5695 1811 5750 Ariana:
1836 5706 1984 5750 esset

426 5762 799 5835 blasphemiae,
842 5768 884 5822 si
921 5768 1041 5837 quis
1069 5766 1288 5823 doceret
1328 5765 1541 5823 Patrem
1578 5767 1691 5823 haec
1728 5768 1993 5824 universa.

2096 1891 2286 1934 rentur
2316 1895 2329 1931 :
2358 1892 2519 1948 quam
2545 1892 2735 1930 eorum
2773 1875 3039 1929 insaniam
3069 1873 3470 1945 castigaverunt
3499 1874 3680 1927 Atha-

2094 1971 2276 2025 nasius
2298 1980 2437 2023 orat.
2462 1970 2497 2024 5
2524 1977 2577 2022 et
2602 1968 2657 2033 5,
2699 1968 2930 2039 Cyrillus
2952 1966 3045 2021 lib.
3076 1982 3144 2020 xv
3171 1975 3225 2019 et
3258 1981 3371 2031 tm,
3396 1974 3450 2020 et
3487 1964 3608 2018 alii.

2164 2062 2279 2117 XV.
2314 2060 2431 2115 Non
2460 2060 2583 2115 Filii
2618 2063 2955 2129 majestatem
2985 2057 3163 2113 solum
3190 2057 3528 2126 oppugnavit
3550 2055 3683 2111 Ori-

2092 2170 2277 2227 genes,
2313 2155 2406 2210 sed
2438 2154 2505 2209 de
2538 2153 2652 2222 ejus
2684 2154 2850 2209 etiam
2880 2154 3128 2209 bonitate
3168 2151 3470 2206 detraxisse
3498 2151 3681 2219 ipsum

2092 2258 2279 2302 auctor
2311 2258 2394 2302 est
2445 2247 2804 2317 Hieronymus
2835 2247 2912 2316 (5)
2944 2246 2996 2299 in
3030 2245 3200 2313 Epist.
3238 2244 3308 2297 ad
3343 2244 3515 2305 Arit..
3551 2257 3678 2313 cap.

2093 2342 2115 2394 i
2152 2359 2165 2394 :
2202 2361 2219 2392 ι
2254 2342 2418 2395 Deum
2460 2340 2677 2395 Patrem
2708 2340 3161 2411 omnipotentem,
3213 2339 3411 2407 inquit,
3437 2339 3682 2407 appellat

2092 2434 2320 2499 bonum,
2355 2443 2409 2488 et
2434 2432 2693 2503 perfecta:
2727 2432 2991 2489 bonitatis
3018 2451 3031 2485 :
3062 2431 3257 2486 Filium
3292 2447 3399 2485 non
3431 2443 3557 2485 esse
3588 2431 3685 2487 bo-

2098 2611 2452 2665 constilnisse
2494 2626 2591 2678 per
2650 2611 2871 2674 Filium,
2905 2620 3160 2679 tanquam
3205 2626 3301 2678 per
3342 2610 3682 2662 instrumen-

2100 2692 2211 2735 tum
2262 2684 2363 2736 sibi
2424 2694 2773 2744 extraneum,
2812 2692 2907 2735 aut
2952 2692 3208 2749 tauquam
3260 2696 3357 2748 per
3413 2682 3683 2733 virtutem

2097 2752 2334 2819 aliquam
2367 2762 2497 2805 ante
2529 2763 2724 2806 caetera
2756 2752 2936 2807 omnia
2970 2760 3228 2813 creatam,
3274 2763 3437 2817 atque
3485 2749 3556 2801 ab
3591 2751 3677 2816 ip-

2096 2823 2211 2875 sius
2248 2822 2492 2875 essentia
2528 2821 2759 2875 alienam
2800 2838 2813 2874 :
2845 2837 2964 2890 quae
2997 2821 3246 2890 impietas
3280 2831 3519 2873 mentem
3554 2819 3680 2873 Ori-

2096 2892 2368 2960 geuisine
2410 2908 2506 2960 per
2544 2892 2810 2945 somnium
2860 2892 3075 2959 quidem
3110 2890 3573 2960 unquamﬂsubiit.
3609 2923 3681 2931 .—

2098 2961 2224 3015 llmc
2250 2959 2514 3028 Georgius
2550 2962 2735 3015 Bullus
2759 2964 2812 3014 in
2841 2961 3150 3029 Defensione
3177 2960 3302 3027 fidei
3334 2959 3385 3012 Ν
3393 2964 3579 3012 πωπω
3609 2960 3683 3013 de

2099 3031 2218 3084 Filii
2240 3030 2317 3100 τῷ
2341 3031 2635 3101 ὁμοουσίῳ,
2665 3047 2786 3099 cap.
2810 3032 2863 3097 5,
2891 3028 3108 3097 num.6,
3134 3030 3389 3101 etcap.9,
3416 3045 3568 3101 utrm.
3586 3028 3677 3084 £0.

2168 3102 2246 3170 (5)
2280 3097 2480 3154 Auctor
2520 3097 2594 3155 est
2642 3097 3017 3170 Hieronymus,
3057 3112 3179 3170 etc.
3232 3100 3443 3170 Pugnat
3484 3097 3681 3152 Hiero-

2096 3169 2244 3240 nymi
2288 3170 2551 3237 judicium
2593 3186 2719 3227 cum
2766 3169 3010 3240 pluribus
3034 3169 3285 3238 Origenis
3317 3169 3673 3240 testimoniis,

2095 3238 2397 3311 praesertim
2449 3256 2570 3295 cum
2634 3242 2715 3295 his
2764 3238 2884 3310 quae
2942 3242 3100 3297 docet
3150 3252 3280 3294 tom.
3317 3256 3331 3293 ι
3371 3240 3427 3293 in
3480 3238 3676 3304 lcum,

2095 3328 2248 3364 lltltll.
2290 3311 2379 3376 Η,
2415 3311 2685 3379 apostolos
2721 3311 3127 3380 evangelizasse
3178 3311 3339 3371 bona,
3371 3319 3431 3361 ut
3475 3311 3680 3375 praedi-

2095 3392 2255 3435 xerat
2303 3382 2492 3446 Isaias,
2524 3398 2646 3435 cum
2683 3381 2959 3436 Christum
2996 3380 3536 3449 evangelizaverunt,
3582 3382 3679 3447 qui

2096 3461 2181 3505 est
2211 3471 2229 3502 ι
2259 3454 2459 3505 bonum
2500 3452 2651 3506 nullo
2695 3453 2802 3505 alio
2862 3452 3005 3506 bono
3066 3448 3315 3514 inferius,
3365 3448 3671 3504 multitudo

2094 3522 2383 3586 bonorum,
2424 3523 2475 3575 in
2520 3538 2627 3590 quo
2660 3520 3054 3590 beueplacitum
3113 3521 3219 3575 fuit
3248 3535 3463 3574 Omnem
3502 3521 3680 3588 pleni-

2098 3592 2337 3662 tudinem
2370 3592 2673 3647 divinitatis
2714 3592 2958 3646 habitare
2991 3591 3468 3662 corporaliter.....
3507 3590 3602 3662 qui
3643 3608 3675 3644 τι

2093 3661 2237 3715 bono
2265 3662 2426 3716 Patre
2453 3664 2684 3731 accepit,
2711 3674 2763 3714 ut
2794 3671 2936 3716 esset
2968 3661 3128 3724 bona,
3153 3681 3172 3714 ι
3207 3663 3256 3713 id
3287 3672 3389 3722 est,
3423 3661 3679 3731 omnium

2056 3732 2354 3804 .bonorttut
2404 3730 2706 3804 contplettio
2738 3749 2751 3785 :
2783 3732 3009 3804 Οὐδενὸς
3050 3732 3159 3804 γὰρ
3206 3731 3425 3804 ἔλαττον
3455 3730 3681 3804 ἀγα,ῦοῦ

2093 3800 2189 3873 ita}
2218 3801 2383 3873 τοῦτο
2416 3802 2478 3854 τὸ
2509 3802 2821 3872 ἁγαθόν.....
2857 3802 3068 3873 Πλῆθος
3096 3800 3333 3873 ,ἀγαθῶν
3366 3803 3517 3873 ἐστιν
3558 3802 3676 3873 :17;-

2094 3871 2391 3945 ao§_c;_....._6
2420 3872 2530 3945 ἀπὸ
2554 3868 2647 3926 τοῦ
2678 3872 2883 3941 ἀγαθοῦ
2934 3868 3250 3945 Πατρὸξτὸ
3280 3871 3479 3945 Αὰγαθὰ
3530 3868 3681 3926 sivit:

2092 3941 2294 4000 λαϐὼν.
2326 3943 2428 4009 Qui
2465 3959 2594 4013 ergo
2629 3946 2827 3997 bonum
2890 3941 3093 4013 negare
3147 3943 3318 4013 llttluit
3381 3958 3532 4008 eum,
3566 3959 3683 4011 quo

2092 4014 2275 4083 omnia
2320 4014 2459 4067 bona
2514 4011 2783 4069 contineri
2839 4011 3122 4068 declarat?
3154 4011 3379 4066 Videtur
3410 4013 3679 4083 Oqigenis

2093 4082 2430 4153 vituperandi
2479 4099 2608 4137 ansa
2646 4095 2861 4151 arrepta
2919 4100 2987 4137 ex
3024 4086 3107 4139 his
3135 4099 3256 4153 quae
3294 4083 3430 4153 dixit
3462 4082 3531 4135 in
3555 4085 3679 4140 haec

2093 4152 2297 4205 Christi
2337 4153 2498 4208 verba
2525 4173 2541 4208 :
2570 4153 2707 4218 Quid
2728 4170 2806 4205 me
2826 4170 2975 4207 vocas
3007 4156 3193 4207 bonum
3218 4154 3243 4206 ει
3272 4152 3443 4206 Nemo
3477 4154 3681 4221 bonus,

2092 4224 2191 4275 nisi
2216 4222 2359 4276 solus
2381 4223 2515 4276 Deus
2542 4224 2694 4291 (Luc.
2727 4240 2881 4283 xvnt,
2920 4222 3031 4292 l9).
3067 4224 3286 4292 Singula
3320 4222 3435 4275 loca
3463 4238 3680 4292 expen-

2092 4294 2304 4346 damus.
2362 4292 2624 4362 Origenes
2664 4304 2789 4346 tom.
2821 4308 2835 4346 ι
2867 4295 2919 4347 in
2966 4292 3157 4356 Joan.,
3204 4310 3350 4347 num.
3384 4294 3476 4357 40,
3513 4306 3573 4345 ιιι
3607 4296 3676 4348 ad

2089 4363 2377 4433 sanitatem
2429 4373 2645 4417 revoect
2693 4365 3010 4426 haereticos,
3059 4364 3150 4432 qui
3186 4364 3351 4416 alium
3388 4364 3678 4433 Denmju-

2089 4442 2251 4497 stum,
2282 4432 2446 4485 alium
2494 4434 2714 4492 bonum.
2749 4433 2909 4487 alium
2936 4446 3260 4499 creatorem,
3292 4434 3458 4486 alium
3506 4432 3640 4488 crea
3663 4463 3675 4473 -

2091 4512 2206 4555 tore
2249 4504 2505 4569 majorem
2552 4504 2826 4570 dicebant,
2871 4504 3120 4558 concedit
3147 4505 3226 4557 eis
3260 4504 3426 4557 Deum
3454 4502 3673 4557 Patrem

2094 4572 2353 4643 Creatore
2385 4572 2654 4643 majorem
2687 4574 2793 4643 dici
2831 4588 3009 4641 posse,
3042 4574 3086 4627 si
3139 4575 3369 4628 Creator
3416 4574 3538 4640 ejus
3592 4575 3675 4629 Fi-

2091 4640 2195 4713 l_ius
2243 4640 2611 4713 intelligatur;
2660 4640 2945 4702 similiter.
2975 4662 2994 4695 ι
3017 4643 3223 4713 justum
3274 4653 3330 4697 et
3367 4645 3578 4697 bonum
3608 4649 3672 4700 de

2089 4710 2255 4783 Patre
2287 4720 2338 4766 et
2369 4710 2505 4767 Filio
2539 4712 2643 4768 dici
2680 4728 2860 4781 posse,
2891 4710 3032 4769 Filio
3076 4713 3291 4783 justitia
3342 4715 3665 4781 exsistente,

2090 4782 2180 4855 qui
2212 4784 2424 4855 accepit
2478 4793 2805 4855 potestatem
2842 4782 3143 4849 iudicandi,
3182 4784 3443 4855 quoniam
3494 4784 3668 4839 Filius

2092 4852 2327 4907 hominis
2357 4862 2444 4924 est
2481 4852 2752 4924 (Joantv,
2784 4854 2899 4924 27),
2929 4864 2983 4909 et
3023 4852 3293 4922 judicanit
3336 4856 3529 4909 orbem
3568 4868 3669 4910 ter-

2091 4938 2272 4996 rarum
2302 4924 2356 4996 in
2384 4923 2607 4996 justitia
2635 4921 2811 4996 (Psal.
2859 4921 3109 4996 'xcvtt,9)
3142 4941 3156 4977 :
3187 4926 3345 4979 Patre
3381 4940 3513 4979 vero
3554 4929 3672 4996 (eos

2089 4994 2180 5062 qui
2216 4993 2267 5046 in
2295 4994 2521 5065 juStitiar
2566 4993 2689 5048 Filii
2718 4997 2975 5065 castigati
3026 4995 3252 5061 fuerint,
3281 5005 3403 5064 post
3457 4993 3666 5051 Christi

2092 5079 2321 5137 regnum
2356 5064 2637 5119 beneﬁciis
2671 5064 2962 5137 adiciente)
2995 5069 3120 5121 boni
3182 5067 3511 5121 vocabulum
3549 5083 3670 5135 ope—

2090 5135 2239 5189 ribus
2275 5145 2584 5206 ostensuro,
2612 5138 2829 5206 quando
2856 5135 3022 5192 fuerit
3073 5138 3210 5192 Deus
3251 5138 3433 5191 omnia
3468 5138 3522 5189 in
3554 5154 3669 5192 om-

2088 5206 2248 5277 nibus
2277 5204 2326 5277 (Ι
2368 5206 2492 5277 (Ior.
2528 5204 2761 5276 “(28).
2789 5228 2808 5260 ι
2840 5208 2988 5262 llauc
3036 5208 3107 5261 ob
3133 5224 3352 5261 causam
3382 5208 3667 5262 Christum

2090 5276 2292 5346 dixisse
2320 5276 2581 5345 conjicit:
2611 5276 2750 5342 Quid
2796 5296 2877 5332 me
2926 5279 3158 5346 appellas
3209 5279 3443 5332 bonum?
3495 5278 3666 5331 Nemo

2090 5345 2272 5421 (tonus,
2298 5348 2399 5421 nisi
2432 5363 2565 5421 unus
2596 5349 2754 5421 Deus
2789 5345 3171 5421 l’aterlellarrc.
3193 5365 3263 5421 Ax,
3302 5351 3410 5418 18).
3446 5348 3663 5421 Nullum

2087 5417 2379 5489 Arianismi
2415 5417 2794 5489 veStigiutniin
2828 5422 2927 5473 hac
2973 5417 3154 5474 subl-ili
3190 5417 3661 5489 interpretati-tne,

2089 5502 2210 5556 quae
2257 5487 2302 5542 si
2360 5488 2658 5543 bonitatem
2713 5488 2849 5544 Filio
2895 5490 3153 5552 detrahit,
3191 5487 3462 5558 justitiam
3513 5489 3669 5543 Patri

2088 5560 2373 5616 detrahere
2396 5558 2624 5612 dicetur.
2665 5558 2864 5613 Eadem
2886 5560 3087 5615 Christi
3126 5564 3288 5615 verba
3334 5562 3662 5627 interprets.

2091 5637 2176 5680 tur
2207 5630 2258 5681 in
2301 5628 2394 5682 lib.
2428 5643 2459 5678 v
2511 5640 2694 5682 contra
2739 5629 2969 5697 Celsum,
2997 5647 3146 5685 num.
3193 5631 3283 5696 ii,
3328 5630 3417 5684 ubi
3454 5630 3587 5684 solis
3611 5637 3664 5685 et

2091 5700 2371 5752 stellarum
2420 5698 2625 5751 cultant
2665 5715 2693 5751 a
2747 5700 2905 5754 Celso
2949 5702 3228 5755 defensum
3268 5699 3544 5765 refellens,
3584 5703 3660 5755 sic

2088 5768 2323 5838 loquitur
2350 5788 2363 5823 :
2400 5770 2458 5822 ὐ
2481 5768 2669 5841 Σωτὴρ
2697 5770 2852 5840 ἡμῶν
2881 5773 2968 5824 καὶ
2984 5772 3204 5841 Κύριος,
3239 5770 3476 5835 ἀκούεις
3510 5772 3661 5837 ποτε,
