3870 6220
143 340 270 405 705

1008 339 1590 404 ORIGENIANORUM
1626 338 1757 396 LIB.
1797 336 1864 405 ll,
1904 334 2058 391 CAP.
2094 334 2162 400 Il,
2198 331 2471 401 QUA'JST.
2504 330 2572 387 ll.

3298 326 3401 382 766

144 465 232 522 De
257 463 577 538 ﬂagrantia,
599 478 728 534 cap.
751 464 788 520 4
813 478 836 519 ι
861 481 882 519 ι
906 464 1074 531 Nihil,
1102 464 1299 535 inquit,
1333 464 1437 520 sibi
1468 461 1737 518 invisibile
1763 465 1812 523 Α
1837 467 1897 513 es
1917 470 2274 528 cognoscere,
2324 449 2708 509 intellectualis
2740 459 2948 505 natura
2986 457 3091 504 est.
3132 446 3405 516 Quidquid

147 570 188 611 a
216 556 486 615 creaturis
535 557 615 627 (in
657 553 920 612 Trinitate
956 556 1255 628 credamus)
1284 564 1346 611 ut
1386 554 1676 626 Origenes.
1706 573 1728 606 ι

147 646 490 719 Legendus,
514 648 567 704 ni
583 647 766 715 fallor,
794 659 852 704 ut
880 650 1168 716 creaturis,
1199 651 1302 705 hoc
1331 659 1437 716 est,
1462 648 1595 703 nihil
1610 662 1735 704 esse

152 740 457 797 credamus
476 741 531 796 in
564 738 858 808 Trinitate,
894 742 1036 812 quod
1068 741 1137 797 ab
1158 739 1433 812 aliquibus
1457 740 1574 810 ejus
1612 753 1736 810 per-

151 832 312 887 sonis
342 830 517 887 videri
537 846 646 887 non
670 830 868 901 possit,
890 831 1347 901 quemadmodum
1394 845 1425 884 a
1464 829 1737 885 creaturis

152 923 332 980 videri
372 938 478 978 non
537 929 738 993 potest,
794 922 939 990 quod
977 923 1184 993 putavit
1233 920 1521 991 Origenes.
1550 918 1658 975 Par
1682 928 1739 976 et

154 1013 254 1069 illa
290 1012 580 1069 Iustiniani
628 1013 683 1069 in
731 1011 975 1084 Epistula
1020 1014 1089 1067 ad
1148 1012 1396 1080 Menam,
1439 1021 1496 1068 et
1548 1011 1736 1067 lsidori

156 1107 256 1165 lib.
288 1122 382 1162 νιιι
411 1105 646 1176 Origin.,
681 1120 803 1175 cap.
837 1104 894 1169 5,
935 1114 990 1161 et
1033 1106 1287 1176 anonymi
1317 1104 1555 1159 auctoris
1599 1104 1738 1173 Apo-

156 1199 317 1268 logia
342 1213 439 1267 pro
463 1196 710 1268 Origene,
743 1197 884 1267 apud
915 1196 1336 1263 Photium,cod.
1365 1210 1534 1260 cxvu,
1563 1204 1619 1249 et
1642 1194 1739 1249 Ni-

152 1299 294 1345 eetae
318 1289 649 1357 Acominatl,
681 1300 737 1345 et
762 1288 984 1346 Honorii
1009 1287 1518 1359 Augustodunensis
1550 1289 1602 1341 in
1643 1286 1734 1340 lib.

153 1382 242 1438 De
266 1384 397 1440 liter.
430 1391 485 1437 et
515 1380 743 1437 Ccdreni
785 1381 835 1437 in
861 1380 1199 1447 Compendio,
1236 1389 1291 1435 et
1316 1377 1496 1433 Suidae
1530 1378 1582 1432 in
1610 1392 1742 1433 voce

170 1471 499 1543 Ὠρινένης,
531 1482 586 1526 et
610 1470 836 1527 Zonaras
861 1471 959 1526 lib.
999 1485 1042 1525 ι-ι
1086 1470 1139 1524 in
1169 1469 1351 1524 Decio.
1393 1469 1571 1539 Atque
1597 1468 1743 1523 hunc

153 1580 327 1636 porro
358 1579 603 1620 errorem
635 1565 704 1619 ab
746 1563 1073 1618 Adamantio
1121 1571 1395 1617 mutuatus
1428 1572 1513 1617 est
1557 1561 1740 1627 Arius,

155 1671 329 1725 quem
362 1656 547 1711 dicere
573 1670 764 1710 ausum
802 1668 924 1711 esse
958 1664 1145 1709 narrat
1174 1653 1509 1708 Athanasius
1537 1651 1614 1706 De
1652 1669 1743 1722 sy-

1831 566 1963 622 ergo
1990 549 2272 619 proprium
2308 558 2597 614 corporum
2620 552 2723 605 est,
2761 542 2863 596 hoc
2895 556 2995 597 nec
3028 542 3096 597 de
3119 540 3283 596 Patre
3299 551 3406 608 est,

1833 657 1936 697 nec
1992 640 2059 694 de
2092 637 2231 692 Filio
2282 632 2653 691 sentiendum.
2691 629 2848 697 Quod
2875 643 3006 684 vero
3057 630 3125 683 ad
3158 637 3407 683 naturam

1833 729 2069 800 pertinet
2105 725 2363 787 Deitatis,
2413 723 2517 778 hoc
2570 722 2713 776 inter
2740 718 2955 774 Patrem
2980 728 3035 774 et
3063 716 3260 772 Filium
3286 731 3411 773 con-

1835 830 1967 877 stat.
2006 838 2026 872 s
2055 820 2143 874 Ait
2174 818 2394 873 demum
2435 815 2784 883 depravatam
2828 811 2936 867 hoc
2968 811 3117 875 loco,
3142 818 3197 865 et
3218 822 3411 864 corru-

1836 921 1983 983 ptam
2016 911 2183 966 fuisse
2223 923 2376 964 suam
2412 904 2937 976 interpretationem,
2969 910 3134 972 atque
3180 900 3412 969 itapur-

1838 1005 1997 1077 gandi
2051 1004 2134 1057 sui
2167 1016 2332 1057 causa
2368 997 2648 1055 concludit
2679 1013 2694 1050 :
2729 1014 2749 1048 ι
2791 994 2849 1050 Si
2895 994 3019 1065 quis
3056 999 3219 1062 negat
3264 986 3410 1061 quod

1839 1110 1947 1149 non
1988 1094 2060 1148 ita
2107 1092 2254 1147 videt
2301 1086 2474 1144 Filius
2508 1086 2750 1152 Patrem,
2782 1084 2925 1140 sicut
2975 1082 3137 1137 Pater
3169 1078 3365 1134 Filium
3389 1094 3415 1146 ι

1839 1193 1895 1238 et
1925 1197 2031 1237 nou
2063 1181 2137 1235 ita
2174 1179 2325 1233 videt
2353 1176 2583 1244 Spiritus
2615 1182 2835 1229 sanctus
2868 1170 3084 1225 Patrem
3111 1176 3167 1222 et
3190 1164 3415 1230 Filium,

1840 1275 1982 1328 sicut
2011 1272 2159 1326 videt
2188 1269 2347 1324 Pater
2384 1268 2582 1323 Filium
2612 1275 2669 1319 et
2697 1262 2960 1333 Spiritum
2987 1269 3254 1322 sanctum,
3278 1269 3415 1310 aua-

1843 1364 2022 1418 thema
2055 1362 2146 1416 sit.
2194 1358 2351 1414 Videt
2385 1357 2557 1422 enim,
2610 1363 2663 1410 et
2712 1351 2995 1407 verissime
3018 1350 3187 1414 videt,
3226 1344 3324 1402 sed
3352 1351 3417 1401 ιιι

1844 1453 1984 1507 Deus
2011 1450 2202 1515 Deum,
2229 1458 2284 1503 et
2330 1447 2427 1501 lux
2456 1445 2653 1511 lucem,
2691 1451 2749 1497 et
2778 1457 2884 1496 non
2911 1450 2970 1494 ut
3003 1453 3131 1494 caro
3166 1446 3417 1501 carnem,

1844 1542 1936 1597 sed
1964 1551 2021 1595 nt
2050 1540 2287 1610 Spiritus
2317 1548 2578 1602 sanctus;
2639 1548 2746 1589 non
2806 1529 3087 1599 corporeis
3141 1525 3418 1591 sensibus,

1846 1638 1938 1692 sed
1970 1632 2265 1687 virtutibus
2295 1629 2544 1699 Deitatis.
2582 1646 2602 1680 ι
2638 1625 2818 1679 Rullni
2851 1621 3259 1693 responsionem
3285 1617 3419 1673 arri-

157 1704 316 1802 ,ἶοάίε
335 1761 358 1801 .-
403 1704 935 1817 melisa;
958 1704 1216 1816 Ἡᾶτέρξ
1231 1704 1605 1816 “esse”;
1634 1704 1748 1809 eis;

1860 1727 1966 1784 iuit
2005 1733 2063 1779 et
2110 1721 2333 1777 uberius
2380 1716 2680 1788 eXpIicavit
2729 1712 3008 1767 Halloxius
3058 1709 3151 1764 lib.
3185 1725 3237 1762 tv
3263 1704 3413 1777 Orig.

156 1841 311 1892 ἐστιν
326 1840 412 1908 ἐφ’
440 1837 654 1893 ἑαυτοῦ.
676 1839 847 1903 Αὐτὸς
872 1836 981 1910 γὰρ
1008 1840 1038 1891 ό
1064 1837 1191 1905 Υἱὸς
1218 1836 1316 1909 τὴν
1337 1836 1530 1890 ἑαυτοῦ
1557 1836 1744 1890 οὐσίαν

155 1932 268 1985 οὐκ
306 1926 468 1984 οἶδεν.
519 1931 647 1994 Υἱὸς
676 1930 785 2001 γὰρ
835 1928 933 1995 ὢν,
980 1929 1194 2000 θελήσει
1228 1929 1443 2000 Πατρὸς
1497 1929 1743 1999 ὑπῆρχεν

157 2020 399 2091 ἀληθῶς.
435 2022 532 2085 Τίς
553 2020 661 2093 γὰρ
687 2021 852 2090 λόγος
879 2023 1151 2091 συγχωρεί
1172 2020 1262 2073 τὸν
1287 2022 1357 2073 ἐκ
1379 2020 1591 2089 Πατρός
1616 2020 1744 2074 ὄντα

159 2112 331 2167 αὑτὸν
349 2112 441 2166 τὸν
464 2114 800 2183 γεννήσαντα
820 2111 1096 2181 γνῶναιὲν
1117 2110 1415 2180 καταλήψει
1436 2126 1451 2176 ;
1477 2110 1644 2181 Δῆλον
1664 2111 1746 2164 ὅτι

158 2205 229 2259 τὸ
256 2205 432 2276 ἀρχὴν
462 2204 583 2275 ἔχον
615 2204 707 2258 τὸν
732 2204 965 2275 ἄναρχον
988 2202 1064 2267 ὦς
1100 2206 1246 2257 ἐστιν
1272 2203 1686 2274 ὲμπερινοῆσαι,
1710 2201 1745 2274 ἢ

160 2295 666 2370 ὲμπεριδράξασθαι
703 2297 802 2367 οὐχ
832 2290 1005 2350 οἷόντέ
1055 2297 1225 2351 ἐστιν.
1256 2314 1275 2347 ι
1311 2295 1566 2350 Possibile
1602 2295 1746 2350 enim

164 2391 276 2460 issi
311 2406 416 2445 non
442 2399 526 2445 est
547 2389 875 2461 investigare
910 2388 1125 2444 Patrem
1151 2388 1330 2459 qualis
1358 2388 1411 2442 in
1437 2388 1619 2457 seipso
1642 2396 1748 2441 est.

162 2482 343 2541 Filius
368 2484 567 2553 quippe
596 2497 752 2537 suam
799 2481 918 2551 ipse
945 2481 1235 2536 essentiam
1268 2496 1375 2534 non
1409 2479 1577 2534 novit.
1614 2478 1748 2534 Cum

166 2576 247 2632 sit
276 2575 423 2631 enim
456 2574 655 2636 Filius.
688 2576 971 2630 voluntate
1002 2573 1181 2629 Patris
1214 2573 1337 2628 talis
1363 2573 1592 2629 exstitit.
1618 2571 1752 2639 Quae

164 2667 320 2724 enim
358 2668 610 2723 concedit
644 2667 782 2721 ratio
828 2680 952 2721 eum
978 2666 1069 2735 qui
1105 2666 1178 2722 sit
1210 2680 1277 2721 ex
1323 2665 1508 2730 Patre,
1544 2665 1753 2732 genito-

168 2774 293 2813 rem
316 2758 492 2827 ipsum
518 2758 1000 2827 comprehensione
1011 2756 1379 2826 cognoscere?
1400 2755 1751 2827 Perspicuum

168 2858 282 2916 est,
322 2848 470 2919 quod
504 2849 669 2904 habet
698 2850 1054 2920 principium,
1076 2864 1199 2903 eutn
1226 2848 1318 2918 qui
1339 2857 1526 2903 careat
1547 2849 1754 2917 princi-

170 2938 269 3011 pio
302 2948 480 2996 mente
503 2940 784 3010 complecti
814 2940 897 2996 vel
929 2939 1387 3009 comprehendere
1412 2954 1518 2994 non
1539 2953 1749 3009 posse.»

252 3030 434 3086 XVIII.
467 3032 538 3086 At
585 3046 705 3087 eam
735 3032 1172 3086 criminationem
1204 3030 1277 3084 ab
1309 3030 1543 3101 Origene
1572 3029 1757 3085 multis

174 3122 452 3192 depellere
485 3132 712 3177 conatur
736 3122 962 3177 Ruﬁnus
987 3121 1188 3176 luceat.
1218 3137 1240 3175 ι
1264 3121 1315 3174 in
1341 3119 1753 3190 Hieronymum,

172 3215 531 3283 ostenditque
562 3217 630 3269 ad
652 3214 1005 3270 refellendam
1054 3211 1561 3268 Valemiuianorum
1588 3211 1757 3266 haere-

174 3307 310 3370 sim,
334 3306 437 3375 qui
470 3306 636 3361 Deum
659 3320 981 3375 corporeum
1026 3305 1284 3360 humanis
1310 3303 1568 3358 membris
1601 3301 1755 3357 babi-

178 3407 352 3467 tuquc
380 3407 721 3452 constantem
754 3397 1153 3462 describebant,
1179 3396 1474 3467 Origenem
1498 3394 1757 3463 probasse

182 3489 353 3545 Deum
378 3503 447 3543 ex
486 3499 679 3543 natura
705 3503 804 3544 sua
828 3503 1057 3557 corpore
1083 3501 1292 3550 carere,
1318 3501 1382 3540 ac
1410 3485 1638 3556 proinde
1656 3485 1756 3539 sub

178 3580 373 3638 oculos
390 3579 586 3634 cadere
609 3595 714 3635 non
741 3594 919 3650 posse,
952 3578 1211 3634 visionem
1245 3576 1441 3647 quippe
1470 3590 1758 3643 corporum

180 3683 341 3734 esse;
374 3668 523 3725 nosci
559 3679 738 3724 autem
773 3683 951 3738 posse,
1006 3667 1147 3737 quod
1193 3668 1434 3735 cognitio
1484 3681 1664 3720 rerum
1693 3664 1766 3719 sit

182 3773 421 3829 corpore
467 3759 803 3822 carentium;
842 3761 995 3815 nosci
1060 3758 1228 3828 igitur
1279 3756 1496 3811 Patrem
1528 3771 1557 3808 a
1589 3753 1764 3820 Filio,

182 3850 360 3906 videri
390 3850 724 3919 neutiquam.
743 3851 877 3904 Tum
904 3850 1083 3905 locum
1102 3850 1278 3919 ipsum
1306 3847 1555 3916 Origenis
1573 3848 1773 3915 depro-

186 3942 313 4005 mit,
332 3941 385 3995 in
417 3956 524 4010 quo
556 3942 668 3996 haec
699 3941 964 3996 habentur
992 3958 1004 3993 :
1035 3958 1053 3992 ι
1080 3942 1237 3996 Aliud
1271 3948 1356 3995 est
1388 3938 1590 4003 videre,
1619 3936 1767 3991 aliud

187 4047 522 4103 cognoscere
549 4034 754 4090 :videri
774 4045 831 4089 et
864 4033 1043 4088 videre
1072 4047 1359 4103 corporum
1375 4040 1459 4086 est
1479 4028 1765 4099 ;cognosci

267 4214 347 4285 (7)
373 4213 516 4268 Nam
543 4214 915 4285 Hieronymus,
949 4223 1053 4270 etc.
1081 4213 1192 4267 Iloc
1221 4213 1341 4285 loco
1371 4228 1483 4285 non
1504 4211 1618 4267 suis
1649 4211 1767 4281 ipse

188 4284 382 4342 verbis
411 4286 648 4353 loquitur
672 4284 952 4354 Origenes,
981 4287 1074 4338 sed
1107 4285 1270 4337 alimn
1310 4284 1518 4354 inducit
1540 4286 1765 4354 loquen-

190 4365 332 4414 tem.
360 4350 515 4425 cuju's
547 4350 874 4409 sententiam
926 4355 1069 4425 nulla
1104 4352 1512 4423 approbationis
1558 4350 1766 4422 signiti-

192 4428 415 4482 eatione
448 4428 756 4490 c0nlirmat,
791 4435 848 4477 ut
880 4424 1111 4493 quisque
1156 4427 1463 4493 perspicere
1488 4431 1671 4489 potest
1697 4436 1763 4493 ex

191 4498 319 4567 ipso
369 4495 701 4567 testimonio,
737 4489 910 4567 quod?
950 4489 1418 4567 Grieceﬂtabetur
1449 4490 1540 4567 lib.
1590 4506 1645 4545 Iv
1688 4489 1764 4544 De

191 4562 500 4637 p'rincipiis,
550 4579 700 4619 num.
736 4564 826 4619 55.
880 4566 1057 4637 Atque
1098 4563 1311 4616 etiamsi
1352 4564 1451 4616 hoc
1504 4562 1766 4637 locounon

194 4630 439 4691 'aliena'm
497 4637 845 4698 sententiam,
890 4630 985 4688 sed
1038 4648 1190 4686 suam
1222 4643 1574 4701 proponeret,
1622 4630 1769 4686 illius

196 4705 449 4776 profecto
477 4704 637 4776 verba
657 4706 849 4776 eodem
879 4718 1039 4776 sensu
1069 4701 1378 4776 accipienda
1411 4711 1768 4776 essent,_quo

199 4769 306 4829 ista
347 4774 529 4828 Basilii
562 4790 626 4827 ex
655 4774 747 4827 lib.
784 4789 833 4828 tv
859 4774 1107 4827 adversus
1137 4769 1454 4825 Eunomium
1486 4787 1505 4825 :
1540 4772 1603 4824 Ei
1631 4769 1769 4841 ἀλη-

197 4845 348 4908 θινὸς
375 4843 528 4908 Θεὸς,
561 4844 655 4896 καὶ
690 4843 825 4912 φῶς,
859 4843 952 4897 καὶ
985 4842 1273 4912 ἄτρεπτος,
1300 4842 1394 4893 καὶ
1423 4841 1646 4909 ἀγαθὸς,
1674 4840 1771 4912 gat

197 4914 379 4984 ἅγιος,
406 4916 500 4968 καὶ
532 4910 733 4985 Κύριος
753 4916 782 4966 ὁ
810 4915 936 4978 Υἱός
956 4930 987 4985 ’ν
1012 4910 1184 4985 ταῦτα
1210 4914 1267 4985 δὲ
1292 4912 1384 4985 καὶ
1403 4913 1434 4985 ό
1455 4912 1644 4985 Πατὴρ
1670 4910 1767 4985 ὢν,

195 4981 302 5056 οὐχ
317 4986 521 5056 νόμοὶῳς
538 4981 703 5047 ἐστὶν,
720 4985 854 5056 ἀλλᾲ
883 4984 1160 5056 μειζόνῳς’
1175 4983 1274 5036 οὐκ
1297 4981 1481 5056 οὐσίας
1506 4981 1769 5056 ὑπεροχῇ,

196 5003 521 5112 minus;
538 5003 703 5047 εστιν,
720 5003 854 5039 auia
883 5003 1160 5056 μειςονως·
1175 5003 1274 5036 ουκ
1297 5003 1481 5045 aucta;
1506 5003 1769 5053 υπεροχῃ,

208 5126 215 5127 7
370 5055 651 5127 ποιότητος
671 5055 970 5126 ὑπερϐολῇ.
995 5075 1013 5106 ι
1044 5055 1099 5108 Si
1120 5069 1277 5108 verus
1303 5053 1465 5127 Deus,
1496 5063 1552 5127 et
1582 5054 1694 5117 lux,
1715 5062 1772 5107 et

202 5123 581 5188 immutabilis,
606 5136 662 5180 et
702 5123 985 5188 bonus,"et
1008 5135 1271 5189 sanctus;
1302 5132 1358 5177 et
1389 5123 1645 5177 Dominus
1690 5130 1772 5177 est

200 5194 397 5252 Filius.
430 5195 553 5250 Haec
581 5205 757 5250 autem
792 5205 847 5250 et
874 5195 1033 5251 Pater
1085 5209 1210 5248 cum
1254 5192 1348 5257 sit,
1381 5208 1488 5246 non
1519 5192 1771 5246 similiter

203 5275 330 5336 est,
350 5267 442 5319 sed
472 5266 733 5336 amplius;
767 5282 871 5321 non
896 5266 1214 5336 substantia:
1241 5262 1772 5336 exsuperantiatscd

201 5335 489 5405 qualitatis
517 5331 851 5404 praestantia.
885 5355 904 5388 ι
934 5335 1001 5389 Et
1032 5337 1169 5389 hanc
1209 5347 1329 5388 esse
1381 5342 1615 5405 mentem
1646 5331 1771 5405 0ri-_

201 5403 362 5530 genis
396 5403 716 5475 intelligitur
753 5423 818 5460 ex
846 5407 913 5461 iis
939 5405 1119 5459 verbis
1138 5417 1258 5473 quae
1291 5404 1602 5472 praecedunt
1629 5403 1772 5472 apud

262 5478 621 5530 ieronvntum.
678 5477 768 5530 ubi
807 5476 1065 5530 Origenes
1114 5488 1216 5529 suo
1250 5472 1472 5526 nomine
1512 5472 1768 5530 loquitur.

262 5472 621 5547 ieronynmni,
678 5477 768 5530 ubi
807 5476 1065 5547 Origenes
1092 5472 1216 5547 suo
1250 5472 1480 5547 nomine
1512 5472 1768 5547 loquitur,

204 5561 275 5600 ac
303 5546 492 5599 statuit
516 5561 619 5599 non
639 5560 758 5600 esse
779 5540 997 5600 nubium
1017 5544 1145 5614 quin
1166 5543 1215 5598 si
1258 5540 1419 5597 Pater
1438 5543 1508 5598 sit
1530 5540 1767 5614 iri—Filio,

206 5625 264 5684 et
306 5616 796 5684 comprehendatur
840 5616 909 5670 ab
962 5613 1048 5682 eo,
1085 5615 1283 5684 iniquo
1310 5622 1485 5684 estzt
1533 5613 1589 5667 Si
1626 5614 1772 5684 enim

210 5682 445 5766 Patren)"
458 5686 736 5756 cognoscit
762 5684 952 5753 Filius,
984 5682 1437 5766 inquit,videt_ur,
1460 5683 1513 5737 in
1537 5696 1603 5766 eo
1630 5682 1776 5766 quod

215 5754 370 5811 novit
397 5752 634 5823 Patrem,
661 5770 819 5827 posse
838 5752 959 5839 eum
984 5752 1455 5841 comprehendere
1485 5762 1596 5835 aut
1624 5752 1669 5811 si
1689 5753 1807 5835 (ιιι

1778 1811 1822 1865 Β
1848 1815 2074 1881 defens.,
2107 1820 2302 1881 quaest.
2328 1808 2387 1863 4.
2409 1805 2767 1862 Porrolocus.
2784 1802 3031 1872 Origenis
3060 1800 3144 1853 his
3172 1797 3417 1853 celebra-

1851 1917 1939 1961 tus
1967 1901 2467 1959 concertationibus
2497 1904 2677 1952 exstat
2701 1893 2794 1949 lib.
2831 1908 2846 1947 l
2888 1891 3025 1960 Περὶ
3051 1886 3271 1961 ἀρχῶν,
3295 1900 3418 1957 cap.

1852 1999 1914 2065 l,
1962 2011 2111 2050 num.
2148 1995 2202 2060 8,
2244 1992 2331 2047 cui
2387 1988 2618 2045 similem
2654 1985 2884 2041 alterum
2938 1981 3175 2050 reperies
3220 1977 3314 2031 lib.
3357 1992 3419 2041 ιι,

1850 2106 1974 2160 cap.
2001 2089 2057 2153 ι,
2091 2103 2241 2141 ιιιιιιι.
2273 2085 2327 2140 5.
2361 2082 2453 2137 His
2480 2078 2701 2149 adiungi
2728 2085 2910 2147 potest
2948 2074 3015 2127 ad
3043 2072 3268 2127 tutelam
3299 2068 3426 2160 (iri-

1852 2159 2001 2249 genis
2031 2185 2085 2228 et
2118 2174 2205 2227 ille
2226 2184 2440 2242 quoque
2467 2184 2498 2223 e
2535 2179 2666 2223 toni.
2706 2180 2774 2219 xx
2825 2162 2879 2217 in
2925 2160 3110 2225 Joan.,
3140 2174 3291 2214 num.
3323 2159 3354 2212 7
3396 2174 3413 2212 :

1856 2270 2065 2337 Ὥσπερ
2092 2263 2412 2336 ἀνθρώπους
2436 2259 2502 2313 ἂν
2543 2274 2694 2321 τινας
2720 2254 2967 2327 εἴποιμεν
2999 2254 3092 2305 ἀπ’
3120 2251 3294 2323 ἀρχῆς
3321 2250 3423 2304 αὑ-

1852 2363 2053 2425 τόπτας
2085 2357 2364 2429 γεγονέναι
2395 2354 2487 2408 τοῦ
2513 2352 2710 2421 Λόγου,
2741 2350 2867 2421 περὶ
2884 2341 2957 2401 ὧν
2980 2348 3008 2400 ό
3035 2347 3245 2408 Λουκᾶς
3268 2360 3421 2415 φηςι-ι’

1853 2454 2067 2519 Καθὼς·
2080 2449 2424 2519 παρέδοσαν
2437 2445 2579 2515 ἡμῖν
2604 2446 2657 2496 οὶ
2682 2441 2781 2496 ἀπ’
2797 2436 2989 2508 ἀρχῆς
3022 2436 3306 2490 αὐτόπται
3327 2433 3425 2487 καὶ

1854 2545 2144 2615 ὑπηρέται
2166 2541 2473 2613 γενόμενοι
2514 2537 2621 2591 τοῦ
2650 2536 2872 2605 Λόγου·
2904 2532 3047 2586 οὕτω
3074 2530 3163 2583 τὸν
3196 2529 3429 2601 Σωτῆρα

1856 2636 2130 2704 αὐτόπτην
2175 2630 2398 2701 λέξομεν
2444 2622 2583 2680 εἶναι.
2627 2625 2737 2678 τῶν
2782 2624 2933 2695 παρὰ
2967 2620 3045 2692 τῷ
3088 2619 3285 2691 Πατρὶ,
3332 2616 3434 2673 καὶ

1858 2726 1997 2781 κατὰ
2029 2724 2191 2777 τοῦτο
2229 2719 2479 2794 εἰρῆσθαι.
2506 2718 2595 2771 τό·
2634 2715 2842 2781 Οὐδεὶς
2879 2715 3031 2783 ἔγνω
3064 2712 3171 2765 τὸν
3198 2707 3433 2780 Πατέρα

1858 2821 1911 2874 εὶ
1929 2818 2014 2888 μὴ
2041 2819 2073 2870 ὀ
2104 2814 2257 2880 Υἱὸς,
2274 2811 2471 2867 οὐκέτι
2488 2810 2799 2865 αὑτόπτων
2815 2806 3003 2860 ὄντων
3020 2797 3110 2870 οἷς
3129 2802 3206 2857 ἂν
3231 2805 3265 2857 ὀ
3296 2799 3431 2867 Υἱὸς

1860 2909 2247 2975 ἀποκαλύψῃε
2279 2903 2427 2975 δηλοῖ
2447 2902 2504 2957 δὲ
2532 2902 2595 2955 τὸ
2638 2900 2910 2969 αὐτόπτην
2936 2896 3043 2950 τῶν
3060 2898 3119 2949 ὲν
3144 2894 3223 2965 τῷ
3254 2892 3432 2965 Πατρὶ

1861 3000 2147 3071 τυγχάνειν
2173 3000 2263 3051 τὸν
2291 2996 2520 3066 Σωτῆρα
2551 2992 2737 3062 σαφῶς
2768 2992 2803 3062 ἡ
2833 2987 3165 3061 προκειμένη
3194 2985 3337 3054 λέξις
3373 2986 3434 3038 ὲν

1862 3092 1974 3164 τῷ·
2021 3094 2090 3148 Ἀ
2131 3090 2245 3161 ἐγὼ
2280 3088 2508 3155 ἑώρακα
2553 3083 2712 3152 παρὰ
2740 3080 2821 3147 τῷ
2848 3080 3050 3148 Πατρι,
3089 3076 3277 3134 λαλῶ.
3335 3075 3434 3130 llic

1859 3197 2063 3248 autem,
2124 3192 2183 3236 ut
2229 3179 2356 3233 alibi
2385 3190 2549 3245 saepe,
2601 3172 2731 3228 illud
2774 3188 2839 3225 ex
2872 3171 3127 3240 Apologia
3164 3165 3433 3239 Pamphili

1860 3288 2130 3343 usurpare
2175 3272 2345 3326 licet:
2381 3288 2402 3319 ι
2440 3267 2672 3323 Dubium
2725 3274 2905 3319 autem
2965 3277 3071 3316 non
3132 3269 3239 3326 est,
3288 3259 3435 3330 quod

1861 3367 2050 3421 eodem
2087 3379 2249 3421 sensu
2292 3360 2456 3416 etiam
2497 3358 2553 3414 in
2587 3358 2806 3413 caeteris
2835 3354 3057 3422 sentiat,
3086 3369 3187 3409 nec
3215 3352 3289 3408 sit
3328 3350 3439 3407 sibi

1863 3458 1977 3527 ipse
2007 3454 2333 3510 contrarius.
2365 3470 2385 3505 s

1932 3562 2078 3618 XIX.
2110 3563 2364 3617 Attamen
2398 3574 2465 3616 ne
2511 3559 2751 3629 perfecte
2783 3556 3003 3627 quidem
3032 3563 3088 3610 et
3118 3554 3274 3624 plene
3330 3550 3437 3607 Pa-

1869 3665 2008 3711 trem
2038 3669 2071 3708 a
2109 3651 2250 3708 Filio
2288 3652 2464 3717 nosci,
2492 3652 2567 3705 ita
2601 3658 2660 3705 ut
2695 3665 2725 3704 a
2752 3648 2932 3718 seipso
2972 3646 3219 3702 noscitur
3252 3645 3443 3710 Pater,

1869 3755 2246 3821 minoremque
2277 3764 2402 3805 esse
2453 3748 2815 3815 cognitionem
2866 3744 2990 3800 Filii
3039 3758 3203 3814 quam
3261 3741 3439 3797 Patris

1868 3855 2253 3913 nonnunquam
2296 3838 2564 3908 Origenes
2584 3836 2856 3892 asseruit:
2886 3834 2965 3906 (7)
3014 3848 3138 3888 nam
3174 3831 3443 3902 Hierony-

1870 3948 1990 3988 mus
2051 3931 2106 3987 in
2153 3930 2314 4001 epist.
2390 3928 2481 3994 59,
2528 3926 2598 3980 ad
2652 3926 2818 3989 Avit.,
2847 3939 2970 3994 cap.
3009 3923 3065 3989 ι,
3097 3922 3293 3977 recitat
3335 3920 3447 3977 hoc

1868 4025 2046 4098 ipsius
2075 4023 2357 4079 decretum
2400 4033 2433 4075 e
2473 4018 2569 4076 lib.
2597 4032 2650 4075 tv
2679 4016 2821 4088 Περὶ
2853 4014 3080 4086 ἀρχῶν,
3127 4028 3279 4072 ιιιιιιι.
3340 4011 3438 4079 35,

1871 4209 2051 4265 cimus
2082 4205 2309 4263 artiﬁcis
2341 4204 2579 4257 animum
2611 4200 2748 4255 artis
2780 4199 2922 4254 scire
2952 4211 3284 4253 mensuram.
3321 4194 3441 4252 Nec

1870 4280 2089 4334 dubium
2142 4277 2270 4347 quin
2296 4275 2340 4329 si
2373 4273 2535 4327 Pater
2558 4271 2648 4347 _s_it
2677 4272 2729 4325 in
2753 4269 2911 4335 FIIIO,
2935 4279 2987 4323 et
3015 4267 3449 4347 comprehenda-

1874 4359 1961 4402 tur
1988 4350 2055 4402 ab
2077 4335 2222 4403 eoin
2260 4360 2366 4414 quo
2407 4353 2510 4397 est.
2553 4341 2648 4414 Sin
2679 4350 2857 4394 autem
2897 4335 3441 4414 comprehensionem

1871 4434 1997 4474 eam
2026 4404 2366 4480 dicimus,'ut
2396 4428 2503 4467 non
2537 4412 2713 4465 solum
2738 4423 2901 4464 sensu
2935 4407 3058 4478 quis
3096 4416 3160 4480 et
3173 4404 3439 4474 sapientia

1792 4477 1843 4537 D
1869 4476 2316 4557 comprehendat,
2380 4485 2474 4557 sed
2519 4492 2576 4536 et
2626 4480 2827 4535 virtute
2858 4488 2914 4533 et
2952 4476 3196 4557 potentia
3243 4485 3447 4557 Cllan

1876 4544 2055 4612 teneat
2110 4558 2199 4626 qui
2237 4544 2679 4626 cognovit,_non
2723 4544 3010 4626 possumus
3058 4544 3242 4601 dicere
3297 4544 3441 4626 quod

1870 4614 2526 4696 οοιιιρτοιιὶειιάςιιίὶῖίιίιιε
2555 4614 2793 4696 Patrem.
2851 4618 3195 4696 Patcr___vero
3245 4614 3439 4696 omnia

1869 4686 2295 4762 comprehendit.
2325 4693 2470 4748 Inter
2497 4692 2680 4746 omnia
2712 4697 2890 4743 autem
2911 4698 2966 4741 et
2988 4686 3154 4741 Filius
3179 4693 3281 4748 est,
3308 4700 3446 4755 ergo

1869 4779 1923 4816 et
1964 4767 2156 4816 Filium
2208 4762 2639 4816 comprehendit.
2678 4778 2696 4812 ι
2726 4757 3009 4813 Postrema
3044 4757 3206 4810 verba
3252 4756 3445 4811 Graece

1891 4919 2117 4961 εαιιιιιιιι*
2136 4922 2149 4957 Ξ
2168 4916 2231 4958 ιςι
2250 4916 2305 4958 δὲ
2330 4916 2358 4957 Ο
2383 4916 2571 4961 ιιατηρ
2593 4916 2910 4961 εμπεριεχει
2934 4916 3003 4950 τα
3031 4916 3226 4960 παν-ιτα,

1870 4916 2117 4976 leguntur
2136 4922 2149 4957 :
2168 4916 2231 4958 ιςι
2250 4916 2305 4958 δὲ
2330 4916 2358 4957 ο
2383 4916 2571 5023 ne???
2593 4916 2910 4983 εμπεριεχει
2934 4916 3003 4950 τα
3031 4916 3226 4960 παν-ιτα,
3253 4916 3361 4980 cui?
3384 4916 3442 4949 οε

1870 4979 2094 5033 πάντων
2135 4976 2201 5028 τέ
2240 4977 2388 5029 ἐστιν
2434 4975 2462 5026 ὁ
2543 4972 2655 5036 ἑὸς,
2700 4969 2857 5042 δηλον
2893 4970 2975 5042 ὅτι
3030 4968 3126 5042 stat
3155 4966 3247 5021 τὸν

1874 5048 2144 5103 Unitatem
2179 5045 2427 5101 essentia:
2456 5054 2510 5097 et
2531 5035 2893 5113 aequalitatem
2943 5040 2999 5094 in
3041 5037 3280 5113 Patreet
3307 5035 3454 5091 Filio

1872 5118 2099 5172 miriﬁce
2121 5117 2341 5185 exponit
2368 5106 2651 5185 Origenes,
2675 5113 2804 5185 dum
2830 5109 3048 5185 Patrem
3072 5124 3102 5163 a
3134 5106 3275 5185 Filio
3295 5121 3455 5162 com-

1873 5187 2154 5258 preItendL
2176 5178 2384 5249 statuit,
2415 5178 2747 5258 qu'ia_l_’ater
2779 5182 2832 5235 in
2882 5179 3018 5258 Filio
3064 5189 3166 5258 est.
3221 5178 3451 5258 Patrem

1873 5244 2083 5329 ergoin
2116 5256 2254 5329 Filio
2287 5244 2718 5329 essecreihabat,
2756 5267 2859 5305 non
2910 5250 3037 5329 quia
3085 5247 3234 5303 Patri
3259 5244 3443 5329 _Filius

1872 5318 2078 5391 ob‘édit,
2108 5327 2200 5382 sed
2224 5325 2353 5396 quia
2384 5323 2522 5396 Filio
2541 5321 2712 5396 Pater
2736 5318 3158 5396 totamdivinam
3192 5318 3446 5396 substan-

1876 5400 2004 5453 tiam
2039 5389 2345 5467 generando
2376 5394 2616 5467 tradidit.
2650 5390 2805 5449 Unde
2836 5391 3119 5467 scientiam
3144 5400 3200 5445 et
3230 5389 3454 5467 sapi_en-_-

1878 5469 2005 5521 tiam
2028 5456 2081 5522 ﬁ.
2112 5477 2340 5536 utroque
2359 5464 2621 5537 aequalem
2651 5462 2898 5534 agnoscit
2929 5458 3208 5537 Origenes,
3235 5472 3298 5511 ac
3318 5456 3451 5511 illud

1876 5547 2085 5592 tantum
2115 5529 2619 5603 comprehensionis
2657 5529 2853 5602 géuus,
2873 5547 2980 5603 quo
3010 5529 3251 5603 genitum
3291 5541 3450 5603 cotu~

1872 5606 2157 5679 prehendit
2190 5596 2419 5679 genitor,
2450 5622 2478 5660 a
2504 5604 2638 5679 b‘ilio
2658 5596 3288 5679 removet'.__-_—'Domnus
3306 5596 3446 5679 Pru-

1874 5666 2024 5735 deut.
2078 5666 2267 5733 Harant
2308 5666 2639 5734 De'divinit.
2679 5674 2875 5731 Christi
2928 5673 3022 5730 lib.
3069 5686 3148 5740 tv,
3192 5682 3317 5739 cap.
3352 5666 3427 5722 ιδ

1878 5764 2032 5805 num.
2055 5748 2095 5805 2
2113 5756 2169 5805 et
2198 5747 2257 5803 L
