1935 3110
206 140 256 168 767

859 135 890 164 P.
911 135 1067 163 DANlELlS
1085 133 1202 162 HUETII

1791 128 1846 156 768

205 200 277 236 quod
290 203 316 225 et
332 198 426 227 Grace
438 196 549 224 exhibet
562 196 731 224 .Instinianus
752 196 779 222 in
798 195 849 222 ﬁne
869 194 995 228 Episton
1011 217 1013 223 .

1066 194 1098 221 πὸ
1109 193 1157 220 τοῦ
1175 192 1281 228 Πατρῇς
1296 190 1451 226 ἀγνοεισθαι
1468 191 1522 217 ὓπδ
1535 179 1581 216 τοῦ
1600 189 1677 219 Υἰοὺ.
1692 189 1844 225 διαρκοῦν-

208 245 244 273 ad
267 243 369 271 Menam
388 251 397 270 :
417 243 514 274 Ἀλλος
538 241 567 269 δέ
594 251 635 274 τις
647 241 760 277 ζητήσει
784 242 808 268 εἰ
833 241 931 275 ἀληθὲς
963 240 995 267 τὸ

206 290 308 325 ὁμοίως
322 288 367 316 τὸν
383 288 450 315 Θεὸν
464 287 509 322 ὑφ’
522 287 618 314 ἑαυτοῦ
645 286 836 321 γινώσκεσθαι,
855 286 893 321 τῷ
916 285 997 320 γινώο

209 335 323 363 σκεσθαι
339 335 418 362 αὑτὸν
436 334 488 361 ὑπὸ
501 333 548 360 τοῦ
565 333 733 367 Μονογενοῦς
745 341 753 349 ·
763 334 809 360 καὶ
818 333 996 367 ἁποφανεῖται

208 382 250 410 ὅτι
271 382 301 409 τὸ
325 382 471 418 εἰρημένον
483 389 490 396 ·
509 381 535 406 '0
550 379 652 414 Πατὴρ
674 381 690 407 ό
704 379 825 414 πέμψας
840 388 879 414 με
895 377 998 410 μείζω

205 438 267 465 μου
281 428 377 459 ἐστὶν,
390 429 418 454 ὲν
433 428 515 454 πᾶσιν
532 426 642 461 ἀληθές.
657 426 737 452 ’Ὥστε
754 426 800 452 καὶ
812 427 839 452 ἐν
849 425 888 460 τῷ
903 427 972 452 νοεῖν
984 426 998 452 ὁ

210 474 305 510 Πατὴρ
327 474 456 509 μειζόνως
486 473 533 499 καὶ
559 472 729 507 τρανοτέρως
752 472 799 498 καὶ
825 471 998 507 τελειοτέρως

210 523 312 549 νοεῖται
343 520 388 555 ὑφ’
409 518 525 552 ἑαυτοῦ,
549 519 566 554 ἢ
590 518 642 545 ὑπὸ
663 517 805 545 τοῦ-Υἱοῠ.
834 527 843 543 t
872 518 1000 544 Curiosus

212 566 297 593 lector
309 565 438 599 iuquirat,
452 569 539 591 utrum
558 571 572 590 a
593 564 739 597 semetipso
759 568 939 598 cognoscatur
951 562 1000 589 Pa-

214 617 267 644 ter,
279 611 415 646 quomodo
430 609 607 643 cognoscitur
628 617 642 635 a
661 609 746 640 Filio;
772 608 917 642 sricnsque
934 607 1000 634 illud

214 656 285 692 quod
305 656 435 690 scriptum
452 659 516 681 est:
535 653 619 681 Pater
635 654 681 689 qui
697 654 767 680 misit
785 661 836 685 me,
856 652 943 687 major
962 660 1002 678 me

215 706 253 729 est
268 702 302 734 “,
315 701 342 728 in
359 701 485 727 omnibus
505 707 601 727 verum
617 707 678 727 esse
700 699 858 731 contendet,
881 703 913 725 ut
929 698 1004 726 dicat

215 754 243 777 et
257 749 284 776 in
297 747 451 781 cognitione
477 746 548 774 Filio
565 746 673 773 Patrem
701 753 762 772 esse
778 744 919 779 majorem,
940 745 1002 772 dum

215 792 364 829 perfectius
381 797 408 820 et
423 792 517 827 purius
528 799 543 818 ι
558 791 703 825 semetipso
721 790 904 824 cognoscitur,
923 797 1003 823 quam

217 847 233 867 ο
249 839 325 867 Filio.
340 848 349 865 ι
364 839 452 873 Atque
467 837 491 864 id
506 845 567 865 esse
585 844 673 864 causa:
686 844 771 871 quare
789 835 887 863 Filium
899 842 914 862 a
925 834 1006 862 Patre

1047 248 1092 272 τος
1105 238 1266 273 ἐξισωθῆναι
1281 238 1342 269 ταῖς
1354 236 1522 272 καταλήψεσι
1536 235 1585 261 τοῦ
1601 235 1733 270 ἁγενήτου
1757 236 1842 262 8:05-

1048 284 1208 312 ἐπιστατέον
1224 283 1305 310 αὑτὸν
1316 283 1348 308 ὲκ
1362 282 1409 308 τοῦ
1423 281 1552 317 ἀλήθειαν
1568 278 1637 307 εἶναι
1653 281 1698 308 τὸν
1710 281 1843 317 Σωτῆρα,

1049 332 1096 359 καὶ
1112 330 1278 368 προσακτέον
1294 330 1336 356 ὅτι
1359 330 1384 355 εἰ
1402 328 1548 364 ὁλόκληρός
1573 328 1647 354 ἐστιν
1673 329 1690 363 ἡ
1713 328 1843 363 ἀλήθεια,

1049 378 1125 405 οὐδὲν
1139 377 1237 412 ἀληθὲς
1257 377 1357 411 ἀγνοεῖ,
1374 376 1418 402 ἵνα
1434 375 1470 410 μὴ
1485 374 1573 410 σκάζῃ
1590 375 1722 401 λείπουσα
1735 376 1753 410 ἠ
1773 374 1842 410 ἁλή-

1052 424 1111 451 Θεια
1124 421 1165 455 οἷς
1182 423 1213 449 οὐ
1228 422 1367 457 γινώσκει,
1390 421 1450 448 κατ’
1466 421 1597 452 ἐκείνους,
1611 421 1797 456 τυγχάνουσιν
1814 422 1846 448 ὲν

1054 469 1126 505 μόνῳ
1141 468 1181 503 τῷ
1194 468 1291 504 Πατρὶ,
1305 467 1321 503 ἢ
1335 467 1465 494 δεικνύτω
1478 475 1520 499 τις
1532 467 1573 493 ὅτι
1589 467 1662 493 ἔστιν
1673 467 1690 493 ἃ.
1707 467 1846 501 γινωσῑώ-

1055 523 1123 551 μενα
1138 515 1187 550 τῆς
1203 513 1329 549 ἀληθείας
1341 513 1527 549 προσηγορίας
1543 513 1574 540 οὐ
1590 513 1771 548 τυγχάνοντα,
1787 513 1847 540 ἀλλ’

1054 562 1124 597 ὑπὲρ
1139 561 1225 597 αὐτὴν
1247 561 1323 587 ὄντα.
1338 560 1498 588 Addendum
1515 567 1656 588 censerem
1676 565 1703 587 et
1727 560 1814 587 istum
1832 568 1849 587 e

1055 609 1104 636 lib.
1126 616 1134 635 ι
1149 608 1219 642 Περὶ
1235 607 1346 642 ἀρχῶν,
1362 615 1422 639 cap.
1438 608 1463 637 5,
1481 615 1553 634 num.
1576 608 1592 633 4
1614 607 1705 642 (quem
1733 613 1848 642 usurpat

1055 662 1122 690 cap.
1137 654 1171 681 {8
1203 660 1299 681 auctor
1325 654 1408 681 libelli
1442 654 1477 680 De
1502 655 1598 680 deitate
1622 659 1644 680 ει
1663 654 1849 680 incarnatione

1059 689 1148 732 Varii,
1163 701 1195 727 ad
1207 699 1367 727 Ianuarium
1380 720 1387 732 ,
1402 701 1446 734 qui
1469 700 1642 734 subiungitur
1657 704 1732 726 torno
1748 703 1849 733 quarto

1057 745 1210 781 Augustini)
1221 746 1264 779 ;in
1279 746 1518 780 quocognilioucm
1532 746 1649 779 Spiritus
1661 745 1749 773 sancti
1761 753 1852 780 aequa-

1058 791 1109 819 lem
1123 799 1184 820 esse
1199 792 1345 827 cognitioni
1359 791 1447 818 Patris
1465 797 1491 818 ct
1509 791 1566 817 Filii
1582 792 1744 823 ostenditur,
1758 791 1782 818 si
1799 799 1852 818 non

1059 838 1110 865 hoc
1122 846 1199 873 opus,
1212 843 1241 865 ut
1257 838 1338 865 toties
1356 838 1460 870 monui,
1478 839 1502 864 in
1524 838 1554 864 iis
1575 838 1691 863 maxime
1705 837 1809 870 quibus
1822 837 1855 863 de

222 883 426 919 comprehendi,
438 882 546 910 Patrem
566 890 631 909 vero
646 890 661 909 a
676 882 745 909 Filio
761 881 918 915 neutiquam
933 888 1009 908 com-
1023 881 1045 909 B
1059 883 1194 912 Trinitate
1219 884 1320 919 agitur,
1338 885 1508 918 corrupisset
1536 884 1662 911 Ruﬁnus.
1688 883 1734 911 Sic
1761 887 1854 910 autem

219 929 350 969 prehendi
367 929 582 964 posse-opinatus
594 928 640 960 sit,
652 928 690 954 ait
704 927 885 962 Hieronymus
896 934 902 952 :
912 931 1007 954 contra

219 985 302 1012 quam
315 977 454 1011 Paganino
470 975 621 1004 Gaudentio
639 975 726 1001 visum
747 979 789 1001 est
809 974 855 1001 lib.
877 973 915 1000 De
936 981 1008 1000 com-

218 1028 308 1059 parat.
324 1023 412 1056 dagm.
429 1021 536 1056 Origen.
550 1029 608 1048 cum
624 1020 720 1055 philos.
739 1019 932 1054 Platonis;qui
949 1019 1008 1046 ideo

220 1069 361 1096 censuisse
375 1068 518 1102 Origenem
535 1067 640 1099 scribit,
656 1066 754 1093 Filium
764 1066 855 1093 videre
866 1073 918 1092 non
931 1071 1010 1100 posse

220 1112 341 1146 Patrem,
360 1113 424 1148 quia
438 1112 537 1140 Filium
557 1112 651 1139 habuit
670 1119 719 1146 pro
738 1119 767 1138 re
781 1116 891 1144 creata;
904 1109 1010 1138 intelle-

222 1165 295 1188 ctum
319 1163 410 1186 autem
433 1164 553 1186 creatum
573 1166 630 1185 rem
660 1158 795 1185 inﬁnitam
822 1164 937 1184 cernere
955 1163 1009 1183 non

223 1213 312 1241 posse.
330 1204 397 1232 Cum
415 1205 487 1232 enim
503 1209 613 1239 putasse
640 1203 744 1233 feratur
767 1210 854 1237 neque
874 1202 973 1230 Filium
994 1209 1010 1229 a

224 1251 437 1286 Spiritu'saneto
449 1250 532 1278 videri
547 1257 637 1284 posse,
647 1257 734 1284 neque
746 1248 877 1283 Spiritum
887 1254 1011 1275 sanetum

226 1297 260 1324 ab
273 1288 387 1331 angelis,
411 1303 498 1330 neque
522 1295 636 1329 angelos
662 1295 696 1322 ab
721 1294 889 1326 hominibus,
914 1301 1011 1322 vanam

225 1351 287 1371 esse
305 1343 429 1378 sequitur
444 1342 591 1370 Gaudentii
608 1343 804 1377 conjecturam.
829 1341 930 1369 Eodem
954 1349 1015 1376 per-

227 1389 295 1416 tinet
318 1389 390 1423 quod
414 1390 541 1424 queritur
557 1387 751 1424 Hieronymus.
768 1396 828 1423 cap.
849 1388 875 1421 i,
892 1387 1012 1422 ejusdem

228 1435 357 1470 Epistola)
373 1435 407 1461 ad
425 1435 507 1467 Αυίι..
524 1435 678 1462 decrevisse
695 1434 851 1469 Origenem,
865 1433 948 1460 Deum
958 1432 1013 1459 Pa-

228 1486 293 1509 trem
307 1489 362 1508 esse
376 1481 462 1508 tamen
475 1480 746 1514 incomprelteusibile.
764 1479 924 1515 Anonymus
945 1485 1013 1513 quo-

228 1535 282 1562 que
298 1531 392 1554 auctor
414 1526 550 1562 Apologiw
570 1534 617 1560 pro
646 1525 771 1561 Origene,
796 1525 867 1560 apud
887 1524 1013 1551 Pltotium

229 1573 289 1601 cod.
305 1581 388 1605 cxvn,
409 1573 479 1599 inter
498 1573 586 1607 capita
600 1572 820 1599 criminationum
833 1579 892 1606 qua:
904 1570 1014 1606 Origeui
1029 1559 1050 1588 (ἶ

228 1619 359 1647 intentari
380 1618 522 1651 solebant,
544 1618 653 1645 tertium
683 1618 747 1645 illud
770 1618 844 1653 ponit
865 1617 954 1654 [Υἰὸν]
979 1618 1016 1654 μὴ

229 1661 374 1698 γινώσκειν
395 1662 440 1689 τὸν
461 1662 588 1697 Πατέρα,
608 1662 646 1694 ὡς
670 1662 751 1694 αὐτὸς
773 1662 878 1689 ἑαυτόν.
894 1673 903 1689 ι
920 1662 1017 1690 Filium

230 1715 283 1734 non
302 1714 468 1742 cognoscere
481 1706 598 1740 Patrem,
612 1712 640 1734 ut
653 1708 741 1742 seipse
752 1706 834 1734 Pater
849 1707 1015 1742 cognoscit.»

230 1750 316 1787 Hujus
333 1760 399 1779 sane
411 1753 557 1780 commenti
576 1757 646 1779 notze
663 1758 771 1780 exstant
797 1758 870 1780 tmno
888 1761 962 1780 sunt
980 1753 1019 1787 (8)

229 1798 258 1825 in
271 1797 366 1831 luam,
381 1806 456 1827 num.
470 1798 505 1825 18
520 1796 723 1825 τΓινώσκειοῦν
735 1800 780 1825 τὸν
791 1799 900 1835 Πατέρα
916 1800 931 1826 ὁ
945 1799 1019 1831 Υίδς,

230 1842 306 1878 αὺτῷ
327 1842 366 1878 τῷ
379 1842 523 1877 γινώσκειν
543 1843 624 1870 αὑτὸν
638 1844 694 1870 ὖντι
716 1844 836 1880 μεγίστῳ
850 1844 954 1879 ἀγαθῷ,
972 1846 1020 1871 καὶ

229 1889 323 1917 ὁποῖον
337 1889 370 1916 ἂν
385 1890 399 1916 ὁ
413 1890 460 1916 ὲπί
468 1890 574 1917 τελείαν
587 1891 688 1925 γνῶσιν
700 1891 737 1918 ὣν
750 1892 782 1928 ἣν
792 1891 921 1926 γινώσκει
932 1892 946 1917 ὀ
957 1891 1022 1923 Υίὸς

229 1936 277 1964 τὸν
294 1937 413 1973 Πατέρα,
439 1937 579 1973 ἐδοξάσθη.
606 1936 689 1974 Οἶμαι
706 1939 746 1966 ὅτι
766 1940 814 1967 καὶ
829 1939 925 1966 ἑαυτὸν
940 1939 1021 1974 γινώ-

232 1990 316 2014 σκων,
339 1983 407 2018 ὅπερ
423 1984 469 2010 καὶ
484 1983 550 2010 αὐτὸ
573 1985 603 2010 οὺ
630 1984 739 2020 μακρὰν
764 1985 859 2012 ἀποδεῖ
880 1984 928 2012 τοῦ
956 1994 1023 2022 προ-

231 2027 323 2064 τέρου,
339 2027 469 2064 ἐδοξάσθη
491 2029 522 2055 ὲκ
537 2028 584 2056 τοῦ
607 2029 687 2056 αὑτὸν
704 2030 864 2064 ἐγνωκέναι.
883 2030 1023 2065 Cognitio-

232 2081 295 2101 netn
312 2081 366 2108 qua
391 2082 421 2101 se
439 2076 581 2110 cognoscit
599 2074 694 2109 Filius,
722 2076 879 2110 cognitione
902 2076 947 2103 illa
969 2084 1022 2112 qua

233 2119 376 2153 cognoscit
392 2118 501 2147 Patrem
530 2120 612 2155 paulo
632 2121 788 2149 interiorem
813 2129 876 2149 esse
904 2122 1023 2156 deﬁnit;

233 2165 307 2201 quod
336 2173 398 2193 mox
422 2166 542 2201 apertius
563 2166 709 2201 praedicat,
731 2167 826 2195 dicens
852 2166 901 2203 τὴν
917 2167 1024 2204 Πατρὸς

233 2211 351 2249 θιωρίαν
364 2211 434 2239 εἶναι
452 2211 563 2248 μείζονα
575 2213 625 2249 τῆς
641 2214 670 2240 ὲν
685 2213 742 2249 Υῑῷ
759 2213 885 2249 θεωρίας.

343 2259 409 2293 Quae
418 2260 544 2295 quamvis
558 2265 749 2286 asseveranter
764 2260 938 2294 pronuntiata
956 2260 1024 2294 sint,

236 2303 275 2341 (9)
286 2304 355 2332 idem
371 2305 429 2340 ipse
444 2310 534 2333 tamen
545 2305 571 2333 in
584 2306 679 2333 iisdem
693 2305 904 2334 Commentariis
913 2310 988 2334 tomo
1001 2315 1021 2339 ι,

235 2358 314 2378 num.
336 2350 390 2384 2'1,
416 2351 547 2386 aequalem
567 2351 750 2386 cognitionem
779 2352 843 2380 Filii
876 2352 1023 2387 cognitioni

236 2394 325 2423 Patris
337 2397 444 2424 videtur
457 2401 586 2430 statuere,
603 2397 672 2425 adeo
684 2398 748 2432 quid
759 2402 918 2433 sequeretur
931 2405 1025 2433 parum

237 2440 289 2476 ipsi
305 2445 392 2475 ratum
409 2442 545 2477 ﬁxumque
559 2442 630 2469 fuit:
654 2442 717 2469 Ἐὰν
732 2443 761 2470 δέ
770 2452 813 2476 τις
831 2443 911 2479 ζητῇ,
927 2444 1026 2479 inquit,

236 2487 263 2514 ιι
277 2487 330 2514 πᾶν
346 2487 361 2514 ὅ
377 2487 476 2515 τίποτε
491 2489 660 2524 ἐγνωσμένον
673 2489 726 2516 ὑπὸ
739 2489 785 2516 τοῦ
795 2490 901 2525 Πατρὸς
913 2489 985 2517 κατὰ
997 2490 1029 2517 τὸ

239 2532 320 2569 βάθος
332 2532 380 2559 τοῦ
394 2533 521 2566 πλούτου,
539 2535 585 2561 καὶ
596 2534 646 2570 τῆς
659 2535 764 2569 σοφίας,
780 2535 827 2561 καὶ
840 2535 890 2570 τῆς
900 2535 1027 2570 γνώσεως

237 2578 333 2609 αὑτοῦ,
347 2579 492 2606 ἐπίσταται
514 2580 528 2606 ὁ
545 2580 641 2617 Σωτὴρ
655 2580 743 2616 ἡμῶν,
759 2581 806 2607 καὶ
822 2581 957 2617 φαντασίᾳ
980 2582 1027 2608 τοῦ

237 2623 358 2658 δοξάζειν
371 2625 416 2652 τὸν
431 2625 541 2662 Πατέρα
553 2626 736 2662 ἀποφαίνηται
758 2634 818 2653 τινα
841 2627 1028 2662 γινωσκόμενα

1058 935 1208 964 conceptus
1218 935 1260 957 est
1277 939 1284 957 :
1301 938 1310 955 ε
1332 930 1408 956 Sicut
1426 930 1498 955 enim
1518 930 1551 956 de
1567 929 1635 956 Filio
1653 930 1775 961 dicitur,
1791 930 1856 964 quia

1058 985 1133 1003 nemo
1144 977 1214 1003 novit
1233 975 1338 1003 Patrem
1358 977 1408 1002 nisi
1431 975 1529 1006 Filius,
1542 981 1565 1002 et
1583 976 1625 1001 cui
1641 975 1753 1002 rolnerit
1766 975 1857 1002 Filius

1063 1022 1178 1049 revelare
1192 1021 1215 1037 "
1233 1029 1240 1048 :
1255 1021 1312 1049 haec
1337 1023 1430 1048 cadent
1454 1022 1535 1047 etiam
1564 1021 1598 1048 de
1627 1021 1730 1054 Spiritu
1758 1027 1858 1050 sancto

1060 1067 1127 1093 dicit
1151 1067 1309 1101 Apostolus,
1338 1074 1399 1093 etnn
1424 1067 1461 1092 ait
1481 1075 1487 1092 :
1510 1066 1592 1093 Nobis
1613 1072 1700 1093 autent
1726 1067 1854 1093 ret-clarii

1060 1112 1131 1139 Deus
1143 1121 1189 1147 per
1200 1112 1328 1147 Spiritum
1345 1122 1420 1139 suum
1435 1122 1443 1145 ;
1460 1112 1578 1146 Spiritus
1590 1114 1658 1139 enim
1676 1114 1767 1139 omnia
1784 1122 1859 1140 scru-

1062 1164 1145 1191 tatur,
1156 1160 1235 1186 etiam
1247 1159 1302 1185 alta
1318 1159 1365 1185 Dei
1377 1160 1410 1186 ’⁵.
1433 1159 1484 1185 Sed
1506 1164 1532 1186 et
1549 1167 1642 1186 rursus
1658 1159 1683 1185 in
1706 1159 1859 1194 Evangelii)

1062 1204 1095 1231 de
1109 1205 1208 1232 divinis
1232 1209 1260 1232 et
1287 1205 1512 1239 profundiorilms
1536 1206 1668 1232 doctrinis
1687 1213 1859 1232 commemo-

1062 1258 1128 1277 rans
1156 1250 1292 1283 Salvator,
1319 1258 1386 1285 quas
1407 1252 1524 1278 nondum
1543 1259 1640 1285 capere
1669 1255 1801 1285 poterant
1819 1251 1859 1278 di-

1063 1296 1160 1330 saipnli
1176 1296 1229 1330 sui,
1248 1297 1283 1323 ita
1297 1297 1334 1323 ait
1347 1297 1379 1323 ad
1399 1297 1535 1330 apostolos
1551 1306 1556 1323 :
1573 1297 1665 1323 Αιιιυιε
1676 1296 1759 1323 multa
1775 1296 1857 1323 haben

1062 1351 1122 1377 quia
1142 1344 1215 1370 vobis
1225 1344 1324 1376 dicam,
1348 1344 1394 1370 sed
1417 1353 1468 1370 non
1493 1345 1598 1376 potestis
1622 1344 1717 1370 amodo
1742 1351 1857 1378 capere:

1063 1397 1121 1416 cum
1131 1395 1217 1416 autem
1226 1390 1323 1416 venerit
1337 1390 1487 1416 consolator
1499 1389 1616 1423 Spiritus
1628 1395 1749 1420 sanctus,
1761 1389 1810 1415 ille
1818 1398 1858 1416 eos

1064 1434 1163 1462 docebit
1173 1435 1271 1468 omnia,
1281 1440 1304 1461 et
1314 1436 1486 1462 commonebi!
1498 1436 1584 1461 omnia
1598 1444 1656 1469 qutt-
1668 1436 1725 1461 diri
1740 1435 1815 1462 vobis
1826 1436 1857 1460 ".

1065 1479 1095 1506 Et
1113 1481 1149 1507 ita
1169 1481 1340 1508 sentiendum
1360 1487 1411 1510 est.
1430 1481 1499 1515 quod
1520 1482 1589 1508 sicut
1613 1481 1696 1509 Filius
1718 1482 1765 1515 qui
1784 1481 1857 1508 salu;

1066 1526 1206 1560 cognoscit
1226 1525 1355 1559 Patrem,
1380 1527 1481 1554 revelat
1508 1527 1551 1554 cui
1579 1527 1646 1557 vult,
1673 1527 1710 1553 ita
1738 1527 1859 1561 Spiritus

1068 1577 1178 1599 sanctus
1192 1573 1236 1607 qui
1251 1572 1325 1599 solus
1350 1577 1487 1599 scrutatur
1499 1573 1580 1598 etiam
1605 1572 1657 1598 alta
1676 1572 1737 1603 Dei,
1759 1572 1860 1599 revelat

1069 1618 1153 1645 Deum
1167 1619 1210 1645 cui
1223 1618 1295 1652 vult;
1315 1618 1431 1651 Spiritus
1451 1619 1519 1644 enim
1534 1618 1578 1644 ubi
1590 1618 1644 1644 vult
1661 1618 1748 1652 spirat
1760 1618 1796 1645 ".
1810 1616 1861 1644 Nc-

1069 1672 1121 1699 que
1136 1665 1207 1692 enim
1220 1665 1368 1700 putandum
1393 1669 1433 1692 est
1448 1665 1521 1699 quod
1540 1665 1620 1691 etiam
1640 1664 1761 1699 Spiritus
1788 1663 1859 1691 Filio

1070 1711 1209 1739 revelanle
1235 1712 1386 1746 cognoscit.
1410 1710 1437 1737 Si
1462 1711 1534 1737 enim
1556 1710 1694 1737 revelante
1721 1709 1795 1737 Filio
1818 1718 1865 1737 co-

1070 1756 1175 1790 gnoscit
1190 1754 1298 1782 Patrem
1314 1755 1432 1789 Spiritus
1444 1761 1567 1787 sanctus,
1580 1763 1645 1790 ergo
1659 1762 1692 1782 ex
1709 1755 1862 1789 ignorantia

1071 1802 1104 1828 ad
1130 1801 1270 1828 scientiam
1287 1801 1361 1828 vertit
1382 1810 1387 1827 :
1408 1801 1480 1834 quod
1498 1801 1590 1835 utique
1607 1806 1634 1828 et
1650 1801 1764 1835 impium
1789 1801 1862 1835 pari-

1073 1852 1113 1874 ter
1127 1851 1153 1874 et
1172 1846 1284 1873 stultum
1299 1850 1351 1879 est,
1378 1846 1510 1879 Spiritum
1541 1851 1663 1873 sanctum
1682 1845 1823 1878 conﬁteri,
1840 1852 1863 1872 et

1073 1892 1251 1928 ignorantiam
1267 1892 1290 1920 ei
1308 1892 1455 1919 ascribere.
1475 1902 1484 1918 ι
1497 1891 1523 1919 Si
1541 1892 1622 1918 ullam
1637 1892 1751 1925 Spiritui
1770 1898 1864 1919 sancto

1073 1939 1252 1973 ignorantiam
1284 1938 1471 1966 ascribendam
1500 1945 1561 1965 esse
1593 1936 1726 1972 Origenes
1763 1944 1863 1973 negat,

1071 1983 1202 2019 aequalem
1214 1983 1326 2011 omnino
1342 1983 1483 2010 scientiam
1510 1983 1559 2016 ipsi
1580 1983 1674 2010 tritnuit
1691 1991 1723 2010 ac
1741 1983 1819 2010 Patri
1840 1988 1865 2010 et

1072 2029 1161 2064 Filio;
1179 2037 1229 2057 nec
1256 2028 1342 2062 major
1362 2029 1434 2055 enim
1451 2029 1599 2063 excogitari
1624 2032 1714 2061 potest
1738 2029 1864 2061 scientia,

1074 2083 1154 2110 quam
1172 2083 1233 2110 quae
1256 2076 1327 2102 nttlla
1345 2076 1454 2110 penitus
1484 2075 1644 2109 ignorantia:
1668 2074 1789 2108 caligine
1808 2082 1865 2109 per~

1074 2121 1155 2149 mista
1172 2126 1223 2149 est.

1110 2167 1180 2195 XXI.
1201 2167 1297 2195 Filium
1313 2168 1358 2195 Dei
1377 2176 1424 2202 pro
1441 2175 1470 2195 re
1485 2172 1578 2195 creata
1594 2169 1626 2194 ab
1653 2169 1776 2204 Origene
1791 2171 1865 2198 habi-

1076 2219 1132 2243 tum
1148 2216 1230 2243 fuisse
1246 2223 1277 2241 ac
1294 2215 1481 2249 prmdicatum,
1499 2222 1559 2249 quin
1569 2214 1736 2242 Arianorum
1756 2222 1784 2243 et
1800 2218 1866 2244 Ano-

1077 2269 1206 2288 matorum
1224 2262 1302 2295 itupia
1322 2261 1370 2287 fuit
1387 2266 1413 2288 et
1432 2260 1561 2287 damnosa
1578 2261 1680 2294 npiniu,
1703 2263 1791 2289 verba
1815 2263 1865 2290 hanc

1075 2307 1238 2342 persuadere
1252 2310 1376 2342 possunt,
1388 2314 1447 2340 qua:
1459 2314 1475 2334 e
1492 2307 1539 2334 lib.
1557 2315 1582 2334 tv
1594 2306 1664 2340 Περὶ
1672 2307 1781 2342 ἀρχῶν
1788 2310 1867 2335 addu-

1075 2353 1113 2379 cit
1129 2351 1294 2379 Justinianus
1309 2352 1334 2379 in
1347 2351 1467 2386 Epistula
1485 2353 1520 2379 ad
1537 2352 1662 2379 Menam:
1673 2351 1762 2386 Οὗτος
1780 2355 1794 2381 ό
1810 2354 1867 2385 Tib;

1076 2398 1110 2425 ὲκ
1126 2398 1189 2433 Θελή
1194 2405 1278 2433 ματος
1292 2397 1340 2424 τοῦ
1355 2398 1463 2434 Πατρδς
1480 2398 1617 2434 γενηθεὶς,
1632 2398 1667 2432 ὃς
1680 2399 1772 2426 ἐστιν
1785 2400 1867 2426 δικὼν

1077 2444 1130 2471 τοῦ
1144 2443 1219 2471 Θεοῦ
1236 2443 1290 2471 τοῦ
1309 2443 1448 2479 ἀοράτου,
1469 2445 1517 2471 καὶ
1532 2444 1705 2479 ἀπαύγασμα
1724 2446 1778 2480 τῆς
1795 2446 1868 2480 6651;;

1078 2489 1171 2523 αὑτοῦ,
1189 2490 1333 2527 χαρακτήρ
1345 2499 1374 2517 τε
1389 2490 1439 2526 τῆς
1454 2490 1630 2522 ὑποστάσεως
1647 2491 1731 2518 αὑτοῦ
1741 2512 1748 2523 ,
1769 2492 1868 2528 πρωτό-

1077 2544 1156 2568 τοκος
1178 2536 1268 2573 πάσης
1298 2535 1422 2569 κτίσεως,
1444 2536 1557 2572 κτίσμα,
1576 2536 1666 2571 σοφία.
1683 2538 1762 2574 Αὐτὴ
1779 2539 1832 2574 γὰρ
1854 2537 1867 2572 ή

1082 2581 1165 2617 Σοφία
1174 2582 1265 2618 φησιν’
1280 2582 1311 2609 '0
1323 2583 1396 2616 Θεὸς
1413 2582 1664 2618 ἐκτισέμεάρχὴν
1674 2583 1758 2610 ὁδῶν
1765 2583 1868 2611 ἑαυτσῦ

1082 2629 1124 2659 εις
1142 2628 1215 2663 ἔργα
1241 2627 1360 2655 ἑαυτοῦ.
1376 2637 1386 2653 ί
1404 2627 1453 2656 Hic
1470 2628 1556 2656 Filius
1573 2628 1605 2655 de
1620 2628 1766 2655 voluntate
1787 2628 1868 2657 Patris

275 2681 299 2698 ’³
316 2680 392 2709 .Ioan.
410 2689 467 2715 xiv,
479 2681 526 2710 28.
564 2682 665 2710 "Luc.
677 2690 706 2717 x,
722 2682 767 2710 22.
805 2682 828 2699 ³⁸
840 2683 848 2710 l
862 2683 924 2710 Cor.
943 2691 973 2715 n,
985 2684 1029 2711 l0.
1068 2686 1090 2701 "
1103 2685 1181 2712 Joan.
1195 2691 1250 2717 ut,
1266 2685 1317 2717 l2,
1335 2685 1386 2718 t5;
1404 2692 1461 2718 xiv,
1478 2684 1524 2711 26.
1564 2685 1587 2700 ³⁸
1599 2684 1677 2713 Joan.
1695 2693 1739 2717 In,
1756 2685 1787 2714 8.

276 2729 315 2765 (8)
331 2729 468 2772 ln_Joan.
491 2739 564 2772 nam.
585 2730 700 2772 l8,_etc.
717 2731 785 2772 Vide
812 2737 894 2772 supra
921 2739 996 2772 num.
1012 2732 1027 2758 7

242 2766 447 2806 observationes
463 2771 571 2795 nostras
590 2767 617 2794 in
630 2766 695 2794 haec
704 2766 786 2793 verba
801 2774 809 2793 ι
829 2765 930 2793 Eodem
957 2768 1017 2795 tabo

243 2805 303 2827 rant
319 2802 392 2833 vitia,
405 2806 459 2828 etc.

280 2835 320 2868 (9)
334 2835 406 2862 idem
420 2836 474 2870 ipse
490 2841 579 2863 tamen
592 2837 620 2862 in
636 2836 729 2863 iisdem
751 2834 964 2870 Commentariis,
978 2841 1031 2864 etc.

247 2869 389 2905 Equalem
412 2871 594 2906 cognitionem
609 2870 672 2901 Filii
692 2871 837 2906 cognitioni
857 2870 946 2900 Patris
975 2877 1032 2900 sta-

1084 2733 1134 2760 tuit
1150 2733 1231 2760 etiam
1246 2733 1375 2766 Origenes
1391 2732 1437 2759 lib.
1452 2740 1477 2760 vr
1494 2737 1585 2759 contra
1600 2731 1719 2765 Cetsnni,
1737 2740 1816 2759 num.
1839 2730 1866 2759 l7

1084 2773 1111 2795 et
1131 2775 1206 2794 num.
1232 2767 1268 2795 65
1299 2768 1365 2795 Vide
1390 2767 1494 2795 Itullum
1522 2767 1627 2802 Delens.
1644 2766 1709 2801 ﬁdet
1737 2766 1863 2796 Nicena.

1064 2804 1117 2830 .de
1132 2802 1245 2839 Filiijttit
1268 2803 1413 2839 ὁμοωσιῳ,
1429 2808 1495 2832 sect.
1519 2803 1547 2831 2.
1573 2809 1631 2837 cap.
1648 2802 1676 2837 9,
1700 2810 1779 2830 num.
1803 2803 1819 2831 9
1845 2806 1866 2829 et

1086 2846 1160 2866 num.
1180 2837 1223 2866 l6.
