3870 6220
220 313 335 371 ’ῖῐόθ

1083 312 1660 371 ORIGENIANOBUM
1700 312 1830 373 LIB.
1874 313 1944 379 ll,
1986 314 2141 370 CAP.
2183 315 2250 380 ll,
2294 311 2571 382 QUAEST.
2616 316 2681 371 ll.

3396 323 3499 379 770

223 442 541 504 generatus,
571 432 659 503 qui
684 442 763 487 est
794 433 966 503 imago
1000 432 1101 488 Dei
1155 435 1434 490 invisibilis
1463 435 1530 500 ⁸¹,
1559 443 1612 488 ct
1644 435 1822 504 splen-
1854 441 1898 497 Α
1930 434 1998 488 ab
2029 448 2095 488 eo
2122 432 2367 504 (Patre):
2395 440 2536 505 quod
2561 450 2782 491 necesse
2806 447 2889 491 est
2914 437 3179 509 imprimis
3202 440 3400 508 suscipi
3431 444 3499 493 ab

221 524 331 577 dor
382 521 566 592 gloria:
623 522 775 592 ejus,
832 532 887 576 et
949 522 1124 594 ﬁgura
1178 538 1434 594 expressa
1502 525 1821 580 substantiae
1927 525 2013 581 his
2063 525 2333 596 quinihil
2386 528 2721 596 ingenitum,
2781 528 2832 582 id
2869 538 2952 583 est
2993 530 3264 594 innatum,
3302 544 3501 599 purior

222 614 347 684 ejus
382 614 453 682 ³³,
515 615 909 685 primogenitae
968 616 1148 671 omnis
1192 626 1477 682 creaturae,
1536 618 1813 683 conditio,

218 706 511 776 sapientia.
542 707 657 776 Ipsa
691 709 835 763 enim
872 707 1152 779 Sapientia
1185 709 1316 766 dicit
1345 727 1361 765 :
1390 709 1651 764 Dominus
1687 726 1815 764 con-

219 798 362 853 didit
385 816 466 854 me
517 798 729 854 initium
754 802 958 856 viarum
1002 819 1223 857 auarum
1251 805 1321 857 ad
1358 819 1517 873 opera
1549 802 1748 867 sua”;
1791 822 1810 855 ι

219 899 283 947 et
307 891 410 946 ista
439 906 506 946 ex
527 892 717 947 eodem
759 892 896 949 libro
930 911 944 948 :
977 894 1099 948 Ὅτι
1129 894 1228 966 μὲν
1259 891 1354 950 οὖν
1393 897 1501 950 πᾶν
1546 897 1574 949 ὃ
1597 895 1648 949 τί
1681 912 1813 949 ποτε

219 984 379 1056 παρὰ
404 984 495 1038 τὸν
526 985 746 1057 Πατέρα
777 986 872 1041 καὶ
900 985 1034 1042 Θεὸν
1069 988 1179 1041 τῶν
1223 988 1360 1042 ὅλων
1386 987 1613 1059 γενητόν
1642 989 1809 1053 ἐστιν,

219 1076 292 1132 ἔκ
311 1076 415 1147 τῆς
442 1077 615 1149 αὐτῆς
650 1076 974 1143 ἀκολουθίας
1026 1078 1347 1151 πειθόμεθα.
1390 1099 1409 1133 ι
1443 1081 1597 1149 Quod
1648 1082 1811 1150 igitur

217 1182 564 1240 quaecunque
589 1170 696 1224 alia
731 1185 840 1237 res,
885 1180 1088 1239 prater
1122 1171 1340 1226 Patrem
1372 1187 1439 1227 ac
1473 1174 1641 1227 Deum
1688 1173 1806 1226 nni-

216 1275 534 1325 versorum,
565 1271 748 1317 creata
780 1271 887 1327 est,
932 1263 1121 1318 eadem
1174 1264 1565 1335 consequentia
1611 1264 1807 1319 suade-

219 1342 385 1421 mur;
428 1373 447 1406 ι
483 1369 697 1410 necnon
729 1363 787 1410 et
814 1356 931 1410 hate
955 1370 1077 1425 quas
1105 1371 1173 1411 ex
1195 1356 1363 1426 ipsius
1396 1356 1806 1413 Commentario

213 1447 275 1499 in
308 1447 569 1513 psalmum
599 1462 617 1502 ι
647 1446 855 1517 profert
882 1447 1218 1515 Epiphanius
1240 1449 1376 1503 har.
1402 1465 1547 1511 utv,
1575 1464 1695 1516 cap.
1727 1448 1757 1499 7
1786 1465 1800 1501 :

228 1536 517 1609 ’Ᾱξιοῦμεν
538 1537 741 1601 τοίνυν,
770 1538 894 1591 ἐπεὶ
932 1539 1065 1611 μηδὲ
1089 1540 1257 1611 χωρὶς
1285 1539 1421 1593 Θεοῦ
1453 1539 1618 1592 καλὸν
1661 1537 1801 1592 εἶναι

210 1628 459 1691 δύναται,
502 1630 597 1683 καὶ
642 1629 874 1700 μάλιστα
906 1631 1093 1701 νόησις
1124 1630 1357 1700 Γραφῶν
1391 1630 1796 1695 Θεοπνεύστων,

209 1719 363 1782 ὅπως
385 1720 465 1789 τῷ
490 1720 665 1793 Πατρὶ
682 1720 790 1774 τῶν
821 1721 957 1773 ὅλων
984 1722 1101 1792 Θεῷ
1113 1721 1200 1775 διὰ
1225 1720 1319 1774 τοῦ
1345 1721 1599 1793 Σωτῆρος
1622 1722 1795 1793 ἡμῶν,

207 1810 308 1863 καὶ
345 1790 648 1883 ἀρχιερέως
683 1811 911 1883 γενητοῦ
950 1790 1086 1865 Θεοῦ
1114 1813 1396 1884 προσιέναι
1436 1790 1681 1883 animati;
1708 1811 1796 1865 δο-
1830 1790 1871 1845 Β

206 1899 374 1973 Θῆναι
408 1904 540 1973 ἡμῖν
572 1902 787 1974 πρῶτον
835 1900 1017 1965 καλῶς
1042 1901 1259 1974 ζητεῐν·
1295 1912 1350 1957 et
1380 1903 1496 1957 haec
1530 1912 1793 1973 praaterea

204 2008 333 2063 qua:
360 2009 425 2049 ex
465 2010 533 2050 eo
575 1996 771 2050 recitat
820 1996 1090 2051 Diodorus
1143 1996 1197 2050 in
1252 1995 1455 2051 Catena
1485 1995 1792 2051 Combetisii

204 2085 448 2139 nondum
480 2087 623 2141 edita
648 2089 717 2141 ad
742 2088 873 2143 Gen.
901 2104 943 2155 t,
974 2089 1043 2160 2;:
1071 2087 1432 2156 Γεννηθήτω
1476 2086 1603 2157 ςρῶς
1625 2105 1638 2117 ·
1676 2087 1796 2151 πῶς

203 2177 422 2249 νοήσως
464 2173 573 2250 ἆρα
599 2177 661 2231 τὸ
688 2178 963 2253 ἀληθινὸν,
992 2180 1085 2235 τὸν
1110 2180 1239 2235 Υἱόν
1268 2198 1285 2249 ;
1315 2181 1458 2236 Idem
1489 2182 1557 2236 de
1585 2181 1790 2252 Spiritu

202 2258 402 2325 sancto
456 2270 756 2327 decernere
816 2273 1057 2341 videtur,
1098 2290 1223 2330 cum
1279 2274 1357 2328 ait
1413 2273 1467 2327 in
1523 2273 1791 2343 prooemio

203 2360 476 2417 librorum
513 2363 655 2433 Περὶ
685 2363 907 2434 ἀρχῶν,
943 2382 1093 2423 num.
1124 2368 1183 2432 4,
1200 2368 1357 2437 juxta
1395 2365 1578 2420 Rufini
1620 2365 1793 2419 inter-

208 2454 617 2520 pretationem:
660 2474 679 2506 ‹
729 2455 866 2510 Tum
914 2455 1115 2511 deinde
1166 2457 1373 2512 honore
1406 2470 1472 2511 ac
1524 2455 1790 2527 dignitate

201 2540 359 2597 Patri
401 2558 464 2598 ac
501 2543 642 2599 Filio
673 2546 947 2600 sociatum
978 2547 1323 2601 tradiderunt
1366 2545 1629 2615 Spiritum
1660 2562 1787 2600 san-

201 2643 377 2688 ctum.
401 2633 458 2689 ln
489 2636 593 2691 hoc
633 2652 741 2691 non
763 2637 876 2707 jam
922 2638 1208 2694 manifeste
1245 2638 1575 2694 discernitur
1603 2648 1782 2691 utrum

202 2737 367 2783 natus
392 2745 459 2783 an
490 2729 742 2798 innatus;
768 2749 787 2783 ι
809 2741 865 2786 et
890 2731 983 2786 lib.
1023 2747 1062 2796 ι,
1087 2746 1205 2801 cap.
1243 2731 1300 2796 2,
1336 2748 1485 2785 num.
1517 2731 1570 2797 6,
1594 2733 1782 2785 eodem

199 2819 507 2891 interprete
539 2838 554 2875 :
590 2839 610 2873 ι
642 2821 718 2877 Ita
738 2836 868 2895 ergo
892 2832 947 2879 et
974 2821 1096 2877 Filii
1120 2823 1467 2878 subsistentia
1495 2831 1785 2892 generatur

275 2982 321 3014 ⁸⁸
357 2982 569 3039 Coloss.
601 2998 646 3051 ι,
677 2984 766 3040 i5.

876 2986 922 3017 ³³
958 2985 1125 3042 Hebr.
1152 3001 1191 3053 ι,
1216 2985 1271 3039 5.
1347 2986 1392 3018 ³³
1419 2985 1576 3040 Prov.
1604 2998 1722 3043 vui.
1751 2981 1843 3037 22.

1920 616 2095 673 solum
2150 617 2319 672 Deum
2350 618 2567 674 Patrem
2600 621 2862 675 fatentur.
2896 640 2914 672 ›
2948 620 3100 687 Quod
3141 624 3303 675 Vt'rlit
3348 621 3503 675 Ruti-

1918 722 2041 773 nus,
2085 718 2242 761 natus
2300 724 2369 761 an
2400 708 2639 774 innatus,
2667 710 2936 765 redditum
2966 722 3048 765 est
3076 711 3145 765 ab
3172 711 3500 782 Hieronymo

1917 800 2077 871 epist.
2123 800 2213 865 59,
2244 801 2317 853 ad
2344 802 2511 866 Avit.,
2548 817 2666 871 cap.
2699 804 2751 868 1,
2786 804 2961 872 factus
3004 821 3072 857 an
3120 804 3363 872 infectus.
3401 800 3499 858 Sic

1915 891 2060 945 enim
2093 891 2206 957 ille,
2241 906 2460 947 errores
2510 893 2632 946 libri
2669 894 2829 963 primi
2878 895 3019 963 Περὶ
3054 893 3262 964 ἀρχῶν
3304 908 3495 948 recen-

1913 998 2079 1037 seus:
2114 1001 2133 1035 ι
2191 981 2435 1037 Tertium
2490 985 2751 1054 dignitate
2780 995 2832 1039 et
2868 985 3077 1039 honore
3119 996 3240 1055 post
3270 984 3490 1039 Patrem

1912 1086 1967 1132 et
2013 1076 2212 1132 Filium
2256 1077 2455 1131 asserit
2487 1075 2751 1144 Spiritum
2805 1086 3057 1131 sanctum
3097 1076 3206 1132 :de
3232 1091 3342 1146 quo
3368 1091 3491 1131 cum

1912 1170 2162 1239 ignorare
2208 1183 2268 1224 se
2300 1168 2465 1233 dicat,
2499 1179 2678 1222 utrum
2709 1168 2885 1221 factus
2925 1169 2997 1222 sit
3037 1184 3103 1221 an
3143 1168 3397 1230 infectus,
3436 1166 3489 1224 in

1912 1263 2311 1331 posterioribus
2364 1263 2492 1331 quid
2537 1262 2605 1316 de
2650 1278 2715 1316 eo
2764 1263 2993 1315 sentiret
3026 1262 3321 1329 expressit,
3355 1261 3491 1316 nihil

1908 1356 2115 1423 absque
2138 1355 2254 1409 solo
2280 1356 2389 1408 Deo
2415 1353 2576 1407 Patre
2624 1352 2883 1408 infectum
2912 1368 3033 1409 esse
3062 1354 3416 1408 conﬁrmans.
3454 1373 3477 1407 ι

1907 1446 2215 1514 Scripserat
2270 1446 2525 1499 nimirum
2580 1444 2878 1515 Origenes,
2939 1445 3237 1517 γενητὸςῆ
3284 1446 3491 1520 ἀγένηο

1903 1554 2026 1601 τος,
2078 1538 2532 1606 quemadmodum
2574 1547 2629 1588 et
2666 1546 2797 1589 tum.
2836 1554 2873 1592 ll
2920 1538 2975 1591 in
3006 1536 3193 1603 Joan.,
3232 1554 3379 1591 num.
3404 1535 3483 1593 6:

1906 1631 2056 1700 Ἔχει
2094 1630 2151 1682 δὲ
2190 1630 2530 1701 ἐπαπόρησιν
2571 1629 2659 1682 δὶά
2700 1647 2759 1683 τε
2797 1630 2859 1683 τό
2884 1647 2896 1659 ·
2940 1628 3143 1683 Πάντα
3190 1629 3264 1682 δι’
3298 1629 3486 1684 αὑτοῦ

1900 1718 2158 1787 ἐγένετο,
2200 1719 2292 1772 καὶ
2326 1719 2641 1772 ἀκολουθεῖν
2668 1721 2726 1773 τὸ
2758 1720 2982 1791 Πνεῦμα
3008 1721 3233 1791 γενητὸν
3271 1719 3330 1773 ὃν
3349 1761 3363 1785 ,
3395 1720 3485 1776 διὰ

1900 1810 1995 1864 τοῦ
2014 1810 2185 1880 Λόγου
2211 1812 2512 1881 γεγονέναι,
2539 1813 2655 1876 πῶς
2682 1812 2845 1866 οἱονεὶ
2880 1814 3214 1884 προτιμᾶται
3239 1811 3332 1866 τοῦ
3356 1814 3486 1884 Χρι-

1902 1903 2029 1956 στοῦ
2060 1904 2117 1956 ἐν
2152 1921 2261 1957 τισι
2295 1908 2554 1975 γραφαῖς.
2592 1906 2722 1972 Qua:
2756 1905 2824 1958 ab
2868 1906 3087 1959 Arianis
3130 1921 3253 1962 esse
3294 1921 3482 1961 assuta

1902 1996 2021 2049 sine
2075 2011 2235 2049 causa
2268 1995 2646 2051 Genebrardus
2684 1997 3043 2050 contendebat
3092 1996 3144 2048 in
3190 1994 3479 2051 Collectan.

1897 2085 1962 2139 de
2003 2083 2122 2138 Vita
2153 2088 2393 2156 0rigen.,
2429 2102 2551 2156 cap.
2597 2086 2652 2153 6,
2694 2095 2753 2140 ut
2788 2085 3072 2155 apparebit
3101 2102 3165 2139 ex
3201 2092 3482 2154 sequenti-

1896 2172 2017 2227 bus.
2055 2172 2167 2243 (10)
2198 2173 2326 2228 Item
2354 2174 2512 2242 paulo
2536 2178 2807 2242 superius,
2835 2176 2923 2239 Ὠς
2946 2175 3366 2248 εὐσεϐέστερον,
3398 2178 3481 2230 iu-

1895 2261 2033 2331 quit,
2064 2262 2158 2315 καὶ
2179 2261 2376 2334 ἀληθὲς
2404 2264 2741 2335 προσιέμεθα
2769 2266 2851 2329 τὸ,
2898 2266 3117 2319 πάντων
3149 2265 3239 2319 διὰ
3254 2265 3348 2319 τοῦ
3372 2265 3477 2319 Λό-

1891 2369 1992 2422 γου
2013 2354 2341 2424 γενομένων,
2369 2356 2431 2408 τὸ
2457 2356 2611 2424 ἅγιον
2632 2356 2858 2428 Πνεῦμα
2891 2359 3107 2412 πάντων
3135 2355 3479 2431 εἴναιτιμιὼ-
3522 2344 3528 2352 ⁸

1888 2463 2068 2517 τερον,
2113 2447 2209 2500 καὶ
2257 2448 2409 2515 τάξει
2450 2451 2667 2503 πάντων
2711 2450 2819 2503 τῶν
2868 2451 2973 2504 ὑπὸ
3014 2453 3109 2505 τοῦ
3148 2448 3362 2525 Πατρὸς
3386 2452 3477 2507 διὰ

1888 2539 2124 2611 Χριστὸν
2151 2542 2555 2613 γεγενημένων.
2596 2542 2662 2597 Et
2696 2544 2856 2609 paulo
2887 2544 3049 2608 infra,
3094 2546 3283 2601 eodem
3316 2562 3470 2601 num.

1888 2632 1943 2698 6,
1976 2649 2093 2703 pag.
2125 2635 2194 2688 65
2223 2653 2236 2689 :
2262 2634 2450 2689 Ταῦτα
2481 2636 2535 2689 δὲ
2567 2636 2796 2689 ἐπιπολὺ
2829 2636 3118 2707 ἐξήτασται
3140 2639 3475 2712 σαφέστερον

1892 2727 2019 2780 ἰδεῖν
2067 2726 2411 2798 βουλομένοις
2444 2728 2581 2792 πῶς,
2616 2730 2664 2780 εἰ
2696 2730 2872 2785 πάντα
2924 2730 2992 2782 δι’
3020 2730 3185 2784 αὐτοῦ
3215 2731 3434 2799 ἐγένετο
3454 2772 3470 2797 ,

1888 2820 1985 2873 καὶ⁵
2004 2820 2066 2874 τὸ
2094 2820 2320 2891 Πνεῦμα
2346 2820 2431 2873 διὰ
2469 2820 2563 2873 τοῦ
2593 2822 2768 2890 Λόγου
2797 2822 3030 2890 ἐγένετο.

279 3114 392 3187 (10)
419 3113 555 3171 Item
582 3119 743 3186 paulo
769 3104 1025 3186 “superius
1048 3158 1065 3183 ,
1102 3117 1190 3180 Ὦς
1228 3114 1615 3187 εὐσεϐέστερον
1633 3155 1648 3179 ,
1672 3126 1781 3187 etc.

1889 3113 1982 3187 sed
2041 3128 2071 3167 a
2136 3113 2593 3187 Deohexstitisse
2668 3116 3042 3187 contendens,
3113 3116 3195 3187 his
3242 3117 3470 3187 vocibus

197 3186 559 3259 Blasphemiae
594 3189 647 3241 in
678 3189 943 3259 Spiritum
975 3198 1223 3259 sanctum
1250 3186 1554 3259 Aaccnsaiur
1583 3186 1777 3259 Origeo

196 3272 358 3327 nes_;
399 3258 493 3311 sed
519 3272 639 3327 quae
686 3256 755 3314 ad
791 3258 935 3313 hanc
986 3257 1424 3312 criminationem
1458 3256 1780 3309 ﬁrmandam

191 3325 595 3397 proferuntur,
628 3342 691 3383 ea
718 3368 734 3394 ,
772 3330 817 3383 si
854 3327 1104 3397 Graecum
1160 3334 1491 3397 contextum
1525 3335 1783 3380 accurate

192 3395 497 3464 expendas,
523 3396 743 3453 firmant
772 3398 951 3467 potius
976 3395 1226 3467 Origenis
1255 3398 1322 3451 de
1352 3395 1559 3463 Spiritu
1590 3405 1781 3449 sancto

194 3468 531 3531 doctrinam,
574 3483 740 3537 quam
768 3483 929 3534 supra
967 3468 1217 3537 exposui.
1259 3467 1569 3537 Accusandi
1604 3479 1780 3519 mate-

195 3537 338 3590 riam
354 3537 502 3590 dedit
518 3536 652 3591 satis
665 3538 824 3608 longa
838 3536 1129 3607 disputatio
1147 3538 1211 3592 de
1223 3546 1411 3608 sancto
1427 3536 1782 3608 Spiritu,qiiie

192 3616 384 3677 exstat
404 3616 535 3677 tom.
562 3623 600 3663 ιι
632 3608 688 3660 in
726 3603 1087 3677 Joan.,'nuin.
1110 3608 1162 3665 6.
1190 3606 1404 3677 pag.‘60
1432 3615 1483 3657 et
1500 3621 1624 3677 seq.
1668 3603 1782 3677 Ἐξ-

191 3675 449 3749 αταστέον
485 3676 543 3749 δὲ
590 3676 1022 3749 ἀληθοῦςνδντος
1069 3674 1204 3749 τοῦ,
1238 3674 1443 3749 Πάφζτᾳ
1487 3675 1559 3749 dt‘
1592 3676 1779 3749 αὑτυῷ

186 3745 455 3817 ἐγένετο,
494 3748 544 3799 si
582 3745 773 3801 καϊτὸ
808 3747 1032 3817 Πνεῦμα
1066 3748 1127 3800 τὸ
1164 3748 1318 3815 ἅγιον
1350 3747 1417 3800 δι’
1455 3745 1618 3798 αὐτοῦ
1658 3746 1781 3817 syt-

190 3812 337 3890 νετο.
372 3812 543 3890 Οἶμαι
570 3817 681 3890 γὰρ
716 3819 800 3890 ὅτι
836 3817 926 3890 τῷ,
949 3812 1046 3888 μὲν
1082 3812 1344 3890 φάσὲοντι
1383 3817 1608 3890 γενητὸν
1648 3812 1780 3890 αὐτὸ

190 3834 337 3871 νετο.
372 3834 543 3886 υιμαι
570 3834 681 3890 γαρ
716 3834 800 3872 οτι
836 3835 866 3870 τ
949 3834 1046 3888 μεν
1082 3834 1344 3887 φασκοντι
1383 3834 1608 3887 γενητον
1648 3834 1779 3869 αυτο

186 3881 371 3960 εἶναι,
411 3887 509 3960 κα).
536 3889 853 3960 -προῖεμένῳ
871 3834 1016 3959 ῗιθς.
1048 3887 1415 3960 προσιεμένῳ]
1452 3887 1535 3960 τὸ,
1575 3887 1779 3960 Πάντα

191 3956 271 4029 δι’
306 3957 491 4029 αὺεσῦ
509 3956 1103 4029 ργἐνεένοβναγκαῖον
1127 3956 1678 4029 παραδέξασθαιηὸττ
1716 3957 1779 4010 τὸ

189 4028 352 4095 ἅγιον
393 4026 621 4099 Πνεῦμα
654 4028 743 4082 διὰ
776 4028 870 4083 τοῦ
897 4026 1073 4097 Λόγου
1109 4026 1329 4098 ἐγένετο
1352 4068 1375 4099 ,ᾼ
1405 4026 1775 4099 πρεσϐυτέρου

189 4045 352 4095 αγιον
396 4045 623 4108 Πνεῦμα,
654 4045 743 4082 οια
776 4045 870 4083 του
897 4045 1073 4097 Λογου
1109 4045 1329 4098 εγενετο
1351 4068 1376 4110 ζ
1405 4045 1775 4151 πρεσυυτερου

188 4100 326 4170 9qu
362 4098 495 4170 αὑτὺ
530 4115 626 4170 του
662 4099 840 4170 Λόγον
875 4099 1250 4170 τυγχάνοντος·
1296 4099 1387 4169 Τφ
1416 4098 1451 4170 §
1522 4098 1597 4170 μὴ
1650 4098 1776 4170 βου-

189 4166 405 4257 ξομένῳ
430 4168 495 4257 τὸ
515 4168 681 4257 ,ἅγιον
702 4168 926 4257 Πνεῦμα
1084 4168 1178 4223 τοῦ
1205 4166 1451 4257 patrici"),
1468 4166 1772 4257 tererem,

188 4238 385 4312 Emeisi
410 4238 472 4291 τὸ
505 4240 768 4312 ἀγένητον
805 4238 938 4312 αὐτὸ
962 4238 1372 4312 λέγειν,ῗάλὴθῆ
1393 4238 1463 4312 τὰ
1486 4240 1545 4292 ὲν
1576 4238 1654 4309 τῷ
1668 4238 1774 4293 Εὑ-

186 4308 433 4379 αγγελιῳ
452 4306 625 4380 τούτῳ
659 4306 797 4363 εἶναι
824 4306 1085 4381 κρίνοντιἒ
1118 4330 1136 4362 ι
1174 4306 1559 4380 Inquirendqu
1590 4306 1771 4364 autem

185 4389 315 4442 est,
352 4395 476 4449 c_um
513 4394 701 4435 verum
735 4383 807 4436 sit
833 4380 963 4435 illud
1003 4399 1018 4436 :
1050 4380 1246 4435 Omnia
1273 4396 1367 4449 per
1404 4395 1523 4433 eum
1557 4381 1771 4434 exuite.

1891 3186 2062 3238 utitur
2104 3203 2129 3257 :_
2144 3185 2294 3257 ΔΟὐδ’
2346 3186 2482 3252 ὅλως
2529 3187 2616 3241 διά
2671 3204 2846 3251 τινος,
2885 3186 3001 3240 ἀλλ’
3034 3186 3140 3239 ὑπὸ
3173 3186 3308 3239 Θεοῦ
3346 3187 3469 3257 ἐγέ-

1888 3272 2028 3307 νετο.
2065 3273 2083 3305 t
2111 3254 2219 3309 Nec
2246 3258 2470 3310 omnino
2498 3274 2593 3326 per
2622 3257 2783 3311 alium
2808 3272 3153 3326 quemquam.
3173 3260 3265 3311 sed
3288 3274 3317 3311 a
3355 3254 3465 3313 Deo

1888 3326 2120 3397 eastitit.
2157 3344 2195 3397 »γ
2227 3327 2694 3391 Quemadmodum
2737 3343 2867 3397 ergo
2915 3329 3001 3381 his
3048 3327 3101 3381 in
3148 3328 3282 3383 locis
3314 3328 3466 3397 γίνε-

1886 3394 2011 3470 σθαι
2055 3395 2199 3470 aliud
2242 3401 2465 3470 omnino
2493 3408 2652 3452 sonat
2681 3414 2745 3452 ac
2777 3394 2949 3451 creari
2982 3411 3001 3470 ί
3032 3398 3111 3470 sic
3143 3412 3268 3452 cum
3304 3394 3463 3454 suam

1885 3464 2144 3536 Origenes
2167 3466 2235 3520 de
2263 3466 2498 3536 Spiritus
2520 3470 2821 3522 a-ternitale
2849 3464 3171 3522 sententiam
3202 3478 3279 3522 tot
3300 3470 3464 3524 rebus

1886 3544 2111 3589 testatus
2140 3538 2243 3598 sit,
2274 3539 2680 3593 accommodate
2707 3538 2773 3591 ad
2806 3538 2948 3592 hanc
2990 3538 3315 3592 sententiam
3347 3542 3463 3594 red-

1882 3604 2072 3677 dendae
2092 3616 2216 3660 sunt
2242 3622 2400 3661 voces
2430 3610 2730 3677 generatim
2752 3609 2829 3662 rei
2854 3617 3050 3663 creatae
3077 3618 3171 3662 aut
3203 3609 3462 3664 iucreata

1880 3674 2125 3749 quidem,
2148 3678 2241 3749 sed
2270 3674 2453 3731 tamen
2472 3693 2593 3733 esse
2616 3681 2683 3734 ab
2706 3680 2813 3733 alio
2844 3679 3132 3748 accipienti
3154 3693 3460 3749 congruen-

1884 3754 1985 3800 tes.
2020 3745 2168 3817 Hanc
2215 3746 2609 3817 interpretandi
2656 3751 2922 3803 rationem
2963 3745 3163 3816 'probat
3208 3745 3457 3817 lluetius,

1880 3816 2128 3891 quamvis
2172 3816 2365 3870 adduci
2401 3833 2459 3873 se
2513 3834 2616 3891 non
2664 3834 2822 3891 posse
2855 3820 3031 3885 dicat,
3079 3816 3456 3891 utOrigenent

1878 3886 2167 3958 probatum
2201 3896 2257 3941 et
2289 3898 2575 3958 purgatum
2605 3886 2821 3943 habeat.

1948 3956 2014 4009 2°
2046 3957 2344 4011 Fatendum
2375 3956 2459 4013 est
2482 3958 2767 4025 Origenem
2798 3975 2903 4013 non
2939 3958 3078 4014 belle
3108 3958 3453 4027 interpretari

1878 4027 2326 4099 verbaJoannis,
2357 4043 2479 4097 quae
2520 4044 2641 4083 cum
2673 4029 2738 4083 ad
2770 4045 2856 4085 res
2882 4041 3095 4084 creatas
3123 4030 3452 4099 pertineant,

1877 4096 1943 4149 ad
1978 4098 2238 4165 Spiritum
2267 4096 2512 4151 sanetum
2545 4100 2736 4152 referri
2769 4115 2873 4153 nou
2908 4096 3198 4153 debebant.
3228 4100 3334 4155 Sed
3366 4096 3454 4152 ta?-

1877 4180 1998 4239 men
2024 4183 2144 4239 cum
2173 4166 2323 4239 illud,
2362 4168 2599 4236 ἐγένετο,
2630 4171 2883 4223 omnibus
2908 4170 3075 4225 rebus
3124 4169 3339 4239 aliquod
3366 4170 3451 4225 sui

1877 4237 2201 4310 principium
2233 4237 2561 4310 habentibus
2588 4240 2895 4305 conveniat,
2928 4255 3033 4293 non
3070 4237 3269 4309 praeter
3287 4252 3449 4310 suum

1875 4315 1931 4377 et
1974 4307 2203 4361 aliorum
2247 4307 2385 4361 bene
2429 4308 2719 4362 multorum
2765 4324 2973 4363 morem
3002 4307 3081 4363 sic
3110 4307 3446 4377 Scripturani

1876 4375 2287 4456 interpretatur.
2326 4378 2703 4456 Sole_ut_e_nim
2750 4379 3105 4456 ecclesiastici
3152 4375 3449 4456 scriptores
3533 4446 3541 4456 _

187 4460 313 4503 runt
339 4447 523 4518 (Joan.
561 4465 599 4513 ι,
629 4451 707 4518 ὃ),
734 4466 802 4505 an
836 4451 950 4519 ipse
971 4451 1135 4505 etiam
1159 4444 1396 4520 Spiritus
1419 4460 1646 4520 sanctus
1673 4465 1770 4519 per
1800 4512 1834 4520 _
1872 4444 2087 4500 Patrem
2124 4447 2343 4500 unicum
2376 4448 2702 4520 principium
2730 4450 2933 4514 dicere,
2967 4446 3163 4503 Filium
3188 4444 3448 4520 eti—Spiri-

182 4533 317 4573 eum
344 4512 637 4575 exstiterit.
666 4512 805 4575 illud
832 4512 1080 4590 equidem
1111 4512 1349 4575 arbitror
1376 4519 1446 4584 ei,
1475 4519 1566 4589 qui
1598 4512 1766 4588 Spiri-
1800 4512 1842 4566 D
1873 4524 1983 4590 tum
2016 4526 2262 4590 san_ctum
2290 4532 2353 4571 ex
2376 4512 2698 4590 'Patre'esse
2727 4512 3140 4590 demonstrant,
3168 4519 3295 4590 quia
3314 4512 3446 4573 oui-

188 4599 307 4643 tum
352 4600 597 4644 sanctum
654 4606 768 4646 rem
813 4592 1054 4659 genitam
1102 4605 1223 4645 esse
1274 4592 1458 4653 dicat,
1509 4605 1574 4643 ac
1616 4590 1765 4653 illud,

192 4661 386 4712 Omnia
414 4676 509 4726 per
548 4676 667 4713 eum
696 4664 1011 4716 exstiterunt
1033 4700 1048 4724 ,
1072 4660 1322 4717 admittat
1345 4700 1361 4723 ,
1384 4660 1767 4727 ,necessariutn

188 4743 316 4783 esse
346 4730 886 4801 Spiritumsanctum
912 4746 1010 4801 per
1036 4729 1291 4795 Verbum,
1326 4732 1468 4797 quod
1514 4744 1579 4784 eo
1608 4744 1765 4801 prte-

188 4799 429 4854 stantius
457 4809 575 4867 est,
609 4800 763 4856 fateri
795 4799 1089 4856 exstitisse.
1127 4800 1337 4855 Nolenti
1380 4809 1563 4852 autem
1599 4799 1770 4865 Spiri-

190 4877 576 4939 tumrsanctum
605 4885 701 4939 per
723 4871 997 4926 Christum
1021 4872 1317 4936 exstitisse,
1340 4877 1765 4925 consentaneum

188 4946 292 5009 est
308 4938 620 5009 ingenitum
634 4940 784 4995 illum
816 4942 1019 5004 dicere,
1039 4943 1084 4996 si
1105 4956 1230 4995 vera
1253 4955 1377 4996 esse
1397 4939 1626 5009 judicet,
1646 4954 1768 5009 quae

186 5007 247 5063 in
264 5007 385 5079 hoc:
403 5008 693 5079 Evangelio
722 5011 993 5079 leguntur.
1036 5029 1055 5063 ι

264 5076 394 5133 Illud
423 5080 480 5133 1ο
510 5076 906 5135 observandum
939 5090 1023 5134 est
1063 5084 1161 5137 has
1191 5094 1375 5147 voces,
1404 5079 1639 5145 ἐγένετο,
1668 5095 1763 5147 γε-

183 5149 426 5233 γονέναι,
454 5150 702 5233 γενητόν,
732 5151 942 5233 duobus
973 5154 1147 5233 modis
1169 5151 1342 5233 accipi
1384 5164 1543 5233 posse
1568 5166 1591 5230 ς.
1608 5159 1662 5204 et
1686 5152 1764 5230 de

184 5220 355 5291 rebus
383 5235 449 5275 ex
474 5220 643 5277 nihilo
658 5222 874 5291 creatis,
888 5230 943 5275 et
961 5224 1027 5276 de
1055 5224 1252 5291 iisquae
1276 5222 1493 5291 aliquod
1512 5220 1593 5274 sui
1617 5222 1765 5286 prin-

183 5289 389 5361 cipium
415 5292 637 5346 habent.
657 5288 794 5346 Hinc
813 5288 1166 5361 Epiphanius,
1180 5293 1272 5359 qui
1295 5293 1347 5345 in
1364 5290 1594 5356 Origene
1611 5306 1767 5361 γενη-

184 5360 284 5413 τόν
312 5362 453 5414 idem
486 5361 666 5417 \alere
687 5360 965 5417 exiStimat
992 5378 1055 5417 ac
1085 5374 1349 5421 creatum,
1382 5361 1575 5414 haeres.
1609 5360 1757 5424 mv,

184 5431 293 5483 hoe
337 5428 560 5486 Joannis
591 5432 658 5486 de
704 5430 926 5487 Christo
966 5433 1170 5487 dictum
1194 5471 1211 5497 ,
1241 5430 1455 5501 πρῶτος
1508 5446 1610 5499 μου
1638 5429 1761 5498 ἐγέ-

180 5515 328 5563 νετο,
365 5500 506 5553 idem
539 5516 665 5556 esse
697 5503 999 5567 contendit,
1033 5518 1098 5558 ac
1127 5514 1248 5556 ante
1275 5500 1355 5554 me
1394 5502 1529 5569 fuit,
1564 5502 1757 5554 haeres.

181 5584 376 5623 uvm.
408 5570 524 5638 Ipse
554 5570 816 5640 Origenes
868 5572 1101 5637 Filium,
1148 5576 1215 5627 de
1262 5570 1416 5638 cujus
1459 5572 1761 5624 mternitate
1804 5605 1809 5609 -

184 5642 418 5715 intritice
443 5645 646 5715 sensit,
679 5641 810 5695 Θεὸν
836 5643 1081 5715 γενητόν,
1098 5642 1274 5715 Deum
1292 5642 1549 5715 genitam,
1580 5640 1761 5707 appel-

183 5709 302 5782 lare
333 5725 438 5765 non
470 5712 696 5776 dubitat,
730 5709 973 5782 utsupra
1001 5714 1257 5768 vidimus.
1290 5710 1429 5766 Hinc
1453 5715 1675 5763 verbum
1706 5720 1763 5764 et

186 5779 475 5837 veritatem
499 5779 912 5840 substantialem
944 5799 1053 5841 non
1084 5797 1179 5855 per
1212 5782 1377 5838 alium
1405 5792 1755 5852 quemquam,

1870 4587 1959 4639 nia
1993 4602 2060 4641 ex
2095 4585 2254 4640 Patre
2277 4602 2397 4641 esse
2429 4589 2480 4641 in
2507 4589 2802 4656 Scripturis
2826 4589 3099 4655 dicuntur,
3123 4585 3221 4642 ne}:
3246 4589 3273 4643 ιε
3291 4594 3443 4642 Illum

1867 4656 2217 4729 et_Spiritutn
2254 4657 2311 4729 in
2356 4658 2459 4729 ho_c
2508 4673 2643 4711 cum.
2682 4660 2842 4713 rebus
2877 4667 3077 4712 creatls
3124 4674 3446 4729 comparare

1869 4724 2139 4797 dubitant,
2173 4728 2313 4795 quod
2342 4742 2371 4781 a
2412 4727 2573 4781 Patre
2610 4743 2731 4782 esse
2767 4730 3101 4797 acceperint,
3129 4724 3263 4783 licet
3284 4730 3445 4783 ιιιοᾱο

1868 4794 2025 4865 longe
2059 4794 2291 4868 diverso
2342 4812 2408 4852 ac
2458 4812 2546 4853 res
2590 4808 2807 4853 creatae.
2855 4794 3115 4868 Origenes
3172 4809 3303 4853 tom.
3360 4814 3442 4862 IV,

1865 4879 2018 4920 num.
2050 4866 2122 4939 22
2143 4905 2159 4931 ,
2191 4881 2311 4937 pag.
2343 4868 2443 4933 80,
2474 4868 2640 4922 multa
2669 4884 2789 4924 esse
2831 4866 3019 4923 statuit
3063 4870 3117 4923 in
3146 4870 3255 4923 Deo
3280 4908 3295 4933 ,
3321 4884 3443 4939 qum

1868 4950 1974 4989 non
2021 4937 2197 4991 solum
2248 4939 2315 4992 ab
2343 4940 2578 4992 humana
2610 4951 2805 4993 natura
2833 4978 2850 5002 ,
2885 4942 2981 4994 sed
3021 4943 3183 4993 etiam
3223 4943 3291 4995 ab
3317 4937 3442 4995 aliis

1866 5017 2064 5129 printer
2096 5006 2291 5061 Filiqu
2339 5018 2393 5062 et
2431 5008 2690 5076 Spiritum
2736 5009 2934 5079 genitis
2981 5010 3141 5065 rebus
3185 5025 3439 5078 compre-

1906 5078 2026 5129 endi
2056 5093 2161 5129 non
2194 5077 2425 5129 possint.
2455 5078 2674 5129 Minime
2706 5093 2837 5129 erat)
2866 5080 3084 5129 mirum.
3119 5081 3163 5129 si
3199 5094 3323 5129 cum
3352 5080 3439 5129 in-

1906 5078 2161 5150 endi_non
2194 5077 2425 5150 possint.
2455 5078 2674 5133 Minime
2706 5077 2837 5149 ergo
2866 5080 3084 5144 mirum,
3119 5081 3163 5135 si
3199 5077 3326 5134 cuni
3352 5080 3440 5150 ip-

1865 5160 1986 5200 sum
2020 5148 2213 5201 Filium
2248 5150 2300 5201 in
2337 5148 2531 5212 rebus,
2561 5164 2681 5218 qua:
2711 5164 2740 5201 a
2779 5148 2893 5204 Deo
2920 5165 3040 5205 esse
3073 5151 3304 5214 habent,
3335 5148 3438 5205 nit-

1868 5227 2060 5280 meret,
2098 5218 2360 5287 Spiritum
2390 5230 2638 5273 sanctum
2672 5220 2724 5273 in
2757 5220 2821 5275 iis
2856 5231 3167 5285 recenseat,
3198 5235 3318 5290 qua:
3413 5235 3441 5275 r

1868 5284 2060 5341 Filium
2110 5290 2454 5342 exstiterunt.
2488 5288 2719 5343 Nicaeum
2761 5291 2880 5343 lidei
2919 5292 3221 5343 acerrimus
3255 5234 3440 5343 deign-

1863 5284 2060 5341 Filium
2110 5284 2454 5342 exstiterunt.
2488 5288 2719 5344 Nicaeum
2761 5291 2880 5344 lidei
2919 5284 3232 5346 acerrimus"
3255 5284 3440 5344 defen-

1864 5370 1957 5411 sor
1987 5356 2225 5413 Hilarius
2255 5359 2475 5430 arianls
2500 5360 2791 5414 cavillandi
2833 5376 2995 5416 causa
3039 5360 3434 5430 quaerentibus,

1862 5440 2153 5502 per_quem_'
2171 5427 2752 5502 sitSpiritus‘sanetus,
2781 5427 3101 5502 responsum
3128 5430 3284 5502 aﬂ'ert
3313 5429 3433 5502 (tib.

1863 5511 1921 5550 ιι
1947 5498 2022 5551 De
2060 5500 2245 5581 Trinit.
2267 5538 2283 5564 ,
2313 5498 2582 5581 rruma29)
2612 5500 2741 5581 huic
2769 5498 3020 5570 Origettis
3062 5501 3182 5581 loco
3220 5498 3435 5581 simini:-

1862 5582 2049 5641 mum:
2088 5586 2115 5619 ι.
2139 5571 2271 5623 Cum
2305 5569 2527 5641 dicunt,
2560 5569 2769 5639 inquit,
2798 5569 2893 5641 per
2939 5587 3100 5641 quem
3134 5572 3238 5632 sit,
3269 5581 3324 5641 et
3362 5570 3435 5623 ob

1862 5640 1991 5709 quid
2023 5641 2112 5705 sit,
2135 5641 2221 5693 vel
2247 5639 2424 5708 qualis
2447 5640 2519 5693 sit
2544 5657 2560 5693 :
2588 5644 2632 5693 si
2664 5639 2944 5709 respuusio
2957 5639 3153 5695 nostra
3182 5640 3433 5706 displice-

1860 5711 1941 5765 bit
1974 5710 2306 5779 dicentium,
2347 5722 2441 5777 per
2478 5726 2636 5779 quem
2677 5712 2857 5764 omnia
2883 5750 2897 5775 ,
2927 5720 3085 5765 et-ex
3118 5724 3226 5777 quo
3250 5710 3431 5766 onmia

1861 5788 2081 5849 sunt,get
2096 5779 2221 5850 quia
2255 5778 2600 5849 Spiritusest
2627 5780 2742 5850 Dei,
2768 5780 2969 5839 donum
3001 5779 3236 5839 ﬁdelium
3264 5793 3281 5846 ;
3314 5779 3430 5837 disy-
