3836 6236
259 261 366 317 775
1113 259 1687 318 ORlGENlANORUM
1726 261 1841 317 LIB

1951 303 1965 328 ,
2007 262 2162 320 CAP.
2200 263 2270 328 Π,
2310 262 2588 332 ΟυᾹΞΒΤ.
2616 265 2684 320 II.
3409 270 3511 325 774

261 381 466 449 Spiritu
547 386 737 437 sancto
791 379 1119 438 decrevisse.
1187 381 1454 436 Similiter
1504 381 1836 451 Epiphanius
1863 387 1912 444 Α
1938 381 2280 451 aggredimur
2311 381 2526 446 facere,
2574 382 2866 439 alTeremus
2903 381 3156 455 Origenis
3199 385 3511 442 testimonia

259 475 398 528 liter.
429 487 579 537 thv,
613 487 729 541 cap.
764 472 798 527 4
825 489 840 524 :
886 474 980 526 Ἐκ
1000 473 1098 544 τῆς
1120 473 1306 536 οὐσίας
1333 471 1426 525 τοῦ
1468 473 1681 546 Πατρὸς
1707 473 1834 528 τοῦ-

1951 461 2180 541 ]ΰίιξάεπι
2215 473 2499 527 catholica:
2535 474 2795 528 doctrinze
2825 476 2957 530 satis
3002 485 3382 532 consentanea.
3422 476 3514 532 Fi-

259 583 353 618 τον
387 564 558 636 (Υίδν)
599 566 920 636 εἰσηγεῖται,
955 565 1170 618 κτιστόν
1207 563 1266 618 δὲ
1305 564 1422 635 ἅμα
1445 579 1459 593 ⁸
1491 565 1737 635 βούλεται
1779 566 1836 621 δὲ

259 655 338 721 ὡς
386 657 526 711 κατὰ
578 657 738 728 χάριν
788 656 878 710 τὸν
923 657 1049 710 Υἱὸν
1091 656 1253 710 αὑτὸν
1305 656 1584 711 καλεῖσθαι
1633 657 1831 725 λέγειν.

268 768 288 800 ι
323 749 399 803 Ex
434 749 732 804 substantia
767 749 946 804 Patris
972 765 1092 804 eum
1132 747 1371 820 (Filium)
1394 766 1516 804 esse
1543 750 1836 806 arbitratur

261 840 610 912 (Origenes),
652 841 746 895 sed
795 841 1146 894 nihilominus
1186 850 1450 895 creatmn.
1484 841 1608 895 Vult
1656 852 1834 896 autem

260 934 413 1002 quasi
463 948 562 1004 per
610 935 838 1005 gratiam
891 932 1085 988 Filium
1136 933 1312 1002 ipsum
1375 934 1700 1002 appellatum
1752 935 1837 987 di-

260 1039 387 1080 cere
429 1040 444 1089 ;
487 1042 505 1075 ι
542 1032 595 1078 et
627 1040 748 1094 cap.
784 1025 817 1078 5
858 1043 872 1080 :
908 1023 1266 1096 Φανερώτατα
1299 1024 1389 1078 τὸν
1422 1024 1550 1078 Υίὸν
1580 1025 1671 1078 τοῦ
1702 1025 1836 1081 Θεοῦ

260 1118 468 1189 κτίσμα
495 1116 813 1188 ἐδογμάτισε
832 1158 847 1182 ,
879 1115 974 1169 καὶ
1004 1117 1111 1168 ἀπὸ
1153 1116 1251 1186 τῆς
1275 1115 1403 1187 περὶ
1437 1116 1528 1170 τοῦ
1563 1116 1691 1170 Υἱοῦ
1719 1118 1839 1171 τόλ-

267 1227 377 1280 μης
401 1209 581 1280 γνῴης
603 1210 683 1262 ὅτι
715 1209 809 1262 καὶ
839 1209 898 1261 τὸ
926 1207 1150 1277 Πνεῦμα
1175 1207 1235 1260 τὸ
1261 1208 1414 1277 ἅγιον
1463 1209 1677 1263 κτιστὸν
1725 1212 1838 1263 είσ-

259 1302 536 1373 ηγήσατο.
579 1318 597 1351 t
637 1300 991 1369 Apertissimc
1026 1298 1221 1352 Filium
1255 1301 1346 1355 Dei
1381 1312 1684 1356 creaturam
1720 1317 1840 1357 esse

261 1393 629 1454 asseveravit.
656 1401 708 1445 et
737 1391 804 1444 ab
844 1391 946 1445 hac
978 1391 1029 1444 in
1067 1388 1265 1444 Filium
1310 1392 1535 1446 audacia
1579 1407 1742 1447 nosce
1785 1401 1841 1448 et

257 1497 362 1551 pro
425 1495 483 1535 re
538 1491 722 1537 creata
771 1481 1030 1549 Spiritum
1091 1490 1340 1535 sanctum
1379 1482 1674 1540 habuisse;
1711 1499 1730 1533 ι
1785 1491 1841 1538 et

260 1587 382 1642 cap.
419 1571 490 1626 8:
531 1572 718 1625 Ὁπότε
756 1571 812 1624 δὲ
844 1572 901 1622 ὲν
941 1570 1154 1633 πολλοῖς
1192 1570 1378 1634 τόποις
1412 1570 1642 1641 εὕρομεν
1680 1570 1840 1625 αὑτὸν

259 1665 356 1719 τὸν
391 1665 669 1736 Μονογενῆ
702 1664 833 1718 Θεὸν
869 1663 1332 1736 ἀπαλλοτριοῦντα
1362 1666 1462 1735 τῆς
1500 1663 1591 1718 τοῦ
1630 1666 1840 1737 Πατρὸς

258 1756 515 1826 θεότητος
549 1773 609 1808 τε
643 1755 737 1809 καὶ
773 1755 982 1819 οὐσίας,
1015 1753 1150 1825 ὁμοῦ
1189 1772 1250 1807 τε
1291 1756 1385 1808 καὶ
1422 1755 1482 1808 τὺ
1520 1755 1744 1826 Πνεῦμα
1778 1757 1836 1809 τὸ

259 1849 436 1917 ἆγιον,
476 1847 666 1900 τούτου
705 1847 863 1918 χάριν
901 1847 960 1900 τὸ
992 1847 1216 1916 γενητὸν
1252 1847 1384 1900 Θεὸν
1422 1848 1701 1920 εἰρηκέναι
1740 1850 1838 1902 αὺ-

259 1940 378 2003 τὸν,
407 1938 576 2008 σαφές
614 1939 782 2001 ἐστιν,
821 1939 902 1992 ὅτι
938 1938 1153 1992 κτιστὸν
1202 1937 1459 2008 ὁρίζεται.
1515 1957 1534 1989 ι
1574 1938 1837 2002 Quoniam

258 2039 444 2084 autem
478 2031 530 2083 in
569 2030 754 2084 multis
796 2029 927 2083 locis
972 2030 1279 2085 invenimus
1322 2046 1443 2083 eum
1493 2029 1838 2096 Unigenitum

260 2119 431 2174 Deum
470 2128 838 2190 segregantem
871 2136 899 2173 a
932 2119 1111 2174 Patris
1159 2121 1446 2174 divinitate
1479 2129 1535 2173 et
1579 2120 1838 2173 substan-

262 2212 340 2268 tia
368 2231 384 2278 ;
417 2212 575 2267 simul
607 2226 739 2266 vero
771 2221 824 2266 et
851 2209 1113 2280 Spiritum
1156 2223 1403 2266 sanctum
1430 2228 1446 2276 ;
1480 2211 1685 2266 idcirco
1715 2224 1838 2264 eum

261 2304 582 2374 productum
618 2303 784 2360 Deum
812 2303 1015 2357 dixisse
1046 2302 1250 2370 liquet,
1278 2302 1402 2372 quia
1444 2310 1688 2356 creatum
1716 2315 1840 2354 esse

261 2397 531 2451 decernit.
568 2415 587 2447 ι
619 2394 954 2451 Justinianus
987 2393 1038 2446 in
1085 2391 1259 2460 Epist.
1295 2395 1366 2447 ad
1399 2393 1609 2446 Menam
1639 2392 1841 2446 dixisse

263 2488 647 2544 Adamantium
714 2487 945 2541 asserit:
993 2484 1113 2538 Ὅτι
1171 2487 1198 2538 ὁ
1254 2486 1420 2548 Υἱὸς,
1461 2486 1553 2538 καὶ
1589 2484 1649 2536 τὸ
1688 2484 1841 2553 ἆγιον

253 2580 489 2651 ’Πνεῦμα
521 2580 795 2651 κτίσματὰ
826 2580 962 2642 εἰσι,
1004 2578 1096 2630 καὶ
1136 2579 1272 2648 ὅπερ
1307 2578 1468 2647 ἡμεῖς
1502 2578 1668 2646 ὲσμεν
1706 2575 1842 2647 πρὸς

258 2672 356 2727 τὸν
389 2674 539 2734 Υἱὸν,
573 2671 730 2725 τοῦτο
766 2673 794 2725 ὁ
832 2672 961 2735 Υἱός
994 2672 1110 2723 ἐστι
1146 2669 1280 2740 πρὸς
1313 2668 1548 2738 Πατέρα.
1591 2684 1612 2719 ι
1647 2666 1838 2720 Filium

257 2773 320 2820 et
349 2763 610 2834 Spiritum
649 2772 900 2818 sanctum
937 2778 1023 2816 res
1049 2777 1168 2815 esse
1193 2769 1425 2822 creatas,
1460 2761 1712 2828 quodque
1744 2773 1841 2811 nos

260 2868 450 2910 sumus
480 2853 544 2906 ad
575 2851 789 2915 Filium,
811 2851 862 2906 id
893 2851 1090 2910 Filium
1128 2863 1250 2904 esse
1276 2849 1341 2903 ad
1369 2849 1606 2902 Patrem.
1643 2865 1661 2898 ι
1703 2847 1843 2901 Pho-

262 2948 375 2999 tius
410 2947 532 3000 cod.
558 2959 648 2998 vm
678 2944 868 2998 scribit
899 2941 1188 3012 Origenem
1217 2941 1468 2995 docuisse
1500 2941 1552 2992 itt
1589 2938 1682 2993 lib.
1719 2954 1734 2991 ι
1771 2938 1842 2991 De

258 3039 489 3110 princip.
511 3077 525 3101 ,
551 3035 643 3088 τὸν
679 3035 776 3106 μὲν
809 3034 936 3087 Υίὸν
972 3033 1076 3087 ὑπὸ
1109 3031 1202 3085 τοῦ
1241 3031 1452 3101 Πατρὸς
1492 3030 1838 3102 πεποιῆσθαι,

259 3099 326 3182 ἓεδ
361 3099 691 3198 sentiscant"
716 3126 820 3179 ὑπὸ
852 3125 946 3179 τοῦ
982 3123 1135 3177 Υίοῦ.
1168 3142 1193 3175 ί
1239 3099 1431 3177 an...
1471 3137 1591 3177 esse
1619 3141 1648 3177 a
1679 3099 1842 3177 i’atre
1865 3099 1910 3154 ε

262 3222 488 3285 factum,
521 3219 783 3289 Spiritum
818 3226 1064 3273 sanctum
1096 3232 1126 3269 a
1171 3214 1326 3268 Filio.
1363 3233 1384 3266 ι
1418 3213 1625 3280 Quibus
1657 3228 1844 3268 assen-

263 3312 476 3364 tiuntur
500 3309 856 3378 Augustinus,
903 3307 1204 3372 Cedrenus,
1251 3304 1466 3373 Suidas,
1509 3304 1748 3360 Zonaras
1793 3314 1846 3359 et

262 3398 509 3455 Nicetas.

340 3491 530 3548 XXIII.
583 3489 638 3545 Si
691 3504 816 3560 quae
867 3501 1046 3544 tamen
1099 3489 1312 3558 culpam
1367 3487 1504 3541 hanc
1551 3497 1847 3540 extenuare

263 3593 516 3655 possunt,
545 3583 887 3653 colligamus.
917 3582 1146 3637 Rulinus
1175 3581 1248 3634 De
1271 3579 1447 3633 adntt.
1474 3579 1596 3632 libr.
1628 3578 1845 3647 Origen.

267 3680 718 3749 hujusbtercseos
763 3679 911 3732 virus
960 3677 1113 3731 libris
1164 3674 1414 3745 Origenis
1459 3673 1633 3726 aliena
1685 3688 1845 3726 manu

266 3771 500 3828 aﬂ’usum
532 3771 881 3826 existimabat
907 3786 921 3822 :
975 3787 994 3819 ι
1032 3766 1284 3836 Nunquid
1312 3804 1327 3829 ,
1354 3766 1549 3834 iuqttit,
1580 3766 1632 3818 in
1659 3766 1847 3818 eodem

263 3877 436 3936 Opere
465 3863 708 3932 ejusdem
741 3860 902 3926 libri,
942 3860 1209 3913 interdum
1233 3897 1250 3924 ,
1282 3869 1340 3910 ut
1371 3856 1630 3921 diximus,
1661 3856 1845 3909 statim

267 3957 327 4012 in
376 3952 731 4023 consequenti
775 3950 1008 4020 capitulo
1058 3949 1258 4005 oblitus
1304 3947 1386 4001 sui
1438 3961 1561 4002 esse
1623 3946 1850 4016 potuit?

266 4047 438 4104 Verbi
465 4061 650 4109 causa,
677 4055 737 4098 ut
761 4044 852 4114 qui
887 4043 1136 4113 superius
1164 4041 1377 4095 dixerat
1412 4055 1677 4108 nusquam
1709 4039 1851 4093 inve-

266 4138 379 4193 niri
411 4138 464 4190 in
493 4135 638 4191 omni
669 4134 950 4203 Scriptura
993 4132 1082 4187 ubi
1123 4129 1361 4199 Spiritus
1394 4139 1621 4184 sanctus
1675 4129 1851 4184 Iactus

272 4229 360 4285 vel
381 4236 598 4283 creatus
629 4241 754 4282 esse
780 4218 1078 4288 diceretur,
1105 4225 1365 4279 continuo
1392 4222 1684 4291 subjiceret
1711 4221 1854 4275 inter

269 4330 501 4376 caeteras
530 4328 810 4374 creaturas
833 4317 1038 4372 factum
1068 4331 1189 4372 esse
1220 4315 1483 4386 Spiritum
1512 4314 1800 4368 sanctum?
1829 4332 1847 4364 ι

272 4411 486 4470 Similia
531 4411 732 4481 regerit
769 4409 1152 4464 Genebrardus
1197 4409 1249 4463 in
1300 4406 1591 4461 Collectan.
1635 4407 1698 4459 de
1735 4404 1854 4458 Vita

271 4503 522 4574 Origen.,
554 4519 674 4573 cap.
699 4505 751 4556 6.
787 4501 1046 4573 Didymus
1072 4515 1202 4555 vero
1225 4540 1240 4564 ,
1281 4515 1389 4555 non
1424 4499 1635 4553 eximiae
1679 4497 1853 4552 solum

270 4596 596 4652 eruditionis
623 4596 804 4660 homo,
823 4594 917 4650 sed
949 4593 1269 4647 orthodoxae
1287 4592 1449 4646 etiam
1476 4590 1619 4657 lidei,
1647 4590 1850 4660 scripta

274 4687 496 4758 quidem
519 4689 584 4740 ab
609 4684 841 4757 Origene
869 4700 977 4740 non
1003 4693 1166 4755 negat
1197 4699 1317 4754 quae
1346 4681 1504 4752 objici
1533 4681 1732 4749 solent,
1756 4681 1852 4736 sed

277 4781 337 4837 In
373 4779 569 4835 malam
611 4788 819 4848 partem
869 4776 1014 4833 ﬂecti
1059 4777 1259 4833 asserit
1307 4790 1338 4830 a
1372 4773 1688 4840 malevolis,
1734 4787 1855 4843 qua:

276 4881 430 4929 recta
448 4879 697 4943 poterant
718 4870 1168 4941 interpretatione
1195 4867 1430 4924 defendi.
1462 4865 1518 4921 Id
1537 4865 1853 4937 priusquam

353 5026 468 5100 (ll)
503 5025 710 5100 Priora,
734 5039 896 5100 quem
931 5018 1528 5100 adducitlustinianus,
1561 5026 1671 5100 etc.
1699 5016 1850 5100 Quod

278 5088 927 5168 supra.aituEpiplianius
969 5094 1035 5146 ab
1064 5092 1294 5159 Origene
1341 5105 1443 5142 non
1485 5099 1677 5168 natura
1705 5088 1850 5168 .“sed

320 5158 459 5222 ralia
503 5158 712 5220 Filium
744 5164 890 5228 dici,
940 5158 1303 5218 commentum
1363 5168 1445 5211 est
1492 5159 1558 5210 ab
1601 5158 1853 5228 omnibus

334 5235 539 5307 rigenis
570 5235 848 5307 principiis
875 5227 1494 5307 remotissimumxldem
1528 5243 1634 5307 non
1681 5227 1853 5307 dicant

283 5311 354 5362 de
386 5296 760 5375 getteratione'
783 5319 847 5359 ex
889 5305 1161 5375 voluntate
1193 5300 1401 5362 Patris;
1445 5312 1565 5375 qua}
1603 5296 1852 5375 Loquendi

282 5365 428 5432 ratio
474 5391 593 5429 cum
632 5374 814 5427 multis
862 5373 979 5426 aliis
1016 5371 1284 5438 probata,
1333 5365 1558 5422 tum—ad
1601 5365 1856 5438 Origenis

279 5446 606 5502 sententiam
627 5442 760 5496 satis
783 5437 1206 5495 accommodata.
1225 5437 1358 5492 Nam
1386 5451 1505 5490 cum
1533 5437 1863 5490 voluntatem

284 5511 470 5572 Patris
496 5516 547 5567 in
573 5513 710 5568 Filio
739 5522 1158 5582 geueratam,ac
1189 5506 1525 5582 totam_Filio
1549 5505 1857 5582 communi-

283 5596 466 5643 catam
496 5585 708 5645 doceat,
739 5575 810 5636 ita
847 5590 904 5635 ut
934 5581 1182 5636 identitas
1210 5579 1280 5632 sit
1304 5577 1594 5631 voluntatis
1625 5575 1678 5630 iu
1710 5585 1862 5629 utro-

325 5672 397 5710 ue
436 5673 453 5722 ;
501 5652 925 5722 nonfimmcrito
964 5663 1063 5705 uec
1099 5649 1440 5722 incommode
1463 5646 1664 5722 _dice_re
1690 5645 1864 5714 potuit

334 5715 488 5782 iliuin
522 5739 589 5782 ex
623 5721 804 5780 Patris
834 5721 1110 5779 voluntate
1149 5717 1416 5789 genitum.
1455 5715 1610 5784 Quod
1653 5724 1863 5787 spectat

1931 563 2065 617 lium
2097 562 2407 619 Creatorem
2436 565 2667 634 appellat
2706 566 2798 622 lib.
2828 580 2902 621 vn
2935 569 2992 621 in
3018 567 3189 636 Epist.
3226 573 3294 622 ad
3329 567 3514 634 Rom.

1931 668 2087 707 num.
2116 652 2169 717 9,
2201 664 2256 708 et
2282 670 2308 706 a
2339 657 2501 710 rebus
2526 657 2726 710 creatis
2752 657 2957 714 diserte
2989 659 3222 713 secernit
3254 675 3269 714 :
3313 678 3330 710 ι
3367 657 3514 714 Nihil

1937 755 2022 801 est
2055 746 2223 814 enim,
2258 747 2452 814 inquit,
2481 747 2596 802 sive
2620 749 2870 816 visibilis,
2904 751 3018 804 sive
3042 750 3330 806 invisibilis
3358 765 3516 806 crea-

1939 846 2094 903 turae,
2117 840 2262 908 quod
2297 838 2439 894 Filio
2467 841 2638 910 possit
2667 842 2941 910 aquuari
2969 861 2983 906 ;
3015 842 3159 896 nullo
3187 843 3328 897 enim
3357 850 3515 912 pacto

1937 931 2170 985 creatori
2204 946 2302 985 suo
2336 942 2584 987 creatura
2635 941 2813 1002 potest
2837 934 3104 1000 conferri;
3128 943 3183 988 et
3211 933 3253 988 si
3285 933 3513 990 Creator

1939 1021 2054 1092 ipse
2084 1023 2315 1076 donatus
2343 1031 2426 1076 est
2465 1023 2643 1088 nobis,
2678 1025 2950 1092 quomodo
2980 1040 3083 1079 non
3121 1039 3241 1079 cum
3275 1025 3390 1092 ipso
3417 1039 3517 1080 no-

1937 1113 2023 1168 bis
2059 1114 2236 1167 omnis
2277 1122 2529 1168 creatura
2573 1116 2918 1170 donabitur?
2953 1133 2971 1167 ο
3022 1127 3077 1170 et
3117 1116 3169 1169 in
3210 1116 3518 1184 Anacepha—

1939 1203 2087 1258 ίανοεὶ
2112 1205 2202 1258 lib.
2236 1220 2286 1258 tv
2314 1205 2453 1274 Περὶ
2485 1204 2706 1276 ἀρχῶν,
2740 1224 2889 1263 num.
2916 1208 2986 1263 28
3012 1227 3026 1264 :
3062 1227 3080 1259 ι
3119 1207 3235 1262 Νοη
3263 1210 3406 1262 enim
3435 1208 3519 1262 di-

1939 1297 2133 1356 cimus,
2167 1297 2307 1350 sicut
2337 1299 2573 1352 ha-retici
2614 1308 2829 1368 ptttant,
2864 1309 3072 1369 partem
3115 1299 3349 1368 aliquam
3387 1298 3518 1355 sub-

1941 1392 2150 1442 slantia:
2196 1389 2289 1443 Dei
2332 1389 2382 1442 in
2413 1388 2605 1442 Filium
2644 1405 2855 1444 versam
2879 1430 2894 1454 ,
2926 1401 3018 1444 aut
3044 1406 3108 1445 ex
3151 1391 3312 1446 nullis
3340 1389 3520 1446 subsi-

1942 1481 2204 1533 stentibus
2235 1479 2427 1533 Filium
2471 1489 2809 1548 procreatum
2848 1496 2878 1534 a
2911 1480 3099 1544 Patre,
3133 1481 3183 1534 id
3217 1490 3332 1540 est.
3363 1488 3516 1533 extra

1941 1571 2295 1624 subslantiam
2327 1588 2506 1634 suam,
2543 1581 2601 1624 ut
2635 1573 2798 1625 fuerit
2840 1572 3130 1641 aliquando
3158 1573 3377 1641 quando
3408 1587 3517 1626 non

1946 1661 2129 1725 fuerit,
2158 1665 2250 1716 sed
2289 1663 2533 1718 abscisso
2565 1665 2712 1717 omni
2760 1678 2921 1718 sensu
2962 1678 3247 1733 corporeo,
3279 1679 3344 1718 ex
3383 1663 3520 1716 invi-

1942 1755 2083 1809 sibili
2116 1765 2170 1809 et
2201 1755 2521 1824 incorporeo
2547 1754 2783 1810 Verbum
2821 1766 2875 1810 et
2907 1756 3242 1826 Sapientiam
3279 1757 3517 1826 genitam

1941 1845 2172 1900 dicimus
2195 1885 2211 1908 ,
2246 1845 2450 1915 absque
2491 1846 2594 1899 ulla
2645 1847 2910 1916 corporali
2962 1848 3216 1916 passione
3239 1890 3255 1912 ,
3289 1849 3436 1902 velut
3473 1849 3518 1904 si

1943 1938 2188 1992 voluntas
2235 1940 2494 2008 pracedat
2543 1954 2574 1994 e
2623 1949 2822 1994 mente.
2862 1959 2880 1992 ι
2918 1939 3118 1995 Locum
3161 1941 3304 1994 hunc
3341 1944 3522 2008 capite

1943 2028 2010 2082 i8
2043 2029 2239 2098 repetit
2284 2040 2473 2084 auctor
2509 2031 2672 2085 libelli
2706 2031 2781 2084 De
2827 2031 3024 2085 deitate
3071 2040 3120 2084 et
3156 2033 3524 2086 incarnatione

1955 2118 2141 2183 Verbi,
2193 2124 2259 2174 ad
2309 2119 2662 2184 Ianuarium,
2693 2120 2782 2190 qui
2839 2121 3068 2174 habetur
3117 2121 3169 2174 in
3226 2121 3330 2175 fine
3389 2121 3520 2176 toml

1943 2213 2120 2282 quarti
2145 2213 2455 2283 Augustini.
2480 2215 2653 2283 Atque
2690 2215 2802 2267 hwc
2824 2215 2988 2267 verba
3017 2228 3032 2266 :
3064 2241 3083 2266 ο
3124 2213 3228 2267 Aut
3260 2229 3322 2268 ex
3356 2213 3522 2268 nullis

1945 2304 2367 2359 subsistentibus
2401 2304 2596 2358 Filium
2629 2315 2970 2374 procreatum
3017 2321 3045 2359 a
3089 2304 3294 2370 Patre,
3340 2305 3393 2360 id
3437 2318 3522 2361 est

1943 2407 2097 2451 extra
2125 2397 2486 2451 substantiam
2515 2413 2689 2460 suam,
2720 2404 2778 2449 ut
2801 2397 2963 2450 fuerit
2986 2396 3278 2467 aliquando
3303 2399 3522 2468 quando

1945 2505 2052 2544 non
2093 2490 2257 2542 fuerit
2284 2529 2299 2553 ,
2341 2510 2359 2542 ι
2394 2505 2550 2543 nemo
2599 2505 2702 2542 non
2737 2489 2881 2542 videt
2920 2488 3000 2541 vel
3049 2504 3077 2540 a
3120 2487 3322 2542 "Ruﬁno
3354 2487 3456 2542 fuis
3489 2504 3521 2542 e

1947 2582 2385 2651 interpretationi
2419 2583 2647 2642 intexta,
2677 2581 2757 2634 vel
2778 2582 2846 2635 ab
2871 2579 2991 2633 aliis
3017 2579 3211 2634 Ruﬁno
3247 2579 3521 2648 antiquioo

1946 2677 2094 2730 ribus
2133 2674 2322 2729 Grzeco
2382 2673 2485 2742 ipsi
2533 2673 2810 2728 contextni
2848 2672 3044 2726 infarta
3084 2683 3272 2726 contra
3307 2673 3518 2731 Arium,

1947 2780 2106 2833 quem
2133 2767 2465 2818 Sozomenus
2503 2765 2596 2818 lib.
2627 2782 2671 2824 ι.
2701 2780 2818 2832 cap.
2858 2763 2954 2828 I5,
2987 2761 3063 2814 ait
3094 2762 3357 2833 πρότερον
3393 2761 3521 2830 παρ’

1945 2857 2130 2926 ἐτέρου
2174 2856 2248 2927 μὴ
2273 2857 2559 2928 εἰρημένον
2592 2857 2857 2927 τολμῆσαι
2896 2858 2952 2907 ἐν
2989 2854 3284 2925 Ἐκκλησία
3309 2853 3523 2922 ἀποφή-

1946 2948 2158 3010 νασθαι,
2187 2948 2276 3000 τὸν
2307 2949 2432 3000 Υίὸν
2466 2945 2560 3000 τοῦ
2600 2946 2734 2999 Θεοῦ
2761 2946 2818 3010 ἐξ
2845 2946 2944 2997 οὑκ
2973 2945 3139 2997 ὄντων
3171 2941 3522 3013 γεγενῆσθαι,

1950 3034 2196 3093 καὶεῐναί
2228 3057 2359 3093 ποτε
2384 3041 2470 3092 ὅτε
2501 3040 2601 3092 οὐκ
2635 3036 2722 3110 ἦν.
2757 3055 2773 3088 t
2801 3038 3038 3091 Primum
3072 3039 3122 3090 in
3157 3036 3392 3091 Ecclesia
3427 3051 3527 3088 au-

1943 3148 2062 3186 sum
2113 3144 2233 3188 esse
2278 3133 2492 3196 dicere,
2522 3136 2666 3201 quod
2717 3145 2875 3184 nemo
2921 3142 3052 3185 ante
3099 3130 3243 3184 illum
3289 3129 3526 3194 dixerat,

1944 3223 2139 3277 Filium
2173 3224 2382 3278 scilicet
2416 3224 2505 3277 Dei
2534 3239 2598 3278 ex
2637 3238 2739 3276 non
2771 3222 3112 3276 exstantibus
3145 3221 3441 3282 exstitisse,
3467 3228 3528 3275 et

1945 3314 2113 3369 fuisse
2151 3314 2441 3384 aliquando
2494 3329 2617 3368 cum
2675 3317 2910 3368 nondum
2968 3321 3134 3368 esset.
3196 3330 3214 3364 ι
3259 3311 3524 3368 Disertis-

1947 3407 2083 3460 sima
2113 3408 2273 3460 etiam
2304 3408 2417 3460 lucc
2445 3406 2512 3459 de
2549 3416 2737 3459 sancto
2764 3406 2970 3476 Spiritu
3006 3421 3036 3459 e
3076 3405 3170 3458 lib.
3201 3420 3214 3456 t
3247 3403 3390 3472 Περὶ
3417 3402 3522 3474 dp-

1946 3497 2090 3568 χῶν,
2109 3514 2226 3567 cap.
2258 3500 2312 3563 '5,
2339 3515 2486 3553 ntnn.
2514 3499 2548 3552 5
2573 3518 2585 3552 :
2624 3516 2642 3549 ι
2676 3497 3057 3552 Verumtamen
3091 3511 3263 3566 usque
3289 3497 3358 3551 ad
3387 3513 3528 3567 prae-

1947 3603 2072 3643 sens
2095 3588 2300 3641 nullum
2331 3603 2635 3642 sermonem
2665 3587 2718 3640 in
2744 3587 3043 3656 Scripturis
3066 3587 3529 3642 sanctisinvenire

1948 3682 2224 3749 potuimus
2270 3695 2367 3750 per
2411 3695 2569 3748 quem
2620 3678 2858 3748 Spiritus
2886 3694 3110 3734 sanatus
3144 3678 3351 3732 factura
3384 3693 3529 3742 esse,

1948 3772 2030 3824 vel
2056 3780 2304 3824 creatura
2331 3770 2603 3824 diceretur
2629 3787 2643 3835 ;
2678 3785 2746 3823 ne
2776 3785 2843 3824 eo
2875 3771 3092 3837 quidem
3127 3772 3289 3824 modo
3318 3784 3431 3838 quo
3459 3769 3530 3822 de

1955 3860 2233 3929 Sapientia
2268 3860 2474 3914 referre
2498 3859 3050 3929 Salomonenrmrpra
3080 3860 3416 3923 edocuimus,
3443 3857 3531 3912 vel

1966 3966 2087 4017 qtue
2142 3952 2207 4004 de
2241 3951 2346 4004 vita
2370 3992 2385 4015 ,
2415 3950 2499 4003 vel
2545 3949 2716 4003 Verbo
2745 3988 2759 4013 ,
2808 3949 3037 4018 aliisque
3087 3948 3533 4018 appellationibus

1963 4043 2086 4097 Filii
2115 4043 2208 4097 Dei
2245 4043 2588 4114 intelligenda
2615 4056 2734 4096 esse
2759 4041 3130 4096 tractavimus.
3165 4058 3184 4092 ι
3212 4041 3388 4110 Atque
3420 4041 3534 4096 hac

1957 4135 2178 4202 quidem
2229 4148 2259 4186 e
2288 4132 2594 4186 Ruﬁnianis
2633 4131 3177 4200 interpretationibus
3216 4132 3532 4208 deprompta

1955 4227 2352 4287 testimonia,ut
2378 4230 2552 4279 minus
2581 4223 2754 4278 valida
2786 4224 3162 4293 prtemisimus,
3187 4222 3332 4277 velut
3362 4222 3533 4277 levio-

1960 4333 2073 4372 rem
2111 4319 2400 4387 quamdam
2433 4324 2787 4369 armaturam.
2819 4315 2926 4369 Sed
2947 4313 3060 4384 jam
3090 4316 3342 4370 cominus
3369 4315 3525 4384 signa

1959 4424 2056 4464 COD
2064 4425 2181 4462 sera
2191 4423 2328 4461 mus.

2039 4500 2255 4568 Aliquot
2292 4497 2574 4552 attulimus
2611 4497 2782 4560 locos,
2807 4497 3080 4566 quibusin
3107 4505 3413 4551 ereatarum
3449 4509 3538 4549 re-

1961 4609 2078 4648 rutn
2107 4607 2327 4647 censum
2362 4592 2567 4645 detrusi
2597 4592 2850 4645 videntur
2883 4590 2951 4644 ab
2982 4588 3217 4657 Origene
3269 4586 3438 4641 Filius
3479 4596 3537 4642 et

1959 4684 2192 4755 Spiritus
2219 4695 2456 4738 sanctus.
2484 4682 2594 4753 (II)
2615 4683 2820 4746 Priore,
2852 4696 3010 4749 quem
3037 4679 3250 4733 adducit
3276 4675 3538 4732 Justinia-

1953 4789 2097 4836 nus,
2165 4771 2332 4827 Filius
2396 4773 2592 4827 dicitur
2662 4771 2728 4823 ὲκ
2801 4769 3102 4839 θελήματος
3163 4766 3259 4820 τοῦ
3326 4766 3538 4838 [ἰατρὸς

1951 4862 2256 4934 γεννηθεὶς,
2296 4863 2642 4936 πρωτότοκος
2676 4859 2854 4930 πάσης
2890 4857 3140 4923 κτίσεως,
3179 4857 3402 4928 κτίσμα.
3433 4856 3540 4913 Re-

1961 5017 2025 5070 ad
2079 5015 2501 5071 Proverbiorum
2544 5015 2761 5079 locum,
2813 5031 2831 5065 ι
2867 5011 3124 5068 Dominus
3167 5011 3404 5066 condidit
3450 5022 3540 5066 me

1962 5086 2147 5149 (Prov.
2181 5103 2292 5148 vnt,
2322 5087 2436 5157 ἐξ).
2477 5103 2496 5137 ι
2530 5094 2672 5157 etc.,
2701 5098 2807 5153 quo
2853 5082 3028 5157 fretus
3056 5080 3315 5157 Origenes
3343 5079 3538 5157 Filium

1964 5159 2239 5212 conditum
2267 5167 2321 5211 et
2353 5151 2463 5210 rem
2508 5151 2787 5209 conditam
2832 5152 3139 5223 appellasse
3171 5153 3367 5223 dicitur
3403 5169 3418 5218 ;
3445 5151 3536 5223 vi-

1961 5228 2195 5302 dendum
2241 5241 2476 5296 quonam
2536 5226 2590 5278 id
2640 5239 2799 5302 sensu
2847 5220 3361 5302 przestiteritlnam
3405 5221 3538 5302 vitio

1962 5297 2098 5350 verti
2150 5289 2501 5370 non'potest,
2552 5294 2694 5370 quod
2743 5289 3040 5370 Scripturae
3093 5289 3537 5370 verbisutatur),

1963 5375 2144 5420 utrum
2175 5369 2273 5419 hoc
2293 5360 2660 5420 testimonium
2688 5364 2756 5416 ad
2785 5362 3131 5417 evertendam
3160 5360 3282 5414 Filii
3319 5360 3535 5412 aeterni-

1973 5445 2162 5502 tatem,
2198 5447 2255 5488 ut
2290 5437 2494 5490 clarum
2540 5444 2593 5488 et
2633 5443 2877 5502 apertum
2910 5431 3207 5502 adhibeat;
3243 5444 3308 5502 an
3337 5429 3537 5496 potius,

1969 5516 2030 5559 ut
2063 5507 2370 5575 inobscuro
2400 5516 2455 5558 et
2484 5501 2690 5575 diﬂicili
2724 5503 2877 5575 loco,
2901 5503 2979 5575 _ad
3011 5501 3234 5554 subtiles
3266 5501 3540 5575 interpre-

1972 5569 2204 5631 tationes
2256 5575 2553 5642 confugiat.
2591 5572 2764 5642 Litcru
2811 5571 3072 5642 dirimunt
3120 5585 3236 5642 qua:
3289 5567 3540 5642 leguntur

1967 5645 2062 5718 lib.
2108 5661 2122 5698 l
2150 5645 2224 5718 De
2264 5635 2531 5718 primi—3.“,
2558 5658 2679 5711 cap.
2708 5641 2744 5694 9.
2771 5681 2786 5706 ,
2817 5641 3033 5718 num._2
3064 5635 3177 5718 et}
3202 5677 3216 5701 ,
3237 5635 3361 5718 .ubi:
3381 5635 3537 5718 illud2

1973 5733 1994 5768 ι
2026 5705 2284 5772 Dominus
2310 5705 2552 5773 condidit
2574 5705 2681 5781 me,
2711 5729 2731 5766 ι
2759 5705 2867 5786 non
2894 5710 2959 5768 de
2982 5711 3100 5784 ipsa
3123 5706 3422 5779 Sapientia,
3444 5705 3540 5763 sed
