3836 6236
187 287 298 341 7⁸17

1037 286 1611 345 ORIGENIANORUM
1653 290 1778 344 LIB.
1824 289 1889 353 ll,
1926 290 2077 345 CAP.
2122 291 2189 355 ll,
2230 290 2504 360 ΟΠᾹΞΞΤ.
2548 296 2612 349 ll.

3351 301 3449 351 777‘:

186 423 321 468 vero
351 416 574 461 sanctus
597 415 700 456 non
726 411 810 456 est
839 405 1119 473 γεννητὸς,
1160 409 1254 460 sed
1290 408 1534 479 γενητὸς,
1565 408 1756 478 genito-

1879 418 1977 471 ρει,
2012 408 2188 474 inquit
2215 448 2229 471 ,
2253 410 2394 479 quod
2428 410 2612 465 dicunt
2642 428 2761 467 eum
2784 415 3025 470 innatum
3049 418 3220 474 dicere
3252 420 3449 478 Filium

187 519 305 558 rem
343 502 488 556 enim
525 514 629 554 non
690 498 892 561 habet,
948 499 1040 552 sed
1075 500 1237 553 habet
1275 515 1303 552 a
1349 499 1506 553 Patre
1548 509 1599 553 et
1631 499 1767 553 Filio

189 604 250 650 ut
279 595 531 649 exsistat.
561 591 686 646 Haec
715 600 799 645 est
832 590 1047 658 propria
1096 606 1287 645 vocum
1336 592 1547 646 illarum
1592 592 1761 656 notio,

185 702 349 758 quam
381 695 560 741 tamen
591 699 692 739 nec
729 698 945 753 semper
974 692 1257 738 servarunt
1294 682 1515 751 Patres,
1550 695 1605 740 et
1635 703 1766 738 con-

184 781 329 834 sulto
364 778 796 847 permiscuerunt
824 792 887 831 ac
932 775 1298 832 confuderunt
1336 779 1565 843 Ariani,
1615 788 1673 832 ut
1712 780 1762 830 in

185 872 436 940 ambigua
475 884 607 923 voce
640 869 850 925 facilius
884 868 1127 923 fraudem
1162 880 1459 927 strncrent.
1499 870 1763 941 Origenes

183 978 315 1017 vero
336 979 457 1018 cum
486 961 682 1015 Filium
737 961 970 1032 appellat
991 961 1217 1033 γενητὸν
1242 962 1395 1026 Θεὸν,
1428 965 1505 1017 sic
1534 964 1717 1034 accipe
1742 984 1757 1018 :

187 1074 213 1109 τ
241 1056 343 1123 Qui
378 1056 703 1126 principium
734 1055 814 1109 sui
835 1055 998 1111 habet
1023 1095 1039 1120 ,
1067 1065 1121 1111 et
1147 1057 1442 1110 exsistendi
1470 1057 1702 1111 initium.
1736 1077 1755 1111 ι

180 1148 321 1203 Filio
349 1149 564 1217 quidem
601 1162 887 1203 commune
930 1157 1011 1203 est
1042 1162 1164 1202 cum
1203 1148 1409 1203 creatis
1451 1150 1643 1212 rebus,
1677 1152 1757 1205 sui

178 1240 505 1311 principium
537 1255 601 1295 ac
642 1241 904 1311 originem
951 1240 1154 1296 habere
1192 1260 1206 1295 :
1243 1242 1532 1295 emanandi
1579 1254 1757 1297 autem

177 1333 363 1388 exillo
386 1334 650 1403 principio
693 1347 759 1386 ac
807 1333 1107 1402 prodeundi
1154 1333 1293 1388 ratio
1339 1333 1497 1403 plane
1544 1334 1756 1390 diversa

175 1434 262 1480 est
302 1440 314 1475 :
355 1425 699 1495 proditenim
716 1424 889 1479 Filius
920 1439 1016 1494 per
1039 1425 1443 1493 generationem
1461 1433 1754 1494 aeternam;

178 1520 447 1583 prodeunt
481 1529 681 1574 creata:
722 1534 811 1574 res
850 1534 945 1589 per
985 1522 1363 1589 temporariam
1397 1518 1752 1578 creationem.

174 1608 292 1665 Hoc
322 1624 505 1677 sensu,
529 1626 637 1680 quo
680 1611 825 1675 dixi,
863 1628 1048 1669 vocem
1102 1613 1366 1683 ἀγένητος
1408 1628 1437 1665 a
1482 1612 1755 1667 veteribus

174 1713 490 1773 usurpatam
522 1703 710 1757 scribit
747 1704 1079 1759 Athanasius
1108 1706 1200 1759 lib.
1243 1704 1319 1759 De
1361 1706 1577 1775 synodi:
1633 1706 1755 1758 Ari-

1882 499 1992 552 Dei.
2027 499 2245 553 Dixerat
2271 515 2464 569 nempe
2490 501 2749 571 Origenes
2780 506 3062 577 ἁγένητον,
3093 512 3236 579 quod
3280 513 3452 581 ipsius

1874 590 2196 653 adversarii,
2222 592 2543 646 contentiosi
2596 592 2842 650 homines
2872 607 2925 651 et
2956 599 3119 653 rixosi
3139 640 3154 665 ,
3185 603 3444 660 confude-

1876 691 1999 735 runt
2029 697 2151 735 cum
2175 681 2497 754 ἀγέννητον,
2524 693 2582 738 ιιι
2613 702 2799 740 ansam
2830 688 3095 745 haberent
3137 693 3444 749 calumniae.

1871 772 2076 829 Contra
2119 789 2247 827 vero
2280 774 2551 841 Socrates,
2584 777 2651 831 de
2694 778 2924 835 Eusebio
2961 782 3207 851 loquens,
3250 788 3445 843 merito

1870 868 2011 923 dixit
2046 886 2059 921 :
2121 869 2451 940 Θαυμαστὴς
2495 870 2590 923 καὶ
2618 870 2864 943 ζηλωτὴς
2910 874 3125 942 ἐγένετο
3156 877 3264 930 τῶν
3304 879 3449 951 Ὠρι-

1869 958 2059 1026 γένους
2102 958 2321 1029 βιϐλίων
2346 977 2357 988 ·
2404 961 2461 1012 ὲν
2515 958 2595 1024 οἷς
2635 964 2911 1033 πανταχοῦ
2968 965 3057 1018 τὸν
3102 968 3227 1020 Υξὸν
3260 971 3324 1021 ὲκ
3352 969 3444 1024 τοῦ

1869 1052 2083 1122 Πατρὸς
2115 1053 2441 1123 γεννηθέντα
2490 1054 2835 1125 εὑρίσκουσιν
2880 1060 2927 1110 οἱ
2975 1060 3082 1111 τῶν
3136 1062 3446 1133 Ὠριγένους

1870 1141 2088 1211 βιϐλίων
2120 1142 2180 1195 τὸ
2216 1142 2377 1213 βάθος
2399 1146 2729 1216 κατανοῆσαι
2756 1146 3064 1217 δυνάμενοι.
3093 1167 3110 1199 t
3136 1152 3444 1207 Atlmiralor

1866 1245 1920 1288 et
1943 1235 2230 1289 :emulator
2268 1235 2527 1289 librorum
2566 1236 2817 1306 Origenis
2845 1239 2983 1303 fuit,
3033 1243 3083 1295 in
3128 1244 3325 1312 quibus
3360 1244 3446 1298 Fi-

1866 1327 1995 1380 lium
2023 1343 2088 1382 ex
2106 1325 2264 1382 Patre
2283 1337 2468 1381 natum
2496 1328 2697 1397 ubique
2727 1332 3027 1399 reperiunt,
3055 1336 3145 1402 qui
3180 1335 3439 1391 librorum

1863 1418 2114 1489 Origenis
2152 1418 2575 1487 profunditatem
2616 1421 2800 1476 animo
2823 1435 3109 1491 penetrare
3141 1438 3388 1494 possunt.
3418 1448 3436 1481 ι

1864 1509 2225 1582 Hieronymus
2270 1525 2399 1565 vero
2433 1510 2638 1566 dixisse
2680 1512 2855 1581 ipsum
2903 1512 3178 1571 affirmans
3209 1537 3228 1569 ι
3281 1517 3443 1574 Chri-

1862 1613 2001 1657 stum
2032 1603 2223 1657 Filium
2264 1604 2356 1656 Dei
2376 1618 2482 1658 non
2504 1613 2686 1658 natum
2720 1619 2873 1672 esse,
2899 1609 2991 1662 sed
3022 1608 3244 1671 factum,
3280 1628 3298 1662 ι
3338 1612 3441 1667 hoc

1861 1703 1965 1757 est,
2007 1696 2274 1765 ἀγένητον
2310 1704 2363 1749 et
2410 1697 2673 1767 γενητὸν,
2706 1710 2999 1769 utramque
3052 1702 3193 1755 hanc
3250 1718 3435 1759 vocem

173 1794 306 1847 mini
360 1794 710 1862 “Seleucia:
753 1812 770 1848 :
806 1797 919 1850 Οὐκ
978 1797 1279 1869 ἀγνοοῦμεν
1312 1798 1369 1851 δὲ
1422 1798 1504 1851 ὄτι
1552 1799 1646 1851 καὶ
1702 1801 1749 1851 οἱ

1860 1786 1911 1839 in
1950 1786 2114 1863 alium
2146 1788 2428 1854 detorquet
2458 1788 2784 1842 intellectum
2814 1800 2875 1843 ac
2916 1792 2983 1844 ab
3011 1790 3243 1861 Origene
3279 1810 3438 1849 usur-

169 1886 454 1955 εἰρηκότες
476 1886 533 1938 ἓν
556 1886 615 1939 τὸ
642 1887 922 1957 ἀγένητον,
956 1890 1046 1942 τὸν
1074 1889 1291 1961 Πατέρα
1335 1889 1582 1957 λέγοντες
1608 1932 1621 1953 ,
1658 1892 1757 1960 οὐχ

166 1974 247 2039 ὡς
290 1976 516 2047 γενητοῦ
557 1978 652 2031 καὶ
689 1978 994 2048 ποιήματος
1028 1978 1178 2041 ὄντος
1228 1979 1322 2031 τοῦ
1366 1979 1538 2048 Λόγου
1585 1978 1755 2041 οὕτως

170 2067 437 2139 ἔγραψαν,
466 2068 581 2121 ἀλλ’
605 2069 685 2121 ὅτι
716 2067 789 2139 μὴ
815 2068 927 2139 ἔχει
972 2070 1063 2121 τὸν
1099 2070 1292 2123 αἴτιον.
1336 2088 1354 2119 t
1388 2068 1500 2121 Non
1544 2072 1758 2133 ignora-

170 2174 293 2215 mus
337 2171 516 2214 autem
550 2175 641 2214 eos
676 2160 768 2229 qui
818 2161 1071 2215 dixerunt
1103 2176 1265 2215 unum
1302 2176 1425 2217 esse
1466 2161 1755 2232 ἀγένητον,

168 2250 390 2305 Patrem
435 2251 810 2319 significantes
831 2290 846 2316 ,
874 2268 980 2307 non
1011 2253 1081 2306 ita
1134 2253 1420 2320 scripsisse
1451 2254 1605 2320 quasi
1631 2254 1755 2307 Ver-

166 2338 295 2391 bum
318 2338 387 2392 sit
411 2339 640 2411 γενητὸν
662 2350 718 2394 et
741 2355 898 2410 opus,
926 2342 1018 2395 sed
1045 2341 1168 2411 quia
1206 2340 1368 2395 Pater
1399 2356 1617 2397 causam
1648 2357 1752 2395 non

168 2430 353 2486 habet.
388 2450 405 2483 ι
445 2430 660 2485 Patrem
700 2431 903 2486 dictum
943 2447 1064 2487 esse
1096 2432 1172 2486 ait
1202 2433 1495 2505 ἀγένητον,
1524 2434 1647 2503 quia
1682 2434 1750 2489 ab

164 2519 277 2572 alio
314 2534 420 2574 non
459 2521 624 2576 habet
663 2530 722 2577 ut
759 2523 866 2587 sit;
909 2523 1105 2577 Filium
1141 2534 1320 2577 autem
1371 2526 1595 2597 γενητὸν
1631 2541 1752 2581 esse

166 2620 327 2679 negat
354 2612 455 2666 hac
490 2614 734 2678 notione,
771 2614 913 2682 quod
943 2615 1010 2669 ab
1032 2615 1138 2669 alio
1165 2617 1343 2670 factus
1369 2618 1440 2670 sit
1466 2635 1481 2671 :
1515 2619 1605 2672 sed
1641 2633 1748 2671 non

164 2706 328 2767 negat
356 2700 584 2770 γενητὸν
618 2715 741 2756 esse
790 2701 896 2755 alia
945 2704 1166 2758 notione
1192 2745 1206 2767 ,
1246 2721 1308 2759 ea
1352 2706 1558 2761 scilicet
1584 2722 1746 2775 quam

163 2787 427 2853 iudicavi,
458 2791 601 2859 quod
634 2792 702 2845 ab
734 2791 841 2845 alio
882 2794 1082 2848 habeat
1123 2804 1182 2849 ut
1214 2794 1313 2860 sit,
1354 2810 1461 2850 non
1492 2806 1745 2866 tanquam

162 2892 253 2930 res
289 2877 452 2943 facta,
481 2881 573 2934 sed
603 2890 859 2949 tanquam
896 2898 981 2937 res
1003 2886 1185 2955 genita
1208 2927 1222 2942 .
1258 2886 1431 2956 Atque
1465 2889 1537 2942 ita
1580 2886 1750 2942 Filius

159 2968 272 3022 dici
322 2979 499 3038 potest
542 2972 826 3045 ἀγένητος,
856 2975 945 3044 qui
984 2975 1052 3029 ab
1081 2976 1186 3031 alio
1218 2994 1323 3032 non
1360 2979 1521 3035 habet
1558 2990 1615 3033 ut
1656 2980 1746 3045 sit,

158 3075 363 3131 nempe
393 3070 648 3133 tanquam
675 3081 809 3134 opus
837 3108 852 3128 .
888 3082 983 3123 seu
1023 3083 1111 3123 res
1153 3068 1292 3124 facta
1317 3112 1331 3137 ,
1369 3072 1453 3125 vel
1486 3083 1740 3140 tanquam

160 3170 256 3209 res
277 3165 459 3209 creata
497 3173 514 3212 :
554 3167 609 3211 et
654 3159 914 3230 γενητὸς,
953 3161 1044 3230 qui
1091 3162 1160 3215 ah
1201 3162 1309 3217 alio
1340 3164 1505 3218 habet
1543 3173 1601 3218 ut
1649 3166 1741 3229 sit,

160 3259 361 3314 nempe
386 3254 644 3316 tanquam
686 3264 775 3303 res
807 3251 987 3319 genita
1018 3261 1072 3306 et
1104 3252 1291 3308 Filius.
1331 3254 1424 3309 Sic
1456 3256 1739 3327 Origenes,

154 3336 256 3408 qui
304 3336 531 3410 γενητὸν
554 3338 688 3392 Θεὸν
720 3341 1024 3411 appellasse
1050 3341 1244 3397 Filium
1277 3345 1657 3407 insimulatur,
1688 3355 1743 3399 et

154 3430 255 3499 qui
286 3438 417 3485 tom.
448 3447 487 3486 ιι
513 3430 566 3486 in
595 3432 781 3498 Joan.,
814 3450 965 3488 num.
997 3433 1049 3495 6.
1071 3435 1297 3491 credere
1337 3452 1395 3489 se
1422 3437 1559 3490 dixit
1586 3438 1744 3505 ἀγέν-

155 3539 324 3593 νητον
356 3524 688 3595 (legendum,
720 3526 806 3579 vel
836 3536 984 3582 certe
1030 3527 1434 3598 intelligendum
1457 3531 1741 3601 ἀγένητον)

157 3614 331 3687 μηδὲν
363 3616 548 3687 ἕτερον
577 3616 671 3670 τοῦ
705 3618 919 3689 Πατρὸς
945 3612 1086 3670 εἶναι
1107 3656 1121 3681 ,
1158 3617 1261 3671 hoc
1300 3629 1383 3671 est
1424 3634 1587 3671 unum
1634 3618 1741 3671 Pa-

161 3719 303 3762 trem
334 3709 599 3779 principio
633 3724 854 3773 carere,
884 3724 983 3764 nec
1026 3709 1093 3764 ab
1142 3708 1246 3763 alio
1291 3709 1493 3763 habere
1543 3718 1599 3762 ut
1647 3710 1740 3771 sit,

155 3798 360 3854 Filium
392 3809 569 3854 tamen
606 3801 869 3872 ἀγένητον
917 3811 1072 3856 vocat
1126 3801 1219 3855 lib.
1276 3816 1327 3854 vn
1372 3811 1553 3859 contra
1577 3800 1740 3863 Cels.,

155 3907 314 3946 num.
343 3894 428 3954 17,
482 3892 619 3946 Οὔτε
650 3895 759 3965 γὰρ
790 3896 879 3947 τὸν
900 3894 1162 3964 ἀγένητον
1189 3895 1283 3947 καὶ
1302 3893 1482 3964 πάσης
1505 3895 1739 3965 γενητῆς

153 3984 378 4053 φύσεως
419 3985 761 4056 πρωτότοκον
803 3988 923 4041 κατ’
959 3985 1115 4050 ἀξίαν
1156 3986 1349 4039 εἰδέναι
1387 4003 1471 4048 τις
1515 3986 1737 4040 δύναται

148 4077 277 4140 ὠςό
299 4078 564 4146 γεννήσας
595 4079 755 4131 αὐτὸν
785 4079 996 4149 Πατήρ.
1021 4078 1132 4132 Illic
1163 4077 1427 4147 ἀγένητον
1455 4087 1610 4131 sonat
1632 4094 1736 4130 non

151 4163 387 4233 factum,
413 4181 516 4217 non
542 4176 799 4218 creatum.
838 4164 975 4219 Hinc
1032 4174 1213 4217 natam
1272 4164 1468 4231 Opinor
1507 4164 1735 4231 primam

148 4273 187 4309 e
250 4256 727 4311 criminationibus
796 4258 1057 4311 adversus
1122 4256 1408 4327 Origenem
1464 4254 1735 4315 conﬂatis,

147 4364 298 4420 quas
338 4347 649 4419 Pamphilus
696 4350 749 4404 in
794 4348 1051 4420 Apologia
1098 4356 1364 4403 recenset.
1417 4345 1604 4399 Prima
1642 4346 1735 4399 illa

230 4438 279 4469 “
307 4436 448 4492 Psal.
487 4454 671 4500 Lxxxt,
707 4440 758 4493 6.
836 4441 879 4471 ³⁸
920 4439 1062 4493 Psal.
1104 4455 1165 4504 ιι,
1201 4440 1253 4493 7.

1860 1888 1981 1942 pata
2012 1888 2097 1931 est
2134 1894 2148 1930 :
2181 1879 2270 1946 qui
2309 1894 2431 1933 cum
2463 1880 2600 1934 dixit
2637 1880 2833 1936 Filium
2886 1884 3171 1955 ἀγένητον,
3220 1887 3273 1940 id
3330 1889 3434 1943 sibi

1859 1968 2061 2032 voluit,
2094 1984 2197 2022 non
2231 1984 2353 2023 esse
2388 1970 2588 2025 factum
2620 1987 2721 2028 nec
2769 1984 3032 2029 creatum.
3079 1976 3280 2030 Contra
3309 1978 3435 2032 Hie-

1858 2074 2118 2128 ronymus
2150 2062 2421 2126 exposuit,
2451 2077 2557 2116 non
2590 2078 2709 2118 esse
2742 2076 2959 2133 natum,
3004 2070 3159 2138 quasi
3207 2070 3436 2125 dixisset

1856 2148 2186 2220 ἀγέννητον·
2232 2165 2355 2203 cum
2387 2166 2515 2207 vero
2544 2151 2741 2206 Filium
2773 2155 2909 2209 dixit
2946 2158 3173 2227 γενητὸν
3197 2198 3213 2222 ,
3252 2160 3302 2212 id
3328 2161 3431 2214 sibi

1855 2237 2046 2303 voluit,
2078 2240 2279 2295 habere
2317 2242 2493 2309 ipsum
2541 2244 2624 2297 sui
2668 2245 3030 2314 principium;
3082 2259 3275 2304 contra
3309 2251 3435 2305 Hie-

1855 2346 2117 2402 ronymus
2152 2336 2449 2404 exposuit,
2493 2352 2604 2390 esse
2630 2336 2848 2406 factum.
2893 2337 3096 2411 Nempe
3143 2342 3220 2398 sic
3267 2345 3429 2398 verba

1851 2421 2098 2493 Origenis
2149 2425 2201 2479 in
2253 2428 2550 2494 pessimum
2603 2445 2824 2483 sensum
2899 2432 3118 2487 trahere
3192 2436 3429 2489 amabat.

1854 2514 1967 2586 (12)
2007 2515 2080 2569 lta
2103 2516 2435 2586 Epiphanius
2462 2520 2591 2574 liter.
2619 2536 2763 2585 uiv,
2795 2536 2913 2589 cap.
2944 2522 2999 2586 8,
3033 2524 3179 2578 vocis
3210 2527 3433 2597 γενητὸς

1850 2624 2005 2661 usuin
2073 2608 2125 2663 in
2184 2610 2304 2663 aliis
2368 2613 2721 2680 probaturum
2776 2629 2834 2668 se
2878 2613 3043 2679 dicit,
3094 2617 3145 2670 in
3198 2617 3430 2687 Origene

1849 2703 2131 2756 dat-mare.
2163 2702 2364 2757 Contra
2387 2719 2450 2758 ea
2475 2720 2606 2759 vero
2629 2721 2747 2774 quae
2777 2706 2948 2769 addit,
2978 2708 3116 2763 velle
3142 2708 3429 2777 Origenwi

1847 2793 1988 2847 κατὰ
2018 2794 2178 2865 χάριν
2201 2794 2293 2847 τὸν
2318 2796 2446 2848 Υῐὸν
2477 2797 2636 2850 αὐτὸν
2653 2797 2935 2851 καλεῖσθαι
2963 2816 2978 2830 ο
3016 2817 3036 2851 ι
3065 2800 3166 2853 Per
3190 2803 3423 2871 gratiam

1849 2887 2045 2941 Filium
2081 2890 2253 2955 ipsum
2288 2886 2599 2959 (Christum)
2645 2890 2938 2959 appellari,
2979 2911 2997 2943 ι
3060 2902 3305 2960 prompta
3341 2907 3427 2947 est

1847 2994 1913 3034 ex
1949 2980 2067 3049 ipso
2095 2979 2333 3050 Origene
2362 2980 2631 3045 defensio,
2663 2982 2757 3050 qui
2790 2984 2994 3037 diserte
3026 2985 3184 3039 docet
3220 2994 3351 3041 tom.
3386 3002 3423 3040 ll

1845 3069 1901 3121 in
1926 3067 2113 3131 Joan.,
2163 3083 2310 3122 num.
2361 3067 2415 3132 6,
2458 3069 2616 3139 μόνον
2661 3070 2752 3123 τὸν
2789 3076 3045 3143 μονογενῆ
3080 3074 3239 3144 φύσει
3298 3075 3425 3128 Υἱὸν

1850 3158 2087 3230 ἀρχῆθεν
2118 3158 2405 3229 τυγχάνειν
2424 3177 2437 3190 θ
2469 3161 2633 3215 etlib.
2659 3176 2729 3214 vn
2756 3163 2808 3214 in
2842 3161 3136 3229 Epistolam
3162 3166 3228 3218 ad
3251 3164 3427 3228 Rom,

1854 3265 2003 3303 num.
2033 3250 2082 3309 1,
2126 3269 2143 3300 ι
2189 3252 2341 3305 Sicut
2382 3253 2524 3304 enim
2556 3252 2707 3305 multi
2746 3264 2871 3307 sunt
2916 3255 3006 3308 filii
3051 3257 3165 3318 Dei,
3194 3269 3248 3310 ut
3282 3257 3429 3312 Scri-

1850 3351 2007 3407 ptura
2058 3342 2191 3396 dicit
2231 3362 2245 3397 :
2285 3342 2395 3412 Ego
2448 3344 2562 3397 dixi
2597 3362 2617 3400 :
2657 3344 2745 3398 Dii
2783 3347 2929 3408 estis,
2975 3356 3023 3400 et
3071 3349 3172 3416 ﬁlii
3221 3349 3428 3404 Excelsi

1849 3449 2027 3486 omnes
2055 3434 2124 3498 “,
2162 3450 2300 3489 unus
2331 3445 2511 3490 tamen
2546 3447 2631 3490 est
2656 3446 2850 3491 natura
2877 3437 3047 3492 Filius
3074 3449 3130 3492 et
3170 3438 3428 3510 Unigeui-

1850 3535 1934 3580 tus
1957 3527 2022 3579 de
2048 3526 2224 3583 Patre.
2266 3546 2285 3579 ι

1918 3620 2217 3674 Commode
2250 3634 2377 3673 vero
2407 3627 2703 3688 exponetur
2732 3620 2881 3674 locus
2918 3635 2947 3673 a
3006 3620 3236 3675 Diodoro
3287 3622 3426 3677 reci-

1849 3722 2012 3774 tatus,
2038 3711 2127 3765 ubi
2161 3711 2250 3765 lux
2274 3726 2302 3764 a
2338 3711 2444 3765 Deo
2467 3712 2724 3779 producta
2751 3712 2945 3767 Genes.
2982 3728 3017 3778 ι,
3043 3713 3098 3779 5,
3121 3713 3285 3767 Filius
3306 3728 3425 3769 esse

1851 3803 2092 3863 dicitur,
2122 3801 2167 3855 si
2212 3804 2640 3871 respondeamus
2694 3803 2744 3856 id
2799 3803 3087 3873 allegorice
3131 3805 3196 3857 ad
3227 3803 3422 3859 Filium

1847 3891 2164 3961 ahOrigene
2197 3894 2365 3947 fuisse
2395 3894 2645 3947 relatum.
2687 3893 2952 3960 Quoniam
2972 3897 3114 3950 enim
3144 3912 3422 3965 nunquam

1849 4001 1953 4037 non
1995 3986 2128 4038 dicit
2156 3983 2320 4039 Pater
2354 4003 2367 4039 :
2408 4002 2428 4035 ι
2461 3984 2570 4054 Ego
2600 3984 2762 4039 hodie
2788 3986 2945 4055 genui
2979 3996 3029 4040 te
3060 3988 3104 4018 ⁸⁸
3132 4003 3145 4051 ;
3191 4006 3210 4039 ι
3241 3988 3423 4042 induci

1843 4092 2056 4145 quoque
2088 4086 2263 4144 potest
2285 4090 2500 4147 semper
2524 4077 2739 4131 dicens:
2776 4077 3047 4148 Gignatur
3080 4079 3246 4133 Filius
3273 4096 3425 4133 meus

1844 4170 1935 4234 qui
1972 4179 2056 4223 est
2101 4170 2192 4223 lux
2228 4183 2377 4223 vera.
2410 4168 2619 4224 Firmat
2660 4169 2802 4224 hanc
2836 4173 3240 4239 responsionem
3294 4188 3419 4235 vox,

1845 4261 2181 4332 γεννηθήτω,
2228 4264 2477 4332 gignatur
2507 4279 2526 4316 :
2558 4262 2639 4317 sic
2678 4263 2823 4316 enim
2858 4263 3054 4332 legitur
3101 4265 3153 4316 in
3193 4263 3421 4325 Catena,

1847 4370 1951 4407 non
1986 4365 2042 4405 ut
2071 4354 2246 4424 vulgo,
2277 4354 2581 4426 γενηθήτω,
2621 4354 2736 4417 ﬁat.
2771 4354 2994 4409 Penitus
3038 4370 3166 4410 vero
3198 4359 3249 4409 id
3289 4372 3421 4410 cou-

233 4553 347 4626 (l2)
406 4554 495 4626 litt
534 4553 867 4623 Epiphanius
908 4556 1044 4626 uocis
1079 4554 1330 4625 γενητὸς
1403 4571 1576 4619 usum,
1621 4565 1727 4609 etc.

1852 4554 2024 4619 ιπλῶς
2055 4553 2197 4626 ἀρχὴ
2216 4553 2325 4608 τῶν
2354 4554 2523 4608 ὄντων
2551 4556 2579 4607 ὁ
2606 4556 2759 4619 Θεὸς.
2795 4573 2815 4606 ι
2850 4554 2964 4608 Non
3004 4553 3242 4626 absurde
3292 4554 3415 4621 quis

148 4625 419 4692 Displicet
462 4625 761 4694 Epiphanio
810 4636 864 4679 et
910 4625 1236 4696 Hieronymo
1291 4627 1495 4695 genitus
1544 4625 1731 4696 Deus:

150 4698 305 4749 idem
352 4711 472 4749 esse
525 4697 711 4748 volunt
751 4704 806 4748 et
850 4696 1049 4764 factum
1104 4694 1167 4748 ac
1213 4707 1487 4759 creatum,
1541 4694 1732 4749 saltem

149 4766 304 4834 apud
338 4764 628 4831 Origeuem
650 4806 666 4830 ,
697 4766 765 4819 de
795 4768 946 4833 cujus
989 4765 1299 4819 Ariauistno
1336 4781 1440 4819 non
1483 4766 1726 4833 prtentdi-

150 4838 448 4907 cium,5etl
490 4836 928 4907 plauejudiciutn
955 4836 1213 4907 fecerant.
1257 4835 1361 4889 Sed
1393 4835 1521 4907 illud
1569 4852 1729 4907 γενη-

146 4906 272 4972 τὸν,
315 4921 433 4957 cum
477 4911 542 4960 de
577 4904 714 4960 Filio
743 4908 945 4961 dicitur
966 4908 1032 4959 ab
1055 4905 1315 4975 Origene,
1367 4904 1451 4959 vel
1487 4904 1729 4974 genera-

150 4980 258 5032 tim
301 4976 576 5045 signilicat
596 4978 645 5030 id
671 4978 813 5045 quod
836 4979 994 5030 habet
1022 4978 1236 5046 aliquod
1267 4976 1348 5046 siti
1379 4976 1724 5044 principium,

149 5047 245 5099 vel
280 5061 459 5098 veram
492 5049 892 5116 generationem
928 5045 1191 5116 designat.
1231 5045 1523 5113 Utriusque
1557 5048 1724 5099 inter-

148 5119 483 5189 pretatiuuis
513 5120 755 5189 exempla
785 5117 982 5189 passim
1018 5128 1353 5189 occurrunt;
1390 5116 1575 5189 primm
1611 5117 1725 5183 qui—

148 5186 281 5241 dem
334 5200 456 5241 cum
508 5186 994 5255 Origeites’solum
1046 5186 1257 5239 Patrem
1305 5186 1603 5255 ingenitum
1639 5190 1725 5236 de-

149 5269 460 5321 monstrat,
489 5273 552 5311 ac
583 5258 779 5312 Filium
819 5274 940 5313 cum
971 5257 1136 5312 rebus
1168 5258 1366 5310 creatis
1394 5262 1446 5309 in
1482 5272 1546 5309 co
1576 5273 1712 5308 coni-

150 5343 358 5398 parare
397 5344 513 5398 Anon
575 5332 805 5391 dubitat,
840 5339 969 5382 tum.
1024 5343 1063 5381 ιι
1120 5329 1173 5379 in
1218 5327 1405 5389 Joan.,
1467 5341 1613 5378 num.
1668 5328 1723 5387 b‘,

146 5396 304 5467 Quod
333 5416 360 5450 a
392 5396 550 5451 Patre
579 5400 849 5467 acceperit
894 5410 956 5452 ut
1003 5406 1169 5461 esset,
1210 5412 1335 5451 cum
1389 5398 1490 5449 hoc
1544 5409 1721 5467 tatncu

147 5466 497 5530 discrimine,
526 5474 669 5539 quod
700 5466 871 5523 Filius
907 5469 975 5521 ab
1006 5479 1211 5524 aeterno
1246 5468 1481 5537 genitus,
1519 5466 1721 5539 istacin

150 5549 405 5603 tempore
462 5537 678 5592 creatae.
745 5539 835 5592 Sic
886 5540 1049 5591 etiam
1116 5547 1246 5593 tom.
1314 5552 1351 5601 ι,
1426 5552 1576 5589 num.
1635 5537 1723 5599 l7,

146 5623 284 5676 pag.
324 5607 554 5663 19:0th
585 5608 801 5672 ἀτόπως
828 5609 885 5661 δὲ
913 5610 1006 5662 καὶ
1035 5608 1123 5661 τὸν
1148 5609 1255 5662 τῶν
1290 5607 1425 5661 ὅλων
1449 5606 1580 5658 Θεὸν
1613 5608 1728 5677 ἐρεῖ

146 5692 243 5740 τις
276 5676 470 5751 ᾁρχὴν,
494 5680 673 5749 σαφῶς
696 5680 1017 5751 προπίπτων
1038 5682 1118 5732 ὅτι
1142 5681 1283 5750 ἀρχὴ
1310 5678 1439 5731 Υἱοῦ
1463 5680 1490 5729 ὁ
1508 5676 1725 5751 -Πατὴρ,

149 5751 252 5802 καὶ
273 5749 419 5818 ἁρχὴ
452 5749 948 5821 δημιουργημάτων
983 5753 1011 5803 ὁ
1050 5749 1402 5821 δημιούργὸς,
1438 5749 1529 5802 καὶ
1553 5749 1727 5812 ἁπαξ-

480 5849 753 5909 Ptrnor.
796 5851 913 5911 Gn.
949 5850 1153 5911 XVII.

1842 4623 2220 4679 universorum
2276 4627 2440 4677 Deum
2502 4627 2828 4695 principium
2887 4627 3103 4686 dixerit,
3143 4623 3317 4692 palam
3349 4640 3417 4679 eo

1838 4696 2158 4764 procidens,
2188 4703 2248 4748 ut
2280 4695 2400 4748 Filii
2431 4694 2760 4764 principiuin
2794 4697 2863 4749 sit
2887 4695 3079 4758 Pater,
3116 4705 3170 4746 et
3206 4694 3414 4762 princi-

1837 4768 1985 4833 pium
2011 4776 2381 4818 creaturarum
2412 4766 2654 4828 Crcator,
2685 4783 2745 4819 ac
2766 4766 3062 4832 generatim
3093 4764 3415 4832 principium

1837 4837 2042 4888 entium
2077 4836 2234 4889 Deus.
2271 4854 2289 4885 ι
2327 4835 2526 4889 Eodem
2553 4852 2713 4890 sensu
2733 4838 2888 4888 docet
2910 4845 3040 4887 tom.
3070 4851 3128 4894 ιι,
3154 4849 3300 4886 num.
3320 4833 3413 4894 25,

1839 4907 2038 4958 multas
2067 4907 2158 4958 Dei
2193 4906 2555 4975 proprietates
2584 4907 2834 4973 c0gnosci
2868 4920 2974 4958 non
3024 4920 3183 4973 posse
3216 4906 3287 4975 ab
3311 4910 3413 4957 Iut-

1840 4991 1996 5045 mana
2029 4973 2244 5039 natura,
2279 4976 2417 5029 forte
2447 4977 2609 5029 etiam
2634 4991 2732 5029 nec
2755 4978 2822 5030 ab
2846 4977 2968 5029 aliis
2999 4987 3196 5045 praeter
3216 4973 3411 5027 Filium

1837 5043 2200 5117 etASpiritumA
2250 5054 2510 5117 sanctum
2553 5046 2747 5117 genitis
2790 5043 3158 5117 rebus,'trdxa
3208 5045 3265 5097 δὲ
3321 5046 3416 5099 καὶ

1836 5115 2041 5187 ἑτέροις
2067 5114 2217 5186 παρὰ
2248 5115 2480 5186 Χριστὸν
2536 5114 2631 5170 καὶ
2676 5115 2735 5168 τὺ
2782 5116 2936 5185 ἆγιον
2985 5114 3207 5186 Πνεῦμα
3251 5132 3415 5187 γενη-

1832 5190 1963 5248 τοῖς.
1996 5185 2154 5240 Nihil
2176 5185 2338 5255 igitur
2373 5199 2638 5257 repugnat
2667 5189 2872 5255 genitus
2911 5187 3052 5239 Deus
3075 5226 3091 5248 ,
3125 5185 3170 5240 Si
3213 5189 3284 5238 ita
3317 5185 3414 5237 ac-

1833 5259 2097 5323 cipiatur;
2131 5268 2188 5310 at
2225 5271 2332 5324 quo
2360 5272 2520 5311 sensu
2564 5258 2894 5327 Epiphanius
2947 5269 3000 5310 et
3053 5258 3415 5323 Hieronymus

1833 5328 2130 5396 accipiunt,
2180 5341 2443 5395 nusquam
2476 5331 2617 5397 apud
2651 5330 2942 5395 Origeuem
2997 5331 3270 5390 occurrit;
3306 5327 3412 5379 nisi

1834 5397 1975 5450 forte
2001 5397 2229 5451 velimus
2256 5400 2427 5466 ipsam
2458 5396 2638 5452 Patris
2662 5409 2909 5450 naturam
2954 5412 3019 5450 ex
3059 5396 3413 5466 nihiloicrea-

1836 5478 1942 5520 tam
1978 5471 2046 5521 ab
2075 5465 2308 5537 Origene
2333 5468 2653 5522 existimari.
2694 5468 2827 5521 Nam
2862 5468 3196 5521 voluntatem
3236 5465 3411 5518 Patris

1835 5538 1888 5590 in
1940 5537 2077 5591 Filio
2108 5539 2277 5603 nasci,
2318 5538 2599 5609 γινόμενον
2650 5539 2708 5591 ὲν
2752 5537 2830 5607 τῷ
2858 5537 3003 5609 ίΥἱῴ,
3040 5537 3321 5609 declarat,
3355 5546 3415 5609 ut.

1836 5622 1998 5674 supra
2028 5609 2277 5662 vidimus.
2315 5605 2385 5649 4-
2429 5605 2491 5661 D.
2542 5605 2811 5662 Prudent.
2854 5605 3042 5661 Manu
3084 5608 3159 5660 De
3200 5605 3409 5660 divinit.

1839 5677 2056 5747 Christi,
2089 5679 2177 5734 lib.
2213 5695 2285 5748 tv,
2318 5696 2438 5749 cap.
2474 5679 2563 5748 I5,
2592 5695 2742 5734 num.
2773 5681 2832 5732 Ἰ.

3017 5841 3096 5898 25
