3836 6236
439 218 541 281 779

1721 226 1777 281 P.
1820 223 2134 282 DANIELIS
2182 222 2410 285 IlUETll

3595 233 3700 289 780

434 339 689 393 flrmatur
714 353 779 393 ex
811 354 876 394 eo
908 339 1047 407 quod
1087 340 1159 393 ait
1196 349 1327 396 tom.
1363 358 1380 397 ι
1423 344 1476 397 in
1521 340 1705 408 Jonn.,
1740 360 1888 398 num.
1926 344 2018 408 22,
2048 352 2091 404 Α
2123 345 2226 409 sol,
2254 346 2382 400 licet
2401 361 2507 401 non
2532 349 2602 402 sit
2625 348 2816 403 eadem
2849 363 3077 405 numero
3105 350 3405 405 substantia
3447 369 3460 404 :
3490 359 3547 404 et
3572 366 3698 405 rur-

431 428 652 499 jubcnte
679 426 838 483 Patre
866 440 925 483 ut
952 432 1110 485 lieret
1142 432 1256 496 lux,
1284 434 1542 487 mandato
1579 434 1755 489 Patris
1797 436 2010 491 obtem-

434 529 715 588 perantem
765 521 955 575 Filium
1010 522 1183 577 lucem
1219 539 1457 579 creasse.
1514 524 1665 592 Quod
1714 528 1759 581 si
1803 529 2011 584 creavit

435 613 633 675 lucem,
666 612 752 667 lux
786 615 884 668 ista
905 628 1087 671 creata
1120 617 1233 687 ipse
1259 618 1444 688 utique
1478 633 1583 673 non
1616 629 1721 675 est.

504 701 696 759 XXIV.
738 706 1006 773 Quorsum
1059 722 1189 761 vero
1231 717 1310 763 tot
1346 710 1666 780 ambagibus
1707 712 2010 771 deliuemus

432 796 715 859 lectorem,
746 798 1088 867 explicandis
1121 801 1360 854 verbulis
1382 843 1394 860 .
1428 812 1477 855 et
1528 803 1835 859 evolvendis
1884 821 2010 859 seu-

434 889 669 944 tentiolis
694 889 893 945 frustra
912 893 1289 947 immorantes?
1308 894 1417 965 (l5)
1438 894 1661 949 Praestat
1684 897 1796 965 ipsa
1821 896 2008 967 Orige-

434 982 610 1036 nianaa
650 983 907 1039 doctrinae
960 986 1253 1054 penetralia
1309 988 1560 1042 scrutari.
1598 988 2005 1045 Meminerimus

432 1085 595 1143 supra
640 1086 883 1131 notatum
938 1092 1059 1134 esse
1098 1094 1127 1133 a
1171 1079 1329 1133 nobis
1371 1079 1665 1134 credidisse
1716 1080 2005 1149 Origeiiem

432 1161 623 1220 Filium
658 1184 908 1225 manasse
966 1172 1032 1226 de
1086 1172 1177 1226 Dei
1223 1173 1529 1226 substantia
1561 1212 1576 1235 ,
1616 1172 1696 1227 sic
1749 1183 2003 1242 tanquam

430 1259 601 1313 lucem
636 1261 701 1315 de
730 1263 865 1327 sole,
907 1274 1070 1334 atque
1109 1266 1229 1319 ideo
1267 1264 1507 1334 ejusdem
1532 1280 1653 1320 esse
1687 1282 1750 1321 ac
1779 1266 1997 1322 Patrem

426 1348 772 1417 substantiae,
802 1337 926 1422 quia
961 1354 1049 1408 lux
1074 1354 1314 1422 ejusdem
1354 1364 1438 1410 est
1477 1356 1799 1412 substantia:
1843 1359 2000 1429 cujus

498 1559 613 1631 (15)
647 1558 877 1631 Privata!
905 1563 1017 1626 ipsa
1052 1560 1385 1630 Origeniamc
1424 1563 1681 1616 doctrina:
1704 1564 1997 1630 penetralia

430 1633 684 1686 scrutari.
723 1630 1120 1685 Meminerimus
1146 1648 1304 1696 supra
1338 1642 1577 1685 notatum
1610 1650 1721 1686 esse
1752 1651 1782 1685 a
1827 1636 1995 1697 nobis,

2120 454 2212 493 sus
2238 438 2439 493 Filium
2467 454 2496 493 a
2536 438 2714 494 Patris
2761 440 3065 495 substantia
3099 449 3155 495 et
3190 441 3508 503 divinitate,
3544 452 3606 494 ut
3622 441 3699 495 ait

2116 531 2475 600 Epiphanius,
2500 546 2818 602 segregasse
2838 549 2853 598 ;
2876 532 2999 601 quia
3033 541 3138 586 uta
3164 534 3278 587 sole
3299 549 3396 602 per
3417 533 3695 588 ciliuviun:

2117 623 2359 689 profecta
2388 632 2473 677 est
2506 623 2615 684 lux.
2646 632 2853 677 secreta
2890 625 2956 678 ab
2984 639 3049 678 eo
3086 634 3142 678 et
3166 627 3407 695 seposita
3438 626 3544 681 dici
3599 642 3696 696 po.

2118 723 2220 769 test
2256 732 2270 768 :
2300 726 2558 783 przeterea
2593 716 2756 771 Patre
2785 716 3099 770 inferiorem
3124 732 3246 771 esse
3273 716 3470 772 Filium
3500 760 3516 784 ,
3565 720 3690 787 quia

2117 807 2196 861 sol
2227 807 2344 861 luce
2384 808 2617 861 nobilior
2641 818 2723 863 est
2748 817 2804 863 et
2831 808 3098 878 dignitate
3129 810 3395 878 superior.
3431 809 3689 866 Creatum

2116 900 2269 964 dixit,
2300 902 2384 953 vel
2405 916 2470 953 eo
2495 915 2656 954 sensu
2676 915 2782 969 quo
2821 900 2977 954 liberi
3005 917 3032 953 a
3067 902 3382 970 parentibus
3412 901 3688 971 procreari

2112 992 2382 1058 dicuntur,
2404 991 2910 1057 utnotavimus;vel
2940 990 3053 1062 (ll)
3087 993 3213 1061 quia
3238 995 3522 1047 materiam
3542 1008 3689 1064 equa

2112 1082 2378 1137 conﬂatus
2397 1094 2476 1138 est
2504 1086 2752 1148 mundus,
2778 1098 2938 1153 quam
2960 1100 2985 1136 a
3007 1083 3101 1138 Dei
3133 1085 3437 1140 substantia
3455 1085 3527 1140 ab
3544 1087 3688 1140 omni

2111 1189 2254 1232 retro
2282 1192 2395 1230 aevo
2409 1191 2693 1233 emanasse
2712 1180 2947 1243 censuit,
2964 1178 3418 1246 quemadmodum
3439 1178 3688 1233 ostende-

2106 1285 2224 1324 mus
2264 1269 2401 1323 infra
2447 1280 2704 1335 creatam,
2757 1271 2862 1325 dici
2909 1271 3163 1326 sciebat.
3201 1270 3254 1324 ld
3296 1271 3440 1325 enim
3482 1280 3685 1326 tantum

2101 1361 2433 1418 discriminis
2460 1364 2638 1431 posuit
2668 1363 2787 1418 Filii
2818 1364 2961 1419 inter
2996 1374 3052 1418 et
3079 1364 3317 1418 materiae
3358 1364 3689 1434 procreatio-

2104 1566 2337 1635 essgntia
2387 1564 2665 1635 genitum,
2734 1575 2791 1617 ut
2841 1565 3019 1618 lumen
3079 1580 3142 1619 ex
3206 1564 3407 1619 lumine
3457 1574 3683 1632 manat;

2104 1635 2157 1689 5.
2197 1633 2743 1703 ΙῗίΙίιιιιιήθιιιίίιιιειιῐι
2773 1650 2801 1688 a
2850 1636 3012 1688 Patre
3049 1651 3146 1688 suo
3190 1636 3430 1689 divisum
3478 1650 3545 1689 ac
3593 1651 3686 1691 se-

426 1712 549 1782 etc._
573 1720 591 1751 ι
626 1700 735 1755 Hoc
765 1718 868 1782 non
902 1711 983 1782 est
1016 1703 1126 1782 ipsa
1148 1701 1495 1782 Origeniaua‘:
1525 1705 1792 1782 doctrin-ae-
1829 1720 1996 1782 peue-
2030 1727 2071 1782 B
2106 1716 2353 1782 paratum
2388 1700 2693 1782 exsistere;
2744 1707 3202 1782 quemadmodum
3257 1721 3379 1782 nec._
3422 1706 3608 1782 radius
3652 1721 3686 1760 ι

428 1772 587 1826 tralia
628 1773 861 1843 scrutari
909 1772 1108 1843 (inquit
1146 1770 1331 1843 Bullus
1362 1775 1413 1825 in
1457 1773 1665 1843 Defens.
1720 1775 1843 1842 ﬁdei
1894 1775 1996 1828 Μ-

425 1859 603 1904 εωηιε,
632 1843 699 1896 de
737 1839 855 1895 Filii
888 1840 966 1911 τῷ
989 1842 1257 1913 ὁμοουσίῳ
1278 1884 1291 1905 ,
1322 1858 1439 1909 cap.
1475 1839 1728 1905 9,'nuiu.’
1754 1845 1861 1903 Ml.
1903 1847 1996 1899 sed

424 1929 487 1967 ea
514 1914 691 1981 potius
721 1913 906 1966 rimari
938 1922 988 1965 et
1022 1916 1308 1981 suspicari,
1341 1916 1405 1967 de
1434 1916 1628 1983 quibus
1657 1916 1770 1982 ipse
1805 1914 1997 1983 Orige-

424 1999 520 2055 Lies
560 1998 626 2035 ne
681 1997 776 2050 per
823 1983 1089 2055 somnium
1118 1984 1357 2055 _quidem
1392 2000 1660 2055 ‘iinquam
1716 1989 1993 2055 cogitavit.

424 2050 621 2106 Fateor
662 2054 1065 2122 generationem
1118 2050 1238 2106 Filii
1280 2069 1343 2107 ex
1392 2050 1555 2107 Patre
1602 2050 1861 2110 illustrari
1926 2058 1995 2111 ab

424 2124 677 2193 Origene,
705 2126 866 2177 etiam
904 2125 955 2176 in
984 2123 1138 2178 libris
1168 2135 1350 2177 contra
1381 2123 1612 2188 Celsum,
1643 2125 1994 2181 similitudine

428 2195 560 2247 radii
595 2198 705 2246 sive
734 2194 1037 2263 splendoris
1058 2210 1087 2246 a
1124 2195 1262 2255 sole,
1284 2196 1396 2247 sive
1420 2194 1524 2246 alio
1548 2211 1776 2263 corpore
1798 2196 1993 2259 lucido,

423 2264 669 2331 projecti.
731 2262 837 2316 Sed
898 2264 1026 2331 quid
1077 2265 1229 2316 tum?
1276 2267 1462 2316 Annon
1514 2265 1700 2318 Patres
1744 2266 1991 2320 catholici

422 2350 633 2395 omnes,
668 2344 774 2386 tam
807 2334 895 2399 qui
933 2346 1078 2395 ante,
1109 2350 1273 2402 quam
1307 2337 1396 2402 qui
1433 2347 1553 2403 post
1585 2336 1873 2388 concilium
1904 2336 1995 2389 Ni-

421 2419 628 2457 caznum
659 2407 1014 2469 scripserunt,
1043 2408 1234 2457 eodem
1280 2407 1437 2458 simili
1489 2407 1567 2457 usi
1600 2406 1756 2458 sunt?
1806 2403 1994 2460 Nonne

422 2474 521 2542 ipsi
556 2475 743 2546 Patres
764 2474 987 2546 Nicteui,
1017 2478 1174 2541 idque
1210 2479 1261 2546 in
1305 2476 1421 2543 ipso
1464 2476 1718 2546 Syinbolo
1746 2491 1843 2529 suo
1864 2517 1878 2539 ,
1906 2478 1989 2528 di-

420 2554 636 2608 xerunt,
668 2544 865 2598 Filium
902 2542 1066 2595 Deum
1101 2558 1167 2598 ex
1208 2544 1367 2599 Patre
1396 2542 1697 2607 Deo'nasci,
1724 2556 1781 2598 ut
1811 2547 1989 2600 lumen

420 2616 488 2667 de
514 2614 759 2668 lumine?
808 2616 871 2667 Et
896 2615 1037 2685 quid
1087 2615 1302 2668 demum
1359 2615 1606 2685 Epistolze
1652 2617 1715 2668 ail
1745 2616 1993 2670 Hebraeos

419 2685 597 2740 divino
656 2684 906 2754 scriptori
956 2685 1065 2753 fiet,
1118 2686 1206 2750 qui
1264 2702 1367 2738 non
1406 2684 1623 2739 veritus
1676 2696 1759 2740 est
1799 2685 1990 2739 Filium

422 2754 514 2830 Dei
549 2753 860 2830 nuncupare
892 2753 1231 2830 ἀπαύγασμα
1277 2756 1375 2824 τῆς
1415 2755 1572 2827 δόξης
1600 2755 1722 2830 5967
1756 2756 1989 2830 Πατρὸς,

419 2825 745 2892 splendorem
774 2835 1007 2895 paterna:
1040 2828 1243 2894 glorirc,
1275 2842 1392 2895 cap.
1428 2844 1466 2887 t,
1508 2825 1561 2880 v.
1599 2828 1665 2881 3?
1704 2829 1814 2881 Duo
1843 2825 1990 2883 certe

420 2896 742 2964 porismata,
775 2911 893 2963 qua:
922 2911 987 2948 ex
1022 2898 1120 2949 hac
1152 2902 1557 2965 comparatione
1594 2899 1842 2963 deducit,
1868 2898 1992 2954 Ori—

418 2965 652 3035 genique
691 2964 892 3031 afﬁngit
925 2966 1169 3029 lluetius,
1205 2983 1231 3018 a
1263 2964 1443 3022 mente
1479 2968 1729 3036 Origenis
1770 2971 1990 3023 Omnino

421 3038 593 3090 aliena
627 3048 773 3089 sunt.
807 3036 1044 3089 Primum
1074 3047 1179 3097 est,
1228 3037 1420 3091 Filium
1458 3055 1488 3093 a
1520 3038 1679 3092 Patre
1724 3038 1886 3090 dividi
1936 3050 1991 3093 et

418 3104 658 3174 separari
709 3116 765 3159 nt
798 3116 1002 3175 partem
1042 3108 1237 3159 divinae
1262 3110 1511 3162 essentite
1539 3122 1567 3159 a
1620 3116 1727 3161 tota
1754 3148 1768 3168 ,
1825 3108 1987 3162 adeo-

417 3176 641 3247 queDei
668 3179 965 3247 essentiam
1002 3178 1053 3229 in
1088 3186 1271 3245 partes
1307 3189 1507 3231 sectam
1540 3192 1682 3231 esse.
1724 3179 1831 3231 Sed
1874 3181 1995 3247 quis

417 3246 624 3309 Credat,
646 3246 1015 3316 Origeni,viro
1044 3262 1172 3301 Sane
1204 3264 1308 3300 non
1337 3249 1571 3309 indocto,
1599 3258 1704 3300 tam
1736 3246 1993 3303 insulsam

418 3317 807 3386 blasphemiam
843 3318 1027 3371 venire
1055 3321 1105 3369 in
1152 3330 1385 3371 menti-in
1438 3318 1717 3388 potuisse?
1767 3319 1992 3383 Quoties

421 3401 549 3441 vero
591 3388 642 3440 in
680 3388 897 3455 scriptis
927 3390 1042 3441 suis
1073 3389 1230 3441 istam
1284 3388 1671 3457 blasphemiam
1734 3404 1992 3457 expresse

420 3458 724 3529 repudiavit
756 3457 1148 3529 Adamantius?
1176 3459 1275 3529 Sic
1293 3458 1376 3529 (ut
1411 3459 1515 3511 alia
1562 3458 1679 3529 loca
1730 3470 1991 3513 sexcenta

415 3526 709 3597 omittam),
746 3530 795 3580 in
822 3528 914 3584 lib.
947 3544 997 3580 ιν
1022 3541 1203 3581 contra
1239 3526 1561 3587 (Ie‘ls.,num.
1596 3527 1682 3591 14,
1715 3544 1836 3597 pag.
1859 3528 1986 3591 510,

416 3596 716 3665 Epicureos
754 3609 810 3651 et
849 3599 1062 3651 Stoicos
1102 3600 1310 3661 irridet,
1350 3602 1492 3666 quod
1550 3614 1657 3651 non
1706 3596 1985 3664 potiuerint

415 3667 688 3740 τρᾳνῶσαι
719 3669 831 3740 τὴν»
852 3667 1084 3740 φυσικὴν
1116 3667 1207 3721 τοῦ
1246 3668 1379 3740 Θὲοᾲῦ
1411 3668 1614 3721 ἔννοιαν
1640 3708 1654 3730 ,
1685 3668 1760 3740 ὡς
1813 3670 1989 3740 πᾲντη

414 3738 716 3810 ἀφθάρτου,
752 3738 846 3792 καὶ
869 3738 1061 3801 ἁπλοῦ,
1086 3741 1177 3793 καὶ
1198 3738 1515 3801 ἀσυνθέτου,
1545 3740 1638 3791 καὶ
1658 3738 1986 3811 ἁδιαιρέτουζ

420 3829 438 3858 ι
470 3811 627 3863 Clare
668 3810 759 3863 Dei
793 3822 1043 3863 naturain
1080 3811 1406 3874 intelligere,
1444 3824 1638 3877 nempe
1670 3817 1812 3877 quod
1847 3817 1889 3863 is
1916 3812 1986 3864 sit

417 3897 439 3930 ι
468 3884 690 3934 omnino
715 3880 1140 3949 incorruptibilis
1164 3891 1217 3934 et
1240 3880 1488 3949 simplex,
1514 3895 1613 3933 nec
1632 3880 1983 3947 compositus,

418 3967 438 4001 ι
468 3950 1051 4005 προαίνιείιιιιίεδΜοχ
1068 3953 1234 4013 addit,
1259 3950 1451 4003 Filium
1476 3950 1565 4003 Dei
1601 3951 1835 4001 iut’orma
1865 3951 1976 4016 Dei,

415 4019 515 4075 hoc
529 4032 631 4087 est,
651 4024 701 4075 in
717 4023 949 4074 essentia
969 4022 1144 4073 divina
1165 4023 1481 4085 subsistere,
1500 4022 1720 4088 proinde
1735 4031 1789 4070 et
1807 4020 1980 4087 ipsum

407 4089 559 4159 juxta
591 4109 711 4145 cum
744 4090 905 4145 Patre
934 4092 1322 4144 immutabilem
1350 4106 1487 4144 esse.
1514 4089 1653 4143 Nihil
1684 4100 1859 4142 autem
1889 4105 1984 4143 ex-

412 4167 653 4227 pressius
714 4162 838 4215 huic
883 4176 1193 4215 cominento
1250 4172 1538 4229 repugnat,
1592 4176 1750 4229 quam
1815 4163 1977 4213 verba

411 4232 683 4300 Origenis,
715 4246 836 4300 qua!
858 4247 924 4285 ex
960 4232 1053 4284 lib.
1094 4247 1129 4283 ll
1164 4248 1281 4298 sup.
1304 4228 1467 4283 Joan.
1499 4231 1631 4284 citat
1662 4228 1976 4300 Pamphilus

412 4303 464 4354 in
512 4299 793 4372 Apologia,
845 4316 1058 4372 nempe
1080 4303 1194 4355 haec
1234 4319 1258 4372 :4
1284 4319 1301 4351 ι
1333 4300 1653 4368 lluigenitus
1681 4315 1811 4367 ergo
1836 4299 1977 4354 Deus

416 4393 432 4421 I
468 4370 712 4425 Salvator
740 4384 953 4435 noster,
986 4370 1135 4424 solus
1174 4387 1203 4423 a
1239 4370 1399 4424 Patre
1446 4379 1758 4439 generatus,
1783 4380 1972 4423 natura

415 4461 433 4491 ι
469 4454 524 4494 et
556 4456 661 4496 non
690 4444 976 4510 adoptione
1020 4440 1190 4494 Filius
1227 4453 1330 4495 est.
1368 4441 1535 4495 Natus
1573 4451 1834 4493 autemex
1861 4441 1972 4509 ipsa

414 4533 431 4559 ι
472 4512 649 4566 Patris
672 4525 871 4575 mente,
903 4514 1043 4564 sicut
1070 4512 1314 4564 voluntas
1357 4527 1423 4563 ex
1454 4522 1649 4564 mente.
1685 4510 1798 4561 Non
1829 4513 1974 4563 enim

416 4602 434 4633 ι
474 4583 753 4637 divisibilis
783 4595 866 4635 est
890 4582 1070 4634 divina
1112 4590 1326 4645 natura,
1362 4581 1413 4633 id
1433 4580 1971 4649 estiugeuitiPatris,

416 4670 435 4703 ii
476 4664 532 4705 ut
560 4665 809 4721 putemus
826 4652 905 4706 vel
924 4653 1210 4715 divisione,
1232 4653 1312 4704 vel
1334 4653 1704 4705 imminutimie
1726 4654 1977 4702 substan-

415 4742 432 4773 ς
478 4724 562 4776 tite
592 4724 727 4792 ejus,
775 4724 970 4777 Filium
1006 4738 1129 4777 esse
1153 4723 1514 4791 progenitum.
1551 4739 1569 4771 ι
1627 4721 1709 4792 Ad
1741 4724 1972 4792 alterum

411 4795 591 4846 lluetii
618 4789 962 4849 corollarium
998 4789 1397 4863 quod'attinet,
1433 4806 1624 4863 nempe
1672 4789 1865 4863 Filium
1901 4792 1968 4843 ab

409 4866 641 4933 Origene
688 4864 850 4917 Patre
905 4859 1213 4918 inferiorem
1264 4864 1471 4925 statui,
1521 4861 1661 4915 infra
1712 4876 1808 4913 suo
1854 4859 1971 4914 loco

406 4936 808 4990 evidentissiine
846 4936 1127 4988 ostendam
1159 4942 1272 5004 (nos
1304 4951 1419 4987 vero
1452 4933 1561 5004 iam
1602 4948 1761 4993 supra
1793 4940 1968 5004 ostenf

407 5007 583 5057 dimus
617 5022 765 5059 num.
811 5005 871 5073 7)
900 4999 1176 5073 nunquam
1199 4999 1457 5058 statuisse
1482 5003 1793 5072 Origenein,
1824 4999 1970 5055 Patri

408 5075 600 5129 Filium
630 5092 749 5128 esse
774 5079 1053 5143 imparem,
1084 5077 1234 5140 juxta
1265 5077 1556 5128 essentiam
1582 5115 1597 5139 ,
1638 5077 1731 5126 sed
1763 5083 1969 5125 tantum

407 5147 633 5211 originis
661 5158 929 5213 respectu,
967 5161 1158 5214 nempe
1182 5154 1447 5213 quatenus
1480 5144 1640 5197 Pater
1674 5155 1756 5196 est
1778 5152 1971 5214 auctor

408 5228 463 5269 et
488 5217 808 5283 principium
837 5216 977 5268 Filii.
1010 5213 1185 5268 Verbo
1205 5218 1379 5268 dicam
1417 5232 1430 5267 :
1462 5216 1721 5284 Origenes
1743 5283 1748 5284 ί
1770 5213 1970 5279 aliique

407 5286 659 5340 catholici
690 5289 878 5339 Patres
907 5287 1084 5339 suuile
1118 5287 1241 5338 illud
1276 5286 1406 5338 sulis
1437 5299 1491 5338 et
1534 5283 1669 5336 radii
1695 5323 1710 5348 ,
1741 5283 1879 5336 lucis
1915 5292 1970 5336 et

406 5358 710 5427 apleiidoris
740 5367 1061 5427 usurpantes
1082 5392 1096 5416 ,
1126 5357 1236 5409 hinc
1266 5367 1467 5409 tantum
1509 5356 1816 5427 signiticare
1870 5368 1966 5407 vo-

407 5424 643 5489 luerunt,
700 5442 873 5494 neque
921 5426 1065 5477 aliud
1112 5426 1403 5493 quidquam
1451 5430 1576 5493 ipsis
1628 5424 1680 5476 in
1737 5431 1966 5476 mentem

406 5498 556 5550 venit
589 5516 602 5550 :
644 5501 689 5549 l.
729 5496 942 5549 Patrem
970 5511 1091 5548 esse
1135 5498 1316 5567 πηγὴν
1359 5495 1639 5565 θεότητος,
1667 5494 1964 5561 [onlemdi-

404 5568 663 5628 ciuitatis,
689 5571 1144 5635 quemadmodum
1173 5574 1251 5620 sol
1278 5570 1397 5619 lous
1426 5578 1511 5618 et
1551 5567 1853 5633 splendoris
1897 5578 1964 5616 ex

406 5637 524 5705 ipso
559 5640 780 5701 emissi;
830 5635 884 5687 ‘2.
946 5636 1137 5689 Filium
1181 5652 1304 5692 esse
1357 5638 1595 5705 ejusdem
1646 5647 1850 5705 natura:
1901 5648 1967 5686 ac

406 5702 719 5760 substantia:
745 5710 897 5776 cujus
929 5718 1007 5761 est
1041 5707 1228 5780 Pater;
1279 5702 1467 5777 utpdte
1509 5710 1572 5761 de
1623 5706 1736 5774 ipsa
1789 5702 1964 5759 Patris

2101 1776 2234 1846 sole,
2285 1790 2383 1846 nec
2435 1776 2689 1843 splendor
2723 1774 2771 1827 τι
2806 1774 2923 1828 luce
2971 1776 3317 1842 disjungitur;
3351 1775 3407 1829 4.
3444 1776 3689 1846 Denique

2099 1844 2294 1898 Filium
2329 1845 2445 1897 sine
2477 1847 2803 1899 alteratione
2829 1856 2883 1899 et
2926 1846 3286 1899 diminutione
3338 1846 3546 1899 divina:
3598 1844 3687 1901 es-

2099 1919 2289 1968 sentne
2315 1930 2379 1969 ex
2415 1915 2575 1969 Patre
2619 1917 2789 1970 nasci.
2840 1914 3105 1982 Equidem
3155 1915 3252 1967 hos
3298 1914 3462 1968 animi
3509 1918 3687 1973 nostri

2098 1996 2391 2051 conceptus
2427 1986 2493 2039 de
2524 1988 2797 2039 adoranda
2838 1985 3192 2052 generatione
3238 1983 3362 2038 Filii
3394 1985 3527 2049 Dei,
3580 1990 3685 2039 mi-

2098 2070 2218 2108 rum
2275 2055 2329 2109 iu
2387 2057 2602 2107 modum
2656 2055 2875 2123 adjuvat
2931 2055 3227 2107 similitudo
3288 2056 3422 2119 ista;
3474 2058 3685 2111 undea

2098 2125 2352 2247 fatribus
2388 2124 2622 2179 Niczenis
2656 2122 2729 2179 iu
2761 2128 2872 2196 ipsa
2912 2122 3255 2180 confessione
3288 2139 3385 2179 sua
3434 2126 3687 2181 adhibita

2122 2211 2170 2246 ΙΙΙ
2204 2234 2216 2246 .
2254 2214 2271 2245 ι

2122 2205 2216 2247 ttit.
2254 2214 2271 2245 ι

2168 2266 2277 2334 (ll)
2316 2264 2407 2319 Vel
2438 2268 2561 2335 quia
2599 2265 2877 2318 materiam
2909 2280 2937 2335 ς
2962 2281 3067 2334 qua
3100 2265 3360 2332 conﬂatus
3403 2273 3484 2317 est
3514 2282 3679 2318 mun-

2097 2335 2215 2398 dus,
2251 2353 2409 2403 quam
2452 2334 2487 2386 α
2524 2335 2618 2387 Dei
2673 2334 2974 2387 substantia
3028 2336 3092 2388 ab
3155 2337 3297 2387 omni
3356 2345 3504 2387 retro
3570 2353 3683 2390 meo

2095 2421 2369 2459 eiii/iniisse
2401 2406 2625 2466 censuit,
2657 2405 3091 2474 quemadmodum
3124 2406 3458 2457 ostendemus
3503 2405 3675 2473 infra,

2095 2486 2325 2527 creatam
2350 2477 2453 2528 dici
2487 2476 2700 2527 sciebat.
2742 2476 2895 2541 Quod
2922 2475 2995 2527 ait
3020 2475 3163 2528 infra
3200 2474 3425 2527 lluetius
3472 2486 3677 2543 quaest.

2098 2546 2184 2609 l2,
2216 2563 2362 2599 uiiin.
2389 2546 2440 2602 4.
2471 2546 2776 2610 materiam,
2811 2560 2875 2598 cx
2901 2543 3153 2614 Origenis
3185 2547 3459 2597 sententia
3489 2587 3501 2608 ,
3538 2546 3619 2599 ita
3648 2561 3679 2600 a

2100 2616 2227 2675 Deo,
2259 2627 2316 2670 ut
2346 2617 2524 2669 lumen
2557 2632 2584 2667 a
2616 2617 2729 2670 sole
2762 2616 3034 2685 proticisci
3089 2625 3145 2668 et
3180 2614 3471 2685 procreari
3502 2654 3518 2677 ,
3547 2631 3677 2669 cum

2100 2687 2242 2737 nullo
2291 2695 2605 2755 argumento
2653 2683 2810 2740 lidein
2870 2686 2952 2740 sui
2999 2683 3429 2755 judiciil’aciat_,
3470 2686 3679 2737 minuit

2097 2758 2249 2809 nobis
2275 2752 2511 2810 laborem
2544 2756 2703 2825 hujus
2733 2752 3025 2810 continenti
3060 2754 3364 2825 refellendi.
3397 2752 3515 2825 Nisi
3549 2758 3678 2823 quis

2094 2825 2231 2879 l'oite
2262 2828 2311 2879 in
2344 2823 2663 2879 deteriorem
2695 2835 2898 2893 partem
2931 2826 3105 2894 rapiat
3131 2825 3276 2894 quod
3299 2823 3373 2876 ait
3396 2824 3673 2894 Origenes

2094 2895 2186 2948 lib.
2232 2913 2245 2949 ι
2295 2896 2370 2949 ορ
2394 2897 2643 2964 princip.,
2666 2914 2786 2962 cap.
2817 2895 2867 2958 7,
2903 2912 3047 2949 nuin.
3078 2893 3145 2949 6:
3178 2913 3196 2945 ι
3223 2893 3679 2964 Ιιιιθτὰιιιιιοοιιιί

2094 2968 2263 3019 nostri
2310 2970 2478 3035 ipsam
2536 2963 2782 3019 naturain
2833 2967 3000 3027 lucis,
3038 2964 3102 3035 id
3164 2975 3247 3017 est
3306 2963 3677 3019 substantiam

2094 3038 2221 3089 solis
2257 3034 2452 3089 intueri
2491 3052 2594 3089 non
2647 3046 2917 3104 possunt:
2969 3034 3312 3104 splendorem
3363 3048 3501 3087 vero
3553 3036 3673 3104 ejus

2101 3107 2183 3159 vel
2229 3110 2405 3160 radios
2448 3102 2699 3159 leuestr‘is
2746 3106 2885 3160 forte
2935 3102 3365 3173 etquihuslibet
3396 3102 3671 3159 luminum

2100 3176 2353 3230 brevibus
2388 3176 2745 3244 receptaculis
2808 3176 3017 3229 infusos
3068 3177 3358 3236 intuentes,
3413 3175 3674 3228 conside-

2098 3262 2221 3300 rare
2274 3263 2557 3314 possumus
2621 3246 2789 3299 fomes
2838 3248 2951 3312 ipse
3000 3260 3061 3298 ac
3111 3245 3229 3297 fons
3297 3254 3547 3312 quantus
3606 3246 3677 3299 sit

2097 3320 2344 3385 corporei
2384 3317 2624 3369 luminis.
2653 3316 2729 3369 Ita
2766 3331 2895 3384 ergo
2918 3316 3066 3385 quasi
3098 3315 3231 3385 radii
3275 3314 3506 3382 quidam
3549 3324 3678 3369 sunt

2099 3384 2207 3440 Dei
2256 3398 2462 3441 natura:
2506 3402 2668 3455 opera
2701 3387 2897 3439 divinae
2928 3384 3287 3438 Providentia:
3330 3394 3388 3435 et
3408 3399 3524 3455 pars
3556 3388 3680 3438 uni-

2095 3460 2374 3511 versitatis
2437 3452 2631 3526 hujus,
2683 3456 2749 3508 ad
2804 3455 3265 3523 comparationem
3316 3452 3496 3526 ipsius
3542 3459 3679 3507 sub-

2094 3529 2307 3580 stantia}
2342 3538 2394 3580 et
2422 3525 2646 3582 naturae.
2689 3528 2826 3591 Quia
2872 3539 3000 3593 ergo
3054 3540 3205 3577 tuens
3265 3534 3450 3576 nostra
3485 3525 3671 3591 ipsum

2094 3612 2189 3664 per
2236 3599 2468 3665 seipsam
2517 3597 2677 3649 Deum
2728 3599 2868 3649 sicut
2919 3604 3003 3648 est
3049 3610 3152 3647 non
3202 3604 3383 3661 poteSt
3439 3594 3678 3657 intueri,

2092 3682 2159 3721 ex
2216 3668 2617 3736 pulchritudine
2675 3681 2900 3733 operum
2960 3676 3013 3717 et
3048 3733 3056 3736 Α
3095 3667 3290 3736 decore
3378 3676 3680 3736 creatura-

2093 3732 2229 3789 ruui'
2273 3748 2549 3806 parentem
2614 3732 2982 3789 universitatis
3046 3733 3318 3803 intelligit.
3374 3752 3392 3785 ι
3462 3732 3672 3788 Utrum

2091 3807 2181 3861 hic
2227 3805 2380 3861 locus
2424 3806 2603 3859 lluetii
2648 3809 2828 3859 animo
2882 3807 3200 3859 obversatus
3251 3805 3322 3856 sit
3379 3819 3508 3856 cum
3562 3816 3678 3856 tam

2088 3878 2249 3931 stulta
2278 3878 2484 3931 somnia
2515 3875 2732 3945 Origeni
2777 3876 3059 3938 tribueret,
3093 3872 3503 3945 alliiinarernon
3536 3889 3675 3941 pos-

2086 3949 2354 4000 sunizsed
2390 3948 2555 4014 liquet
2607 3944 2886 4000 creaturas
2919 3946 2969 3997 iii
3006 3958 3070 3998 eo
3096 3944 3248 4011 quasi
3286 3944 3469 3995 radios
3499 3958 3677 4011 quos»

2086 4016 2208 4069 dam
2233 4019 2335 4071 dici
2372 4018 2564 4070 divinae
2599 4026 2826 4079 naturae,
2866 4029 2969 4068 non
3004 4018 3157 4081 quod‘
3188 4015 3367 4067 omnia
3403 4029 3679 4079 quau-uno

2083 4101 2187 4154 que
2210 4091 2315 4139 sint
2358 4090 2409 4139 in
2449 4088 2577 4152 Deo,
2605 4087 2711 4140 sint
2741 4087 2900 4140 etiam
2939 4085 2989 4137 in
3021 4085 3305 4154 creaturis,
3331 4092 3391 4135 ut
3420 4084 3488 4136 de
3518 4083 3675 4138 Filio

2084 4153 2240 4211 docet
2269 4158 2551 4225 Origenes,
2582 4157 2676 4210 sed
2726 4155 2864 4224 quod
2902 4154 3062 4225 iugis
3104 4153 3359 4225 majestas
3390 4162 3441 4205 et
3484 4156 3675 4206 omni-

2119 4229 2317 4280 otentia
2361 4222 2635 4282 Creatoris
2676 4222 2904 4279 eluceat.
2963 4222 3081 4277 Huc
3140 4222 3348 4276 accedit
3391 4225 3540 4290 quod
3590 4227 3669 4277 de

2100 4296 2216 4352 i‘iliu
2242 4300 2379 4352 idem
2410 4297 2541 4351 dicit
2568 4296 2831 4364 Origenes
2873 4306 3002 4350 tom.
3034 4310 3051 4347 ι
3085 4295 3139 4346 in
3164 4293 3361 4364 luam,
3385 4308 3538 4346 num.
3566 4294 3673 4362 50,

2079 4382 2203 4419 eum
2235 4384 2303 4421 ex
2327 4369 2583 4436 operibus
2613 4362 2869 4432 cognosci
2914 4367 2981 4417 ab
3020 4367 3105 4417 his
3139 4363 3230 4436 qui
3261 4362 3505 4436 divinam
3544 4365 3670 4436 ejus

2006 4425 2050 4479 Ῑ)
2082 4447 2330 4491 naturain
2364 4425 2719 4505 contemplata
2758 4452 2861 4488 non
2887 4446 3129 4503 possunt.
3157 4425 3317 4505 ’ρυυᾴ
3346 4425 3668 4505 ερθριειιίἀ

2078 4508 2435 4560 aeternitatem
2480 4503 2735 4568 materne,
2776 4506 2887 4559 sive
2930 4506 3089 4557 etiam
3124 4503 3323 4566 mundi,
3368 4503 3667 4556 fatendum

2077 4587 2159 4631 est
2192 4579 2498 4647 Origenem,
2558 4576 2805 4647 quamvis
2838 4574 3133 4643 saipissiuie
3160 4588 3271 4647 eos
3290 4571 3534 4647 _re_lellat
3571 4576 3669 4643 qui

2080 4640 2332 4699 munaniii
2364 4662 2427 4700 ex
2461 4640 2683 4698 materia
2721 4640 2955 4699 increaia
2998 4655 3091 4696 aut
3123 4645 3189 4695 ab
3226 4640 3489 4695 inferiore
3517 4640 3668 4711 quo-

2077 4717 2200 4770 dam
2250 4717 2356 4771 Deo
2411 4727 2650 4771 creatum
2708 4715 2986 4776 volebant;
3058 4714 3303 4781 quamvis
3348 4712 3439 4764 lib.
3474 4727 3541 4766 ii:
3589 4713 3666 4766 De

2074 4789 2324 4855 γνωρίμη
2355 4801 2473 4855 cap.
2503 4787 2559 4847 5,
2597 4801 2743 4838 num.
2778 4785 2830 4848 i,
2868 4802 2887 4834 ι
2926 4788 2992 4837 de
3024 4782 3411 4855 ecclesiasticis
3455 4784 3666 4834 delini-

2077 4852 2319 4911 tionibus
2341 4852 2633 4911 secundum
2675 4856 2915 4910 historia:
2961 4861 3157 4905 nostra:
3206 4852 3363 4903 iidem
3402 4862 3666 4904 constare

2073 4929 2253 4980 doceat
2305 4928 2447 4996 quod
2486 4926 2716 4979 mundus
2767 4925 2940 4996 factus
2986 4923 3057 4996 sit
3110 4931 3165 4975 et
3197 4932 3669 4996 _certo_tenipure

2074 5000 2262 5066 erepit,
2297 4990 2340 5050 ι’
2377 4999 2645 5051 interdum
2693 5006 2866 5048 tamen
2918 4995 2970 5045 in
3009 4992 3296 5066 absurdam
3334 4990 3489 5066 illam
3542 4994 3668 5058 opi-

2074 5062 2289 5122 nioitein
2322 5070 2602 5128 inclinare,
2628 5077 2685 5118 ut
2706 5076 2830 5117 ante
2858 5067 2997 5117 hunc
3024 5064 3280 5114 mundum
3312 5062 3450 5114 alios
3485 5076 3667 5129 quos-

2073 5140 2195 5191 dam
2230 5142 2277 5193 ei
2321 5138 2611 5192 dissimiles
2653 5135 2926 5189 exstitisse
2976 5147 3081 5185 non
3116 5132 3407 5199 improbet.
3454 5130 3661 5185 Utrum

2073 5209 2171 5262 bas
2227 5210 2546 5262 mundorum
2605 5208 2705 5261 sibi
2765 5204 3165 5258 succedentium
3234 5200 3661 5254 vicissitudines

2069 5291 2297 5333 mternas
2328 5280 2559 5344 duxerit,
2591 5293 2694 5331 non
2724 5277 2973 5329 examino
2999 5290 3012 5323 :
3047 5273 3141 5325 sed
3162 5271 3379 5344 etiamsi
3412 5282 3664 5344 attegias

2071 5352 2334 5413 duxisset,
2370 5339 2577 5402 starent
2608 5360 2818 5415 semper
2848 5360 2945 5397 suo
2990 5345 3215 5415 robore“
3238 5342 3382 5393 illius
3414 5345 3485 5415 de
3517 5339 3661 5415 filii

2070 5411 2371 5473 mternitate
2397 5430 2449 5472 et
2478 5411 2758 5472 divinitate
2783 5413 3111 5469 testimonia.
3137 5411 3309 5463 Aliter
3335 5411 3487 5463 enim
3514 5412 3665 5463 Filio

2070 5488 2186 5553 Dei,
2219 5491 2375 5543 aliter
2410 5489 2571 5542 rebus
2610 5488 2810 5540 creatis
2844 5491 3200 5537 aeternitatem
3237 5484 3496 5543 ascribit;
3538 5484 3661 5533 istis

2069 5561 2405 5629 conjicienda
2441 5571 2495 5611 et
2544 5554 3013 5629 dubitandotisti
3048 5553 3363 5629 allirmaudo
3392 5562 3448 5603 et
3490 5566 3659 5603 asse-

2069 5623 2337 5683 veraiidu:
2375 5633 2490 5682 istis
2532 5630 2656 5697 quia
2695 5626 2851 5678 aliter
2878 5623 3017 5697 Deus
3045 5624 3388 5697 multipotens
3428 5636 3662 5688 semper

2072 5702 2234 5755 inisse
2262 5717 2364 5754 non
2400 5694 2684 5762 videbitur,
2720 5698 2820 5750 nisi
2856 5694 3057 5763 aliquid
3096 5706 3191 5745 suo
3241 5694 3533 5745 dominatu
3567 5701 3627 5744 te
