3836 6236
188 294 293 352 ’181

1037 292 1611 352 ΟΒνΙΟΕΝΙΛΝΟΒυΜ
1650 292 1776 348 LIB.
1819 293 1882 359 11,
1921 292 2073 349 CAP.
2117 292 2181 358 11,
2223 289 2499 358 ΩΙΞᾹΞΞΤ.
2542 288 2605 344 ll.

3333 286 3435 339 782

188 410 597 482 nem,quodille
617 410 1072 480 sitprintogenitus
1091 413 1257 465 omnis
1276 412 1767 480 creaturw,etquod
1799 415 1841 471 Α
1875 420 1932 462 ιιι
1980 416 2123 464 esset
2158 406 2350 473 Filius,
2387 406 2481 460 sed
2527 415 2742 474 semper
2790 400 2910 465 fuit,
2960 406 3151 463 etest,
3200 396 3341 451 sicut
3384 409 3437 451 et

188 521 302 575 prae
326 505 532 558 naturis
566 502 790 572 reliquis
815 503 885 557 sit
910 501 1262 573 τελειωτάτη,
1296 511 1353 555 ιιι
1390 502 1626 568 loquitur
1645 501 1763 555 Cle.

193 612 344 651 mens
387 595 786 649 Alexandrinus
816 594 909 648 lib.
952 610 1024 647 vn
1069 594 1426 649 Strom.:Kad.
1462 592 1761 661 ἁγιωτάτη,

192 688 288 742 καὶ
316 686 649 757 κυριωτάτη,
683 687 777 740 καὶ
806 686 1277 757 ἡγεμονικωτάτη,
1298 686 1391 739 καὶ
1406 686 1765 755 βασιλικωτά-

191 796 281 850 τη,
318 778 500 849 ήΥἱοῦ
525 778 686 846 φύσις
721 779 853 849 ὴτῷ
894 779 1037 849 μόνῳ
1065 777 1464 849 παντοκράτορι
1507 795 1767 849 προσεχε-

194 868 385 940 στάτη.
424 887 444 919 ι
480 867 904 932 Perfectissima,
938 881 992 921 et
1019 869 1385 933 sanctissima,
1433 880 1485 921 et
1533 870 1767 923 maxime

190 962 499 1025 dominans,
522 969 580 1014 et
608 960 846 1013 maxime
885 960 1233 1029 imperatoria
1265 975 1329 1014 ac
1356 961 1497 1028 regia
1516 959 1637 1014 Filii
1671 976 1767 1013 na-

192 1062 336 1120 tura,
356 1068 475 1121 quae
498 1054 596 1108 soli
630 1040 999 1122 Omnipotenti
1026 1053 1481 1122 propinquissima
1503 1061 1602 1108 est.
1619 1072 1638 1105 ι
1661 1054 1765 1106 Sed

192 1160 383 1213 parum
416 1145 643 1199 interest
670 1160 772 1213 qua
805 1159 933 1199 voce
962 1145 1081 1198 Filii
1120 1154 1300 1199 ortum
1334 1160 1363 1198 a
1403 1144 1562 1199 Patre
1596 1145 1765 1215 signi-

193 1235 458 1299 ﬁcaverit,
488 1237 602 1289 sive
628 1233 844 1288 κτιστύν
872 1234 1168 1303 appellans,
1223 1235 1336 1288 sive
1364 1235 1605 1304 ποιητὸν,
1654 1233 1767 1287 sive

190 1326 474 1395 γεννητόν,
502 1327 788 1380 dummodo
815 1328 880 1382 de
908 1342 964 1380 re
1004 1334 1231 1379 constet.
1264 1325 1607 1379 Manifestum
1643 1325 1768 1379 hinc

190 1427 279 1471 est
305 1418 469 1471 etiam
496 1432 599 1484 quo
622 1432 782 1472 sensu
807 1418 1005 1471 dixerit
1027 1426 1154 1471 tom.
1192 1432 1228 1470 tt
1250 1420 1304 1471 in
1329 1416 1519 1483 Joan.,
1543 1432 1690 1470 num.
1709 1418 1763 1480 2,

190 1507 391 1562 Filiqu
434 1525 465 1562 e
500 1508 778 1563 divinitate
833 1507 1008 1562 Patris
1064 1509 1398 1562 divinitatem
1447 1524 1600 1562 suam
1636 1511 1763 1562 hau-

194 1602 397 1654 rireiet
443 1600 683 1662 trahere,
719 1598 825 1652 ἀπὸ
852 1597 946 1650 τοῦ
982 1596 1116 1651 Θεοῦ
1160 1598 1459 1668 ἀρύσαντα,
1512 1610 1587 1661 et,
1630 1597 1768 1650 σπάο

1864 499 2048 553 Pater.
2085 516 2103 546 ι
2139 496 2500 564 Quamobrem
2539 490 2863 546 Athanasius
2919 488 2970 541 in
3021 488 3156 540 libro
3212 486 3285 538 De
3341 486 3435 538 de-

1865 586 2019 638 cretis
2065 582 2302 637 Nicazna:
2347 581 2535 651 synodi
2584 580 2662 633 sic
2689 579 2766 633 ait
2802 595 2816 632 :
2854 577 2990 648 Περὶ
3019 576 3075 629 δὲ
3122 574 3215 628 τοῦ
3256 575 3439 637 ἁῖδίως

1867 677 2102 728 συνεῖναι
2128 673 2218 727 τὸν
2246 673 2414 742 Λόγον
2439 671 2516 742 τῷ
2542 670 2825 742 Πάτρεμ...
2864 669 3062 735 ἐξέστω
3101 668 3259 721 πάλιν
3297 668 3441 735 ὑμᾶς

1865 766 2092 821 ἀκοῦσαι
2121 768 2212 819 καὶ
2241 764 2389 834 παρὰ
2420 762 2511 816 τοῦ
2562 761 2846 831 φιλοπόνου
2880 759 3181 831 Ὠριγένους
3215 775 3228 788 °
3252 767 3307 813 et
3340 758 3440 810 So-

1866 870 2063 924 crates,
2095 859 2186 912 lib.
2219 873 2317 921 vu,
2357 870 2476 924 cap.
2515 855 2579 919 6,
2626 862 2908 921 postquam
2968 851 3199 904 lectitari
3250 849 3440 904 solitos

1869 952 2035 1007 fuisse
2063 952 2196 1006 dixit
2228 950 2506 1005 Platonem
2539 964 2569 1001 a
2595 946 2847 1014 Georgio,
2878 942 3161 1013 Origenem
3205 958 3232 995 a
3257 942 3439 995 Timoo

1869 1045 1993 1099 theo
2017 1043 2234 1097 Arianis
2264 1042 2597 1111 presbyteris
2626 1058 2639 1093 :
2672 1037 2959 1107 Θαυμάσαι
2988 1030 3080 1088 οὖν
3111 1052 3220 1104 μοι,
3242 1034 3435 1101 inquit,

1868 1136 2043 1189 ἔπεισι
2088 1136 2203 1199 πῶς
2233 1130 2376 1189 οὗτοι
2415 1136 2463 1187 οἱ
2513 1132 2702 1203 ἄνδρες
2740 1133 2806 1201 τῇ
2842 1129 3130 1200 Ἀρειανῶν
3176 1126 3443 1200 θρησκείᾳ

1870 1228 2224 1299 παρέμειναν,
2260 1219 2336 1279 ὧν
2358 1227 2386 1276 ὁ
2417 1225 2513 1295 μὲν
2542 1224 2632 1277 τὸν
2661 1222 2921 1275 Πλάτωνα
2951 1221 3037 1273 ἀεὶ
3075 1216 3212 1289 μετὰ
3253 1219 3439 1287 χεῖρας

1868 1316 2011 1390 εἶχεν
2044 1336 2056 1347 ·
2081 1321 2109 1371 ὁ
2134 1318 2190 1371 δὲ
2210 1318 2300 1370 τὸν
2326 1316 2608 1387 Ὠριγένην
2625 1314 2879 1367 ἁνέπνεεν
2899 1331 2912 1344 ·
2929 1311 3049 1364 οὐδὲ
3079 1310 3186 1380 γὰρ
3216 1308 3440 1362 Πλάτων

1866 1413 1926 1464 τὸ
1946 1410 2195 1482 δεύτερον
2233 1409 2327 1462 καὶ
2354 1409 2413 1461 τὸ
2438 1407 2616 1479 τρίτον
2646 1407 2836 1469 αἴτιον,
2869 1404 2943 1467 ὡς
2970 1401 3131 1465 αὐτὸς
3156 1400 3441 1470 ὀνομάζειν

1868 1502 2077 1567 εἴωθεν,
2114 1500 2286 1572 ἀρχὴν
2322 1498 2607 1571 ὑπάρξεως
2641 1496 2915 1567 εἰληφέναι
2952 1495 3081 1564 φησι
3114 1510 3128 1522 '
3163 1493 3256 1545 καὶ
3297 1492 3439 1562 Ὠρι-

1868 1596 2029 1666 γένης
2093 1595 2353 1648 συναΐδιον
2407 1592 2679 1662 πανταχοῦ
2748 1591 2996 1661 ὁμολογεῖ
3054 1589 3145 1641 τὸν
3185 1586 3313 1640 Υἱὸν
3362 1585 3440 1656 τῷ

190 1708 367 1745 σαντα
392 1692 489 1762 τῆς
525 1690 774 1761 Θεότητος
800 1692 879 1754 εἰς
906 1691 1118 1757 ἑαυτὸν,
1180 1693 1280 1744 hoc
1313 1700 1418 1754 est,
1468 1691 1766 1759 portionem

1870 1685 2063 1759 Πατρί.
2117 1686 2287 1740 Vertit
2316 1685 2647 1753 Epiphanius
2696 1682 3061 1738 Scholasticus
3098 1697 3108 1727 :
3143 1699 3161 1731 ι
3193 1680 3335 1749 Mihi
3358 1689 3440 1733 ta-

189 1782 526 1845 divinitatis,
570 1759 678 1835 non
715 1783 1073 1837 divinitatem.
1111 1782 1401 1846 Prielerca,
1439 1785 1689 1852 quoniam
1723 1787 1765 1838 si
1800 1759 1840 1812 Β
1873 1794 1991 1831 IIIP-n
2014 1778 2225 1831 Vitlellll‘
2248 1776 2586 1840 admirabile:
2612 1776 2879 1844 αυοηιοόο
2911 1773 3044 1828 tales
3084 1773 3184 1827 νῘΓῘ
3206 1772 3437 1826 Ῑ¹¹Α¹⁸ί³·

189 1874 362 1928 solem
413 1886 674 1929 aeternum
710 1888 899 1941 ponas,
952 1872 1125 1926 lucem
1188 1884 1512 1927 comternam
1568 1888 1769 1942 ponere

189 1981 417 2019 necesse
439 1974 543 2027 est,
590 1965 793 2019 idcirco
815 1976 1143 2018 coaeternum
1181 1964 1318 2017 Filio
1356 1963 1568 2019 Patrem
1602 1981 1767 2023 agno-

186 2059 271 2111 vit
321 2067 444 2110 tom.
496 2072 512 2110 t
553 2058 606 2110 in
645 2054 829 2118 Joan.,
879 2072 1026 2109 num.
1086 2056 1176 2110 '52.
1215 2056 1344 2107 Ὅτε
1386 2055 1449 2108 δὲ
1487 2056 1547 2109 τό
1580 2073 1593 2085 ·
1640 2058 1771 2121 Υἱός

181 2166 306 2217 μου
321 2144 488 2211 εἷσὺ,
505 2147 618 2212 ἐγὼ
637 2146 903 2215 σήμερον
922 2145 1252 2215 γεγέννηκά
1275 2162 1370 2210 σε,
1398 2146 1613 2215 λέγεται
1637 2147 1770 2217 πρὸς

185 2241 345 2295 αὐτὼ
379 2241 483 2292 ὑπὸ
510 2239 601 2293 τοῦ
627 2238 783 2303 Θεοῦ,
810 2232 854 2306 ᾧ
880 2237 963 2291 ἀεί
1002 2239 1117 2290 ἐστι
1154 2238 1214 2290 τὸ
1249 2240 1487 2309 σήμερον
1521 2255 1534 2267 ο
1564 2239 1662 2291 οὐκ
1693 2237 1768 2291 ἔνι

186 2333 301 2405 γὰρ
333 2334 538 2405 ἑσπέρα
568 2331 702 2386 Θεοῦ
730 2349 742 2361 ·
774 2331 885 2399 ἐγὼ
928 2331 984 2384 δὲ
1030 2330 1267 2402 ἠγοῦμαι
1302 2332 1383 2383 ὅτι
1417 2330 1537 2384 οὐδὲ
1566 2332 1766 2401 πρωΐα,

186 2425 306 2479 ἀλλ’
336 2427 364 2477 ὁ
395 2423 875 2495 συμπαρεκτείνων
902 2426 967 2494 τῇ
1003 2424 1249 2494 ἀγενήτῳ
1284 2424 1378 2475 καὶ
1415 2422 1570 2492 ἀϊδίῳ
1604 2420 1766 2475 αὑτοῦ

189 2517 326 2585 ζωῇ,
345 2516 410 2567 ἶν’
437 2514 607 2577 οὕτως
627 2512 788 2578 εἴπω,
820 2512 1027 2582 χρόνος,
1065 2512 1248 2583 ἡμέρα
1283 2511 1429 2581 αὐτῷ
1451 2512 1564 2564 ἐστι
1596 2512 1768 2581 σήμε-

190 2624 308 2679 ρον,
338 2599 451 2678 ὲνῇ
485 2606 805 2676 γεγέννηται
832 2607 860 2658 ὀ
894 2606 1023 2668 Υἱός
1052 2622 1064 2634 ·
1099 2606 1271 2677 ἀρχῆς
1308 2606 1571 2672 γενέσεως
1605 2604 1767 2657 αὐτοῦ

186 2697 364 2762 οὕτως
401 2700 497 2769 οὐχ
545 2698 961 2770 εὑρισκομὲνης,
1011 2697 1085 2760 ὡς
1116 2696 1237 2749 οὐδὲ
1283 2696 1383 2764 τῆς
1433 2696 1643 2768 ἡμέρας
1672 2714 1685 2727 ο
1717 2706 1771 2750 et

190 2790 291 2843 lib.
324 2806 341 2844 ι
381 2790 533 2857 Περὶ
582 2790 809 2859 ἀρχῶν.
844 2804 965 2858 cap.
1006 2789 1059 2851 2,
1097 2804 1245 2845 num.
1276 2787 1375 2841 1οε
1414 2806 1431 2838 ι
1462 2787 1564 2841 Per
1593 2789 1768 2841 Evan-

190 2882 394 2952 gelium
425 2882 652 2936 docetur
681 2882 810 2951 quia
837 2881 1014 2934 omnia
1045 2896 1136 2948 per
1178 2880 1349 2947 ipsum
1386 2879 1527 2947 facta
1555 2889 1696 2942 sunt,
1720 2887 1769 2932 et

190 2977 305 3028 sine
337 2976 446 3042 ipso
477 2972 672 3041 factum
705 2982 777 3027 est
812 2972 944 3025 nihil
987 2973 1053 3004 ³⁵¹
1091 2988 1105 3024 :
1158 2980 1212 3026 et
1244 2971 1505 3041 intelligat
1533 2986 1598 3025 ex
1644 2972 1767 3032 hoc,

190 3063 320 3134 quia
363 3080 468 3119 non
528 3074 705 3134 potest
763 3063 1037 3132 antiquior
1105 3076 1228 3116 esse
1302 3061 1356 3115 in
1434 3062 1543 3115 Deo
1594 3061 1839 3149 omni-C

190 3159 430 3225 potentis
458 3155 763 3225 appellatio,
801 3171 964 3225 quam
1021 3154 1201 3208 Patris
1229 3172 1243 3207 :
1279 3168 1376 3223 per
1404 3152 1598 3207 Filium
1625 3155 1768 3207 enim

189 3249 538 3317 omnipotens
584 3257 669 3302 est
730 3246 920 3311 Pater;
983 3264 1002 3297 ι
1070 3256 1126 3299 et
1181 3246 1362 3313 capite
1417 3246 1663 3314 sequenti
1705 3247 1772 3298 de

193 3340 257 3395 S.
302 3340 567 3394 Trinitate
609 3340 833 3409 loquens
883 3338 957 3393 ait
994 3355 1140 3392 num.
1175 3338 1208 3391 4
1243 3357 1256 3392 :
1293 3358 1309 3388 ι
1356 3338 1428 3392 Ea
1476 3338 1544 3391 de
1576 3338 1771 3405 quibus

198 3432 498 3500 loquimur,
531 3441 763 3486 tractatu
816 3431 1036 3501 quidem
1089 3430 1357 3484 sermonis
1401 3429 1772 3498 temporaliter

191 3525 567 3589 nominantur,
623 3533 812 3578 natura
862 3531 1042 3578 autem
1078 3524 1159 3577 sui
1208 3537 1424 3578 omnem
1474 3521 1772 3590 intelligen-

191 3616 325 3668 tiam
360 3629 554 3669 sensus
591 3614 904 3682 temporalis
946 3614 1247 3678 exceduut;
1299 3630 1317 3664 ι
1362 3621 1418 3665 et
1465 3611 1556 3665 lib.
1605 3627 1675 3675 tv,
1715 3612 1770 3664 in

185 3705 656 3773 Anocephaltcosi,
692 3721 843 3761 num.
878 3705 949 3761 28
985 3721 999 3759 ;
1036 3724 1055 3756 ι
1097 3703 1272 3774 Supra
1326 3718 1484 3757 omne
1535 3713 1768 3771 tempus,

186 3806 247 3851 et
273 3811 435 3860 supra
476 3796 656 3850 omnia
709 3798 924 3861 sarcula,
967 3806 1020 3850 et
1053 3812 1214 3866 supra
1246 3810 1459 3849 onmem
1494 3797 1766 3849 aeternita-

190 3887 683 3957 temintelligenda
725 3897 851 3942 sunt
893 3902 956 3942 ea
984 3904 1101 3957 qua:
1131 3889 1194 3942 de
1228 3888 1407 3950 Patre,
1439 3898 1493 3942 et
1522 3887 1681 3951 Filio,
1718 3894 1770 3940 et

188 3980 401 4050 Spiritu
429 3987 617 4035 sancto
643 3980 914 4034 dicuntur.
942 3979 1070 4034 Haec
1096 3980 1238 4034 enim
1267 3980 1377 4033 sola
1414 3979 1654 4033 Trinitas
1685 3987 1770 4032 est

186 4090 315 4143 quae
341 4089 554 4128 omnem
587 4088 807 4129 sensum
853 4073 1240 4143 intelligentim,
1280 4089 1385 4129 non
1424 4073 1594 4128 solum
1628 4083 1766 4125 tem-

185 4168 418 4237 poralis,
448 4182 636 4222 verum
662 4167 824 4221 etiam
848 4167 1119 4221 :cterualis
1141 4165 1374 4220 excedit.
1393 4163 1597 4221 Caetera
1614 4179 1762 4227 vero,

184 4274 315 4328 quae
339 4269 460 4335 sunt
494 4270 647 4313 extra
685 4258 1030 4324 Trinitatem,
1077 4259 1129 4311 in
1165 4258 1375 4313 szeculis
1426 4267 1479 4312 et
1531 4259 1583 4311 iu
1631 4268 1765 4311 tem-

185 4350 414 4420 poribus
450 4351 719 4404 metienda
765 4361 909 4405 sunt.
952 4368 971 4402 ι
1013 4349 1145 4415 Quae
1197 4350 1313 4403 loca
1350 4363 1471 4416 cap.
1510 4348 1577 4401 15
1600 4358 1652 4401 et
1696 4348 1763 4403 19

1871 1884 2058 1921 norum
2082 1867 2196 1937 lege
2234 1868 2554 1931 manserint,
2586 1881 2812 1935 quorum
2847 1881 2982 1920 unus
3008 1863 3223 1934 quidem
3254 1863 3440 1919 Plato-

1871 1976 1991 2013 nem
2046 1975 2257 2019 semper
2295 1959 2526 2014 habebat
2575 1959 2627 2013 in
2673 1957 2959 2024 manibus,
3003 1959 3142 2017 alter
3197 1958 3440 2026 spirabat

1865 2051 2066 2123 jugiter
2108 2051 2395 2122 Origenem
2437 2070 2452 2105 :
2487 2068 2607 2108 cum
2642 2067 2908 2121 nusquam
2938 2050 3093 2106 Plato
3142 2050 3436 2105 secundam

1870 2145 1951 2199 vel
1992 2144 2202 2199 tertiam
2263 2159 2482 2199 causam
2552 2144 2714 2215 (sicut
2767 2128 3214 2212 ipse'nominare
3275 2140 3435 2209 solet)

1871 2237 2079 2290 initium
2106 2237 2465 2292 subsistentia:
2503 2245 2711 2291 asserat
2733 2236 3060 2304 percepisse,
3085 2242 3139 2288 et
3176 2232 3438 2302 Origenes

1870 2337 2196 2382 coaeternum
2225 2327 2423 2395 ubique
2445 2325 2681 2381 fateatur
2710 2325 2905 2380 Filium
2939 2323 3121 2389 Patri;
3146 2343 3163 2375 ι
3190 2323 3438 2378 etGuido

1870 2418 2118 2473 Elnensis
2146 2418 2196 2471 in
2228 2416 2448 2473 Summa
2494 2423 2558 2473 de
2608 2418 2893 2473 hwresibus
2925 2433 2943 2471 :
2984 2435 3003 2469 ι
3045 2416 3329 2484 Origenes,
3359 2417 3440 2468 itt-

1869 2511 2006 2579 quit,
2047 2527 2204 2580 super
2265 2508 2559 2581 Epistolam
2606 2513 2674 2564 ad
2726 2508 2878 2563 Rom.
2920 2526 2935 2563 l
2985 2524 3089 2562 non
3113 2516 3196 2563 est
3219 2515 3440 2562 secutus

1869 2617 2110 2657 errorem
2158 2604 2275 2657 Arii
2307 2606 2372 2657 de
2413 2604 2730 2658 exsistentia
2763 2602 2885 2656 Filii
2925 2600 3017 2655 Dei
3054 2617 3069 2654 :
3101 2601 3263 2655 Arius
3291 2602 3436 2655 enim

1870 2695 2001 2749 dicit
2023 2696 2163 2763 quod
2191 2705 2307 2749 erat
2342 2705 2550 2765 tempus
2579 2695 2796 2765 quando
2825 2694 2920 2747 Dei
2959 2694 3129 2749 Filius
3156 2712 3262 2750 non
3296 2704 3437 2761 erat,

1871 2787 2012 2854 quod
2044 2786 2294 2854 reprobat
2342 2785 2606 2854 Origenes
2630 2787 2935 2857 dupliciter,
2965 2790 3138 2857 primo
3164 2800 3441 2856 exponens

1871 2878 1999 2933 illud
2024 2877 2179 2933 Rom.
2216 2894 2262 2943 1,
2296 2877 2398 2943 Qui
2429 2877 2598 2946 factus
2627 2888 2701 2932 est
2728 2897 2792 2933 ex
2823 2880 3017 2934 semine
3047 2877 3214 2930 David
3255 2892 3441 2930 secun—

1870 2971 1994 3023 dum
2018 2987 2248 3035 carnem,
2276 2971 2409 3025 dicit
2434 2971 2513 3024 sic
2546 2988 2560 3026 :
2594 2970 2789 3025 Factus
2811 2982 2893 3026 est
2922 2980 3101 3024 autem
3135 2970 3253 3023 sine
3276 2967 3441 3022 dubio

1872 3062 1924 3115 id
1952 3063 2090 3132 quod
2124 3064 2272 3132 prius
2307 3080 2411 3121 non
2446 3072 2566 3119 erat
2599 3065 2894 3118 secundum
2945 3078 3161 3117 carnem
3196 3079 3210 3113 :
3248 3078 3440 3115 secun—

1875 3158 1998 3211 dum
2040 3166 2218 3210 autem
2274 3158 2544 3225 spiritum,
2595 3157 2648 3211 id
2703 3166 2785 3210 est
2826 3157 3116 3211 secundum
3155 3155 3439 3219 Deitatem,

1872 3264 1976 3318 qua
2010 3247 2151 3301 Deus
2173 3258 2255 3303 est
2287 3249 2531 3317 spiritus,
2578 3248 2727 3316 prius
2756 3256 2895 3315 erat,
2926 3256 2979 3301 et
3022 3261 3127 3300 non
3148 3254 3268 3301 erat
3307 3256 3443 3299 tem-

1872 3356 1970 3410 pus
1995 3340 2213 3410 quando
2238 3356 2342 3394 non
2398 3348 2535 3393 erat.
2596 3338 2845 3394 Secundo
2896 3336 3151 3406 reprobat
3195 3349 3439 3390 errorem

1871 3431 1983 3484 Arii
2014 3446 2136 3485 cum
2170 3431 2247 3484 ait
2278 3449 2291 3483 :
2325 3429 2734 3494 Observandum
2766 3440 2847 3483 est
2876 3431 3019 3483 enim
3070 3429 3198 3497 quia
3222 3443 3327 3482 non
3361 3428 3442 3481 di-

1869 3524 1945 3576 cit
1986 3540 2000 3574 :
2040 3521 2145 3586 Qui
2204 3523 2606 3590 prardestinatus
2649 3531 2722 3574 est
2776 3519 2945 3573 Filius
2986 3519 3084 3573 Dei
3146 3521 3203 3572 in
3254 3520 3443 3601 virtute

1870 3614 2411 3682 secundumspiritum
2435 3612 2890 3681 sanctiﬁcationis,
2912 3613 3004 3667 sed
3033 3612 3076 3642 ³⁸
3109 3611 3243 3664 dicit
3284 3628 3297 3664 :
3335 3610 3442 3675 Qui

1870 3705 2162 3757 destinatus
2195 3713 2269 3757 est
2317 3702 2493 3757 Filius
2543 3704 2639 3758 Dei
2682 3706 2737 3758 in
2798 3706 3069 3759 virtute...
3132 3704 3444 3759 Destinatur

1869 3797 2012 3851 enim
2040 3796 2128 3850 ille
2163 3795 2252 3863 qui
2290 3806 2413 3850 est:
2448 3797 2866 3865 praedestinatur
2894 3811 3023 3850 vero
3060 3795 3148 3849 ille
3173 3796 3261 3863 qui
3303 3811 3442 3851 non-

1870 3881 1995 3946 d'um
2024 3900 2109 3945 est
2136 3931 2150 3957 ,
2182 3891 2323 3944 sicut
2350 3892 2414 3943 de
2446 3890 2528 3942 his
2563 3889 2692 3943 dicit.
2723 3890 3013 3958 Apostolus
3044 3905 3058 3941 :
3085 3889 3227 3953 Quos
3266 3899 3444 3944 autem

1867 3984 2146 4047 pra'sciuit,
2172 3982 2293 4035 illos
2319 3992 2366 4034 et
2406 3981 2794 4050 praedestinavit
2826 3980 2890 4035 ³⁷.
2929 3980 3175 4035 Praesciri
3220 3996 3349 4051 ergo
3390 3993 3446 4034 et

1868 4074 2239 4144 praedestinari
2302 4084 2530 4143 possunt
2584 4072 2658 4127 illi
2706 4074 2795 4141 qui
2846 4073 3084 4127 nondum
3128 4084 3291 4139 sunt;
3356 4072 3444 4126 ille

1868 4176 2046 4220 autem
2075 4166 2165 4235 qui
2194 4175 2297 4231 est,
2330 4175 2384 4220 et
2434 4180 2647 4233 semper
2688 4178 2791 4229 est,
2840 4181 2946 4220 non
3003 4165 3441 4233 praedestinatur,

1868 4260 1959 4313 sed
1992 4259 2357 4312 destinatur...
2389 4258 2560 4313 Filius
2599 4269 2781 4313 autem
2818 4259 2910 4313 Dei
2971 4272 3185 4327 semper
3214 4257 3318 4310 fuit
3374 4258 3443 4308 ab

1867 4357 2087 4413 aeterno,
2132 4358 2188 4402 et
2226 4364 2329 4403 non
2362 4347 2461 4401 luit
2490 4359 2699 4419 tempus
2731 4351 2945 4421 quando
2982 4364 3089 4402 non
3120 4349 3303 4402 fuerit.
3338 4345 3443 4400 Ubi

184 4448 422 4508 usurpat
464 4442 697 4509 scriptor
739 4440 919 4510 operis
958 4439 1036 4491 De
1071 4439 1267 4491 deitate
1310 4447 1361 4492 et
1400 4440 1765 4491 incarnatione
1798 4441 1841 4495 D
1872 4445 2016 4507 patet
2049 4440 2188 4507 quod
2219 4438 2479 4509 Origenes
2508 4455 2751 4496 errorem
2780 4441 2895 4495 Arii
2948 4440 3093 4495 clare
3144 4440 3383 4494 damnat.
3416 4456 3438 4489 ι

196 4530 381 4597 Verbi,
406 4534 549 4602 quod
581 4532 809 4587 habetur
836 4531 889 4585 in
912 4531 1059 4585 calce
1088 4531 1265 4598 quarti
1296 4529 1424 4583 tomi
1452 4531 1757 4599 Augustini.

181 4621 289 4677 Bis
341 4623 568 4692 adjunge
618 4631 674 4676 et
725 4623 886 4677 istum
924 4635 955 4676 e
997 4620 1091 4675 lib.
1134 4638 1149 4675 ι
1188 4621 1244 4675 in
1289 4619 1459 4686 Epist.
1495 4623 1561 4674 ad
1585 4618 1759 4684 Rom.,

180 4730 315 4783 cap.
346 4714 396 4781 l,
421 4730 570 4769 num.
595 4715 628 4769 5
673 4734 685 4768 :
729 4734 748 4766 ι
778 4715 877 4781 Qui
915 4729 1187 4783 nunquant
1240 4715 1654 4784 praedestinatus
1684 4720 1766 4766 est

260 4869 331 4900 "‘
357 4866 511 4923 Joan.
560 4885 600 4934 ι,
655 4867 709 4921 '5.
853 4868 898 4899 ³⁸
938 4868 1093 4927 Rom.
1122 4885 1162 4935 ι,
1200 4870 1254 4924 4.

178 5046 381 5101 neret;
410 5039 496 5093 isti
526 5053 675 5104 vero,
710 5039 834 5107 quia
864 5048 948 5094 est
974 5039 1135 5104 Deus,
1169 5036 1427 5099 Verbum,
1463 5035 1760 5106 Sapientia,

186 5109 428 5173 Veritas,
466 5109 721 5177 splendor
742 5109 919 5162 Patris
946 5119 999 5164 et
1046 5110 1223 5178 imago
1246 5108 1647 5162 absolutissima
1678 5112 1759 5161 cui

178 5178 327 5233 nihil
378 5180 519 5232 desit
558 5179 697 5247 quod
736 5179 954 5247 quidem
1000 5180 1070 5233 sit
1116 5180 1168 5232 in
1211 5178 1395 5231 Patre.
1421 5178 1557 5243 Quin
1599 5178 1760 5232 etiam

182 5264 299 5299 non
325 5247 490 5302 solius
520 5247 698 5301 Patris
734 5249 1142 5317 omnipotentia:
1181 5247 1417 5302 consulit
1456 5249 1508 5300 in
1536 5251 1633 5300 hac
1666 5251 1759 5301 ab-

179 5318 360 5372 surda
394 5319 667 5388 opinione,
725 5319 817 5372 sed
866 5320 1033 5388 ipsius
1080 5321 1242 5388 etiam
1270 5317 1443 5388 _F_ilii.
1493 5317 1761 5371 Metuebat

178 5388 339 5442 enim
365 5385 534 5442 ut‘vel
563 5387 723 5439 Pater
756 5385 1115 5457 omniparens,
1147 5387 1227 5440 vel
1268 5385 1439 5457 Filius
1473 5388 1761 5454 aporrhtea

182 5458 343 5510 illius
368 5459 767 5526 omnipotentiae
798 5456 1011 5528 semper
1060 5457 1226 5510 fuisse
1276 5456 1760 5528 demonstrm'etur,

181 5528 294 5580 nisi
350 5524 682 5581 exstitissent
707 5544 793 5582 res
818 5524 1013 5583 creata;
1041 5529 1095 5581 in
1135 5524 1444 5593 quasPater
1478 5535 1533 5579 et
1568 5525 1758 5590 Filius,

228 5596 389 5649 uibus
430 5613 589 5650 unam
629 5608 683 5649 et
717 5599 958 5651 eamdem
1007 5596 1454 5664 omnipotentiam
1499 5596 1762 5659 adhibuit,

178 5664 620 5737 dominarentur.
658 5666 778 5737 llaec
802 5668 976 5737 legere
1013 5676 1097 5721 est
1134 5666 1187 5720 in
1221 5668 1312 5719 lib.
1353 5679 1370 5719 ι
1409 5664 1486 5717 De
1515 5665 1758 5737 princip,

180 5751 315 5802 cap.
348 5736 577 5802 2,‘nutu.
611 5736 697 5792 10.
754 5735 1108 5803 Quamobrem
1166 5738 1279 5791 haec
1325 5737 1390 5793 de
1441 5735 1760 5791 mundorum

1869 4532 2120 4586 Pluribus
2154 4532 2204 4585 id
2235 4533 2464 4601 probare
2493 4533 2822 4601 superﬂuum
2840 4541 2941 4598 est,
2960 4532 3101 4601 quod
3130 4546 3196 4585 ex
3228 4531 3446 4600 gemino

1820 4624 1824 4629 ’
1869 4624 2119 4693 Origenis
2146 4625 2265 4679 loco
2291 4624 2424 4679 satis
2457 4626 2708 4693 probavit
2752 4625 3086 4678 Athanasius
3120 4624 3173 4677 in
3207 4622 3440 4676 Decretis

1874 4711 2109 4768 Nicwnae
2164 4715 2374 4783 synodi.
2432 4714 2603 4772 Porro
2650 4730 2770 4782 quae
2817 4716 2883 4769 de
2924 4714 3045 4769 Filii
3096 4718 3447 4785 generatione

1366 4868 1595 4923 "Rom.
1666 4886 1781 4936 vm,
1844 4869 1935 4924 29.

1873 5039 2214 5112 antiquitate,
2236 5050 2337 5112 aut
2369 5039 2414 5092 si
2443 5038 2878 5112 vis,a:ternita‘te
2904 5039 3115 5112 opinio,
3144 5042 3443 5112 nongntagis

1871 5107 2019 5162 iwdit
2063 5110 2417 5179 aeternitatem
2446 5107 2566 5162 Filii
2595 5125 2757 5179 quam
2810 5107 3006 5163 Patris.
3050 5109 3187 5165 Hinc
3217 5107 3443 5166 Hernie-

1869 5196 2032 5248 genes
2055 5180 2141 5246 qui
2168 5178 2341 5232 adhuc
2372 5180 2660 5233 absurdius
2690 5181 2967 5233 materiam
3004 5180 3298 5234 inereatam
3344 5183 3443 5235 tin-

1868 5252 2046 5317 gebat,
2109 5250 2237 5301 nihil
2280 5250 2401 5303 novi
2459 5248 2525 5302 de
2577 5248 2712 5303 Filio
2764 5250 2877 5313 Dei,
2916 5259 3051 5303 teste
3086 5250 3439 5316 Tertulliano,

1868 5318 2174 5385 ell‘utierat;
2205 5333 2306 5389 nec
2326 5321 2739 5374 consecutiones
2764 5336 2899 5389 quas
2929 5336 2992 5372 ex
3027 5320 3143 5389 ejus
3171 5322 3441 5375 sententia

1871 5390 2061 5461 merito
2095 5390 2234 5461 eruit
2256 5387 2653 5461 _Tertulliauus,
2683 5387 2853 5461 magis
2880 5387 3168 5461 inFiliiuu,
3193 5405 3355 5461 quam
3386 5391 3438 5443 in

1866 5456 2080 5512 Patrem
2114 5459 2316 5525 injuriae
2347 5469 2491 5516 sunt.
2515 5487 2586 5500 —-
2615 5460 2676 5514 D.
2709 5456 2869 5515 Prud.
2906 5460 3097 5514 MABAN
3122 5456 3439 5515 Dea—divinit.

1869 5527 2082 5600 Christi,
2116 5528 2205 5600 lib.
2240 5544 2319 5600 tv,
2346 5531 2592 5600 capuli,
2640 5548 2784 5585 num.
2814 5530 2863 5583 5.
2886 5532 3017 5585 Vide
3057 5532 3276 5600 insuper
3314 5528 3438 5600 Bul-

1872 5596 1978 5649 lum
2006 5598 2243 5673 _De[em.
2276 5596 2427 5673 ﬁdet"
2457 5599 2693 5656 Nicama:
2747 5604 2813 5657 de
2867 5601 2987 5656 Filii
3036 5599 3112 5670 τῷ
3162 5596 3435 5671 συναῖδίῳ,
3524 5672 3527 5673 ν

1865 5682 1983 5737 cap.
2006 5670 2061 5738 ὅ,
2092 5685 2237 5724 num.
2267 5668 2321 5723 6.
