3860 6230
435 280 537 335 ἨΞ

1702 278 1761 333 P.
1808 276 2121 331 DANIEUS
2161 276 2390 331 HUETII

3580 268 3675 324 78$

430 396 686 459 diximus,
726 391 911 447 eadem
941 392 1004 444 de
1035 390 1273 462 Spiritus
1312 393 1484 447 sancti
1534 394 1880 462 processiOne
1920 394 2005 447 in—
2038 398 2078 452 Α
2111 392 2349 460 gignitur
2378 392 2445 446 ab
2478 390 2621 460 igne,
2657 398 2825 460 atque
2869 386 3210 453 diﬂ'unditur,
3244 400 3454 440 coaevus
3482 384 3553 437 illi
3577 398 3670 449 est,

428 486 713 556 telligenda
742 493 886 538 sunt.

498 575 577 630 Ne
606 576 729 646 quis
774 589 903 629 vero
940 588 1038 627 nos
1084 572 1233 635 solis,
1274 573 1577 644 solarisque
1633 575 1768 629 radii
1818 590 2007 630 exem-

426 667 593 738 plum,
640 668 705 721 ad
758 666 1112 721 declarandos
1143 665 1396 735 Origenis
1434 681 1625 720 sensus
1668 668 1838 737 gratis
1868 667 2007 722 asci-

426 761 570 815 visse
599 768 770 830 putet,
824 774 890 813 en
947 760 1118 826 ipsius
1180 760 1344 813 verba
1388 759 1535 813 hom.
1569 775 1623 812 ix
1680 760 1736 812 in
1780 758 2002 826 Jerem.,

424 867 572 906 num.
598 853 631 906 4
675 870 687 905 :
722 851 831 920 (15)
876 851 999 907 Ἐὰν
1020 846 1111 904 οὖν
1143 851 1421 920 ἐπιστήσω
1452 867 1533 903 σοι
1583 850 1674 903 ἐπὶ
1700 853 1791 904 τοῦ
1826 852 2006 923 Σωτῆ-

428 959 553 1013 ρος,
596 944 676 995 ὅτι
736 942 856 1012 οὐχὶ
899 942 1188 1012 ἐγέννησεν
1229 944 1257 994 6
1312 942 1499 1013 Πατὴρ
1554 943 1644 994 τὸν
1708 944 1855 1007 Υίόν,
1911 946 2006 998 καὶ

421 1032 690 1085 ἀπέλυσεν
726 1031 887 1086 αὑτὸν
924 1034 952 1084 ὁ
998 1032 1188 1103 Πατὴρ
1229 1033 1336 1085 ἀπὸ
1375 1034 1472 1104 τῆς
1514 1034 1779 1102 γενέσεως
1815 1034 2002 1101 αὑτοῦ,

418 1123 534 1176 ἀλλ’
560 1124 648 1176 ἀεὶ
678 1126 840 1194 γεννᾷ
858 1124 1018 1177 αὐτόν
1037 1142 1050 1154 ·
1070 1126 1405 1195 παραστήσω
1435 1126 1526 1177 καὶ
1554 1126 1645 1177 ἐπὶ
1671 1126 1763 1178 τοῦ
1795 1126 2002 1179 δικαίου

418 1216 798 1288 παραπλήσιον
832 1234 844 1246 ·
882 1216 1082 1288 ἴδωμεν
1123 1218 1179 1270 δὲ
1236 1218 1318 1281 τίς
1345 1218 1500 1288 ἡμῶν
1532 1220 1677 1270 ἐστιν
1719 1220 1747 1271 6
1790 1221 1999 1293 Σωτήρ.

430 1309 797 1380 Ἀπαύγασμα
828 1309 986 1380 δόξης
1010 1326 1023 1339 ·
1050 1310 1112 1362 τὸ
1140 1309 1482 1381 ἀπαύγασμα
1508 1311 1664 1381 δόξης
1711 1313 1829 1382 οὐχὶ
1859 1314 2003 1381 ἅπαξ

413 1399 757 1470 γεγέννηται,
785 1399 878 1453 καὶ
904 1400 1024 1469 οὐχὶ
1049 1401 1303 1469 γεννᾶται
1329 1419 1342 1431 ·
1369 1401 1481 1453 ἀλλ’
1503 1402 1625 1455 ὅσον
1656 1404 1772 1455 ἐστὶ
1806 1403 1865 1456 τὸ
1888 1403 2003 1473 φῶς

416 1492 699 1564 ποιητικὸν
736 1490 828 1544 τοῦ
859 1492 1315 1563 ἀπαυγάσματος,
1354 1493 1447 1545 ἐπὶ
1473 1493 1725 1547 τοσοῦτον
1748 1497 2001 1563 γεννᾶται

415 1584 475 1638 τὸ
506 1584 845 1654 ἀπαύγασμα
876 1584 975 1654 τῆς
1009 1583 1168 1656 δόξης
1202 1584 1298 1638 τοῦ
1339 1584 1475 1639 Θεοῦ
1498 1604 1510 1617 ο
1538 1588 1565 1638 ὀ
1619 1587 1805 1658 Σωτὴρ
1846 1588 2002 1659 ἡμῶν

416 1674 576 1743 σοφία
621 1674 737 1727 ἐστὶ
782 1673 875 1727 τοῦ
912 1673 1044 1727 Θεοῦ
1087 1692 1100 1703 ·
1152 1675 1267 1727 ἐστὶ
1304 1674 1359 1728 δὲ
1390 1678 1423 1745 ὴ
1462 1676 1623 1744 σοφία
1664 1678 2002 1747 ἀπαύγασμα

2114 493 2166 537 et
2192 492 2341 539 esset
2370 491 2697 547 coaeternus,
2731 482 2773 534 si
2816 490 2957 534 esset
2992 479 3132 548 ignis
3168 488 3419 531 aeternus.
3459 497 3476 527 ι
3506 475 3675 541 Itaque

2113 588 2178 628 eo
2207 573 2553 643 discrepabat
2580 574 2648 627 ab
2677 571 2912 641 Origene
2945 570 3128 632 Arius,
3173 572 3312 635 quod
3351 567 3439 620 hic
3493 567 3672 619 Filium

2114 667 2323 721 diceret
2346 681 2467 720 esse
2500 666 2701 720 factum
2729 663 2787 730 ἐξ
2819 664 2918 717 οὐκ
2950 662 3138 724 ὄντων,
3158 662 3259 716 hoc
3287 671 3369 714 est
3395 676 3462 713 ex
3499 660 3671 721 nihilo,

2112 766 2313 812 etcum
2355 767 2512 812 antea
2550 774 2655 813 non
2696 766 2839 811 esset
2888 774 2899 809 :
2950 755 3039 809 ille
3087 764 3327 823 paterna:
3373 753 3675 807 substantia:

2111 857 2414 923 portionem
2461 864 2581 905 esse
2609 858 2663 904 et
2721 847 2990 903 cﬂluvium
3042 848 3110 900 ab
3136 856 3339 900 artemo
3369 860 3591 898 manans
3625 854 3675 898 et

2112 947 2258 1002 Patri
2287 954 2645 1000 comternum.
2682 941 2797 1007 Quo
2828 940 2876 993 in
2908 953 3097 992 errore
3133 947 3381 990 versatos
3408 951 3528 990 esse
3558 934 3674 988 Psa-

2116 1040 2400 1111 thyrianos
2432 1035 2744 1097 haereticos,
2777 1032 2910 1087 Ario
2956 1040 3271 1101 prognatos,
3298 1040 3484 1083 narrat
3513 1027 3677 1083 Theo-

2111 1132 2335 1184 doretus
2369 1127 2421 1180 in
2465 1126 2557 1180 lib.
2589 1139 2641 1178 IV
2676 1122 2754 1176 De
2783 1123 2913 1176 liter.
2958 1120 3067 1189 fab.
3118 1120 3364 1189 Scriptor
3400 1121 3579 1187 operis
3608 1117 3676 1171 De

2110 1194 2303 1272 deitate
2344 1227 2393 1271 et
2441 1214 2803 1268 incarnatione
2843 1210 3023 1275 Verbi,
3063 1212 3129 1263 ad
3192 1207 3540 1271 Januarinm,
3589 1210 3675 1277 qui

2113 1312 2179 1364 ad
2228 1310 2435 1364 calcem
2485 1307 2613 1360 tomi
2667 1303 2731 1359 IV
2779 1304 3063 1374 Augustini
3123 1303 3411 1373 reperitur,
3465 1313 3519 1355 et
3570 1301 3676 1355 fere

2111 1380 2362 1473 Origenis
2426 1400 2643 1455 laciniis
2714 1398 3096 1453 suffarcinatus
3167 1405 3296 1458 est,
3373 1395 3677 1448 auctoribus

2110 1492 2323 1549 Joanne
2368 1503 2422 1549 et
2472 1492 2641 1548 Paulo
2695 1491 2943 1561 generari
2978 1489 3211 1544 Verbum
3256 1487 3390 1542 dixit
3441 1502 3559 1555 cap.
3592 1488 3673 1551 l0,

2109 1585 2565 1657 quemadmodum
2613 1585 2870 1655 splendor
2897 1598 2925 1635 a
2957 1582 3076 1637 luce
3104 1580 3464 1651 proﬁciscitur
3494 1597 3507 1633 :
3543 1597 3561 1629 ι
3586 1577 3677 1631 Est

2111 1693 2366 1747 namque,
2405 1677 2602 1745 inquit,
2650 1676 2725 1729 ita
2758 1685 2958 1728 aeterna
2998 1688 3062 1729 ac
3095 1672 3423 1740 sempiterna
3458 1684 3677 1739 genera-

414 1766 591 1833 φωτὸς
621 1766 793 1819 ἀϊδίου
820 1782 833 1795 ο
871 1768 920 1819 εί
947 1761 1040 1819 οὖν
1072 1768 1101 1820 6
1146 1766 1336 1838 Σωτὴρ
1364 1768 1450 1821 ἀεὶ
1478 1772 1750 1837 γεννᾶται,
1792 1771 1886 1824 καὶ
1914 1770 1982 1823 διὲ

2106 1770 2198 1836 tio,
2229 1770 2369 1825 sicut
2404 1768 2660 1839 splendor
2692 1776 2985 1839 generatur
3018 1781 3047 1820 a
3085 1765 3245 1831 luce;
3289 1783 3308 1817 ι
3343 1774 3395 1817 et
3427 1780 3543 1831 cap.
3574 1763 3673 1818 l9:

411 1857 570 1911 τοῦτο
619 1858 765 1927 λέγει
811 1875 824 1887 ·
873 1857 994 1925 Πρὸ
1023 1857 1091 1910 δὲ
1122 1858 1365 1912 πάντων
1388 1860 1638 1923 ,Βουνῶν
1665 1862 1848 1931 γεννᾷ
1879 1880 1956 1931 με
1979 1881 1992 1894 ·

410 1950 532 2019 οὐχὶ
579 1950 635 2002 δέ
662 1968 675 1980 ·
703 1950 822 2018 Πρὸ
852 1949 921 2003 δὲ
968 1950 1088 2004 τῶν
1116 1949 1358 2004 πάντων
1381 1951 1630 2015 βουνῶν
1677 1955 1997 2025 γεγέννηκέ

403 2060 482 2112 με
513 2059 528 2073 ο
562 2041 699 2096 ἀλλά
721 2041 833 2110 πρὸ
878 2042 1119 2096 πάντων
1140 2042 1389 2106 ﬂow-(Br
1432 2043 1614 2114 γεννᾷ
1631 2064 1727 2115 με,
1778 2047 1872 2101 καὶ
1910 2049 1995 2102 ἀεὶ

407 2136 663 2203 γεννᾶται
707 2138 736 2189 6
779 2136 971 2209 Σωτὴρ
1006 2137 1112 2190 ὑπὸ
1150 2137 1242 2190 τοῦ
1274 2138 1508 2210 Πατρός.
1568 2136 1771 2194 Eadem
1828 2143 1997 2197 utitur

409 2225 767 2280 similitudine
860 2226 1227 2283 Tertullianus
1289 2230 1594 2301 Apologet.,
1676 2248 1796 2301 cap.
1847 2233 1913 2287 21
1976 2251 1989 2287 :

414 2333 433 2367 ι
475 2316 650 2372 Etiam
699 2332 822 2373 cum
854 2321 1037 2374 radius
1083 2336 1150 2375 ex
1183 2321 1296 2375 sole
1349 2324 1669 2392 porrigitur,
1723 2326 1899 2390 portio
1924 2342 1992 2381 ex

408 2421 644 2463 summa.
674 2409 778 2465 Sed
808 2410 885 2463 sol
913 2412 1022 2464 erit
1046 2412 1098 2465 in
1134 2411 1307 2477 radio,
1333 2414 1458 2482 quia
1492 2413 1623 2469 solis
1652 2425 1736 2468 est
1766 2415 1987 2483 radius;

406 2514 508 2554 nec
554 2510 840 2570 separatur
892 2504 1218 2567 substantia,
1270 2506 1363 2560 sed
1427 2507 1756 2562 extenditur.
1813 2508 1890 2563 Ita
1925 2511 1991 2564 de

407 2590 609 2660 Spiritu
640 2592 896 2662 Spiritus,
936 2605 991 2651 et
1021 2598 1087 2653 de
1140 2599 1250 2653 Deo
1273 2599 1434 2665 Deus,
1492 2609 1551 2654 ut
1586 2598 1766 2655 lumen
1810 2601 1875 2655 de
1910 2601 1991 2655 lu-

407 2684 551 2737 mine
578 2699 865 2742 accensum
894 2704 905 2735 :
937 2702 1118 2746 manet
1146 2692 1352 2763 integra
1375 2703 1427 2749 et
1451 2692 1718 2749 indefecta
1748 2694 1990 2749 materia:

406 2774 626 2840 matrix,
658 2784 712 2830 et
754 2777 799 2832 si
852 2778 1032 2846 plures
1087 2781 1213 2836 inde
1246 2784 1501 2837 traduces
1549 2783 1832 2854 qualitatis
1864 2800 1986 2838 mn-

405 2864 592 2919 tueris.
627 2864 699 2918 lta
729 2878 784 2920 et
811 2871 954 2937 quod
986 2871 1051 2925 de
1085 2870 1192 2927 Deo
1230 2874 1530 2943 profectum
1564 2885 1666 2937 est,
1700 2874 1842 2930 Deus
1878 2884 1981 2941 est,

401 2963 458 3009 et
486 2955 577 3011 Dei
609 2956 800 3024 Filius,
824 2969 878 3013 et
904 2978 1043 3019 unus
1069 2965 1249 3020 ambo.
1270 2984 1289 3017 ι
1334 2965 1545 3032 Quibus
1585 2968 1700 3023 haec
1726 2978 1985 3024 assonant

401 3057 435 3098 e
458 3044 597 3100 libro
627 3056 812 3100 contra
848 3046 1136 3115 Praxeam,
1176 3070 1299 3125 cap.
1341 3056 1411 3110 9:
1448 3076 1466 3107 ι
1498 3054 1661 3111 Pater
1698 3068 1808 3112 tota
1841 3063 1971 3114 sub-

2110 1881 2129 1912 ι
2168 1862 2273 1918 Sed
2312 1871 2367 1918 et
2420 1862 2661 1918 Joannes
2693 1860 2899 1914 indicat
2950 1858 3076 1927 quia
3112 1857 3253 1912 Deus
3280 1857 3371 1909 lux
3413 1867 3487 1909 est
3524 1854 3591 1920 ³³,
3626 1864 3679 1907 et

2100 1955 2299 2010 Paulus
2331 1956 2581 2026 designat
2610 1955 2734 2025 quia
2764 1952 2933 2007 Filius
2968 1950 3226 2020 Splendor
3248 1950 3377 2003 lucis
3408 1960 3617 2003 ιειετηω
3633 1947 3679 1979 ³⁸

2097 2050 2168 2105 sit
2211 2049 2374 2103 Deus.
2429 2048 2587 2103 Sicut
2637 2060 2768 2114 ergo
2815 2060 3086 2115 nunquam
3122 2044 3209 2097 lnx
3250 2042 3364 2097 sine
3393 2041 3682 2109 splendore

2100 2156 2220 2196 esse
2249 2141 2449 2210 potuit,
2488 2140 2564 2193 ita
2595 2150 2696 2194 nec
2727 2137 2899 2192 Filius
2927 2136 3144 2206 quidem
3174 2134 3290 2189 sine
3318 2132 3478 2186 Patre
3522 2130 3682 2185 intel-

2094 2230 2183 2302 ligi
2216 2241 2415 2300 potest,
2469 2231 2559 2301 qui
2584 2241 2638 2285 et
2660 2230 2833 2300 figura
2865 2242 3107 2298 expressa
3134 2228 3441 2280 substantia'
3470 2225 3588 2293 ejus
3610 2225 3678 2290 “,

2096 2333 2150 2377 et
2198 2321 2463 2387 Verbum,
2519 2332 2574 2378 et
2638 2321 2917 2391 Sapientia
2947 2320 3163 2374 dicitur.
3200 2336 3218 2368 ›
3254 2316 3490 2385 Denique
3534 2332 3680 2387 sym-

2093 2412 2273 2469 bolum
2306 2413 2504 2467 Filium
2532 2426 2652 2469 esse
2681 2410 2924 2467 decernit
2977 2427 2996 2461 ι
3034 2408 3201 2463 Deum
3233 2407 3297 2463 de
3329 2408 3459 2473 Deo,
3494 2408 3679 2464 lumen

2090 2506 2159 2560 de
2194 2505 2419 2560 lumine.
2465 2523 2485 2556 ι

2160 2595 2326 2649 XXV.
2370 2596 2439 2649 At
2482 2610 2587 2649 non
2616 2594 2667 2647 in
2720 2593 2786 2649 iis
2817 2592 3012 2658 solum,
3040 2591 3133 2648 sed
3174 2590 3225 2645 in
3255 2591 3373 2645 aliis
3401 2591 3574 2645 etiam
3612 2589 3679 2645 ad

2089 2688 2292 2744 Christi
2324 2688 2760 2759 generationem,
2794 2696 2849 2739 et
2893 2683 3135 2755 Spiritus
3161 2684 3334 2738 sancti
3371 2686 3679 2754 processio-

2090 2794 2212 2834 nem
2259 2778 2686 2848 pertinentibus,
2718 2785 2774 2831 et
2818 2776 2907 2830 hic
2935 2791 3094 2844 quem
3126 2776 3247 2831 dico
3277 2774 3678 2839 Tertullianus,

2085 2878 2138 2922 et
2172 2867 2261 2921 alii
2296 2867 2539 2937 plerique
2591 2881 2656 2920 ex
2689 2864 3087 2935 antiquissimis
3142 2865 3476 2927 doctoribus,
3505 2876 3564 2918 et
3591 2864 3680 2918 Ni-

2085 2971 2235 3012 caana
2299 2955 2505 3026 synodo
2554 2955 2942 3020 anterioribus,
3020 2953 3268 3025 Origenis
3336 2954 3676 3023 impietatem

2086 3047 2262 3101 dicam
2291 3062 2356 3100 an
2385 3046 2710 3116 imperitiam
2754 3045 2838 3101 vel
2887 3054 3169 3113 aequarunt
3198 3045 3281 3098 vel
3315 3057 3677 3114 snperarunt.

399 3135 596 3188 stantia
625 3147 711 3190 est
741 3152 753 3187 :
784 3136 951 3192 Filius
1006 3156 1138 3194 vero
1173 3142 1440 3197 derivatio
1497 3145 1661 3199 totius
1705 3154 1759 3198 et
1795 3146 1970 3213 portio

2100 3138 2208 3209 [16)
2227 3138 2491 3206 Justinus,
2514 3137 3243 3208 Athenagoras,’l‘beophilus
3270 3138 3677 3203 Antioclienus,

403 3224 542 3278 sicut
572 3226 686 3293 ipse
718 3228 1006 3299 proﬁtetur
1032 3248 1045 3285 :
1073 3232 1212 3297 Quia
1235 3232 1402 3289 Pater
1423 3236 1596 3306 major
1618 3252 1699 3289 me
1729 3246 1803 3291 est
1835 3237 1921 3291 ’7‘.
1955 3257 1974 3290 ι

401 3314 553 3371 Unde
576 3317 744 3389 liquet
768 3337 876 3391 quo
909 3337 1068 3378 sensu
1094 3325 1295 3381 dixerit
1323 3338 1510 3381 eontra
1544 3326 1740 3391 Prax..
1797 3344 1917 3398 cap.
1945 3329 1981 3383 2

396 3414 452 3459 et
484 3406 562 3461 ις
602 3427 621 3460 ι
656 3408 908 3477 Patrem,
957 3426 1011 3469 et
1052 3414 1246 3470 Filium
1284 3427 1340 3471 et
1407 3416 1669 3488 Spiritum
1726 3432 1978 3475 sanctum

397 3498 557 3556 unius
594 3516 718 3558 esse
770 3504 1109 3573 substantiae,
1159 3518 1217 3563 et
1255 3511 1413 3565 unius
1463 3521 1658 3576 status,
1712 3521 1765 3566 et
1817 3514 1979 3567 unius

396 3594 700 3660 potestatis,
727 3605 781 3650 ct
809 3594 1005 3651 Filium
1039 3614 1142 3652 non
1171 3599 1388 3656 aliunde
1421 3602 1689 3657 deducere
1710 3618 1792 3666 se,
1815 3619 1977 3672 quam

393 3691 461 3736 de
475 3684 779 3741 substantia
805 3686 1001 3743 Patris.
1031 3708 1050 3740 ι
1072 3691 1402 3761 Augustinus
1437 3693 1551 3761 ipse
1576 3695 1978 3762 comparatione

393 3777 580 3831 eadem
598 3779 997 3847 generationem
1014 3782 1173 3837 Verbi
1188 3784 1424 3853 explicat
1440 3786 1575 3840 libro
1593 3801 1641 3838 Vl
1663 3784 1741 3839 De
1760 3785 1977 3853 Trinit.,

394 3870 511 3937 ipso
529 3870 701 3936 initio,
721 3873 813 3927 sed
841 3888 947 3929 non
970 3877 1158 3929 eadem
1196 3876 1321 3931 inde
1341 3877 1578 3948 colligit:
1608 3896 1626 3929 ι
1661 3877 1976 3948 lpseArius,

393 3958 587 4029 inquit,
604 3963 805 4018 dixisse
822 3962 992 4019 fertur
1012 3983 1027 4018 :
1045 3966 1101 4020 Si
1123 3965 1288 4020 Filius
1311 3977 1418 4032 est,
1437 3979 1593 4023 natus
1612 3979 1697 4023 est
1716 3987 1729 4022 :
1748 3972 1790 4037 si
1819 3983 1979 4028 natus

393 4060 498 4115 est,
530 4063 646 4106 erat
696 4064 908 4123 tempus
934 4055 1151 4126 quando
1184 4073 1291 4113 non
1334 4067 1453 4113 erat
1484 4058 1693 4125 Filius;
1751 4074 1855 4115 non
1889 4062 1974 4116 in-

394 4144 638 4213 telligens
657 4147 819 4201 etiam
854 4158 1037 4202 natum
1071 4164 1194 4204 esse
1251 4149 1360 4203 Deo
1394 4151 1782 4219 sempiternum
1825 4168 1969 4218 esse,

389 4244 449 4289 nt
489 4237 563 4292 sit
589 4249 890 4297 coaeternus
941 4240 1090 4296 Patri
1140 4241 1354 4297 Filius:
1386 4242 1527 4299 sicut
1574 4244 1832 4314 splendor
1879 4248 1972 4318 qui

2090 3232 2373 3297 Tatianus,
2429 3231 2543 3301 ipse
2580 3231 2945 3285 Tertullianus
3012 3240 3061 3285 et
3121 3229 3461 3294 Lactantius,
3499 3230 3677 3284 Deum

2088 3324 2346 3378 dixerunt
2375 3338 2496 3377 cum
2534 3324 2719 3377 mundi
2764 3323 3092 3378 creationem
3128 3322 3505 3386 meditaretur,
3546 3322 3681 3375 \‘er-

2088 3412 2213 3466 bum
2247 3428 2404 3467 suum
2444 3411 2753 3483 protulisse,
2784 3426 2893 3482 quo
2910 3411 3231 3465 administro
3252 3411 3303 3463 in
3338 3424 3525 3463 rerum
3555 3425 3678 3464 nio-

2089 3507 2276 3562 litione
2310 3504 2917 3573 uteretur.Gregorium
2949 3517 3161 3573 quoque
3194 3501 3677 3571 Thaumaturgum

2090 3598 2285 3653 Filium
2329 3599 2532 3652 dixisse
2566 3605 2814 3652 creatum
2851 3604 2907 3649 et
2956 3595 3161 3649 factum
3214 3594 3377 3647 tradit
3434 3593 3685 3647 Basilius

2086 3690 2247 3760 epist.
2285 3689 2375 3745 δι.
2430 3688 2707 3759 Leguntur
2752 3699 2805 3743 et
2859 3689 2961 3742 ista
3002 3687 3240 3758 Dionysii
3286 3685 3679 3751 Alexandrini,

2086 3798 2205 3852 qua:
2220 3792 2345 3837 sunt
2366 3782 2654 3851 singularis
2675 3782 2961 3841 vecordiae.
2984 3779 3175 3833 Filium
3194 3778 3285 3832 Dei
3310 3793 3432 3832 esse
3454 3778 3686 3849 ποίημα

2085 3873 2180 3926 καὶ
2204 3872 2450 3943 γενητὸν,
2500 3871 2649 3937 ξένον
2690 3870 2831 3923 κατά
2858 3869 3044 3923 οὐσίαν
3081 3869 3171 3922 τοῦ
3210 3870 3442 3940 Πατρὸς,
3474 3869 3686 3942 ὥσπερ

2088 3966 2235 4019 ἐστὶν
2292 3967 2322 4018 6
2362 3965 2605 4036 γεωργὸς
2673 3965 2808 4037 πρὸς
2858 3965 2955 4036 τὴν
3011 3962 3274 4034 ἄμπελον.
3343 3983 3362 4015 ι
3408 3964 3569 4035 Opus
3627 3979 3685 4021 et

2087 4058 2311 4122 factum,
2337 4060 2572 4112 alienum
2600 4059 2775 4126 quoad
2808 4060 3165 4112 substantiam
3191 4074 3219 4111 a
3252 4058 3436 4126 Patre,
3473 4075 3684 4129 quem-

2084 4148 2372 4203 admodum
2425 4160 2510 4205 est
2548 4150 2780 4219 agricola
2823 4151 2893 4205 ad
2952 4152 3137 4206 vitem.
3177 4171 3195 4204 ι
3246 4152 3477 4207 Demum
3544 4156 3686 4208 sub-

2074 4242 2194 4311 jicit
2225 4255 2238 4294 t
2266 4242 2378 4296 Kal.
2415 4242 2523 4315 γὰρ
2550 4244 2625 4309 ὡς
2658 4245 2866 4315 ποίημα
2898 4244 2994 4309 ὢν,
3029 4246 3128 4298 οὐκ
3158 4239 3227 4317 ἦν
3252 4245 3380 4316 πρὶν
3414 4246 3679 4317 γένηται.

458 4392 704 4450 "'Joan.
736 4410 848 4464 xrv,
878 4394 969 4451 9.8.
1044 4396 1089 4429 ³⁸
1112 4396 1266 4453 Joan.
1294 4399 1400 4466 1,5.
1478 4400 1523 4433 "
1543 4400 1705 4458 Hebr.
1755 4418 1792 4467 ι,
1843 4403 1896 4458 5.
1972 4404 2017 4437 ⁸ο
2055 4405 2182 4460 ibid.

456 4530 570 4615 (15)
599 4530 741 4615 Ἕὰες
756 4527 1188 4615 οἶςξιέπισςτήσω
1203 4552 1302 4590 σοι
1319 4536 1541 4615 ἐπὶ-τοῦ
1558 4537 1845 4615 Σωτῆρος,
1869 4553 1973 4615 etc.

2100 4557 2181 4597 ier
2210 4552 2263 4615 et
2289 4544 2563 4612 Splendor.
2595 4544 2842 4597 Salvator
2877 4558 3005 4613 ergo
3044 4555 3226 4597 noster
3261 4546 3349 4611 qui
3380 4545 3679 4615 Sapientia

387 4600 668 4677 .{Eternam
700 4600 859 4655 Verbi
886 4620 941 4677 __a
983 4600 1142 4659 Patre
1188 4610 1592 4677 generationem
1648 4600 1843 4665 statuit
1880 4614 1966 4667 liie

389 4670 805 4746 Origenes,_nec
850 4674 996 4746 aliud
1054 4670 1347 4746 quidquam
1402 4694 1465 4731 ex
1521 4680 1621 4734 hoc
1678 4681 1798 4736 loco
1844 4684 1964 4736 erui

387 4750 580 4821 potest.
637 4742 764 4821 nisi_
797 4742 1134 4821 splendorem
1169 4742 1357 4821 tandiu
1412 4752 1694 4815 exsistere,
1723 4755 1961 4821 quandiu

387 4813 471 4863 lnx
494 4812 615 4890 ipsa
651 4813 885 4890 exsistit.
919 4816 1095 4890 Alium
1129 4819 1273 4890 enim
1302 4834 1519 4890 sensum
1566 4812 1809 4889 palinon
1843 4839 1970 4890 pos.-

382 4881 658 4975 sunthaec
686 4885 848 4965 verba
899 4901 911 4935 :
1131 4889 1400 4967 ὅσον-ἐστὶ
1445 4889 1505 4941 τὸ
1546 4881 1661 4958 qia»;
1694 4881 1970 4975 ποιητικδν

378 4952 472 5002 τοῦ
500 4952 951 5029 ἀπαυγασματος,
994 4958 1099 5029 erat
1121 4959 1371 5012 τοσοῦτον
1414 4952 1667 5029 γεννᾶταί
1699 4964 1757 5016 τὸ
1792 4952 1971 5016 ἀπαύ-

379 5036 568 5096 γασμα
606 5022 890 5096 τῆςᾉδόξης
934 5027 1029 5078 τοῦ
1078 5028 1234 5081 Θεοῦ.
1286 5051 1301 5079 ι
1342 5022 1588 5095 Quandiu
1641 5036 1852 5088 exsistit
1882 5038 1969 5087 lnx

378 5090 1187 5174 allicienssplendoris,_tantliu
1236 5090 1473 5174 gignitur
1502 5104 1755 5169 splendor
1788 5107 1971 5174 gloria:

384 5162 495 5243 Dei.
536 5181 554 5212 ι
588 5162 762 5217 Minus
793 5164 931 5220 belle
958 5162 1320 5243 liierottynt‘u‘s
1339 5173 1421 5224 sic
1458 5162 1691 5227 reddidit
1727 5192 1740 5227 :
1772 5162 1969 5241 «νρυυ-

385 5238 703 5313 tiescunque
752 5245 930 5313 ortum
988 5238 1171 5313 fuerit;
1200 5241 1382 5313 lumen
1423 5258 1502 5313 ex
1551 5258 1659 5311 quo
1715 5238 1971 5313 splendor

376 5305 779 5383 ori.tnr,_toties_
806 5307 981 5361 oritur
1010 5321 1061 5360 et
1090 5310 1345 5376 splendor
1386 5305 1588 5381 gloriae:
1629 5333 1647 5366 ι
1686 5305 1808 5368 Ηὼο
1856 5319 1966 5383 ipsa

374 5373 624 5456 {trigenis
670 5377 832 5455 verba
881 5373 1133 5456 repetere
1164 5373 1732 5456 videturvl’ainplnlus
1771 5373 1971 5456 Martyr

376 5444 430 5497 in
453 5445 736 5525 .Apolo-qia
770 5462 886 5512 sua,
933 5444 1055 5515 cap.
1091 5450 1125 5503 5
1158 5467 1170 5501 :
1203 5469 1233 5525 ε
1258 5444 1737 5525 Videamus-ergo,
1776 5444 1966 5525 inquit,

372 5514 502 5595 quis
528 5516 596 5569 sit
644 5516 893 5595 salvator
951 5514 1156 5574 noster.
1196 5514 1736 5595 Splendor,qtlicitnr,
1781 5514 1967 5595 gloria}

373 5581 561 5653 (Hebr.
608 5602 646 5649 ι,
674 5586 749 5656 ὅ).
802 5588 853 5641 id
891 5600 973 5643 est
1006 5581 1381 5643 acternm'lurts
1423 5581 1677 5659 splendor
1711 5581 1734 5649 ε’
1767 5581 1818 5650 et
1846 5616 1963 5651 cer-

376 5667 487 5706 tntn
531 5666 615 5709 est
662 5658 803 5725 quod
833 5660 1109 5732 _8plendor
1152 5678 1216 5714 cx
1272 5658 1471 5715 lumine
1528 5665 1959 5732 inseparabiliter

376 5738 684 5792 generatur,
730 5740 783 5783 et
812 5730 983 5785 donec
1024 5743 1335 5801 permaneat
1374 5734 1483 5801 lux,
1512 5730 1792 5803 permanet
1820 5754 1957 5793 sem-

2075 4625 2157 4667 cst
2192 4612 2488 4683 (Sapientia
2524 4626 2701 4667 autem
2743 4615 2831 4667 Dei
2864 4616 2975 4682 ipsa
3023 4624 3108 4668 est
3147 4615 3399 4683 Splendor
3446 4612 3681 4673 a'tcrna:

2076 4684 2253 4753 lucis),
2297 4686 2730 4751 inseparabiliter
2756 4695 2809 4738 et
2850 4684 3215 4738 indesinenter
3257 4699 3563 4750 generatur
3610 4706 3680 4745 ex

2074 4754 2250 4808 Patre.
2285 4754 2376 4808 Sic
2401 4756 2544 4808 enim
2567 4764 2621 4807 et
2655 4756 2767 4823 ipsa
2795 4757 2862 4808 de
2897 4768 2954 4807 se
2986 4757 3258 4824 Sapientia
3285 4774 3380 4822 per
3410 4759 3680 4813 Salomo-

2076 4841 2195 4895 nem
2228 4826 2360 4878 dicit
2389 4843 2402 4877 :
2438 4825 2568 4878 Ante
2598 4841 2771 4879 omnes
2803 4826 2959 4877 colles
2988 4836 3197 4893 generat
3220 4842 3299 4878 me
3332 4826 3521 4895 (Prae.
3554 4846 3680 4895 vw,

2074 4892 2165 4966 25)
2197 4912 2210 4958 ;
2247 4911 2350 4949 non
2381 4896 2524 4949 enim
2556 4896 2691 4947 dixit
2725 4912 2738 4947 ε
2772 4897 2904 4948 Ante
2938 4892 3110 4948 omnes
3151 4896 3311 4950 colles
3340 4892 3535 4965 'genuit
3569 4892 3677 4963 mr,

2075 4971 2169 5019 sed
2217 4976 2427 5035 generat
2458 4982 2559 5019 me.
2593 4966 2647 5019 In
2675 4983 2781 5035 quo
2816 4966 3177 5035 signiﬁcantia
3208 4973 3682 5035 scmpiternitatis

2074 5046 2170 5089 est.
2200 5057 2216 5086 ι

2149 5104 2263 5177 (lti)
2321 5105 2586 5166 Justinus.
2640 5107 3023 5175 Athenagoras,
3087 5106 3400 5174 TlteOphilns
3472 5112 3678 5165 Amia-

2076 5177 2289 5249 chenus,
2317 5187 2421 5231 etc.
2441 5180 2557 5242 Quo
2587 5194 2748 5232 sensu
2775 5180 2992 5249 intelligi
3018 5180 3213 5249 debeat
3233 5183 3374 5245 quod
3405 5183 3681 5236 dixerunt

2078 5248 2150 5299 illi
2174 5250 2380 5317 antiqui
2415 5250 2682 5311 doctores,
2708 5265 2842 5316 quos
2867 5248 3037 5304 Ilicet
3066 5248 3205 5301 infra
3237 5254 3372 5301 citat
3406 5250 3678 5313 llnetius,

2075 5316 2268 5383 Deum,
2305 5316 2425 5371 cum
2457 5319 2638 5372 mundi
2669 5321 2994 5373 creationem
3023 5320 3399 5379 ineditarctur,
3424 5321 3677 5375 Verbum

2071 5404 2225 5441 suum
2259 5390 2571 5458 protulisse,
2616 5389 2737 5443 fuse
2775 5393 2997 5457 exponit
3043 5389 3275 5443 domnus
3326 5388 3680 5447 Prudentius

2071 5457 2325 5513 Maranin
2346 5476 2442 5512 suo
2457 5459 2531 5513 De
2546 5460 2817 5512 divinitate
2833 5460 3025 5514 Christi
3046 5464 3178 5513 libro
3196 5476 3264 5519 tv,
3285 5476 3412 5527 cap.
3430 5462 3486 5524 4,
3507 5480 3673 5516 ιιιιιυ.

2068 5528 2135 5592 5;
2163 5544 2283 5602 cap:
2318 5530 2371 5592 ti,
2422 5546 2566 5602 nunt.
2599 5530 2632 5582 5
2674 5539 2727 5583 et
2761 5545 2900 5600 seq.;
2933 5549 3043 5602 cap,
3075 5531 3128 5594 7,
3157 5547 3306 5585 IIUtII.
3334 5532 3403 5595 2;
3450 5549 3582 5602 cap.
3614 5540 3673 5595 ὅ.

2072 5614 2220 5651 ιιιιιιι.
2253 5600 2363 5673 5_et
2553 5616 2673 5669 cap.
2708 5602 2807 5673 Ai},
2840 5600 3056 5655 numﬁ?
3078 5613 3129 5656 et
3172 5616 3290 5670 scq.
3314 5617 3346 5673 ;_
3412 5600 3541 5673 cap.
3569 5608 3671 5666 22.

2070 5684 2217 5721 num.
2266 5671 2299 5723 4
2344 5683 2395 5721 et
2425 5670 2491 5735 5;
2551 5688 2669 5741 cap.
2698 5671 2787 5737 (Ξὸ,
2823 5688 2966 5728 nutn.
2994 5672 3068 5739 6;
3137 5688 3255 5741 cap.
3281 5670 3375 5737 24,
3420 5670 3588 5729 tium.
3611 5677 3672 5728 :2.

2069 5740 2237 5804 Quem
2269 5742 2406 5795 vide.

2119 5758 2237 5793 nem
2269 5742 2406 5795 vide.

3814 1752 3815 1823 ί
