3860 6230
228 349 257 400 Ἶ
266 349 335 399 δ’)

1025 341 1599 398 ORIGENIANORUM
1644 340 1766 394 LIB.
1814 340 1877 406 Il,
1916 340 2067 396 CAP.
2111 340 2175 403 Il,
2218 339 2497 406 QUASST.
2541 338 2600 393 ll.

3358 341 3462 397 786

212 487 233 523 ι
273 469 479 523 Etenim
496 478 678 537 utpote
707 467 794 535 qui
821 468 892 520 sit
914 480 1072 535 opus,
1101 481 1206 520 non
1239 473 1356 519 erat
1392 472 1679 533 antequam
1704 461 1781 515 fa-
1811 466 1854 521 Α
1885 462 2026 529 quod
2042 461 2149 516 duo
2173 461 2259 515 illa
2283 460 2581 529 seraphim,
2602 471 2722 526 qua:
2746 457 2798 511 in
2824 455 2959 511 Isaia
2985 456 3129 513 senis
3144 456 3245 511 alis
3261 457 3465 513 descri-

212 573 332 616 ctns
350 570 512 614 esset.
536 579 553 611 ι
583 559 979 626 'I‘heoguostum
1005 557 1166 611 etiam
1188 554 1619 609 Alexandrinum
1663 551 1783 607 Ori-

1883 550 2104 617 buntur,
2133 551 2423 605 clamantia
2458 550 2524 603 ad
2562 549 2816 612 invicem,
2838 560 2893 603 et
2921 549 3157 604 dicentia
3177 565 3191 601 :
3210 549 3465 618 Sanctus,

210 656 361 723 gens
391 651 651 705 asseclam
692 651 827 705 libro
878 649 1277 720 Hypotyposeon
1322 649 1556 705 secundo
1579 646 1781 701 dixisse
1880 652 2127 707 sanctus,
2152 655 2400 705 sanctus,
2436 642 2693 697 Dominus
2721 641 2862 696 Dens
2896 641 3134 696 Sabaoth
3158 642 3224 705 ⁸³,
3244 642 3309 696 de
3334 642 3465 697 Uni-

212 754 406 797 narrat
432 740 658 795 Photius
690 741 879 795 Filium
905 756 1025 796 esse
1054 751 1293 794 creatum
1325 737 1778 808 quamvisipsius,

209 849 266 891 et
296 835 529 905 Dionysii
561 850 774 903 quoque
798 834 1144 888 Alexandrini
1180 834 1505 886 auctoritate
1535 832 1601 884 ad
1629 831 1783 883 Aria-

210 942 311 981 nos
341 926 694 979 confutandos
723 925 1053 977 Athanasius
1082 938 1213 977 usus
1239 923 1328 976 sit.
1388 921 1538 988 Quod
1580 921 1782 995 allego-

210 1020 322 1074 rice
350 1018 550 1071 dictum
600 1017 958 1070 indicavimus
989 1017 1055 1070 ab
1083 1014 1337 1085 Origene,
1400 1023 1511 1068 tum
1540 1029 1568 1067 a
1621 1012 1783 1067 Patre

209 1118 529 1178 productum
580 1108 798 1170 Filium,
850 1107 1065 1176 quando
1114 1105 1272 1175 jussit
1328 1106 1444 1159 Ileri
1488 1105 1680 1168 lucem,
1729 1105 1781 1159 id

209 1202 365 1269 plane
413 1211 466 1254 et
498 1210 679 1269 aperte
711 1199 844 1253 dixit
872 1198 1233 1253 Tertulliauus
1277 1207 1459 1251 contra
1496 1197 1778 1260 Praxeam,

207 1307 328 1360 cap.
368 1291 448 1344 ’ὀί
500 1310 517 1341 ι
568 1288 719 1344 Tunc
771 1290 885 1357 ipse
937 1303 1116 1344 sermo
1168 1289 1403 1359 speciem
1434 1300 1489 1344 et
1530 1298 1779 1344 ornatum

209 1396 367 1433 suum
420 1380 606 1445 sumit,
650 1392 841 1432 sonum
895 1388 950 1434 et
982 1393 1191 1443 vocem,
1248 1394 1368 1432 cum
1413 1379 1553 1433 dixit
1592 1378 1776 1441 Deus:

214 1469 345 1525 Fiat
366 1472 457 1524 (ua:
482 1471 546 1524 “.
586 1490 603 1523 ι
658 1470 763 1524 Sed
799 1469 941 1539 quod
976 1470 1029 1523 in
1061 1470 1279 1524 homine
1324 1470 1513 1524 borum
1571 1478 1780 1538 tempo-

210 1581 328 1619 rum
360 1565 574 1632 aaquali,
598 1566 794 1633 quibus
826 1564 1063 1619 nondum
1095 1565 1419 1632 quaestiones
1447 1563 1551 1618 illae
1573 1562 1783 1617 fuerant

209 1657 501 1722 ventilatis,
520 1658 893 1726 excipiendum
912 1666 995 1711 est
1023 1657 1201 1711 minus
1229 1672 1439 1720 severe,
1469 1657 1778 1726 neutiquam

211 1750 264 1802 id
298 1749 421 1802 l'erri
469 1758 643 1816 potest
689 1748 741 1802 in
781 1747 1017 1817 Ruperto
1047 1748 1126 1802 sic
1173 1747 1425 1816 loquente
1471 1747 1779 1803 Iib.t(.‘om-

210 1848 370 1893 ment.
404 1834 456 1892 in
490 1836 700 1904 Cenes,
757 1854 873 1908 cap.
905 1855 935 1892 x
980 1857 995 1894 :

210 1942 419 1991 natum,
472 1940 526 1982 et
586 1930 765 1982 omnia
817 1926 1190 1997 potentialiter
1232 1926 1516 1981 continens
1550 1925 1783 1982 Verbum

208 2030 339 2075 tunc
364 2020 522 2075 Pater
556 2020 841 2074 actualiter
884 2019 1186 2089 generavit,
1252 2020 1468 2087 quando
1492 2019 1688 2074 coelum
1731 2027 1788 2074 et

209 2121 411 2165 terram
438 2110 668 2173 creavit,
702 2112 921 2179 quando
950 2110 1124 2164 lucem
1153 2118 1207 2161 et
1239 2120 1433 2165 caetera
1465 2109 1615 2165 fecit.
1644 2108 1786 2162 Eru-

206 2200 366 2253 ctavit
404 2215 531 2267 ergo
557 2216 647 2253 cor
671 2200 850 2255 Patris
888 2200 1107 2256 Verbum
1133 2203 1323 2255 bonum
1346 2200 1391 2232 δ’
1417 2209 1470 2255 et
1508 2216 1572 2255 ex
1613 2211 1782 2268 utero,

210 2294 262 2346 id
305 2303 387 2346 est
438 2293 503 2347 de
531 2309 640 2348 sum
687 2293 1002 2348 substantia:
1033 2304 1265 2359 secreto,
1310 2301 1434 2347 ante
1481 2291 1785 2361 Luciferum

205 2386 392 2457 genuit
420 2386 549 2441 illud
579 2386 644 2449 ”,
669 2387 883 2455 quando
912 2386 1049 2441 dixit
1079 2407 1093 2441 :
1124 2386 1249 2440 Fiat
1272 2386 1386 2440 lux.
1418 2405 1439 2440 ι

279 2475 469 2531 XXVI.
507 2477 600 2531 Est
644 2478 783 2544 apud
830 2476 1119 2548 Origenem
1174 2477 1323 2533 hom.
1371 2477 1397 2531 1
1444 2478 1498 2531 in
1550 2475 1781 2540 Isaiam,

208 2586 358 2624 num.
393 2568 450 2633 2,
482 2570 588 2623 duo
614 2569 888 2638 seraphim
918 2571 1115 2639 quibus
1148 2569 1342 2626 solium
1384 2570 1477 2624 Dei
1526 2571 1782 2639 stipatum

208 2661 407 2715 vidisse
455 2676 513 2717 se
562 2662 752 2715 scribit
810 2660 1075 2729 propheta
1105 2661 1173 2727 “,
1215 2676 1281 2716 ea
1319 2676 1437 2716 esse
1484 2661 1784 2725 Christum,

206 2762 263 2806 et
314 2751 572 2820 Spiritum
618 2765 889 2807 sanctum.
946 2751 1090 2808 Idem
1147 2753 1373 2808 iteratur
1440 2753 1531 2808 lib.
1584 2770 1601 2809 ι
1644 2752 1783 2820 Περὶ

203 2844 427 2915 ἀρχῶν,
451 2860 570 2913 cap.
595 2845 649 2911 3,
678 2860 830 2899 num.
855 2844 909 2910 5,
935 2846 1026 2901 ubi
1049 2856 1104 2900 et
1131 2854 1411 2900 auctorem
1434 2845 1786 2915 expositionis

205 2940 367 3009 hujus
429 2938 713 2993 Hebreum
778 2939 1096 3009 magistrum
1160 2940 1384 3005 laudat,
1447 2947 1504 2993 et
1560 2939 1653 2995 lib.
1710 2953 1783 3001 iv,

210 3048 358 3087 num.
384 3031 473 3086 26.
512 3029 662 3085 Unde
721 3033 1005 3099 Antipater
1049 3031 1347 3085 Bostrenus
1398 3031 1682 3099 episcopus
1732 3031 1783 3083 in

210 3126 668 3194 Disputationibus
717 3127 967 3179 adversus
1006 3125 1283 3195 Origenem
1346 3142 1364 3179 :
1419 3127 1559 3198 Περὶ
1605 3126 1786 3195 μέντοι

203 3218 316 3270 τῶν
344 3219 625 3289 χερουεὶμ,
653 3219 684 3291 ἢ
711 3218 818 3271 τῶν
840 3219 1079 3289 σεραφὶμ
1112 3219 1259 3272 οὐδὲν
1284 3218 1557 3290 δυνάμεθα
1588 3219 1787 3287 λέγειν,

203 3309 299 3363 διὰ
346 3311 406 3363 τὸ
456 3312 644 3381 μαθεῖν
692 3312 783 3365 τὸν
827 3311 1145 3380 συγγραφέα
1178 3312 1325 3382 παρὰ
1365 3312 1457 3365 τοῦ
1513 3312 1788 3381 Ἐϐραίου,

204 3403 354 3465 ὅστις
382 3404 473 3457 καί
495 3406 640 3457 ἐστιν
663 3406 690 3456 ὁ
725 3405 853 3476 παρ’
886 3404 1049 3471 αῷτοῦ
1090 3404 1483 3475 σημαινόμενος
1522 3405 1788 3476 Ἐϐραῖος,

204 3494 292 3545 ὅτι
307 3496 335 3545 ὁ
356 3494 480 3557 Υἱὸς
504 3494 668 3548 καὶτὸ
685 3494 909 3565 Πνεῦμα
932 3495 1084 3562 ἅγιον
1118 3496 1460 3565 σημαίνεται.
1481 3516 1499 3547 ι
1520 3497 1703 3565 Itaque
1725 3497 1791 3552 de

206 3585 520 3639 cherubinis
583 3594 637 3639 et
682 3586 989 3655 seraphiuis
1044 3585 1180 3638 nihil
1242 3601 1527 3654 possumus
1588 3587 1788 3652 dicere,

206 3676 351 3743 quod
408 3676 657 3730 didicerit
698 3676 930 3744 scriptor
964 3673 1263 3747 (Origenes)
1318 3680 1383 3731 ab
1417 3676 1662 3741 Hebrazo,
1698 3680 1789 3748 qui

206 3770 423 3837 quidem
460 3771 575 3838 ipse
604 3780 688 3825 est
724 3771 1035 3841 designatus
1066 3770 1133 3825 ab
1159 3786 1223 3823 eo
1266 3770 1543 3835 Ilebrzeus,
1573 3772 1789 3835 Filium,

206 3871 264 3914 et
293 3860 550 3929 Spiritum
578 3870 825 3915 sanctum
859 3878 954 3933 per
980 3878 1073 3917 eos
1106 3862 1423 3933 signiﬁcari.
1458 3882 1476 3914 ι
1516 3863 1792 3919 Habentur

204 3965 386 4006 autem
410 3952 513 4007 illa;
546 3954 821 4023 Antipatri
877 3952 1263 4027 Disputationes
1297 3954 1348 4007 in
1378 3953 1591 4023 Eclogis
1618 3953 1786 4009 Joan-

208 4044 298 4096 nis
329 4041 665 4107 Damasceni,
720 4057 839 4109 quae
892 4042 1129 4097 nondum
1164 4043 1323 4097 edita:
1360 4043 1413 4095 iu
1455 4041 1787 4098 Bibliotheca

208 4134 630 4187 Claromontana
698 4133 988 4189 Societatis
1066 4133 1197 4189 Jesu
1254 4143 1566 4189 servantur.
1616 4135 1787 4193 Verba

213 4226 331 4294 ipsa
371 4224 466 4280 dat
492 4226 826 4281 Justinianus
865 4226 917 4279 in
971 4226 1117 4281 calce
1170 4227 1401 4295 epistola:
1442 4228 1512 4279 ad
1552 4225 1785 4279 Menam.

208 4315 542 4385 Ilieronymo
576 4316 689 4387 (l7)
741 4317 1080 4371 stomachum
1134 4317 1206 4370 ita
1250 4316 1416 4371 movit
1474 4316 1590 4372 litec
1623 4317 1789 4371 inter-

207 4408 467 4477 pretatio,
496 4416 555 4460 ut
593 4408 812 4477 impiam
863 4422 981 4461 eam
1020 4416 1074 4462 et
1108 4408 1479 4462 detestandam
1532 4408 1783 4477 appellet.

1054 1856 1073 1890 ι
1108 1836 1247 1892 Vere
1284 1838 1425 1893 enim
1485 1838 1602 1893 sine
1648 1854 1779 1893 voce
1813 1822 1853 1877 Β

1814 3167 1862 3229 C

1882 736 2063 803 genito
2080 734 2218 789 Filio
2246 735 2339 789 Dei
2366 745 2420 787 et
2440 734 2644 803 Spiritu
2668 744 2859 788 sancto
2879 744 3065 789 essent
3092 734 3459 803 intelligenda.

1882 828 1991 883 Nos
2027 842 2153 882 vero
2190 836 2442 897 putamus
2470 827 2632 881 etiam
2666 825 2794 879 illud
2824 826 2968 895 quod
3016 826 3068 879 in
3096 828 3321 883 Cantico
3356 826 3465 881 Ha-

1882 922 2051 978 bacuc
2076 923 2274 977 dictum
2301 920 2445 976 est“
2467 939 2481 975 :
2504 920 2565 974 In
2586 921 2755 974 medio
2778 919 2859 973 vel
2886 919 3107 973 duorum
3132 921 3462 986 animalium,

1885 1016 1964 1069 vel
1994 1015 2219 1067 duarum
2263 1014 2489 1066 vitarum
2545 1011 2903 1081 cognosceris;
2938 1011 3003 1063 de
3041 1011 3261 1065 Christo
3306 1021 3361 1066 et
3396 1014 3463 1067 de

1888 1106 2095 1177 Spiritu
2130 1114 2317 1160 sancto
2340 1103 2527 1158 sentiri
2550 1104 2766 1157 debere.
2806 1122 2824 1154 ι
2860 1101 3046 1157 Omnis
3073 1103 3215 1157 enim
3237 1104 3463 1158 scientia

1886 1198 1951 1253 de
1988 1195 2168 1261 Patre,
2204 1195 2472 1249 revelante
2512 1194 2671 1258 Filio,
2704 1195 2755 1249 in
2801 1195 3002 1265 Spiritu
3043 1203 3231 1253 sancto
3269 1210 3469 1265 cogno—

1885 1290 2071 1353 scitur,
2103 1298 2162 1343 ut
2187 1288 2347 1343 ambo
2379 1288 2491 1341 ha2c
2534 1303 2653 1357 qua:
2701 1288 2995 1343 secundum
3031 1289 3346 1358 prophetam
3383 1288 3464 1342 vel

1885 1382 2214 1447 animantia,
2250 1382 2333 1437 vel
2375 1381 2498 1437 vita:
2546 1382 2821 1446 dicuntur,
2879 1396 3041 1436 causa
3084 1381 3326 1435 scientia:
3367 1380 3462 1435 Dei

1887 1474 2061 1529 Patris
2083 1475 2368 1529 exsistant.
2406 1494 2423 1525 ι
2460 1474 2721 1529 Similiter
2749 1473 2913 1541 impia
2960 1481 3016 1527 et
3061 1473 3176 1527 haec
3202 1473 3470 1542 interpre-

1887 1567 2040 1633 tatio,
2065 1582 2183 1635 qua:
2216 1567 2372 1620 olivae
2395 1567 2511 1620 dua:
2551 1565 2860 1619 candelabri
2890 1565 3035 1619 aurei
3059 1605 3073 1628 ,
3103 1565 3243 1634 quod
3268 1566 3467 1619 vidisse

1884 1674 1944 1714 se
1978 1671 2162 1713 narrat
2194 1658 2489 1713 Zacharias
2518 1674 2637 1727 cap.
2670 1674 2756 1723 iv,
2778 1657 2949 1713 Filius
2975 1666 3028 1712 et
3072 1657 3306 1726 Spiritus
3340 1672 3467 1712 san-

1886 1764 2006 1808 ctus
2059 1762 2433 1823 exponuntur;
2466 1753 2638 1808 media
2680 1767 2809 1807 vero
2853 1751 3080 1821 lampas,
3123 1752 3265 1807 Deus
3304 1750 3464 1806 Pater

1888 1852 2064 1921 (citius
2114 1851 2179 1905 ad
2226 1849 2469 1904 dextram
2500 1856 2553 1901 et
2600 1844 2873 1901 sinistram
2925 1859 3045 1900 esse
3091 1843 3361 1899 Christum
3408 1852 3471 1899 et

1889 1941 2149 2012 Spiritum
2196 1948 2445 1995 sanctum
2478 1954 2584 1993 non
2619 1940 2735 1993 sine
2782 1936 3115 2007 blasphemia
3156 1937 3261 1991 dici
3310 1950 3466 2005 posse

1888 2032 1962 2087 ait
1997 2030 2358 2101 Hieronymus
2404 2030 2459 2083 in
2490 2027 2653 2083 Zach.
2688 2028 2761 2099 Iv)
2795 2030 2929 2082 rami
2960 2028 3075 2081 sive
3115 2026 3277 2095 spica:
3298 2026 3467 2081 oliva-

1889 2135 2031 2185 rum,
2068 2119 2369 2173 incarnatio
2389 2117 2616 2181 Christi,
2643 2129 2697 2172 et
2726 2117 3020 2173 similitudo
3051 2117 3313 2172 columba:
3343 2115 3466 2187 Spi-

1889 2208 2024 2262 ritus
2045 2207 2238 2262 sancti.
2275 2207 2369 2261 Sin
2397 2218 2455 2261 ut
2486 2207 2737 2261 Davidem
2764 2206 2966 2262 Christi
3013 2215 3194 2277 typum
3239 2221 3380 2273 esse,
3410 2216 3469 2262 et

1888 2311 1946 2356 ut
1990 2299 2264 2366 animalia,
2301 2300 2382 2355 vel
2428 2300 2591 2365 vitas,
2621 2299 2703 2355 vel
2735 2299 2909 2355 olivas
2935 2298 3265 2362 candelabri,
3303 2300 3381 2354 sic
3412 2309 3468 2355 et

1886 2391 2224 2459 seraphimos
2250 2390 2399 2445 Isaia:
2427 2390 2722 2459 anagogice
2748 2389 2949 2445 Christi
2972 2398 3028 2444 et
3062 2389 3297 2458 Spiritus
3333 2404 3464 2443 san-

1889 2484 1963 2539 cti
2012 2483 2260 2555 symbola
2305 2496 2425 2537 esse
2461 2482 2631 2537 voluit
2675 2481 2955 2550 Origenes,
2985 2490 3044 2536 ut
3091 2490 3245 2537 certe
3273 2480 3467 2547 voluit,

1891 2591 2039 2630 vanae
2068 2585 2196 2629 sunt
2222 2573 2536 2644 Hieronymi
2562 2574 2796 2644 querelae
2819 2613 2833 2627 .
2858 2573 3069 2629 Clarius
3111 2574 3159 2628 id
3193 2574 3357 2627 ctiam
3388 2586 3469 2629 se-

1888 2664 2107 2735 quentia
2147 2665 2560 2731 demonstrant,
2598 2665 2651 2719 in
2700 2663 2896 2734 quibus
2934 2678 3030 2735 per
3092 2665 3206 2719 haec
3250 2665 3413 2719 verba
3446 2680 3468 2718 :

1894 2774 1913 2806 (
1952 2755 2113 2808 Plena
2167 2765 2255 2809 est
2304 2755 2482 2809 omnis
2528 2762 2675 2808 terra
2718 2754 2888 2821 gloria
2927 2751 3077 2822 ejus,
3121 2773 3140 2805 ι
3173 2754 3463 2808 adventum

1886 2845 2088 2900 Christi
2116 2844 2408 2914 significari
2440 2844 2632 2898 scribit
2655 2843 2934 2913 Origenes,
2966 2852 3172 2898 certum
3196 2852 3279 2897 est
3317 2842 3462 2897 enim

1886 2953 2009 2992 eum
2042 2937 2197 3008 cujus
2232 2936 2415 3007 gloria:
2439 2937 2593 3006 plena
2618 2937 2725 2991 illic
2754 2951 2877 2992 esse
2896 2936 3095 2991 dicitur
3133 2944 3297 2999 terra,
3322 2936 3466 2989 hunc

1888 3030 2060 3099 ipsum
2089 3043 2211 3085 esse
2240 3028 2523 3083 Dominum
2551 3028 2717 3083 Deum
2747 3027 2983 3083 Sabaoth
3010 3043 3025 3092 ;
3061 3025 3334 3081 Christum
3367 3040 3466 3078 au-

1895 3131 1999 3176 tem
2039 3136 2162 3175 eum
2190 3135 2311 3175 esse
2344 3120 2497 3191 cujus
2523 3120 2692 3190 gloria
2722 3121 2876 3190 plena
2907 3130 2990 3174 est
3020 3118 3464 3186 tcrra,0rigenes

1893 3211 2123 3265 censuit.
2162 3210 2438 3265 Christum
2478 3211 2641 3279 igitur
2666 3208 3086 3278 crediditipsum
3134 3222 3255 3262 esse
3284 3207 3467 3261 Domi-

1890 3318 2017 3356 num
2066 3302 2235 3356 Deum
2279 3300 2539 3357 Sabaoth.
2583 3301 2696 3355 Iloc
2734 3302 2779 3356 si
2818 3302 2917 3363 sit,
2953 3301 3169 3356 Christo
3198 3301 3295 3368 ipsi
3342 3300 3469 3354 asti-

1890 3393 2021 3449 tisse
2060 3394 2416 3462 seraphimos,
2450 3409 2555 3447 non
2584 3410 2749 3449 unum
2771 3410 2837 3448 ex
2870 3394 2973 3453 illis
2993 3392 3268 3447 Christum
3296 3391 3469 3447 fuisse

1889 3484 2151 3553 Origenes
2190 3484 2603 3539 existimaverit.
2640 3484 2917 3538 Incassum
2956 3482 3119 3553 igitur
3143 3484 3295 3551 lingit
3325 3482 3469 3554 IIay-

1891 3591 1981 3629 mo
1998 3576 2422 3630 Alberstatensis
2448 3576 2500 3629 in
2529 3575 2669 3630 libro
2692 3576 2768 3629 De
2800 3590 2973 3629 rerum
2997 3574 3467 3628 ecclesiasticarum

1888 3669 2174 3732 memoria,
2214 3668 2556 3739 Origenianis
2595 3668 2707 3723 haec
2746 3683 2867 3724 esse
2908 3667 3162 3737 operibus
3197 3668 3399 3723 inserta
3432 3684 3463 3721 a

1892 3762 2169 3816 malevolis
2201 3778 2215 3826 ;
2249 3761 2333 3817 vel
2365 3763 2408 3817 si
2453 3762 2739 3833 Origencm
2775 3772 3054 3817 auctorem
3096 3762 3330 3829 habent,
3363 3764 3469 3815 du-

1894 3855 2139 3909 bitanter
2174 3854 2341 3910 fuisse
2365 3857 2660 3925 preposita.

1963 3945 2175 4001 XXVII.
2208 3946 2436 4004 Photius
2468 3949 2591 4005 cod.
2624 3965 2742 4015 vni,
2780 3965 2998 4006 errores
3028 3950 3267 4006 referens
3297 3947 3466 4003 libro-

1892 4056 2011 4093 rum
2044 4041 2184 4109 Περὶ
2209 4039 2432 4109 ἀρχῶν,
2460 4043 2559 4097 hos
2608 4043 2685 4096 ait
2732 4043 2867 4097 libro
2928 4045 3103 4113 primo
3142 4042 3408 4098 contineri
3449 4061 3464 4097 :

1890 4132 2105 4201 Διήκειν
2140 4131 2238 4200 μὲν
2275 4132 2365 4185 τὸν
2400 4132 2615 4203 Πατέρα
2641 4133 2729 4185 διὰ
2762 4134 2979 4187 πάντων
3014 4133 3122 4186 τῶν
3156 4133 3343 4200 ὄντων,
3376 4131 3468 4185 τὸν

1889 4222 1945 4275 δὲ
1979 4223 2103 4275 Υἱὸν
2127 4223 2289 4294 μέχρι
2320 4223 2429 4277 τῶν
2458 4223 2689 4293 λογικῶν
2728 4226 2925 4296 μόνων,
2955 4225 3016 4278 τὸ
3040 4226 3097 4278 δὲ
3123 4225 3344 4296 Πνεῦμα
3369 4225 3466 4295 μέ-

1889 4332 1979 4387 χρι
2001 4317 2175 4386 μόνων
2202 4316 2308 4369 τῶν
2342 4318 2719 4388 σεσωσμένων.
2742 4338 2760 4369 ‹
2787 4318 3089 4374 Pervadere
3119 4319 3333 4387 quidem
3360 4318 3466 4372 Pa-

1893 4420 2027 4462 trem
2052 4424 2386 4478 quzecunque
2424 4420 2569 4473 sunt,
2606 4408 2801 4463 Filium
2832 4425 2958 4464 vero
2985 4423 3071 4464 res
3093 4410 3352 4464 duntaxat
3375 4425 3467 4463 ra-

209 4499 381 4567 lmpia
413 4512 546 4568 ergo
577 4514 641 4552 ea
668 4514 880 4566 quoque
929 4508 1034 4566 est,
1068 4509 1125 4553 et
1160 4499 1472 4554 detestanda
1519 4501 1786 4570 iltlerpre-
1822 4524 1867 4578 ι)
1899 4497 2056 4551 tionis
2086 4496 2400 4566 participes,
2429 4497 2693 4566 Spiritum
2737 4506 2918 4550 autem
2962 4506 3214 4549 sanctum
3243 4510 3305 4549 ea
3347 4504 3467 4548 tan-

211 4592 345 4642 latio
394 4590 628 4644 homiliaa
686 4590 964 4660 sequentis
1026 4606 1176 4645 num.
1231 4592 1283 4657 l,
1350 4607 1454 4661 qua
1531 4592 1785 4647 Davidem

202 4678 487 4734 Christum
534 4697 655 4736 esse
717 4682 894 4737 docet.
932 4682 1098 4750 Impia
1151 4682 1314 4736 etiam
1352 4698 1413 4736 ea
1464 4698 1624 4751 quam
1654 4684 1786 4738 lib.l

204 4771 351 4838 Περὶ
383 4771 605 4841 ἀρχῶν,
638 4789 756 4842 cap.
786 4776 841 4838 5,
869 4790 1019 4829 num.
1058 4775 1113 4837 ’5,
1148 4774 1420 4829 damnata:
1477 4776 1543 4830 ab
1597 4772 1787 4829 IIicro-

205 4880 378 4934 nymo
400 4869 678 4920 sententiae
703 4868 999 4935 subjunxit.
1020 4866 1169 4921 Talis
1201 4878 1429 4935 utraque
1452 4878 1535 4920 est
1560 4886 1570 4920 :
1596 4867 1785 4935 Ἔλεγε

201 4957 265 5009 δὲ
297 4958 325 5009 ὁ
368 4956 615 5027 Ἐϐραῖος
645 4959 711 5011 τὰ
736 4960 792 5010 ἐν
815 4958 891 5029 τῷ
924 4959 1123 5030 Ἡσαΐᾳ.
1145 4959 1239 5011 δύο
1281 4959 1520 5028 σεραφὶμ
1563 4958 1787 5022 ἐξαπτέ-

206 5063 353 5118 ρυγα
387 5048 691 5118 κεκραγότα
738 5049 924 5119 ἕτερον
961 5051 1096 5121 πρὸς
1134 5050 1340 5121 ἕτερον,
1380 5050 1471 5101 καὶ
1520 5049 1741 5118 λέγοντα
1770 5067 1783 5079 ·

203 5141 436 5208 Ἄγιος,
489 5140 676 5209 ἅγιος,
708 5140 874 5210 ἅγιος
907 5143 1121 5208 Κύριος
1168 5140 1432 5204 Σαϐαὼθ,
1473 5141 1562 5193 τὸν
1617 5143 1787 5193 Μονο-

199 5232 340 5302 γενῆ
371 5228 507 5285 εἶναι
528 5232 620 5284 τοῦ
644 5232 778 5284 Θεοῦ
815 5234 907 5285 καὶ
939 5232 999 5284 τὸ
1030 5232 1251 5303 Πνεῦμα
1281 5232 1341 5283 τὸ
1382 5232 1553 5299 ἆγιον.
1594 5233 1783 5301 Ἡμεῖς

198 5324 262 5376 δὲ
290 5322 515 5391 οἰόμεθα
548 5325 628 5376 ὅτι
654 5325 745 5376 καὶ
774 5326 831 5375 ἐν
856 5327 920 5394 τῇ
957 5324 1063 5394 ᾠδῇ
1101 5322 1451 5393 Ἀμόακούμ’
1494 5325 1590 5375 Ἐν
1615 5325 1781 5392 μέσῳ

198 5417 319 5470 δύο
367 5416 521 5476 ζώων
575 5418 922 5485 γνωσθήσῃ,
978 5417 1104 5487 περὶ
1172 5415 1406 5487 Χριστοῦ
1462 5416 1555 5469 καὶ
1632 5416 1783 5484 ἁγίου

204 5506 550 5578 Πνεύματος.
594 5527 610 5557 ε
652 5507 873 5562 Dicebat
908 5519 1088 5562 autem
1132 5518 1185 5561 et
1233 5507 1489 5561 Hebraeus
1528 5510 1786 5576 magister

279 5622 323 5652 "
378 5624 572 5678 Cenes.
616 5638 653 5686 ι,
693 5622 747 5678 5.
843 5623 886 5653 θ’
918 5622 1060 5677 Psal.
1090 5638 1234 5690 xuv,
1266 5621 1320 5677 ‘2.

1376 5622 1417 5653 ⁸³
1451 5622 1591 5677 Psal.
1616 5640 1726 5689 eis,
1756 5626 1810 5680 ὅ.

1898 4600 2006 4642 ιιιιι)
2038 4605 2157 4658 quae
2212 4588 2439 4643 salutem
2483 4590 2675 4658 adepta
2717 4596 2860 4643 sunt.
2904 4608 2922 4641 ι
2959 4588 3158 4643 Codice
3206 4603 3337 4641 vero
3375 4602 3464 4644 cvi

1891 4690 2083 4734 narrat
2141 4680 2542 4750 'I‘lieognostum
2592 4681 3021 4734 Alexandrinum
3079 4679 3326 4747 Origenis
3371 4683 3467 4734 do-

1890 4786 2070 4845 gmata
2118 4785 2547 4844 propugnantem
2585 4774 2723 4827 libro
2770 4772 3183 4844 Ilypotyposeon
3225 4773 3462 4827 secundo

1890 4869 2089 4924 dixisse
2116 4867 2307 4921 Filium
2341 4867 2448 4920 τῶν
2477 4866 2708 4937 λογικῶν
2734 4868 2908 4938 μόνων
2938 4868 3244 4919 ἐπιστατεῖν
3268 4882 3280 4894 ·
3313 4884 3329 4917 ε
3362 4865 3467 4920 Ila-

1893 4963 2039 5016 tione
2091 4962 2356 5015 duntaxat
2404 4962 2644 5030 praeditis
2687 4962 2845 5014 rebus
2883 4973 3134 5028 praaesse.
3165 4976 3183 5007 ι
3223 4956 3457 5009 Athana-

1886 5054 1997 5107 sius
2037 5053 2089 5105 in
2142 5051 2282 5106 libro
2324 5065 2483 5120 quem
2516 5050 2735 5120 scripsit
2782 5050 2838 5102 in
2882 5047 3072 5101 Matth.
3120 5063 3232 5109 xu,
3263 5046 3357 5109 52,
3395 5047 3462 5098 ad

1884 5145 2073 5200 Novati
2107 5144 2360 5199 haeresim
2394 5145 2509 5199 hlBC
2544 5144 2806 5197 accedere
2853 5144 3027 5206 docet,
3064 5140 3463 5209 Origencmque

1882 5243 1937 5285 et
1970 5232 2087 5299 ejus
2126 5240 2453 5286 sectatorem
2490 5231 2892 5302 Theognostum
2944 5232 3201 5301 explodit.
3250 5230 3464 5283 Amaris

1881 5324 2044 5377 etiam
2087 5323 2316 5377 defricat
2348 5324 2521 5392 ipsum
2554 5324 2817 5378 conviciis
2851 5323 3181 5392 Theophilus
3212 5324 3263 5376 in
3300 5338 3314 5375 ι
3357 5321 3466 5377 Pa-

1893 5417 2080 5481 schali,
2114 5426 2170 5470 et
2202 5416 2409 5472 ratione
2431 5432 2492 5471 ac
2528 5416 2851 5471 auctoritate
2891 5428 3194 5471 commenta
3220 5417 3307 5470 illa
3332 5432 3465 5471 con~

1893 5510 2061 5564 vellit.
2115 5511 2246 5576 Quae
2298 5518 2354 5564 ct
2401 5508 2590 5565 leviter
2641 5511 2955 5579 perstringit
2999 5509 3359 5578 Hieronymus
3404 5508 3463 5566 in

2390 5623 2435 5657 "
2470 5626 2624 5691 ibid.,
2660 5625 2710 5680 5.
2788 5623 3052 5682 “IIabac.
3080 5640 3159 5692 Ill,
3188 5622 3242 5680 2.

1890 5626 1933 5656 “
1969 5625 2067 5680 lsa.
2122 5641 2194 5691 VI,
2225 5624 2277 5677 ἓ.

278 5783 391 5855 (l7)
426 5782 669 5851 Ilieron.,
719 5785 809 5841 lib.
864 5786 919 5839 in
970 5784 1193 5854 Isaiam,
1256 5797 1310 5841 et
1359 5786 1515 5857 epist.
1559 5787 1657 5857 .65,
1707 5789 1775 5843 ad
1815 5787 2024 5843 Pomm.
2060 5797 2109 5841 et
2146 5784 2343 5841 Ocean.
