3860 6230
396 354 503 411 7R7

1680 345 1741 400 P.
1786 341 2105 398 DANIELIS
2141 339 2381 397 IIUETII

3582 332 3689 384 788

393 479 547 544 epist.
572 474 643 525 ad
674 472 810 526 Αυίι.
842 469 967 525 Suis
1008 484 1136 523 vero
1179 470 1351 541 ipsius
1390 469 1572 524 verbis
1610 469 1859 540 coarguit
1894 466 1989 523 Ju-
2020 476 2061 528 Α
2094 478 2190 534 pro
2232 462 2410 531 impiis
2433 460 2545 530 jam
2577 454 2918 526 interpellat,
2952 454 3048 510 sed
3075 469 3172 526 pro
3214 444 3435 511 sanctis.
3485 474 3508 508 ι
3549 456 3688 522 Qni-

394 569 664 624 Stinianns
719 565 783 617 atl
832 565 1036 618 calcem
1094 562 1327 633 epistola:
1377 564 1445 616 ad
1494 562 1727 625 Menam,
1788 560 1914 615 talia
1958 575 1988 614 e

395 656 517 712 libr.
558 673 579 709 r
605 657 739 722 Περὶ
763 652 995 722 ἀρχῶν,
1030 669 1149 722 cap.
1183 655 1236 720 5,
1278 670 1425 707 num.
1456 653 1509 719 5,
1546 665 1943 722 repraesentans
1971 664 1985 703 :

396 751 520 803 Ὅτι
553 751 580 801 ὁ
613 749 713 819 μὲν
738 747 870 811 Θεὸς
904 747 997 799 καὶ
1045 747 1230 818 Πατὴρ
1262 747 1497 817 συνέχων
1535 746 1603 800 τὰ
1633 746 1808 798 πάντα
1854 743 1989 813 φθά-

395 861 476 897 νει
509 844 588 906 εἵς
614 842 844 895 ἕκαστον
894 841 1000 893 τῶν
1040 840 1230 902 ὄντων,
1278 839 1591 910 μεταδιδοὺς
1635 838 1847 908 ἑκάστῳ
1880 836 1986 890 ἀπὸ

394 935 487 990 τοῦ
535 935 662 989 ἰδίου
700 935 760 988 τὸ
788 931 923 987 εἶναι
953 950 965 966 ο
990 934 1064 988 ὢν
1110 934 1216 1005 γάρ
1258 935 1402 986 ἐστιν
1430 950 1442 962 ο
1482 933 1717 986 ἐλάττων
1752 930 1809 983 δὲ
1851 930 1986 996 πρὸς

393 1029 485 1083 τὸν
542 1030 761 1099 Πατέρα
801 1031 830 1081 ό
867 1027 995 1090 Υἱὸς
1045 1027 1261 1095 φθάνων
1307 1027 1401 1078 ἐπὶ
1454 1025 1588 1095 μόνα
1632 1023 1701 1077 τὰ
1748 1022 1940 1091 λογικά
1968 1039 1981 1055 ⁸

395 1121 643 1193 δεύτερος
677 1122 784 1192 γάρ
815 1123 929 1173 ἐστι
958 1120 1048 1172 τοῦ
1078 1119 1289 1187 Πατρός
1310 1137 1321 1148 ·
1350 1118 1427 1171 ἔτι
1456 1118 1511 1170 δὲ
1532 1113 1691 1189 ἦττον
1725 1116 1786 1168 τὸ
1818 1116 1988 1167 Πνεῦ-

400 1230 475 1282 μα
524 1212 587 1265 τὸ
626 1212 780 1279 ἆγιον
829 1211 921 1262 ἐπὶ
959 1210 1151 1280 μόνους
1202 1210 1329 1271 τοὺς
1365 1208 1549 1277 ἁγίους
1591 1206 1981 1276 διικνούμενον.

398 1308 561 1359 ’Ὥστε
596 1305 735 1359 κατὰ
760 1304 917 1358 τοῦτο
946 1304 1145 1374 μείζων
1171 1306 1203 1375 ἠ
1226 1302 1454 1372 δύναμις
1485 1299 1577 1353 τοῦ
1600 1299 1811 1370 Πατρός
1835 1297 1986 1368 παρὰ

394 1396 486 1447 τὸν
512 1395 638 1448 Υἱὸν
671 1396 765 1448 καὶ
808 1394 868 1447 τό
906 1394 1131 1465 Πνεῦμα
1182 1393 1243 1446 τὸ
1285 1393 1437 1460 ἆγιον
1458 1407 1470 1420 °
1505 1389 1703 1442 πλείων
1732 1389 1846 1458 est}
1889 1388 1984 1441 τοῦ

397 1486 527 1540 Υἱοῦ
562 1486 711 1557 παρὰ
731 1487 791 1539 τὸ
814 1486 1038 1556 Πνεῦμα
1057 1486 1116 1539 τὸ
1141 1484 1294 1552 ἅγιον
1310 1501 1323 1513 °
1357 1483 1451 1536 καὶ
1472 1482 1633 1536 πάλιν
1657 1480 1985 1550 διαφέρουσα

399 1576 600 1647 μᾶλλον
619 1576 712 1628 τοῦ
742 1577 896 1644 ἁγίου
926 1576 1242 1646 Πνεύματος
1270 1577 1303 1645 ἡ
1328 1573 1557 1643 δύναμις
1583 1573 1733 1642 παρὰ
1761 1570 1830 1623 τὰ
1850 1570 1984 1624 ἄλλα

395 1667 551 1731 ἅγια.
584 1686 605 1720 ι
663 1667 816 1733 Quod
863 1668 1003 1722 Deus
1038 1667 1256 1736 quidem
1306 1675 1359 1719 et
1392 1664 1553 1719 Pater
1586 1664 1768 1717 omnia
1803 1662 1982 1716 conti-

396 1778 533 1815 ncns
570 1762 634 1815 ad
669 1763 1093 1829 unumquodque
1146 1760 1353 1813 entium
1394 1756 1673 1826 pervenit,
1701 1770 1823 1809 esse
1862 1754 1981 1808 uni-

2092 560 2191 614 bns
2235 556 2485 612 omnibus
2527 553 2577 608 id
2626 552 2725 608 sibi
2764 551 2894 618 vult,
2923 550 3136 606 Patrem
3175 551 3228 605 in
3275 553 3532 606 omnibus
3565 568 3689 620 quae

2091 660 2215 705 sunt
2248 646 2482 717 cperari,
2505 644 2629 714 quia
2674 644 2837 699 totius
2875 642 3173 713 ὀντότητος,
3202 643 3315 697 sive
3341 643 3686 699 exsistentia

2091 741 2192 812 (sic
2226 740 2369 793 enim
2424 738 2564 809 loqui
2600 736 2781 807 liceat)
2810 736 3130 806 principium
3162 745 3246 789 est
3277 750 3292 799 ;
3334 733 3563 799 Filium,
3589 737 3682 803 qui

2090 841 2144 885 et
2173 830 2349 900 λόγος,
2380 831 2481 885 hoc
2513 838 2594 885 est
2616 829 2767 899 juxta
2800 826 3049 897 Origenis
3077 828 3495 897 expositionem,
3518 828 3681 892 ratio,

2087 925 2140 979 in
2197 924 2264 979 iis
2300 923 2474 979 solum
2509 937 2630 992 qum
2666 922 2878 975 ratione
2910 920 3131 990 praedita
3175 929 3331 985 sunt,
3366 922 3478 974 vim
3521 937 3681 976 suam

2085 1018 2354 1089 experiri;
2408 1016 2673 1086 Spiritus,
2707 1018 2799 1085 qui
2852 1030 2880 1067 a
2924 1016 3212 1070 sanctitate
3258 1016 3541 1086 proprium
3577 1016 3681 1071 sibi

2086 1125 2382 1179 cognomen
2421 1109 2606 1174 habet,
2631 1109 2739 1162 vim
2770 1106 3096 1179 ἁγιαστικὴν
3130 1109 3194 1163 ad
3228 1118 3448 1163 sanctos
3479 1109 3680 1163 dunta-

2087 1214 2179 1255 χιιι
2215 1203 2505 1270 pertinere.

2159 1288 2389 1344 XXVIII.
2418 1288 2531 1361 (l8)
2559 1288 2735 1358 Atque
2773 1289 2887 1344 haec
2912 1288 3203 1359 ἀποτόμως
3231 1288 3301 1342 ita
3328 1289 3561 1358 'sumpta
3589 1289 3680 1344 vix

2085 1397 2167 1443 est
2228 1395 2287 1439 ut
2346 1384 2823 1453 reprehensionem
2877 1384 3153 1455 effugiant.
3193 1384 3263 1437 At
3311 1384 3355 1438 si
3423 1385 3555 1454 quis
3610 1387 3680 1440 ad

2087 1487 2322 1533 mentem
2352 1478 2534 1547 potius
2563 1476 2813 1549 Origenis
2842 1495 3006 1549 quam
3036 1482 3103 1534 ad
3146 1483 3309 1536 verba
3355 1481 3679 1544 attenderit,

2085 1571 2241 1624 aliter
2268 1572 2485 1625 sentiet.
2509 1568 2769 1636 Quamvis
2808 1571 2953 1625 enim
2985 1587 3090 1625 una
3114 1572 3415 1640 eademque
3445 1574 3559 1627 sint
3588 1587 3679 1628 sa-

2085 1676 2194 1716 crae
2226 1659 2512 1717 Trinitatis
2558 1670 2819 1717 extranea
2852 1676 3045 1731 Opera,
3082 1673 3139 1718 et
3182 1664 3447 1734 quidquid
3478 1663 3599 1735 agit
3624 1666 3683 1719 in

2086 1756 2250 1810 rebus
2293 1757 2538 1811 externis
2588 1754 2788 1821 Pater,
2834 1756 2938 1811 hoc
2991 1766 3115 1828 agat
3144 1768 3198 1813 et
3235 1758 3440 1824 Filius,
3480 1758 3594 1814 hoc
3627 1770 3685 1815 et

396 1855 592 1923 Clqutle
637 1854 953 1920 impertiens
993 1854 1059 1905 de
1099 1867 1198 1906 suo
1223 1894 1238 1916 ,
1276 1852 1390 1919 ipse
1426 1848 1572 1903 enim
1603 1857 1684 1903 est
1716 1848 1805 1916 qui
1852 1856 1936 1901 est
1967 1864 1980 1902 :
2018 1829 2058 1888 Β
2094 1846 2334 1917 Spiritus
2360 1859 2613 1915 sanctus;
2638 1851 2893 1919 quaedam
2914 1858 3095 1906 tamen
3120 1850 3266 1905 Patri
3299 1851 3685 1922 assignariso-

395 1948 541 2016 quod
582 1962 713 2001 vero
746 1946 923 1999 minor
973 1944 1133 1998 Patre
1170 1942 1340 1996 Filius
1384 1942 1450 1997 ad
1492 1940 1605 1995 sola
1641 1938 1985 1993 rationabilia

394 2038 666 2110 pervenit,
699 2048 783 2091 est
813 2037 957 2090 enim
1004 2036 1275 2090 secundus
1317 2049 1344 2086 a
1382 2032 1581 2098 Patre,
1611 2032 1787 2085 adhuc
1824 2031 1988 2084 etiam

396 2126 580 2179 minor
615 2134 701 2179 est
735 2123 971 2193 Spiritus
1000 2132 1224 2179 sanctus
1252 2124 1318 2177 ad
1355 2122 1500 2177 solos
1537 2129 1757 2175 sanctos
1797 2135 1989 2189 perve-

399 2219 578 2271 niens.
612 2215 691 2270 Ita
723 2232 790 2270 ex
823 2216 924 2270 hoc
947 2215 1120 2283 major
1146 2226 1230 2270 est
1259 2224 1500 2284 potestas
1525 2213 1704 2269 Patris
1723 2228 1831 2282 prae
1852 2212 1990 2266 Filio

397 2318 453 2363 et
474 2309 679 2378 Spiritu
705 2318 914 2372 sancto,
944 2307 1285 2377 ampliorque
1309 2305 1429 2359 Filii
1461 2319 1572 2374 pra:
1611 2303 1815 2372 Spiritu
1857 2318 1987 2356 san-

397 2410 485 2455 cto
506 2417 521 2467 ;
546 2416 607 2456 ac
632 2417 845 2455 rursum
876 2402 1225 2470 praestantior
1257 2400 1431 2454 sancti
1471 2397 1708 2468 Spiritus
1753 2406 1991 2468 potestas

395 2508 511 2563 prae
554 2493 679 2547 aliis
708 2494 923 2548 entibns
958 2492 1185 2549 sanctis.
1214 2511 1231 2543 ι
1258 2492 1334 2545 Εχ
1366 2492 1471 2547 hoc
1515 2491 1765 2560 dogmate
1804 2500 1987 2557 aptum

397 2600 482 2643 est
519 2590 645 2644 illud
676 2605 706 2644 e
742 2600 874 2643 tom.
910 2604 950 2644 ιι
994 2586 1351 2643 Commentar.
1379 2588 1434 2640 in
1458 2583 1812 2654 Matth.,pag.
1842 2583 1941 2637 441
1969 2598 1983 2635 :

395 2677 494 2747 Εἷς
512 2681 569 2735 δὲ
596 2680 796 2751 ποιμὴν
813 2680 919 2733 τῶν
940 2679 1175 2748 λογικῶν
1194 2681 1221 2731 ὁ
1238 2679 1406 2747 Λόγος
1423 2694 1437 2707 '
1456 2684 1511 2732 et
1536 2676 1678 2731 istud
1702 2690 1733 2730 e
1759 2685 1889 2728 tom.
1908 2689 1985 2738 XI,

398 2790 519 2845 pag.
554 2773 659 2829 506
686 2792 699 2827 :
727 2774 880 2843 Τάχα
912 2773 969 2825 δὲ
998 2773 1092 2826 καὶ
1123 2772 1229 2825 τῶν
1258 2771 1434 2840 λόγων
1479 2767 1653 2842 Ἰησοῦ
1703 2768 1808 2821 εἰσί
1842 2783 1987 2828 τινες

395 2866 551 2939 ἄρτοι
575 2866 671 2931 οὒς
702 2870 813 2930 τοῖς
843 2866 1246 2937 λογικωτέροις,
1269 2866 1343 2929 ὡς
1382 2865 1612 2929 τέκνοις,
1641 2862 1815 2930 ἔξεστι
1857 2860 1989 2915 διδό-

396 2976 485 3012 ναι
520 2959 700 3030 μόνοι·
735 2961 952 3028 etquod
985 2958 1146 3015 docet
1177 2968 1306 3011 tom.
1344 2973 1395 3011 vt
1432 2958 1489 3009 in
1510 2955 1839 3024 Joan.,pag.
1862 2954 1982 3018 I07,

396 3052 674 3106 Christum
702 3065 823 3107 esse
864 3050 1256 3122 αὑτοαλήθειαν
1289 3049 1388 3121 τὴν
1417 3046 1673 3118 οὐσιὼδη,
1713 3047 1807 3100 καὶ
1834 3064 1985 3117 πρω-

395 3143 623 3197 τότυπον
651 3143 749 3212 τῆς
789 3143 848 3196 ἐν
875 3145 995 3205 ταῖς
1025 3141 1267 3211 λογικαῖς
1298 3140 1495 3210 ψυχαῖς
1521 3137 1776 3208 ἀληθείας
1799 3153 1812 3165 °
1841 3146 1892 3238 εἰ
1930 3136 1980 3189 id
2009 3179 2053 3238 ο

396 3250 610 3304 quoque
644 3250 675 3288 e
715 3245 846 3289 tom.
883 3247 1055 3297 χχχιι,
1091 3248 1143 3301 p.
1186 3231 1289 3285 450
1322 3231 1529 3303 εὊλης
1574 3231 1672 3301 μὲν
1700 3227 1792 3283 οὖν
1832 3224 1982 3299 οἶμαι

394 3326 495 3396 τῆς
521 3326 679 3394 δόξης
697 3326 792 3379 τοῦ
826 3326 960 3379 Θεοῦ
993 3324 1158 3380 αὑτοῦ
1187 3324 1527 3393 ἀπαύγασμα
1554 3317 1693 3376 εἶναι
1715 3322 1804 3375 τὸν
1833 3321 1981 3386 Υἱδν,

396 3417 541 3472 κατὰ
568 3417 657 3471 τὸν
686 3418 911 3472 εἰπόντα
935 3416 1148 3472 Παῦλον
1172 3434 1185 3445 ·
1226 3418 1331 3483 Ὃς
1362 3415 1446 3469 ὢν
1477 3417 1844 3486 ἀπαύγασμα
1875 3411 1985 3481 τῆς

395 3511 581 3579 δόξης
614 3528 629 3541 ’
680 3510 903 3579 φθάνειν
960 3510 1210 3581 μέντοιγε
1248 3510 1355 3563 ἀπὸ
1400 3508 1495 3562 τοῦ
1552 3510 1986 3580 ἀπαυγάσματος

393 3603 587 3657 τούτου
613 3604 712 3674 τῆς
746 3604 871 3675 ὅλης
897 3601 1056 3674 δόξης
1094 3600 1295 3673 μερικὰ
1328 3600 1734 3672 ἀπαυγάσματα
1766 3602 1858 3654 ἐπὶ
1887 3601 1985 3674 τὴν

395 3693 586 3767 λοιπὴν
614 3695 836 3767 λογικὴν
870 3696 1045 3748 κτίσιν
1065 3712 1080 3724 ·
1111 3706 1165 3751 et
1193 3695 1336 3764 quod
1369 3694 1446 3747 ait
1484 3704 1614 3748 tom.
1666 3711 1681 3748 ι
1716 3694 1768 3747 in
1795 3693 1984 3758 Joan.,

396 3804 549 3842 num.
583 3788 672 3851 29.
707 3789 981 3844 Christum
1038 3797 1267 3843 eatenus
1319 3786 1495 3842 lucem
1531 3802 1686 3851 esse,
1721 3784 1987 3856 quatenus

396 3890 609 3935 mentes
637 3881 864 3935 rationis
898 3881 1191 3950 participes
1222 3881 1479 3935 illustrat.
1534 3880 1710 3947 Atque
1753 3879 1880 3932 item
1930 3878 1989 3930 il-

394 3970 488 4025 lud
507 3973 647 4040 quod
678 3972 728 4024 in
755 3971 925 4039 IHepl
947 3971 1170 4041 ἀρχῶν,
1184 3987 1304 4042 cap.
1329 3974 1386 4037 5,
1432 3988 1580 4025 num.
1606 3970 1659 4033 5,
1691 3970 1989 4023 Ruﬁnianus

396 4062 861 4131 interpretationis
886 4064 1099 4131 reperio
1125 4082 1138 4117 :
1164 4083 1181 4115 ι
1211 4063 1267 4117 In
1303 4064 1407 4117 illis
1436 4062 1565 4119 solis
1601 4062 1839 4116 arbitror
1869 4076 1989 4116 esse

395 4169 532 4224 opus
567 4155 802 4225 Spiritus
851 4157 1054 4217 sancti,
1084 4157 1174 4225 qui
1207 4156 1322 4225 jam
1365 4171 1425 4210 se
1471 4156 1539 4208 ad
1586 4154 1807 4208 meliora
1855 4169 1987 4207 con-

394 4255 637 4311 vertunt,
669 4257 725 4302 et
772 4264 867 4318 per
902 4249 1014 4304 vias
1057 4249 1183 4304 Jesu
1224 4248 1427 4303 Christi
1482 4249 1769 4311 incedunt,
1813 4247 1985 4310 idest,

396 4346 525 4392 sunt
572 4338 623 4392 in
656 4339 811 4393 bonis
848 4341 1093 4407 actibus,
1127 4350 1181 4395 et
1230 4340 1283 4392 in
1327 4337 1438 4393 Deo
1486 4348 1825 4408 permanent.
1872 4358 1891 4390 ι
1928 4338 1994 4392 Ει.

394 4430 558 4501 paulo
585 4430 809 4486 interius
845 4446 860 4485 :
898 4451 916 4483 ι
954 4431 1067 4488 Hoc
1118 4447 1259 4501 ergo.
1280 4440 1439 4501 pacto
1490 4431 1738 4501 operatio
1773 4432 1992 4486 virtutis

2092 1940 2225 2005 lent,
2246 1941 2352 1995 alia
2383 1941 2542 2007 Filio,
2571 1943 2675 1999 alia
2704 1944 2931 2015 Spiritui
2967 1953 3175 2000 sancto.
3207 1943 3681 2010 Quemadmodum

2087 2048 2216 2105 ergo
2236 2033 2379 2089 Patri
2404 2036 2561 2107 vulgo
2580 2038 2896 2092 attribuitur
2916 2053 3039 2093 crea
3052 2039 3125 2092 tio
3149 2054 3346 2103 rerum,
3366 2037 3489 2093 licet
3512 2039 3684 2094 trium

2090 2142 2341 2197 peraeque
2368 2144 2727 2198 personarum
2782 2131 2881 2197 sit;
2926 2129 3003 2185 ita
3036 2130 3203 2195 Filio,
3227 2131 3318 2199 qui
3362 2141 3449 2184 est
3476 2131 3685 2200 Λόγος,

2090 2220 2331 2272 omnium
2379 2220 2610 2289 λογικῶν
2642 2237 2827 2276 curam
2860 2220 3123 2291 Origenes
3174 2223 3435 2286 ascribit;
3470 2226 3686 2277 sancti-

2091 2310 2292 2363 tudinis
2346 2325 2474 2365 vero
2524 2311 2877 2365 collationem
2922 2313 3121 2368 addicit
3176 2312 3405 2381 Spiritui
3458 2323 3682 2377 sancto,

2084 2399 2237 2468 juxta
2270 2398 2427 2455 Rom.
2458 2415 2508 2467 ι,
2544 2400 2600 2467 4,
2630 2410 2685 2455 et
2726 2400 2771 2455 II
2809 2401 3008 2457 Thess.
3042 2419 3115 2466 ιι,
3148 2403 3249 2464 15.
3277 2405 3530 2471 quamvis
3583 2405 3684 2460 toti

2093 2488 2344 2545 Trinitati
2383 2492 2665 2548 debeatur.
2714 2492 2989 2563 Scriptum
3033 2492 3155 2548 estl
3182 2493 3325 2549 Petr.
3357 2511 3398 2559 ι,
3427 2495 3496 2549 2:
3530 2513 3553 2545 α
3583 2495 3682 2550 Se-

2092 2588 2324 2641 cundum
2359 2590 2755 2657 praescientiam
2800 2590 2895 2645 Dei
2947 2592 3145 2657 Patris,
3192 2592 3245 2646 in
3283 2592 3685 2650 sanctiﬁcatio-

2092 2694 2212 2733 nem
2253 2670 2509 2748 Spiritus,
2542 2681 2595 2736 in
2651 2682 3015 2737 obedientiam
3068 2695 3123 2738 et
3151 2685 3521 2753 aspersionem
3554 2700 3687 2742 san-

2089 2771 2267 2837 guinis
2307 2769 2433 2826 Jesu
2482 2772 2706 2828 Christi.
2746 2792 2765 2826 »
2806 2772 3147 2832 Praescientia
3191 2776 3365 2840 P'atri,
3398 2782 3686 2834 sanctitu—

2086 2860 2230 2915 dinis
2256 2860 2458 2917 inlusio
2508 2862 2735 2934 Spiritui
2774 2875 2969 2921 sancto
3007 2867 3279 2922 tribuitur.
3322 2867 3415 2924 Sic
3442 2870 3689 2925 sensisse

2088 2952 2374 3022 Origenem
2404 2968 2473 3009 ex
2508 2956 2575 3011 iis
2615 2955 2741 3011 licet
2784 2956 3098 3014 existimare
3130 2975 3251 3029 qua:
3293 2972 3512 3017 exstant
3548 2964 3684 3019 lib.t

2087 3044 2227 3113 Περὶ
2245 3045 2466 3117 ἀρχῶν,
2490 3062 2606 3117 cap.
2640 3049 2695 3114 5,
2722 3064 2871 3102 num.
2893 3050 2928 3103 7
2958 3066 2974 3104 :
3011 3071 3031 3103 ι
3057 3051 3227 3107 Porro
3257 3063 3437 3110 autem
3475 3056 3529 3111 in
3563 3054 3686 3111 Tri-

2088 3138 2257 3194 nitate
2312 3139 2449 3194 nihil
2498 3141 2675 3211 majus
2730 3142 2977 3198 minusve
3036 3145 3325 3200 dicendum
3379 3155 3502 3211 est,
3559 3164 3685 3203 cum

2087 3230 2245 3285 unius
2297 3231 2597 3289 divinitatis
2638 3233 2761 3291 fons
2796 3235 2976 3291 Verbo
3004 3251 3068 3292 ac
3104 3238 3315 3293 ratione
3357 3254 3454 3293 sua
3489 3250 3678 3295 teneat

2088 3323 2375 3389 universa;
2408 3324 2617 3395 Spiritu
2647 3344 2776 3384 vero
2802 3332 2915 3385 oris
2938 3330 3020 3384 sui
3054 3345 3177 3400 qua:
3199 3331 3362 3401 digna
3393 3342 3525 3387 sunt
3551 3348 3683 3388 san-

2087 3416 2419 3472 ctilicatione
2465 3420 2808 3487 sanctiﬁcet,
2854 3422 2996 3477 sicut
3045 3424 3096 3476 in
3144 3421 3363 3477 Psalmo
3410 3425 3685 3492 scriptum

2085 3516 2170 3562 est
2207 3526 2219 3561 :
2266 3507 2435 3562 Verbo
2469 3508 2681 3564 Domini
2708 3512 2823 3566 caeli
2847 3513 3049 3581 ﬁrmati
3078 3523 3238 3579 sunt,
3266 3523 3314 3568 et
3342 3514 3538 3581 spiritu
3572 3518 3685 3570 oris

2087 3598 2199 3666 eius
2240 3601 2407 3655 onmis
2445 3604 2606 3656 virtus
2652 3619 2835 3656 eorum
2860 3603 2929 3657 ⁸⁸.
2968 3602 3064 3658 Est
3102 3606 3264 3658 etiam
3306 3605 3563 3673 quadam
3597 3607 3685 3661 in-

2087 3692 2331 3759 Operatio
2376 3691 2470 3747 Dei
2514 3692 2701 3748 Patris
2747 3694 3016 3764 prazcipua
3060 3706 3257 3765 praeter
3298 3696 3483 3761 illam,
3516 3711 3687 3765 quam

2088 3783 2343 3839 omnibus
2377 3794 2437 3837 ut
2476 3794 2665 3840 essent
2694 3785 3017 3840 naturaliter
3054 3788 3325 3857 praestitit.
3359 3788 3459 3844 Est
3494 3801 3553 3845 et
3584 3791 3692 3846 Do-

2090 3876 2218 3929 mini
2250 3873 2376 3931 Jesu
2400 3873 2601 3930 Christi
2629 3876 2959 3947 praecipuum
2990 3879 3260 3948 quoddam
3287 3881 3691 3951 ministerium,

2090 3968 2145 4021 in
2190 3984 2282 4024 eos
2326 3969 2523 4038 quibus
2559 3969 2879 4023 naturaliter
2911 3980 2971 4024 ut
3006 3971 3355 4027 rationabiles
3391 3973 3529 4037 sint,
3564 3992 3697 4031 co:-

2091 4060 2231 4125 fert,
2262 4076 2357 4129 per
2393 4062 2535 4130 quod
2568 4061 2635 4114 ad
2670 4061 2785 4116 haec
2829 4077 2949 4131 quae
2983 4072 3143 4129 sunt,
3169 4073 3461 4133 prastatur
3494 4068 3582 4123 eis
3633 4081 3695 4122 ut

2092 4153 2228 4207 bene
2269 4155 2402 4207 sint.
2437 4153 2531 4207 Est
2569 4163 2623 4207 et
2656 4155 2759 4209 alia
2796 4171 3012 4226 quoque
3038 4158 3200 4211 etiam
3238 4156 3475 4227 Spiritus
3504 4165 3693 4217 sancti

2093 4247 2263 4313 gratia
2292 4260 2411 4315 quae
2444 4246 2621 4317 dignis
2647 4256 2955 4316 praestatur,
2990 4250 3295 4306 ministrata
3335 4253 3562 4321 quidem
3595 4271 3695 4325 per

2092 4335 2388 4404 Christum,
2433 4340 2712 4411 inoperata
2756 4351 2935 4396 autem
2967 4357 2997 4395 a
3029 4343 3188 4399 Patre
3220 4347 3520 4402 secundum
3578 4364 3694 4404 me-

2096 4430 2259 4481 ritum
2300 4444 2486 4484 eorum
2542 4431 2632 4500 qui
2679 4446 2903 4499 capaces
2939 4433 3263 4491 ciliciuntur.
3309 4435 3464 4504 Quod
3509 4441 3694 4494 mani-

396 4521 492 4577 Dei
521 4507 701 4579 Patris
732 4533 787 4578 et
811 4523 935 4578 Filii
970 4524 1262 4578 indiscrete
1308 4536 1476 4591 super
1505 4537 1720 4577 omnem
1766 4535 1992 4593 praten-
2028 4524 2069 4580 D
2100 4512 2388 4577 festissitne
2429 4524 2631 4579 indicat
2660 4527 2934 4594 apostolus
2968 4529 3184 4593 Paulus,
3218 4544 3377 4583 unam
3401 4533 3692 4588 eamdem-

396 4616 547 4671 ditur
580 4626 933 4684 creaturam;
989 4616 1228 4684 Spiritus
1280 4615 1454 4671 sancti
1512 4624 1642 4670 vero
1696 4615 1990 4685 participa-

398 4706 603 4761 tionem
637 4722 666 4761 a
696 4708 903 4763 sanctis
942 4706 1327 4761 tantummodo
1367 4706 1554 4760 haberi
1593 4705 1919 4761 invenimus.
1962 4725 1981 4758 ι

396 4796 466 4853 Ει
492 4798 586 4853 lib.
616 4814 687 4852 vn
714 4802 769 4853 in
798 4799 967 4870 Epist.
996 4800 1065 4853 ad
1095 4799 1271 4863 Rom.,
1302 4815 1447 4853 num.
1474 4797 1508 4852 6
1540 4812 1556 4851 :
1592 4818 1609 4849 ι
1649 4798 1878 4852 Tantum
1904 4808 1990 4853 est

398 4892 537 4958 quod
565 4891 651 4945 ille
669 4890 953 4962 (Christus)
972 4907 1071 4961 pro
1103 4892 1281 4963 impiis
1313 4899 1559 4945 mortuus
1590 4899 1696 4957 est;
1728 4891 1806 4944 sic
1838 4890 1983 4943 enim

396 4992 452 5031 et
503 4980 620 5049 ipse
672 4980 870 5038 Paulus
917 4983 1184 5048 ostendit,
1223 4998 1346 5037 cum
1397 4982 1530 5037 dicit
1570 5000 1582 5035 :
1619 4981 1803 5034 Adhuc
1846 4982 1985 5035 enim

396 5068 661 5137 Christus,
687 5087 805 5125 cum
836 5072 1038 5140 inﬁrmi
1076 5090 1328 5140 essemus,
1351 5074 1638 5127 secundum
1663 5082 1863 5136 tempus
1889 5089 1983 5143 pro

395 5162 576 5232 impiis
612 5173 850 5220 mortuus
871 5175 947 5220 est
973 5166 1057 5220 "'z
1094 5178 1313 5222 sanctus
1360 5176 1540 5221 autem
1590 5165 1829 5235 Spiritus
1876 5181 1983 5220 non

468 5303 513 5336 ⁸⁷
544 5303 700 5360 Rom.
733 5321 783 5370 v,
818 5306 868 5360 6.
946 5308 994 5341 ”
1015 5307 1161 5365 Psal.
1190 5324 1362 5372 χχχιι,
1403 5308 1456 5363 6.
1532 5308 1578 5341 ⁸³
1605 5309 1620 5363 l
1646 5307 1773 5363 Cor.
1808 5323 1907 5373 xu,
1935 5306 2056 5363 4—7.

470 5429 583 5495 (18)
625 5431 791 5501 {Itque
812 5432 923 5486 [nec
954 5433 1264 5501 ἀποτσμως
1297 5436 1373 5484 ita
1402 5444 1628 5501 sumpta,
1651 5433 1740 5486 vix
1764 5441 1860 5497 est,
1886 5440 1991 5485 etc.

402 5498 460 5554 Si
487 5501 604 5554 sine
637 5498 796 5556 Patre
830 5498 1172 5555 rationabilis
1211 5519 1240 5556 a
1274 5503 1411 5557 Filio
1448 5498 1765 5565 illuminari,
1799 5512 1986 5556 sancta

402 5572 661 5643 aSpirilu
722 5573 1279 5643 sanctoisauctilicari
1322 5575 1525 5627 dicerct
1557 5571 1839 5643 Origenes,
1870 5588 1988 5626 me-

404 5642 510 5694 rito
549 5642 599 5694 in
636 5651 877 5696 sanctam
908 5642 1231 5698 Trinitatem
1260 5643 1556 5713 iniuriosus
1582 5644 1877 5707 videretur,
1904 5654 1987 5695 at-

405 5727 510 5783 que
543 5714 681 5783 haud
713 5714 825 5767 scio
857 5730 922 5767 an
962 5715 1134 5783 ipsum
1163 5714 1214 5768 in
1264 5714 1480 5768 Patrem
1519 5713 1845 5780 injuriosior.
1880 5714 1985 5766 Sed

406 5781 464 5836 in
490 5797 555 5836 eo
583 5782 725 5839 nulla
760 5784 917 5855 hujus
957 5781 1161 5842 erroris
1212 5786 1446 5856 suspicio
1474 5786 1689 5851 residet,
1724 5800 1786 5840 ac
1813 5783 1993 5838 Patris

2098 4629 2203 4684 que
2229 4616 2482 4671 virtutem
2514 4617 2799 4676 Trinitatis
2831 4636 3107 4691 exponens
3134 4623 3188 4676 in
3244 4638 3310 4677 eo
3350 4640 3478 4678 cum
3517 4626 3688 4681 dicit:

2097 4705 2389 4761 Divisiones
2429 4719 2552 4763 sunt
2587 4712 2869 4780 donorum,
2903 4714 3041 4769 idem
3091 4726 3265 4769 autem
3308 4713 3545 4782 Spiritus
3581 4733 3604 4770 :
3641 4732 3688 4774 et

2096 4800 2375 4855 divisiones
2421 4815 2541 4856 sunt
2581 4804 3027 4875 ministeriorum,
3074 4808 3213 4862 idem
3266 4820 3449 4865 autem
3498 4814 3690 4869 Domi-

2094 4905 2191 4942 nus
2224 4903 2243 4940 :
2278 4900 2325 4943 et
2375 4892 2656 4947 divisiones
2706 4898 3068 4964 operationum
3124 4911 3267 4965 sunt,
3317 4904 3459 4959 idem
3506 4916 3688 4960 autem

2091 4979 2234 5034 Deus
2257 4982 2346 5051 qui
2377 4995 2623 5051 aperatur
2652 4990 2831 5043 omnia
2862 4991 2919 5044 in
2959 4992 3220 5047 omnibus.
3254 4990 3557 5066 Unicuique
3588 5016 3692 5052 au-

2093 5080 2195 5125 tem
2244 5078 2405 5127 datur
2452 5077 2812 5145 manifestatio
2862 5079 3098 5150 Spiritus
3129 5087 3417 5139 secundum
3454 5089 3510 5141 id
3542 5092 3690 5160 quod

2092 5164 2300 5231 expedit
2346 5162 2415 5218 “.
2465 5165 2546 5219 Ex
2576 5182 2682 5237 quo
2718 5169 3161 5229 manifestissime
3192 5176 3515 5243 designatur
3542 5184 3690 5251 qucd

2105 5430 2356 5505 virtutem
2388 5431 2440 5505 in
2467 5431 2567 5505 hoc
2598 5442 2803 5505 tantum
2833 5434 3033 5489 virtute
3061 5415 3181 5489 Filii
3209 5445 3265 5491 et
3290 5436 3533 5505 Spiritus
3565 5452 3686 5492 ma-

2082 5501 2268 5573 jorem
2295 5502 2426 5573 d_ic_it
2458 5512 2511 5556 et
2557 5502 2717 5557 latins
2749 5517 3048 5571 parentem,
3082 5509 3224 5573 quod
3254 5501 3378 5561 cum
3437 5514 3684 5563 rationa-

2096 5572 2275 5645 biliaa
2314 5571 2457 5645 Filio
2480 5573 2765 5645 rationem,
2799 5586 2984 5628 sancta
3024 5592 3053 5629 a
3082 5571 3285 5645 Spiritu
3331 5581 3682 5633 sanctitatem

2096 5641 2384 5709 accipiant,
2418 5640 2584 5695 Filius
2630 5661 2656 5697 a
2706 5643 2885 5699 Patre.
2925 5640 3160 5713 Spiritus
3191 5664 3219 5700 a
3264 5646 3426 5702 Patre
3461 5660 3519 5704 et
3546 5649 3683 5704 Filio

2094 5714 2274 5764 omnia
2303 5715 2705 5780 acceperint.—
2736 5717 2792 5769 υ.
2831 5717 3173 5772 Prudentius.
3204 5717 3401 5775 Manu
3422 5718 3507 5775 De

2096 5784 2257 5836 nitate
2288 5784 2505 5850 Christi,
2535 5785 2626 5840 lib.
2664 5800 2735 5851 tv,
2765 5802 2883 5856 cap.
2914 5787 2999 5853 16,
3029 5804 3175 5844 ουιιι.
3199 5790 3263 5842 ‘3.
