3860 6230
224 335 329 391 789

1029 328 1602 388 ORIGENIANOHUM
1640 328 1766 382 ΜΒ.
1811 324 1876 391 ll,
1917 327 2069 384 CAP.
2114 326 2177 395 ll,
2215 328 2496 396 QUEST.
2541 329 2608 383 ll.

3384 332 3495 387 πθ

224 441 377 507 ιιιιΙΙιί
397 461 480 507 est
501 453 553 506 in
586 438 850 506 Trinitate
876 450 1154 516 discretio,
1179 453 1271 509 sed
1310 452 1415 505 hoc
1442 453 1584 520 quod
1611 450 1806 504 donum
1836 454 1883 511 Α
1913 449 2029 516 prie
2057 450 2309 505 vocamus
2342 450 2559 504 nomine
2598 448 2911 518 Sapientiae,
2946 464 3069 504 cum
3097 450 3169 504 sit
3198 448 3484 505 univer5a~

225 544 462 615 Spiritus
484 545 705 607 dicitur,
749 543 1125 597 manifestatur
1171 560 1266 613 per
1296 544 1511 607 Filium,
1536 553 1589 597 et
1619 543 1807 612 inope-

227 646 500 709 raturper
529 634 696 688 Deum
727 632 1169 688 Patrem.0mnia
1189 643 1367 687 autem
1396 641 1643 702 operatur
1670 645 1805 682 unus

224 743 381 801 atque
407 731 543 783 idem
579 710 836 797 Spiritus,
868 728 1103 782 dividens
1131 728 1408 794 unicuique
1432 733 1585 793 prout
1621 722 1753 776 vult.
1781 738 1801 772 ι

227 822 368 889 Quin
393 822 555 876 etiam
600 820 971 875 sanctimonia:
1004 818 1345 874 collationem
1383 815 1521 870 idem
1564 813 1699 867 Filio
1725 827 1812 867 as-

229 914 437 985 signat;
470 912 750 983 sapientiae
783 926 913 966 vero
945 926 1009 964 ac
1053 909 1296 965 scientia:
1327 906 1555 977 gratiam
1585 903 1807 974 Spiritui

228 1018 416 1067 sancto
440 1007 621 1061 itidem
648 1012 706 1057 ut
739 1002 875 1057 Filio
896 1009 1167 1070 acceptam
1203 998 1389 1054 refert.
1423 1017 1442 1049 ε
1474 995 1647 1059 Unde,
1679 1015 1697 1046 ι
1732 997 1813 1048 in-

227 1101 366 1172 quit,
390 1097 522 1153 ibid.
553 1110 701 1150 num.
722 1094 774 1157 8,
796 1112 814 1145 ι
841 1092 1138 1163 inoperatio
1163 1090 1362 1154 Patris,
1388 1103 1507 1159 quae
1537 1102 1654 1141 esse
1679 1100 1812 1155 prae-

229 1202 340 1249 stat
381 1189 652 1252 omnibus,
696 1185 893 1240 clarior
941 1199 1005 1239 ac
1043 1181 1474 1252 magniﬁcentior
1516 1179 1807 1240 invenitur,

228 1300 351 1340 cum
398 1280 763 1351 unusquisque
805 1292 900 1346 per
946 1276 1414 1346 participationem
1454 1272 1691 1335 Christi,
1734 1285 1813 1323 se-

228 1378 465 1434 cundum
496 1375 548 1427 id
576 1372 717 1442 quod
751 1369 1014 1438 sapientia
1047 1379 1151 1434 est,
1182 1378 1235 1423 et
1263 1366 1554 1422 secundum
1588 1363 1640 1418 id
1674 1362 1815 1431 quod

229 1470 455 1528 scientia
482 1478 586 1534 est,
620 1477 675 1521 et
698 1463 1061 1522 sanctiﬁcatio
1089 1471 1198 1527 est,
1224 1463 1459 1532 prolicit,
1482 1472 1536 1515 et
1565 1461 1619 1515 in
1656 1462 1814 1516 altio-

229 1580 320 1620 res
347 1561 681 1634 profectuum
710 1558 909 1630 gradus
933 1556 1099 1623 venit,
1118 1564 1171 1610 et
1190 1571 1285 1625 per
1310 1557 1411 1610 hoc
1435 1554 1575 1624 quod
1604 1554 1816 1624 partici-

227 1654 448 1724 patione
484 1650 657 1707 sancti
705 1648 935 1718 Spiritus
964 1649 1137 1702 factus
1174 1654 1257 1701 est
1284 1646 1406 1715 quis
1442 1645 1626 1714 purior
1656 1653 1816 1713 atque

228 1746 513 1811 sincerior,
527 1742 748 1798 effectus
766 1742 959 1812 dignus
979 1740 1166 1809 recipit
1187 1738 1463 1807 sapientia:
1492 1752 1552 1790 ac
1574 1737 1814 1791 scientiae

227 1840 483 1912 gratiam.
524 1855 541 1887 ι
573 1833 788 1903 Repetit
826 1833 931 1886 ista
976 1845 1096 1899 cap.
1138 1828 1232 1896 18,
1283 1837 1477 1882 auctor
1518 1826 1682 1881 libelli
1736 1825 1813 1879 De

225 1933 427 1986 deitate
461 1938 510 1982 et
547 1927 910 1980 incarnatione
945 1921 1121 1987 Verbi,
1155 1920 1222 1975 ad
1254 1918 1703 1987 Januarium,qui
1746 1918 1812 1971 ad

226 2024 436 2081 calcem
500 2017 739 2074 tomi~lV
803 2014 1091 2085 Augustini
1134 2012 1494 2067 subnectitur.
1552 2008 1681 2075 Quae
1746 2025 1815 2065 ne

226 2118 354 2189 quis
387 2132 416 2169 a
453 2113 646 2168 Ruﬁno
676 2111 973 2178 interprete
1010 2107 1062 2160 in
1095 2102 1344 2175 Origenis
1386 2103 1614 2171 gratiam
1646 2103 1814 2156 conli-

227 2224 321 2265 Cta
355 2216 528 2279 putet,
564 2204 793 2260 similem
828 2201 1185 2270 adjnngemus
1231 2196 1409 2249 locum
1437 2210 1466 2248 e
1511 2204 1641 2248 tom.
1683 2209 1721 2246 ιι
1762 2194 1814 2246 in

226 2303 431 2365 Joan.,
465 2313 612 2352 num.
656 2296 688 2350 6
726 2315 738 2349 :
775 2288 849 2348 Οὖ
893 2292 1065 2363 (Υἱοῦ)
1105 2289 1324 2362 χρῄζειν
1375 2287 1519 2342 ἔοικε
1559 2288 1621 2340 τὸ
1662 2288 1815 2355 ἆγιον

226 2393 477 2463 Πνεῦμα,
512 2387 881 2449 διακονοῦντος
934 2383 1097 2438 αὐτοῦ
1118 2387 1182 2455 τῇ
1213 2382 1536 2440 ὑποστάσει,
1569 2382 1629 2433 οὐ
1658 2381 1816 2451 μόνον

227 2488 314 2548 εἰς
348 2485 409 2537 τὸ
436 2479 593 2546 εἶναι,
616 2480 752 2534 ἀλλὰ
800 2480 891 2532 καὶ
936 2477 1095 2546 σοφὸν
1132 2472 1291 2539 εἶναι,
1320 2476 1416 2528 καὶ
1446 2473 1681 2542 λογικὸν,
1724 2472 1817 2525 καὶ

227 2582 459 2643 δίκαιον,
484 2578 578 2630 καὶ
600 2576 708 2628 πᾶν
733 2572 1016 2626 ὁτιποτοῦν
1044 2569 1148 2641 χρὴ
1177 2569 1308 2623 αὐτὸ
1337 2568 1476 2622 νοεῖν
1504 2565 1814 2636 τυγχάνειν,

229 2672 376 2727 κατὰ
402 2668 631 2742 μετοχὴν
658 2667 767 2721 τῶν
805 2664 1215 2736 προειρημένων
1252 2662 1380 2731 ἡμῖν
1410 2657 1646 2730 Χριστοῦ
1695 2657 1816 2708 sm-
1876 2670 1883 2681 ‘

227 2765 391 2819 νοιῶν
410 2782 422 2793 ·
443 2759 596 2834 οἶμαι
626 2762 683 2814 δὲ
709 2760 770 2813 τὸ
791 2760 942 2828 ἅγιον
969 2755 1191 2826 Πνεῦμα
1220 2753 1338 2825 τὴν,
1369 2753 1435 2805 ἵν’
1459 2751 1632 2814 οὕτως
1656 2750 1816 2814 εἴπω,

229 2858 367 2929 ὕλην
404 2855 514 2909 τῶν
562 2853 670 2907 ἀπὺ
711 2851 845 2905 Θεοῦ
900 2848 1253 2921 χαρισμάτων
1303 2844 1562 2916 παρέχειν
1588 2844 1699 2905 τοῖς
1751 2841 1817 2894 δι’

230 2950 368 3005 αὐτὸ
400 2948 494 3002 καὶ
534 2945 632 3018 τὴν
671 2943 902 3016 μετοχὴν
928 2940 1093 2995 αὐτοῦ
1143 2936 1574 3010 χρηματίζουσιν
1620 2933 1816 3002 ἁγίοις,

227 3044 334 3115 τῆς
383 3039 680 3111 εἰρημένης
714 3036 844 3106 ὕλης
894 3033 1001 3087 τῶν
1032 3031 1384 3103 χαρισμάτων
1425 3025 1820 3099 ἐνεργουμένης

235 3138 338 3208 μὲν
360 3135 467 3189 ἀπὸ
494 3128 588 3185 τοῦ
609 3130 765 3194 Θεοῦ,
782 3125 1199 3196 διακονουμένης
1231 3123 1287 3175 δὲ
1314 3121 1418 3174 ὑπὸ
1438 3118 1531 3173 τοῦ
1561 3116 1821 3189 Χριστοῦ,
1852 3150 1894 3207 C

230 3226 555 3297 ὑφεστώσης
571 3224 625 3276 δὲ
647 3220 785 3275 κατὰ
799 3220 861 3273 τὺ
878 3219 1028 3287 ἆγιον
1041 3216 1285 3286 Πνεῦμα·
1303 3214 1395 3266 καὶ
1412 3214 1552 3265 κινεῖ
1574 3228 1639 3282 με
1663 3212 1743 3273 εἰς
1764 3208 1825 3261 τὸ

228 3316 569 3379 ταῦθόῦτως
591 3315 731 3386 ἔχειν
751 3309 1036 3365 ὑπολαϐεῖν
1064 3306 1275 3370 Παῦλος
1301 3322 1367 3358 πε
1378 3308 1429 3375 pl.
1460 3302 1819 3374 χαρισμάτων

230 3415 378 3471 οὕτω
405 3428 508 3464 που
552 3408 791 3479 γράφων·
827 3400 1149 3471 Διαιρέσεις
1178 3398 1246 3452 δὲ
1279 3398 1659 3467 χαρισμάτων
1682 3396 1823 3462 εἰσὶ,

230 3504 304 3558 τὸ
335 3499 548 3555 δἀὐτὸ
569 3496 837 3565 Πνεῦμω
866 3492 963 3546 καὶ
992 3488 1309 3558 διαιρέσεις
1340 3484 1654 3540 διακονιῶν
1684 3484 1823 3547 εἰσὶ,

232 3596 338 3652 καὶ
366 3598 399 3649 ό
433 3591 614 3656 αὐτὸς
647 3588 861 3656 Κύριος
897 3600 911 3615 ·
932 3582 1029 3636 καὶ
1068 3580 1384 3650 διαιρέσεις
1414 3574 1827 3647 ἐνεργημάτων

233 3687 379 3752 εισι,
406 3685 505 3739 καὶ
530 3687 562 3737 ὁ
595 3682 777 3747 αὑτός
814 3680 947 3733 ἐστι
996 3674 1141 3742 Θεὸς
1170 3678 1202 3729 ό
1231 3670 1490 3742 ἐνεργῶν
1516 3670 1587 3724 τὰ
1626 3669 1824 3724 πάντα

231 3782 310 3834 ἐν
340 3775 546 3832 πᾶσιν.
592 3772 796 3841 Purgat
819 3777 874 3823 et
904 3766 1034 3823 illud
1064 3764 1351 3835 Origenem
1390 3762 1534 3832 quod
1574 3761 1625 3815 in
1652 3760 1823 3829 prima

232 3873 358 3942 ejus
388 3873 440 3924 in
470 3869 675 3924 Isaiam
708 3862 938 3921 bomelia
963 3860 1161 3929 legitur
1193 3870 1344 3911 num.
1370 3854 1404 3907 4
1430 3872 1443 3908 :
1466 3873 1483 3904 ι
1507 3852 1751 3920 Denique
1768 3858 1825 3905 ut

235 3964 501 4018 unitatem
524 3958 746 4014 Deitatis
773 3955 827 4010 in
857 3953 1128 4008 Trinitate
1157 3944 1644 4017 cognoscas,solus
1665 3942 1823 3997 Chri-

236 4066 358 4111 stus
389 4054 442 4108 in
472 4050 721 4121 praesenti
751 4047 986 4103 lectione
1022 4057 1165 4098 nunc
1195 4049 1420 4110 peccata
1461 4034 1691 4091 dimittit
1722 4050 1737 4099 ;
1766 4041 1822 4087 et

239 4155 422 4200 tamen
472 4151 679 4197 certum
734 4146 819 4193 est
864 4151 894 4190 a
948 4132 1215 4188 Trinitate
1265 4136 1490 4198 peccata
1539 4124 1757 4179 dimitti.
1795 4143 1814 4176 ι

236 4237 443 4307 Purgat
474 4244 528 4291 et
554 4230 874 4287 Paschasius
895 4226 1173 4289 diaconus,
1193 4222 1287 4276 lib.
1308 4237 1326 4275 1
1350 4218 1428 4273 De
1453 4217 1658 4287 Spiritu
1694 4231 1822 4269 san-

238 4338 327 4383 cto
358 4325 494 4399 (l9),
525 4339 641 4395 cap.
673 4322 728 4387 9,
748 4319 996 4389 Origenis
1026 4315 1128 4371 sibi
1169 4310 1490 4367 sententiam
1520 4319 1815 4376 usurpans:

245 4440 265 4472 ‹
302 4396 570 4486 Quantum
595 4416 647 4468 in
672 4410 968 4481 Scripturis
1000 4406 1223 4471 sanctis,
1255 4402 1460 4471 inquit,
1492 4396 1818 4452 manifestis-

238 4514 380 4571 sime
416 4508 858 4581 deprehenditur,
885 4504 988 4557 alia
1018 4501 1181 4555 Pater
1209 4498 1323 4565 ipse
1354 4510 1449 4566 per
1470 4490 1669 4557 se,alia
1698 4502 1820 4558 spe-

237 4607 454 4665 cialiter
477 4621 568 4676 per
596 4603 812 4667 Filium,
844 4601 946 4654 alia
980 4612 1076 4667 per
1104 4593 1371 4663 Spiritum
1398 4595 1668 4647 sanctum,
1696 4582 1822 4635 licet

240 4701 347 4757 sub
389 4673 669 4769 priuilegio
698 4693 949 4763 potentia:
994 4684 1316 4746 communis,
1358 4689 1636 4749 operatur.
1683 4673 1821 4739 Quia

239 4808 447 4855 sumus,
478 4790 544 4844 ad
590 4788 801 4841 Patrem
851 4781 1065 4853 proprie
1113 4775 1303 4833 referri
1346 4774 1596 4834 videtur;
1624 4769 1817 4837 inquo,

241 4886 385 4941 sicut
426 4879 712 4950 Apostolus
742 4876 934 4930 dicit“
969 4890 982 4926 :
1026 4870 1279 4932 Vivimus,
1324 4878 1617 4927 movemur,
1654 4870 1700 4914 et
1734 4876 1821 4912 su-

240 4991 382 5030 mus.
417 4972 567 5041 Quod
615 4984 745 5024 vero
790 4966 1033 5028 rationis,
1064 4972 1120 5015 et
1156 4957 1455 5029 sapientiae,
1497 4963 1551 5008 et
1590 4950 1814 5020 justitia:

242 5081 474 5137 capaces
498 5078 701 5128 sumus,
719 5060 793 5115 illi
820 5057 1124 5130 specialiter
1141 5053 1231 5123 qui
1251 5058 1333 5105 est
1352 5049 1493 5102 ratio
1519 5056 1573 5100 et
1602 5046 1812 5114 sapien-

244 5161 343 5224 tia,
375 5168 430 5214 et
451 5155 681 5225 justitia,
717 5154 769 5208 id
800 5160 885 5206 est
918 5148 1054 5204 Filio
1095 5147 1405 5215 deputatur.
1439 5139 1591 5206 Quod
1630 5146 1810 5189 autem

240 5248 423 5305 vocati
455 5257 857 5315 rcgeneramur,
892 5237 1131 5294 innovati
1163 5232 1587 5291 sanctiﬁcamnr,
1609 5242 1704 5295 per
1733 5225 1813 5278 di-

242 5341 366 5394 vina
393 5337 599 5406 eloquia
632 5347 875 5404 persona:
901 5329 1133 5400 Spiritus
1161 5323 1330 5380 sancti
1358 5321 1633 5377 evidenter
1653 5317 1822 5371 ascri-

242 5435 409 5489 bitur.
439 5450 459 5483 )
489 5429 752 5485 Praeclare
782 5435 837 5482 et
876 5425 940 5479 ad
990 5435 1102 5476 rem
1139 5414 1473 5486 Augustinus
1504 5410 1599 5465 lib.
1634 5424 1700 5462 xv
1746 5406 1818 5460 De

245 5521 291 5576 Τ
296 5523 464 5586 rinit.,
505 5536 625 5589 cap.
655 5518 755 5572 l7:
790 5535 808 5569 ι
846 5515 997 5569 Sicut
1036 5510 1254 5565 unicum
1298 5504 1392 5559 Dei
1436 5502 1666 5557 Verbum
1693 5513 1819 5569 pro-

316 5639 363 5671 ⁸⁸
389 5635 407 5690 Ι
436 5635 563 5692 Cor.
592 5652 689 5699 ιιι,
727 5634 812 5687 ιι.
887 5631 928 5662 ⁵¹
954 5628 1073 5683 Act.
1104 5639 1235 5690 XVII,
1264 5622 1356 5679 ‘28.

318 5751 429 5820 (I9)
462 5749 615 5811 Tom.
656 5745 722 5800 Ἦ
762 5744 897 5820 Bibl.
933 5740 1083 5820 Patr.

466 5795 945 5886 i12i'5hr'}.£;£5ep
972 5811 1206 5881 δέησιν,
1248 5816 1354 5865 etc.
1390 5804 1465 5861 Ex
1522 5801 1624 5859 hoc
1670 5795 1819 5855 testi-

1913 539 2038 594 liter
2071 550 2122 594 et
2165 539 2396 610 Spiritus
2434 552 2685 605 sanctus,
2717 552 2771 594 et
2802 539 2963 594 Pater
3008 540 3120 610 ipsa
3171 538 3486 609 Sapientia;

1913 633 1987 687 ita
2023 633 2256 704 Spiritus
2312 642 2534 689 sanctus
2582 634 2798 702 proprie
2852 643 3194 703 nuncupatur
3223 633 3491 689 vocabulo

1865 715 1884 728 ⁸
1914 728 2216 791 charitatis,
2242 742 2363 782 cum
2394 728 2465 781 sit
2490 727 2873 784 universaliter
2901 728 3141 784 charitas
3172 736 3228 784 et
3254 726 3415 783 Pater
3437 736 3493 781 et

1914 818 2101 873 Filius.
2144 837 2163 869 ι

1987 933 2108 987 Pari
2148 933 2306 987 modo
2352 931 2655 1002 excipimus
2684 931 3001 1002 petitionem
3032 932 3257 987 alteram
3279 972 3293 994 ,
3327 947 3491 1000 supe-

1914 1028 2076 1083 rioris
2096 1026 2256 1094 hujus
2282 1024 2513 1080 amnem.
2556 1027 2816 1094 Queritur
2844 1026 3176 1080 Athanasius
3210 1028 3263 1079 in
3296 1024 3492 1079 Matth.

1916 1136 2015 1186 xu,
2040 1119 2129 1185 52,
2166 1129 2383 1188 putasse
2423 1117 2711 1191 Origenem
2743 1128 2963 1187 peccata
2995 1120 3047 1172 in
3086 1118 3345 1188 Spiritum
3369 1132 3497 1173 san-

1917 1220 2060 1266 ctum
2119 1224 2180 1264 ea
2236 1225 2357 1266 esse
2401 1226 2521 1280 quae
2560 1221 2681 1280 post
2730 1210 3054 1280 baptismum
3116 1211 3491 1264 admittuntur.

1917 1304 2119 1374 Nempe
2152 1320 2273 1359 cum
2303 1305 2357 1358 in
2388 1303 2595 1359 sanctis
2624 1312 2680 1358 et
2713 1302 3040 1358 Christianis
3078 1302 3250 1357 solum
3281 1301 3497 1369 operari

1919 1394 2179 1465 Spiritum
2221 1405 2469 1451 sanctum
2516 1396 2753 1458 dixerit,
2802 1395 3047 1463 sequitur
3098 1409 3217 1447 cum
3271 1402 3497 1463 peccant

1918 1489 2042 1556 ipsi,
2076 1497 2302 1557 peccato
2345 1487 2580 1555 ipsorum
2629 1502 2747 1540 eam
2783 1487 3053 1555 praecipue
3082 1484 3281 1539 oﬂ'endi
3314 1482 3497 1543 Trini-

1918 1582 2045 1635 tatis
2076 1592 2364 1649 personam
2391 1579 2583 1647 qmein
2605 1578 2671 1632 iis
2692 1587 2973 1647 operatur,
3004 1576 3268 1646 Spiritum
3299 1589 3497 1644 nempe

1917 1681 2184 1726 sanctum.
2215 1669 2329 1724 Non
2375 1670 2600 1724 multum
2652 1670 2775 1725 inde
2821 1669 3110 1724 abludebat
3141 1668 3495 1730 Novatianus,

1846 1800 1886 1854 Β
1923 1761 2302 1815 remissionem
2355 1771 2701 1831 peccatorum
2760 1761 2924 1830 lapsis
2986 1761 3205 1815 concedi
3258 1773 3496 1829 negans,

1914 1857 2056 1926 quod
2083 1855 2519 1910 Christianorum
2552 1854 2790 1922 peccatis
2825 1850 3029 1907 offendi
3064 1851 3324 1921 Spiritum
3368 1865 3494 1905 san-

1915 1956 2060 2000 ctum
2112 1947 2337 2012 diceret,
2371 1946 2526 2013 cujus
2566 1944 2894 1998 oiIensiones
2934 1957 3033 1997 nec
3077 1942 3129 1995 in
3168 1942 3270 1996 hoc
3302 1941 3499 1995 saecqu

1916 2052 2015 2091 nec
2048 2038 2101 2090 in
2128 2034 2308 2090 futuro
2344 2036 2545 2089 remitti
2576 2034 2825 2089 Christus
2849 2033 3052 2088 docuit.
3084 2032 3190 2088 Sed
3236 2034 3498 2102 quemad-

1916 2127 2131 2181 modum
2167 2127 2220 2179 in
2250 2125 2576 2180 Christianis
2605 2125 2818 2193 operari
2850 2124 3081 2178 credidit
3102 2123 3361 2193 Origenes
3392 2134 3502 2177 tres

1917 2220 2203 2274 Trinitatis
2230 2233 2526 2288 personas,
2563 2217 2778 2272 etiamsi
2822 2216 3069 2284 operatio
3121 2216 3235 2269 haec
3272 2213 3498 2283 Spiritui

1918 2322 2106 2367 sancto
2138 2311 2352 2381 proprie
2378 2308 2540 2364 tribui
2576 2309 2783 2373 soleat;
2810 2310 2884 2361 ita
2911 2306 3344 2361 Christianorum
3372 2320 3498 2375 pec-

1918 2404 2051 2458 catis
2085 2411 2205 2472 post
2244 2404 2571 2471 baptismum
2612 2401 2865 2454 admissis
2910 2399 3025 2453 laedi
3072 2399 3290 2465 proprie
3324 2398 3497 2467 ipsum

1918 2498 2075 2563 dixit,
2100 2496 2347 2565 quamvis
2373 2493 2571 2548 Filiqu
2620 2506 2837 2562 quoque
2863 2500 2918 2545 et
2954 2491 3167 2545 Patrem
3193 2489 3386 2544 iisdem
3418 2489 3501 2543 of-

1918 2586 2063 2642 fendi
2094 2587 2165 2642 sit
2193 2587 2515 2641 arbitratus.

1986 2720 2182 2775 XXIX.
2217 2720 2349 2774 Illud
2386 2727 2649 2790 prmterea
2678 2717 2733 2771 in
2782 2715 3012 2785 Origene
3032 2712 3301 2782 culpatum
3333 2710 3504 2763 fuisse

1918 2822 2307 2871 commemorat
2337 2825 2637 2881 anonymus
2667 2808 2757 2863 ille
2784 2821 2944 2876 quem
2979 2819 3077 2875 pro
3108 2819 3172 2857 eo
3199 2802 3503 2870 Apologinm

1920 2904 2202 2975 scripsisse
2248 2901 2412 2956 tradit
2447 2900 2670 2954 Photius
2722 2897 2846 2953 cod.
2883 2910 3031 2951 cxvu
3057 2934 3072 2959 ,
3108 2892 3251 2963 quod
3305 2891 3500 2945 Filium

1922 2999 2234 3067 neutiquam
2282 2993 2643 3049 invocandum
2675 3004 2799 3045 esse
2840 2985 3297 3058 pronuntiaverit.
3342 2981 3501 3036 Mini-

1928 3107 2013 3146 me
2046 3090 2260 3159 quidem
2291 3086 2553 3143 orandnm
2586 3099 2707 3138 cum
2748 3081 2908 3135 Patre
2939 3079 3160 3142 Filium,
3192 3092 3297 3131 non
3323 3084 3503 3128 autem

1929 3182 2246 3253 simpliciter
2282 3195 2387 3234 non
2427 3175 2688 3232 orandum
2717 3173 2954 3229 sensisse
2989 3171 3276 3238 Origenem
3319 3173 3505 3219 narrat

1927 3275 2257 3347 Augustinus
2304 3273 2436 3327 hair.
2488 3284 2643 3332 xuu,
2690 3266 2757 3321 ad
2808 3262 3256 3331 Quodvultdeum,
3306 3266 3360 3312 et
3408 3271 3504 3310 cur

1928 3370 2000 3424 ita
2030 3367 2262 3424 senserit
2292 3378 2513 3419 causam
2551 3359 2709 3414 aﬂ‘ert
2744 3376 2758 3413 :
2784 3377 2801 3409 ι
2832 3357 2972 3410 Dicit
3003 3364 3283 3425 praeterea,
3311 3348 3501 3418 inquit,

1927 3462 2040 3531 ipse
2074 3459 2367 3528 Origenes,
2398 3455 2538 3524 quod
2578 3450 2747 3505 Filius
2799 3448 2894 3531 Dei
2948 3445 3150 3500 sanctis
3195 3440 3506 3496 hominibus

1926 3560 2294 3622 comparatus,
2320 3549 2522 3603 veritas
2543 3547 2654 3612 sit;
2684 3530 2827 3597 Patri
2858 3539 3086 3594 collatus
3121 3533 3461 3589 mendacium
3482 3546 3513 3594 ς.

1924 3657 1980 3700 et
2005 3652 2263 3712 quantum
2307 3641 2513 3695 distant
2555 3634 2782 3707 apostoli
2814 3631 3055 3691 Christo,
3078 3637 3286 3681 tantum
3327 3622 3501 3677 Filius

1924 3734 2094 3788 Patri.
2126 3731 2280 3787 Unde
2314 3744 2412 3784 nec
2439 3727 2678 3783 orandus
2712 3732 2796 3780 est
2832 3721 3002 3775 Filius
3030 3732 3151 3773 cum
3178 3715 3357 3779 Patre,
3375 3714 3501 3782 quia

1926 3842 2031 3880 non
2056 3832 2244 3878 auctor
2269 3830 2352 3877 est
2384 3818 2827 3890 indulgendarum
2874 3812 3215 3884 petitionum,
3251 3808 3344 3863 sed
3373 3822 3503 3875 sup-

1922 3917 2168 3987 plicator.
2216 3934 2234 3966 ι
2272 3914 2567 3980 Utramque
2617 3907 3019 3963 accusationem
3068 3900 3379 3971 complexus
3423 3905 3508 3953 est

1924 4005 2251 4075 Theophilus
2298 4000 2697 4057 Alexandrinus
2732 3996 2927 4049 Pasch.
2967 4009 3043 4059 ιι,
3080 3992 3173 4046 ubi
3219 3988 3505 4058 Origenem

1922 4098 1998 4150 ait
2036 4109 2224 4150 ausum
2255 4107 2375 4147 esse
2402 4092 2601 4152 dicere,
2642 4106 2661 4138 ι
2700 4085 2815 4139 Non
2842 4098 2963 4139 esse
2988 4082 3252 4137 orandum
3283 4078 3503 4141 Filium,

1920 4202 2097 4256 nequc
2118 4200 2239 4241 cum
2268 4183 2407 4238 Filio
2428 4182 2672 4245 Patrem;
2696 4198 2716 4231 ι
2748 4192 2868 4246 quae
2890 4174 3104 4245 quidem
3133 4171 3362 4226 absurda
3400 4179 3505 4234 est,

1919 4288 1973 4335 et
2006 4292 2187 4333 secum
2227 4288 2471 4346 pugnans
2502 4269 2856 4339 conquestio;
2880 4282 3005 4320 nam
3042 4264 3087 4319 si
3112 4263 3310 4317 Filium
3358 4259 3505 4315 orari

1920 4378 2069 4426 vetat
2091 4369 2376 4438 Origenes,
2412 4379 2509 4419 cur
2553 4361 2811 4415 vetuisset
2839 4358 3051 4411 Patrem
3083 4354 3229 4409 orari
3258 4367 3381 4407 cum
3414 4349 3505 4405 Fi-

1850 4490 1900 4549 ι)
1925 4463 2018 4529 lio,
2049 4463 2138 4531 qui
2173 4461 2482 4528 neutiquam
2513 4454 2750 4510 orandus
2776 4450 2907 4507 est?

2000 4574 2251 4631 Profecto
2279 4573 2324 4627 si
2373 4570 2514 4625 dicta
2566 4564 2815 4635 superius
2840 4562 2905 4618 de
2936 4558 3135 4615 violata
3183 4555 3249 4610 ab
3276 4552 3509 4623 Origene

1927 4669 2052 4724 Filii
2082 4666 2364 4734 majestate
2386 4661 2752 4722 recordemur,
2768 4655 2896 4726 quid
2930 4654 2996 4707 de
3024 4652 3141 4719 ejus
3167 4647 3508 4702 invocatione

1926 4761 2133 4830 Opinari
2153 4757 2421 4821 debuerit,
2439 4752 2595 4808 facile
2616 4747 3090 4819 deprehendemus.
3111 4742 3245 4797 Cum
3268 4738 3409 4793 enim
3439 4737 3508 4789 ad

1925 4851 2372 4924 ejusdignitatem
2405 4861 2562 4916 quem
2584 4844 2835 4914 precibus
2862 4835 3264 4904 compellamus,
3294 4843 3507 4883 accom-

1925 4920 2140 4999 modata
2177 4956 2299 4997 esse
2334 4939 2525 4994 debeat
2548 4936 2722 4991 oratio
2758 4943 2965 4995 nostra,
2988 4924 3263 4983 humiliori
3289 4920 3504 4976 Patrem

1920 5037 2295 5091 obsecratione
2332 5030 2695 5085 venerandum
2733 5039 2853 5080 esse
2891 5036 3051 5091 quam
3090 5017 3286 5072 Filium
3321 5014 3502 5068 dicere

1920 5123 2107 5178 debuit
2140 5120 2427 5189 Origenes,
2460 5119 2506 5172 si
2540 5115 2797 5173 doctrinae
2834 5127 2946 5167 suae
2986 5107 3373 5165 connexionem
3413 5117 3503 5156 re-

1920 5215 2097 5269 tinere
2138 5213 2328 5268 voluit.
2366 5209 2553 5279 Neque
2602 5206 2909 5275 conjectura
2956 5207 3140 5255 nostra
3194 5211 3292 5250 nos
3342 5193 3502 5251 fallit.

1927 5310 2213 5380 genuinam
2245 5309 2387 5363 enim
2421 5304 2588 5359 fuisse
2628 5302 2767 5357 hanc
2794 5299 2911 5369 ejus
2955 5291 3282 5350 sententiam
3324 5286 3505 5339 decla-

1929 5377 2052 5461 rant
2083 5402 2204 5458 libri
2229 5413 2408 5455 contra
2439 5398 2670 5460 Celsum,
2689 5406 2916 5465 quorum
2950 5388 3139 5457 quinto
3171 5396 3320 5436 num.
3356 5377 3392 5431 4
3423 5378 3505 5431 sic

1928 5498 2145 5553 disserit
2171 5514 2183 5550 :
2212 5496 2397 5548 Πᾶσαν
2427 5492 2523 5563 μὲν
2557 5490 2665 5561 γὰρ
2690 5488 2882 5558 ,δέησιν
2909 5480 3047 5553 (20),
3071 5478 3165 5531 καὶ
3194 5468 3506 5545 προσευχὴν

1920 5720 2123 5782 ιηοηίο,
2155 5727 2208 5772 et
2238 5715 2359 5771 aliis
2403 5714 2545 5769 infra
2583 5709 2858 5782 adductis,
2880 5703 3503 5782 perspicuumessepu:

1933 5766 2773 5854 ἕειῘίἰῖιέὖὶιὲἔιῖιιῖιιξῄρειιιιριυ
2816 5766 2895 5835 ab"
2924 5766 3157 5844 Origene
3206 5766 3415 5830 violari.
3444 5773 3502 5818 υι
