3860 6230
407 318 505 389 tot
1676 328 1737 382 P.
1779 326 2095 382 DANIELIS
2130 326 2361 381 HUETII

408 453 502 507 καὶ
532 449 790 513 ἔντευξιν,
825 449 919 502 καὶ
953 449 1325 520 εὐχαριστίαν,
1368 447 1754 517 ὰναπεμπτέον
1788 446 1865 516 τῷ
1895 447 1987 499 ἐπὶ
2017 450 2059 505 Α
2088 446 2332 517 ἐμψύχου
2360 446 2531 515 Λόγου
2559 448 2651 500 καὶ
2670 445 2805 498 Θεοῦ
2823 444 3157 517 ’δεησόμεθα
3188 444 3245 497 δὲ
3271 446 3363 499 καὶ
3389 447 3567 500 αὐτοῦ
3592 449 3685 502 τσῦ

410 547 544 600 πᾶσι
572 543 713 614 Θεῷ,
745 543 832 596 διὰ
864 540 959 595 τοῦ
999 542 1092 595 ἐπὶ
1116 542 1334 595 πάντων
1371 541 1618 609 ἀγγέλων
1660 538 1980 611 ἀρχιερέως,

409 663 497 730 qui
541 661 752 715 Patrem
806 659 996 730 majori
1035 673 1214 730 prece,
1272 656 1468 730 Filium
1522 657 1715 730 m_iu_t_iri
1761 655 1999 730 compel-

409 727 626 786 landuni
677 727 906 793 doceat,
928 743 991 783 ac
1046 729 1257 782 Patrem
1292 729 1526 797 proprie,
1562 727 1760 781 Filium
1796 728 1999 795 impro-

411 804 527 871 prie
553 802 697 855 orari
730 801 1025 871 existimet.
1066 800 1169 853 Sed
1198 798 1761 871 Origenissententie
1805 812 1875 871 es
1893 797 2001 871 Aliis

411 866 694 927 verborum
736 870 969 939 spinosis
998 866 1323 939 ambagibus
1361 868 1677 921 evolvenda.
1719 866 2000 921 Pontificis

412 958 626 1000 munus,
654 936 793 1010 quod
828 939 1005 995 Verbo
1041 936 1215 992 defert
1248 936 1532 1010 Origeues,
1575 947 1838 1010 quatenus
1865 958 1881 989 ι
1917 948 2001 992 est

410 1004 719 1082 promtiat‘io
744 1026 840 1080 pro
870 1012 1119 1082 peccatis
1158 1004 1371 1082 nostris
1394 1004 1444 1076 (1
1463 1008 1624 1082 Joan.
1648 1023 1707 1071 tt,
1736 1007 1847 1082 ΞΜ
1875 1025 1998 1082 cum

412 1079 753 1136 manifestam
798 1080 998 1135 habeat
1046 1096 1168 1134 cum
1214 1079 1596 1133 lncarnatione
1640 1079 1998 1133 necessitudi-

407 1169 530 1206 nem
559 1153 874 1219 reprehendi
900 1150 1120 1204 omnino
1146 1166 1249 1204 non
1285 1160 1479 1220 potest.
1511 1148 1645 1215 Quia
1671 1158 1853 1201 tamen
1876 1148 1997 1205 Ori-

408 1238 573 1290 genes
611 1238 733 1275 cum
770 1221 1012 1290 pluribus
1040 1222 1094 1274 in
1126 1220 1293 1284 locis,
1330 1232 1441 1273 tum
1484 1220 1535 1272 in
1570 1220 1677 1273 alio
1708 1233 1773 1272 ex
1803 1222 1992 1273 eodem

409 1296 547 1346 libro
582 1308 637 1357 v,
669 1309 817 1345 num.
853 1292 938 1355 11,
972 1290 1208 1346 Verbum
1259 1301 1384 1344 ante
1422 1290 1853 1344 lncaruationem
1886 1308 1997 1345 me-

406 1366 670 1418 diatorein
696 1362 880 1425 fuisse,
910 1374 964 1417 et
990 1378 1018 1415 a
1059 1362 1219 1415 Patre
1245 1362 1309 1414 ad
1341 1371 1559 1415 sanctos
1589 1361 1834 1414 homines
1866 1363 1997 1415 mis-

409 1450 528 1488 sum
554 1434 797 1488 declarat
829 1434 913 1487 his
944 1434 1124 1487 verbis
1154 1450 1166 1483 :
1204 1450 1222 1483 ι
1255 1432 1511 1500 Quisquis
1549 1446 1609 1485 es
1645 1441 1849 1493 tamen,
1870 1447 1993 1495 pre-

407 1520 535 1558 care
565 1505 799 1558 Verbum
824 1504 965 1572 quod
1003 1517 1196 1556 sanare
1222 1512 1273 1555 te
1305 1512 1501 1569 potest,
1538 1510 1592 1555 et
1622 1502 1793 1572 multo
1821 1503 1995 1568 potius

405 1589 628 1643 precare
656 1573 771 1638 ejus
804 1570 1015 1628 Patrem
1054 1572 1315 1643 (εὐχέσθω
1341 1572 1419 1643 τῷ
1445 1572 1603 1643 Λόγῳ
1625 1570 1719 1623 τοῦ
1743 1570 1878 1643 Θεοῦ
1902 1573 1994 1625 δυ-

403 1626 623 1715 ὖαρνέήνῴ
646 1626 821 1697 etiam
840 1626 1251 1697 taedebat-"nati
1290 1626 1469 1715 πσλλῷ
1506 1626 1994 1715 τξὶίέονίτῷ-Πατρὶ

409 1712 619 1785 αὐτοῦ)
667 1715 758 1784 qui
811 1728 863 1769 et
920 1717 986 1769 ad
1044 1718 1295 1782 antiquos
1338 1712 1518 1782 jtistos
1578 1714 1714 1765 misit
1770 1712 1992 1767 Verbum

403 1804 580 1848 suum,
614 1794 662 1839 et
694 1786 900 1839 sanavit
935 1802 1044 1849 eos,
1088 1796 1135 1837 et
1181 1785 1372 1853 eripuit
1415 1800 1502 1837 eos
1542 1786 1606 1836 de
1640 1785 1991 1850 corruptioni-

405 1857 501 1909 bus
524 1873 703 1909 eorum
735 1853 907 1925 (Psal.
940 1872 1048 1919 ενι,
1079 1855 1171 1923 20)
1198 1873 1211 1919 ;
1256 1860 1299 1908 si
1327 1856 1448 1924 quis
1478 1855 1602 1907 velit
1634 1854 1990 1925 hocepontiti-

401 1928 481 1981 cis
514 1943 706 1980 munus
738 1922 806 1979 ab
844 1926 1081 1996 Origene
1111 1922 1236 1979 ante
1266 1922 1694 1979 Incarnationem
1730 1922 1867 1996 Filio
1897 1926 1991 1976 tri-

404 1998 517 2059 bui,
543 2000 654 2050 haec
672 1997 855 2065 opinio
880 2007 934 2050 et
954 1995 1146 2049 inultis
1172 1996 1291 2050 aliis
1335 1996 1520 2049 arrisit
1550 1996 1636 2065 (de
1664 1995 1857 2062 quibus
1880 1996 1985 2065 viil.

407 2067 627 2121 Dissert.
663 2063 721 2120 ni
755 2067 941 2137 Cyrill.
978 2083 1129 2120 navie
1158 2069 1291 2121 edit.
1320 2063 1665 2135 Parisiens.),
1695 2073 1752 2119 et
1801 2066 1868 2119 de
1905 2064 1989 2117 Fi-

402 2137 459 2191 lii
500 2140 781 2191 divinitate
812 2138 945 2191 nihil
981 2137 1238 2191 detrahit.

473 2208 604 2262 lllud
641 2218 820 2261 autem
861 2223 967 2262 non
1015 2208 1231 2261 dilllcile
1262 2216 1347 2261 est
1388 2205 1845 2269 animadvertere,
1876 2204 1992 2260 Ori-

400 2294 593 2355 geneni
622 2280 704 2355 his
732 2279 786 2331 in
817 2278 974 2341 locis,
1005 2294 1103 2355 nec
1130 2294 1159 2331 a
1186 2279 1346 2332 solita
1372 2276 1649 2355 subtiliter
1680 2286 1734 2329 et
1771 2277 1990 2355 spinose

403 2346 707 2404 disserendi
757 2350 1172 2410 consuetudine,
1203 2362 1307 2402 nec
1337 2348 1405 2401 ab
1434 2362 1519 2411 ea,
1554 2362 1714 2413 quam
1762 2346 1828 2399 de
1861 2348 1990 2400 sub-

402 2419 616 2473 stantia:
651 2420 703 2472 iii
740 2420 987 2487 personis
1015 2419 1214 2473 divinis
1241 2418 1450 2471 unitate
1474 2418 1631 2487 toties
1654 2415 1985 2487 praedicavit,

401 2492 647 2544 doctrina
702 2485 1003 2544 discedere.
1048 2487 1183 2543 Cum
1221 2488 1390 2542 multa
1431 2485 1668 2541 eﬂ'utiret
1697 2486 1885 2541 Celsus
1922 2490 1988 2540 ile

400 2562 735 2629 angelorum,
772 2561 838 2614 de
868 2562 998 2614 solis
1025 2575 1090 2614 ac
1117 2559 1256 2613 lunae
1284 2568 1339 2612 et
1371 2558 1648 2629 stellarum
1681 2557 1885 2629 cultu,
1906 2573 1987 2609 re-

400 2627 625 2698 spondet
654 2630 916 2699 Origenes
935 2631 1025 2685 lib.
1046 2645 1265 2693 v,ntnn.
1288 2627 1568 2699 tl,soluni
1596 2627 1761 2680 Deum
1780 2642 1808 2680 a
1831 2628 1988 2681 Chri-

400 2703 595 2754 stianis
618 2718 714 2770 per
751 2698 942 2757 Filium
973 2702 1090 2769 ejus
1118 2700 1357 2752 invocari
1390 2709 1444 2752 et
1465 2698 1568 2751 coli
1611 2708 1699 2770 :_et
1737 2716 1756 2747 ι
1794 2712 1986 2765 quein-

400 2768 689 2825 adinoduin
734 2773 1049 2825 adoratores
1072 2771 1200 2825 solis
1222 2780 1277 2824 et
1304 2772 1439 2822 luna“
1461 2779 1515 2822 et
1538 2768 1816 2822 stellarqu
1845 2785 1984 2821 nun-

399 2857 560 2909 quam
606 2843 899 2895 adorarent
942 2843 1233 2895 scintillam
1273 2840 1433 2909 ignis,
1469 2838 1582 2893 sive
1624 2838 1898 2891 lucernam
1931 2840 1982 2890 in

401 2924 542 2966 terra
561 2950 577 2976 ,
602 2913 683 2966 sic
716 2914 808 2980 qui
834 2912 1300 2972 animadvertunt,
1337 2910 1605 2979 quomodo
1642 2910 1779 2980 Deus
1807 2909 1981 2980 llllllt'li

398 2984 489 3044 sit,
518 2994 572 3036 et
625 2979 895 3051 quomodo
926 2981 1095 3035 Filius
1124 2981 1242 3047 ejus
1267 2981 1353 3032 lux
1404 2995 1528 3033 vera
1574 2979 1985 3051 sitilluminaiis

396 3068 614 3105 onmem
644 3049 919 3107 hominem
946 3054 1250 3106 venientem
1283 3052 1335 3104 iii
1355 3051 1497 3103 hunc
1515 3050 1770 3102 mundum
1799 3049 1979 3118 (Joan.

402 3125 540 3186 1,9),
577 3125 777 3192 quique
804 3124 933 3176 illud
956 3122 1305 3191 intelligunt:
1346 3120 1458 3188 Ego
1499 3118 1752 3192 auritulus.
1794 3120 1981 3173 mundi

398 3190 742 3264 (Joaiifvin,
767 3194 880 3264 l2),
913 3190 1186 3247 immerito
1215 3192 1538 3264 adoraturos
1566 3190 1861 3264 scintillam
1892 3204 1979 3264 so-

2090 539 2287 607 Λόγου,
2322 540 2417 593 καὶ
2449 538 2812 610 ἐντευξόμεθα
2847 537 3017 608 αὐτῷ,
3045 539 3139 590 καὶ
3168 538 3649 610 εὐχαριστὴσομεν
3670 580 3685 605 ,

2106 672 2227 711 cum
2270 658 2379 712 Deo
2402 657 2643 711 colerent
2678 655 2776 710 has
2801 655 2958 710 affert
2988 656 3244 713 rationes.
3270 665 3327 709 ut
3351 654 3463 722 jam
3495 661 3685 710 obser.

2098 728 2244 789 vavi,
2271 730 2412 793 quod
2456 729 2620 783 Pater
2671 730 2745 783 sit
2785 729 2835 781 in
2885 726 3062 787 Filio,
3097 736 3151 778 et
3182 726 3351 779 Filius
3388 727 3440 778 in
3475 725 3680 791 Patre;

2102 799 2244 863 quod
2268 799 2431 853 Pater
2459 808 2509 852 et
2546 798 2713 852 Filius
2736 813 2901 851 unum
2928 797 3039 852 sint
3063 815 3080 847 ι
3117 796 3399 850 identitate
3420 798 3681 851 volunta-

2103 871 2205 932 tis;
2234 872 2373 939 quod
2408 869 2542 923 fides
2586 880 2769 922 nostra
2806 870 2857 921 in
2904 866 3012 939 Deo
3051 868 3316 921 consistat
3365 882 3465 939 per
3496 868 3677 935 ipsum

2101 938 2322 1003 Filium,
2350 942 2439 1009 qui
2471 955 2592 992 eam
2620 940 2672 992 in
2705 939 2861 992 nobis
2884 938 3210 1002 conﬁrmat;
3248 938 3389 1005 quod
3450 938 3677 1009 Patrem

2099 1008 2521 1077 colamus,7dum
2550 1011 2668 1079 ejus
2700 1009 2892 1064 Filium
2920 1009 3277 1079 admiramur,
3304 1009 3396 1075 qui
3428 1019 3513 1062 est
3544 1008 3675 1063 Ver—

2100 1080 2249 1145 bum,
2274 1093 2329 1135 et
2358 1078 2642 1148 sapientia,
2674 1091 2729 1135 et
2757 1082 2977 1140 veritas.
3020 1091 3075 1132 et
3103 1078 3340 1143 justitia,
3381 1088 3437 1133 et
3486 1087 3675 1133 omnia

2098 1166 2439 1220 qinecuuque
2485 1167 2606 1205 esse
2650 1152 2956 1213 didicimus,
2986 1159 3044 1204 ut
3077 1152 3249 1217 ipsum
3275 1148 3467 1213 Deum,
3512 1150 3591 1204 ita
3619 1165 3676 1205 et

2100 1235 2242 1287 eum,
2284 1224 2376 1292 qui
2405 1221 2602 1291 exEtali
2638 1220 2799 1275 Patre
2838 1222 3053 1292 geuitus
3076 1228 3179 1275 est.
3221 1237 3242 1292 ε

2168 1288 2319 1347 (Σιιηϊ
2347 1288 2872 1375 ergo—aequalitatem
2910 1291 3089 1375 Patris
3115 1299 3189 1375 _et
3220 1288 3349 1375 Filii
3383 1304 3449 1344 ac
3484 1291 3671 1346 unita-

2099 1371 2204 1415 tem
2236 1358 2489 1418 essentite
2520 1358 2624 1417 tain
2655 1362 2860 1417 diserte
2893 1362 3165 1421 declaret;
3198 1376 3294 1413 cur
3310 1358 3533 1414 Patrem
3558 1379 3673 1416 nia-

2098 1434 2179 1501 gis
2205 1434 2467 1489 orandum
2501 1448 2623 1487 esse
2651 1448 2815 1499 quam
2848 1432 3039 1486 Filium
3068 1431 3385 1501 existimat;
3427 1447 3535 1485 cur
3557 1448 3672 1501 pre~

2096 1500 2364 1574 eationein
2391 1504 2605 1574 proprie
2634 1504 2837 1557 dictam
2865 1503 2966 1556 soli
2990 1502 3207 1574 videtur
3235 1500 3378 1554 Patri
3405 1500 3671 1558 servare?

2096 1572 2212 1628 Non
2238 1577 2289 1629 id
2320 1572 2563 1644 prefeclo
2589 1574 2855 1642 praecipit,
2903 1583 2960 1626 ut
3006 1573 3223 1644 Patrem
3269 1573 3469 1644 saepius
3501 1589 3670 1641 quam

2096 1642 2428 1709 Filium,'aut
2451 1646 2632 1699 acrius
2656 1659 2963 1713 precemur,
2983 1652 3074 1695 aut
3095 1642 3248 1711 plura
3274 1642 3485 1713 aMPatre
3501 1660 3671 1711 quam

2094 1732 2123 1768 a
2157 1716 2294 1769 Filio
2331 1711 2668 1783 accepturos
2706 1713 3083 1779 conﬁdamus;
3140 1726 3261 1765 cum
3294 1711 3429 1765 Filio
3474 1717 3671 1769 omnia

2097 1786 2299 1839 tribuat
2321 1800 2657 1855 qua-cunque
2677 1795 2805 1839 sunt
2833 1784 2887 1838 in
2910 1784 3094 1845 Patre,
3126 1791 3179 1855 et
3208 1790 3497 1855 utrumque
3531 1803 3551 1834 ι
3592 1798 3673 1840 to-

2099 1856 2166 1909 tis
2192 1854 2398 1910 viribus
2426 1856 2781 1923 supplicando
2820 1863 2875 1908 et
2906 1854 3174 1923 precando
3204 1854 3306 1907 coli
3337 1871 3357 1904 ι
3392 1855 3669 1909 declaret.

2027 1949 2064 2005 Β
2097 1926 2281 2005 Neque
2306 1929 2470 2005 etiam
2496 1924 3146 2005 subtilisilla-distinctio
3176 1923 3510 2005 precatjeiiis
3539 1942 3672 2005 pro-

2096 1993 2209 2062 prie
2237 2006 2290 2051 et
2325 1997 2505 2049 minus
2557 1996 2778 2065 proprie
2817 1996 2995 2058 dictat,
3046 1994 3207 2048 aliain
3253 1995 3305 2047 in
3335 1993 3471 2048 Filio
3509 2012 3582 2048 ac
3614 1997 3670 2051 in

2091 2067 2249 2121 Patre
2276 2076 2547 2127 naturam,
2580 2076 2673 2119 aut
2697 2067 2955 2133 majorem
3000 2065 3330 2118 minoremve
3358 2067 3668 2132 potentiam

2090 2139 2357 2208 designat,
2383 2152 2503 2208 cum
2530 2137 2719 2208 iisdem
2743 2138 2810 2191 de
2839 2136 3038 2208 causis,
3070 2145 3180 2187 tum
3214 2135 3336 2208 qi_iia
3368 2151 3513 2200 sepe
3542 2138 3674 2190 Ori-

2090 2205 2274 2278 genes,
2311 2217 2370 2262 ut
2406 2206 2608 2262 fatetur
2635 2207 2880 2272 Httetius,
2913 2207 2979 2259 ad
3025 2207 3197 2278 ipsum
3242 2205 3433 2278 Filium
3468 2222 3671 2273 preces

2088 2274 2292 2349 dirigit,
2324 2288 2379 2333 et
2419 2278 2525 2333 hoc
2562 2278 2681 2346 ipso
2721 2278 2776 2331 in
2812 2278 2933 2332 loco
2974 2274 3415 2349 supplicationes,
3453 2279 3673 2349 gratia-

2089 2346 2219 2404 rum
2240 2350 2503 2413 actiones,
2534 2358 2589 2404 et
2613 2349 2999 2415 postulationes
3022 2348 3069 2401 ei
3098 2346 3305 2401 debitas
3328 2346 3509 2400 docet.
3548 2346 3673 2403 Huc

2087 2434 2218 2490 ergo
2248 2420 2390 2475 redit
2429 2428 2539 2473 tota
2577 2420 2677 2490 illa
2710 2419 3033 2490 distinctiop
3058 2427 3116 2469 ut
3140 2416 3480 2490 ’προσευχῆς
3542 2420 3665 2472 sive

2088 2486 2414 2559 precationis
2443 2489 2661 2542 nomine
2684 2505 2777 2542 eas
2816 2504 3003 2557 preces
3022 2486 3407 2559 intelligamus,
3438 2502 3569 2555 qua:
3589 2490 3663 2542 ad

2086 2558 2332 2615 ordinem
2373 2561 2515 2615 inter
2546 2559 2760 2613 divinas
2789 2574 3047 2628 personas
3084 2558 3518 2628 intercedentem
3567 2574 3667 2613 δον

2086 2632 2518 2693 commodantur,
2557 2630 2630 2683 ita
2654 2640 2733 2693 ut,
2773 2626 2896 2684 cum
2941 2629 3100 2683 Pater
3125 2628 3423 2683 divinitatis
3458 2626 3663 2685 lonset

2087 2704 2239 2772 origo
2259 2703 2348 2765 sit,
2372 2702 2439 2753 ad
2474 2714 2596 2753 eum
2640 2701 2963 2772 dirigantur.
2995 2699 3306 2772 Patremgeo
3342 2712 3504 2772 sensu
3540 2716 3664 2753 ina-

2084 2770 2501 2840 gis'precamur
2524 2785 2683 2838 quam
2742 2770 2958 2834 Filium,
3007 2784 3112 2823 non
3144 2770 3267 2837 quia
3289 2770 3517 2840 __s:epius
3566 2780 3665 2824 aut

2084 2838 2286 2906 acrius,
2308 2841 2401 2911 sed
2429 2841 2555 2909 quia
2596 2856 2692 2911 per
2719 2840 2911 2895 Filium
2945 2854 3250 2909 precamur.
3270 2838 3501 2911 _Nullum
3524 2856 3661 2895 sane

2084 2915 2225 2967 aliud
2263 2909 2553 2965 discrimen
2598 2909 2737 2980 apud
2765 2912 3053 2980 Origenem
3085 2909 3351 2980 reperias
3380 2910 3525 2963 inter
3562 2926 3665 2965 eas

2086 2998 2275 3051 preces
2300 2997 2421 3051 quae
2450 2978 2709 3042 Patri,'et
2742 2997 2837 3037 eas
2869 2996 2989 3048 quae
3015 2978 3151 3051 Filio
3177 2978 3521 3051 deferuntur.
3556 2985 3659 3033 At-

2082 3050 2186 3121 que
2221 3050 2335 3106 hch
2363 3053 2477 3119 ejus
2503 3054 2769 3107 sententia
2800 3066 2865 3105 eo
2897 3052 3072 3103 minus
3100 3050 3478 3121 vituperanda,
3505 3052 3658 3118 quod

2082 3120 2146 3176 ex
2180 3123 2432 3177 Ecclesiae
2481 3123 2873 3177 consuetudine
2918 3133 2972 3173 et
3012 3120 3346 3187 publicarum
3381 3136 3614 3187 precqu
3638 3160 3657 3185 ,

2082 3209 2200 3262 quae
2221 3194 2288 3247 ad
2322 3192 2541 3246 Patrem
2562 3194 2891 3262 diriguntur,
2922 3192 3170 3262 instituto
3197 3191 3425 3262 deducta
3466 3192 3660 3245 videa-

398 3259 467 3345 lis
493 3263 708 3352 e‘t‘lunte
741 3281 803 3317 ac
828 3259 1134 3352 stellarttm,
1171 3276 1290 3352 qua:
1324 3262 1389 3352 ad
1432 3260 1613 3352 lii-inepI
1648 3261 1762 3352 veri
1804 3260 1977 3352 lunai:
2004 3298 2045 3352 ε
2085 3259 2191 3352 (ur.
2216 3263 2371 3316 Tanti
2406 3259 2804 3352 inminenti—visa
2833 3277 2920 3352 res
2949 3273 3033 3315 est
3054 3259 3653 3352 episcopisﬁlricanis,

400 3336 485 3387 nis
520 3333 714 3393 Deum,
755 3353 774 3384 ›
805 3336 940 3397 sive,
975 3342 1032 3386 ut
1076 3334 1234 3402 paulo
1265 3342 1390 3384 ante
1441 3331 1697 3399 appellat,
1738 3348 1755 3380 ι
1803 3330 1969 3402 Deinn

396 3404 618 3459 Patrem
646 3406 756 3457 veri
796 3404 1014 3457 luminis
1043 3399 1210 3471 parva
1238 3410 1291 3456 et
1316 3407 1510 3469 exigua
1543 3411 1646 3455 est.
1681 3419 1699 3451 ι
1750 3399 1863 3471 Οὐκ
1905 3399 1971 3453 ἂν

396 3475 632 3543 εὐλόγως
667 3470 1101 3545 προσκυνήσαιεν
1126 3473 1220 3545 τὸν
1252 3472 1412 3545 οἱογεὶ
1440 3471 1642 3545 βραχὺν
1675 3470 1968 3545 σπινθῆρα,

396 3545 472 3610 ὡς
501 3540 634 3616 sipo;
668 3540 782 3614 φῶς
818 3546 906 3597 τὸν
934 3540 1072 3597 ’Θεὸν
1095 3542 1349 3616 ἀληθινοῦ
1384 3540 1581 3616 eiusei;
1608 3545 1664 3595 ὲν
1686 3540 1839 3613 ἡλίῳ,
1880 3543 1971 3595 καὶ

400 3615 621 3687 σελήνῃ,
668 3618 761 3669 καὶ
792 3619 1031 3687 ἄστροις.
1080 3616 1281 3668 Ibidem
1337 3615 1485 3687 addit
1517 3615 1607 3667 Dei
1639 3629 1803 3687 opera
1838 3629 1867 3687 εξ
1910 3629 1970 3667 se

400 3682 795 3756 tiori'tl'eprinii,
829 3682 922 3741 sed
955 3695 1293 3756 exploratum
1317 3684 1609 3756 _sibi>_esse
1641 3702 1659 3733 ι
1693 3683 1788 3756 Dei
1818 3682 1967 3752 ejus-

396 3774 501 3826 que
527 3753 801 3827 Unigeniti
830 3753 1166 3810 divinitatem
1217 3753 1475 3808 ineﬂabili
1508 3754 1819 3824 praestantia
1863 3770 1967 3808 ca:—

400 3830 533 3882 tcris
560 3831 813 3883 omnibus
837 3842 957 3881 esse
988 3827 1343 3896 superiorem.
1381 3844 1399 3875 ι

473 3898 644 3952 Unam
680 3915 807 3968 ergo
840 3900 909 3968 in
937 3894 1094 3951 Patre
1136 3906 1190 3950 et
1238 3894 1375 3949 Filio
1397 3894 1776 3968 divinitatem,
1803 3908 1968 3968 unam

396 3969 571 4024 lucem
610 3967 861 4041 agnoscit
891 3967 1175 4041 Origenes,
1201 3977 1362 4034 atque
1394 3967 1497 4041 hoc
1527 3975 1852 4041 argumento
1884 3967 1969 4041 ni-

400 4042 549 4105 titur,
586 4035 684 4094 cur
729 4040 899 4094 Filius
937 4035 1061 4092 cum
1095 4037 1258 4090 Patre
1285 4038 1528 4090 orandus
1571 4048 1626 4088 et
1660 4035 1968 4090 adorandus

395 4113 490 4174 sit,
531 4130 594 4164 ac
624 4112 752 4164 nulli
785 4124 1009 4179 prorsus
1038 4111 1113 4163 rei
1146 4120 1341 4179 creata:
1358 4108 1604 4161 eumdem
1639 4107 1838 4179 habere
1872 4106 1965 4158 ho-

398 4198 584 4236 norem
633 4174 813 4236 liceat.
848 4179 1111 4233 Similiter
1148 4178 1202 4231 in
1248 4178 1344 4244 lib.
1375 4192 1493 4242 vni,
1522 4191 1671 4228 num.
1712 4174 1792 4239 l5,
1826 4190 1968 4244 quae-

396 4254 533 4306 renti
571 4253 726 4307 Celso
785 4266 884 4304 cur
913 4265 1037 4303 cum
1068 4249 1346 4303 Christum
1400 4247 1641 4301 colerent
1684 4261 1806 4299 cuni
1856 4246 1968 4300 Deo

395 4325 557 4378 Patre
582 4323 899 4386 Christiani,
936 4320 1215 4373 ministros
1256 4318 1349 4372 Dei
1382 4317 1560 4371 colere
1587 4315 1789 4370 nollent
1820 4356 1835 4381 ,
1886 4318 1967 4370 sic

398 4398 688 4462 reSpotidet
720 4394 1001 4461 Origenes,
1028 4401 1086 4443 ut
1117 4390 1321 4458 angelis
1358 4403 1464 4441 non
1496 4402 1713 4462 omnem
1745 4389 1962 4462 quidem

395 4458 598 4517 cultum
651 4474 706 4518 et
754 4458 1038 4527 honorem,
1068 4464 1162 4514 sed
1194 4475 1316 4513 eum
1354 4467 1561 4512 tantum
1597 4458 1686 4524 qui
1720 4458 1819 4510 soli
1860 4459 1966 4510 Deo

393 4535 645 4599 debetur,
698 4534 990 4602 abjudicet,
1053 4534 1195 4602 hunc
1235 4542 1429 4602 autem
1483 4529 1963 4602 divinumhcultuni

392 4603 532 4659 Filio
566 4598 786 4659 strenue
820 4604 1077 4657 vindicet.
1115 4600 1207 4654 Sic
1233 4601 1472 4668 loquitur
1498 4602 1563 4651 de
1587 4598 1793 4665 angelis
1820 4618 1832 4652 :
1862 4615 1879 4647 ι
1906 4600 1961 4651 Si

2082 3345 2138 3387 ut
2172 3349 2291 3388 eam
2347 3334 2701 3401 comprobent
2757 3345 2814 3387 et
2847 3333 3143 3386 decernant
3174 3346 3295 3401 can.
3333 3330 3405 3384 25
3446 3336 3652 3386 concil.

2078 3407 2329 3473 Carthag.
2373 3419 2432 3458 nt
2460 3400 2483 3473 εί
2510 3421 2529 3452 ti
2571 3401 2908 3473 Utnemoin
2949 3402 3226 3473 precibus,
3254 3400 3535 3470 inquiunt,
3573 3406 3657 3457 vel

2079 3469 2304 3543 Patrenf
2325 3489 2421 3544 pro
2449 3472 2610 3539 Filio,
2642 3476 2726 3527 vel
2760 3469 2963 3528 Filiuni
2984 3487 3081 3540 pro
3104 3469 3263 3544 Patre
3288 3472 3555 3544 nominet.
3591 3474 3658 3527 Et

2077 3560 2198 3598 cmn
2224 3540 2383 3597 alta—ri
2433 3545 2729 3609 assistitur,
2785 3559 2999 3614 semper
3042 3545 3107 3595 ad
3137 3540 3353 3614 Patrem
3378 3543 3657 3614 dirigatur

2077 3616 2269 3669 oratio.
2313 3615 2377 3668 Et
2411 3616 2721 3684 quicunque
2754 3615 2853 3669 sibi
2886 3612 3075 3682 preces
3117 3612 3333 3684 aliunde
3355 3613 3653 3674 describit,

2078 3701 2182 3739 non
2218 3687 2297 3740 eis
2336 3696 2539 3749 utatur,
2574 3683 2676 3739 nisi
2717 3686 2868 3754 prius
2902 3700 2996 3737 eas
3036 3699 3159 3738 cum
3201 3683 3654 3737 instructioribus

2078 3758 2337 3810 fratribus
2360 3756 2668 3809 contulerit.
2702 3774 2721 3808 ο
2760 3756 2865 3809 Sed
2901 3756 3152 3823 Origetiis
3196 3754 3469 3807 sententia
3522 3756 3649 3808 illu~

2076 3830 2297 3880 stranda
2339 3835 2512 3881 estex
2544 3826 2661 3892 ejus
2694 3828 2834 3881 libro
2889 3825 2968 3879 De
2996 3826 3259 3889 oratione,
3293 3824 3345 3877 iii
3386 3839 3495 3891 quo
3524 3842 3655 3879 eam

2076 3898 2199 3950 data
2222 3912 2384 3965 opera
2419 3898 2780 3964 persequitur.

2147 3967 2203 4019 ln
2240 3968 2340 4021 hoc
2381 3968 2519 4019 libro
2559 3983 2710 4021 num.
2748 3967 2837 4031 14,
2882 3966 2949 4020 15
2992 3977 3048 4019 ει
3076 3979 3217 4032 seq.,
3260 3976 3499 4031 quatuor
3524 3980 3656 4033 spe-

2076 4038 2188 4092 cies
2212 4038 2476 4091 orationis
2505 4054 2534 4089 a
2563 4037 2729 4093 Paulo
2777 4040 3126 4107 praescriptas
3173 4037 3451 4107 eXpticare
3484 4040 3652 4089 insti-

2076 4108 2196 4171 tuit,
2217 4108 2449 4180 δεήσεις,
2475 4104 2801 4180 προσευχὰς,
2827 4104 3114 4174 ἐντεύξεις,
3130 4104 3515 4180 εὐχαριστίας,
3562 4112 3655 4159 ob-

2075 4178 2436 4249 secrationes,
2484 4178 2837 4249 precationes,
2888 4178 3297 4249 immutationes,
3345 4185 3653 4249 gratiarum

2076 4249 2331 4302 actiones.
2364 4246 2806 4303 Obsecrationeni
2843 4246 3031 4303 delinit
3060 4248 3350 4301 orationem
3378 4248 3446 4297 ab
3467 4248 3657 4316 aliqua

2075 4321 2377 4386 suppliciter
2401 4322 2665 4387 emissam,
2698 4330 2755 4372 ut
2778 4319 2916 4388 quod
2945 4320 3044 4387 ipsi
3071 4322 3212 4370 deest
3243 4328 3610 4383 consequatur
3634 4335 3652 4370 :

2079 4393 2445 4457 precationem
2482 4406 2632 4454 vero,
2658 4407 2773 4444 eam
2791 4406 2908 4459 quae
2934 4388 3355 4459 magniﬁcentius
3384 4403 3509 4440 cum
3532 4394 3655 4457 glo-

2075 4459 2365 4527 ri/t'catione
2386 4460 2451 4512 ab
2482 4460 2689 4514 homine
2710 4463 2763 4512 in
2792 4458 3037 4529 periculis
3069 4458 3359 4511 constituto
3394 4463 3462 4511 de
3496 4460 3651 4511 rebus

2073 4530 2363 4598 majoribus
2402 4532 2677 4587 emittitur.
2709 4530 2947 4585 Tertiam
2972 4532 3207 4598 speciem
3250 4529 3340 4591 iis,
3374 4544 3501 4597 quae
3534 4546 3653 4581 ma-

2068 4602 2191 4669 jore
2219 4604 2358 4669 apud
2406 4600 2574 4653 Dium
2623 4603 2818 4655 tlducia
2852 4604 3233 4668 postulantur;
3262 4610 3517 4667 quartam
3555 4604 3653 4653 de-

394 4677 584 4730 Celsus
613 4677 941 4744 intelligeret
983 4690 1141 4726 veros
1173 4674 1269 4744 Dei
1304 4661 1609 4744 ininiStros,
1643 4661 1761 4744 post
1791 4670 1964 4738 ipsum
1999 4661 2041 4714 D
2068 4661 2236 4739 inique
2254 4661 2414 4725 bonis
2451 4669 2831 4744 jamacceptis
2852 4661 3131 4740 assignat.
3183 4661 3418 4744 Stilijicit
3451 4671 3652 4744 deinde

395 4740 1145 4816 Unigenitum,Cabrielem,
1204 4740 1570 4816 Michaelem,
1621 4740 1966 4816 reliquosque

395 4811 616 4885 angelos
640 4829 693 4871 et
717 4816 1099 4884 archangelos,
1139 4827 1343 4881 eosque
1381 4811 1638 4885 colendos
1671 4824 1793 4864 esse
1827 4812 1970 4885 dice-

396 4882 519 4951 ret';
563 4887 793 4941 fortasse
828 4882 1218 4954 expurgantes,
1261 4894 1315 4938 et
1349 4883 1477 4949 quid
1518 4883 1694 4954 cultus
1752 4882 1972 4933 nomine

395 4958 806 5026 intelligendum
872 4953 943 5009 sit
967 4953 1091 5026 ,iet
1149 4972 1268 5026 qua;
1308 4959 1433 5026 sint
1470 4953 1699 5026 colentis
1732 4954 1973 5026 actiones

394 5026 552 5098 (toto;
575 5022 642 5079 ἂν
672 5026 731 5079 τὸ
762 5027 886 5098 περὶ
909 5024 1003 5078 τοῦ
1032 5022 1355 5098 θεραξςεύειν
1378 5024 1540 5098 αὐτρῦ
1578 5022 1971 5098 σημαινόμενον

394 5096 802 5169 ἐκκαθήραντες
835 5094 938 5149 ’καὶ
967 5098 1074 5169 τῶν
1098 5094 1205 5149 ’τοῦ
1254 5096 1309 5149 Os
1322 5095 1648 5167 ραπεύοντος
1682 5094 1968 5163 πράξεων)

394 5168 699 5222 diceremus
734 5170 785 5221 iii
815 5171 955 5221 hunc
975 5168 1173 5233 locum,
1204 5178 1260 5219 ut
1293 5179 1358 5220 ue
1389 5178 1553 5219 tantis
1592 5168 1752 5218 rebus
1792 5168 1963 5217 disse-

398 5250 601 5301 rentes,
634 5256 753 5307 qua:
787 5241 851 5291 de
885 5240 964 5291 eis
990 5240 1280 5306 cogitando
1315 5236 1574 5307 consequi
1604 5249 1909 5307 possumus.
1938 5250 1957 5282 i

394 5307 475 5363 Ex
495 5304 690 5378 quibus
715 5322 861 5379 patet
889 5324 993 5361 non
1018 5304 1359 5375 displicuisse
1386 5304 1626 5376 Origeni,
1652 5316 1708 5357 ut
1742 5304 1959 5379 quidam

394 5376 728 5446 existimant,
755 5383 1015 5434 honorem
1053 5380 1227 5443 illum,
1267 5392 1426 5446 quem
1474 5379 1647 5429 beatis
1677 5376 1958 5445 spiritibus

395 5466 610 5520 semper
631 5451 815 5505 habuit
852 5449 1114 5514 Ecclesia,
1142 5465 1203 5503 ac
1220 5463 1434 5520 semper
1459 5448 1693 5520 habebit,
1718 5447 1809 5499 sed
1833 5462 1955 5498 enin

394 5518 553 5590 quem
578 5522 792 5576 volebat
823 5522 1036 5587 Celsus,
1073 5523 1162 5590 qui
1190 5537 1310 5574 eum
1349 5519 1446 5571 soli
1480 5518 1586 5570 Deo
1621 5520 1954 5590 debituesit,

394 5586 512 5647 sine
551 5594 940 5661 superstitione
972 5586 1177 5659 angelis
1216 5591 1414 5644 deferri
1444 5604 1547 5641 non
1581 5597 1775 5657 potest.
1805 5586 1959 5640 Hune

394 5665 596 5716 cultum
622 5660 725 5717 isoli
758 5663 903 5715 Patri
935 5662 1158 5731 ejusque
1188 5660 1323 5714 Filio
1340 5672 1540 5722 servat,
1569 5674 1633 5712 ac
1666 5670 1955 5731 utrumque

392 5753 421 5785 a
454 5734 779 5789 Christianis
814 5754 831 5783 ι
862 5736 985 5786 totis
1005 5730 1208 5787 viribus
1237 5732 1588 5800 supplicando
1610 5738 1661 5783 et
1684 5730 1953 5796 precando

394 5808 495 5859 wh
526 5823 549 5856 ι
575 5810 924 5862 demonstrat.
955 5804 1063 5859 Cur
1095 5818 1274 5860 autem
1327 5800 1620 5856 Christiani
1672 5800 1947 5855 Christum

2070 4746 2335 4811 cujusque
2374 4743 2579 4810 speciei
2609 4740 2878 4810 exempla,
2921 4756 3110 4810 prunas
3144 4740 3368 4809 quidem
3412 4755 3482 4811 ex
3509 4740 3654 4792 Mar.

2069 4810 2272 4865 doeliaei
2306 4814 2663 4879 ethstheris;
2729 4814 2979 4866 secunda:
3025 4827 3095 4863 ex
3145 4810 3378 4870 azariae,
3417 4810 3647 4874 Tobias,

2068 4888 2258 4945 Annae,
2292 4880 2543 4936 Habacuc
2578 4896 2630 4935 et
2656 4882 2807 4937 Joaa:
2838 4901 2855 4949 ;
2890 4883 3064 4936 tertiae
3101 4898 3165 4935 ex
3198 4880 3367 4935 Josue
3393 4892 3453 4935 et
3488 4884 3652 4934 Sani-

2069 4968 2167 5007 son
2228 4954 2604 5023 orationibus;
2657 4965 2865 5023 quartae
2915 4954 3147 5023 denique
3191 4967 3260 5006 ex
3312 4954 3400 5003 his
3436 4950 3649 5005 Christi

2072 4970 2167 5007 son
2228 4970 2604 5020 orationibus;
2657 4970 2865 5023 quarta:
2915 4970 3035 5006 ueni
3082 4970 3147 5006 ne
3191 4970 3260 5006 ex
3312 4970 3400 5003 nis
3436 4970 3647 5005 hlll‘tsu

2072 5023 2271 5084 verbis,
2318 5042 2336 5073 ι
2370 5022 2647 5077 Conﬁteor
2674 5025 2791 5090 tibi,
2814 5024 2974 5077 Pater
2998 4970 3212 5091 (ﬁatut.
3238 5037 3293 5083 χ,
3328 5022 3449 5089 21),
3482 5042 3501 5073 i
3535 5036 3647 5075 etc.

2072 5094 2273 5147 Statuit
2300 5094 2504 5163 gratias
2529 5093 2749 5149 Christo
2797 5097 3035 5163 agendas
3077 5108 3237 5148 esse:
3269 5094 3337 5144 ab
3359 5112 3425 5147 eo
3456 5105 3649 5162 postu-

2072 5165 2290 5217 landum
2321 5165 2742 5233 docetexeinplo
2774 5165 3060 5231 Stephani,
3092 5182 3110 5213 ‹
3141 5163 3389 5224 Domine,
3428 5179 3499 5216 ne
3532 5176 3650 5217 sta-

2074 5245 2195 5288 tuas
2227 5236 2331 5289 illis
2358 5238 2459 5288 hoc
2489 5249 2771 5303 peccatum
2810 5234 3027 5306 (Matth.
3066 5249 3197 5296 xvu,
3230 5233 3322 5301 14)
3354 5251 3368 5286 :
3409 5252 3429 5285 ι
3466 5238 3648 5286 eidem

2071 5320 2286 5374 quoque
2341 5308 2751 5374 supplicandum
2789 5305 2843 5360 et
2868 5307 3289 5366 obsecrandum,
3323 5314 3381 5357 ut
3429 5305 3649 5371 suppli-

2071 5380 2230 5429 cabat
2277 5387 2430 5443 pater
2462 5378 2713 5442 lunatiei,
2750 5396 2771 5427 ι
2808 5378 3069 5441 Obsecro,
3096 5376 3346 5439 Domine,
3380 5376 3651 5429 miserere

2069 5448 2163 5499 lilii
2195 5451 2318 5499 mei.
2357 5465 2377 5497 ι

2137 5520 2288 5583 Quod
2325 5528 2502 5569 autem
2560 5527 2771 5586 spectat
2804 5519 2869 5572 ad
2912 5518 3303 5585 precationem,
3344 5532 3511 5584 quam
3546 5530 3647 5578 apo

2074 5594 2238 5657 pellat
2267 5589 2575 5657 προσευχὴν
2632 5593 2711 5642 sic
2750 5604 2901 5643 suam
2959 5589 3027 5641 de
3082 5607 3144 5642 ea
3186 5596 3426 5640 utentem
3470 5595 3649 5657 aperit

2070 5656 2220 5713 num.
2245 5656 2330 5711 ib":
2361 5656 2484 5710 Ἐὰν
2507 5656 2550 5709 δ’
2572 5658 2893 5729 ἀκούσωμεν
2919 5659 2948 5711 ὅ
2968 5676 3019 5712 τι
3038 5660 3169 5711 ποτε
3194 5660 3309 5710 ἐστι
3341 5656 3648 5729 προσευχὴ,

2067 5733 2274 5799 μήποτε
2302 5730 2476 5782 οὐδενὶ
2504 5730 2609 5782 τῶν
2636 5727 2907 5800 γεννηὲὼν
2938 5728 3497 5801 προσευκτὼεζὲσήτὶν,
3527 5727 3651 5779 (ιύὀὲ

2060 5798 2205 5871 aitet?)
2240 5800 2314 5871 τῷ
2362 5802 2580 5872 Χριστῴ
2607 5842 2620 5867 ,
2655 5798 2795 5855 ἀλλὰ
2825 5801 2969 5872 μόνῳ
2984 5798 3073 5855 λεὼ
3103 5801 3221 5871 Θεῷ
3246 5798 3355 5854 τῶν
3384 5800 3525 5855 ὅλων
3556 5810 3651 5853 καί

3581 324 3692 383 ἳὲἳ

3812 2148 3815 2191 l
