3836 6236
227 325 339 379 795

1043 322 1616 379 ORIGENIANORUM
1656 324 1783 378 LIB.
1826 323 1890 390 ll,
1926 326 2077 382 CAP.
2119 327 2184 392 ll,
2226 326 2506 394 QUEST.
2551 331 2615 383 ll.

3374 337 3476 392 7ηιό

227 439 327 493 καὶ
354 437 761 508 προσευξόμεθα
799 439 875 501 δὲ,
920 438 1015 491 ἐὰν
1045 438 1329 509 δυνώμεθα
1353 440 1672 494 κατακούειν
1704 443 1795 512 τῆς

1909 458 2098 512 preces
2121 452 2332 499 nostras
2362 445 2470 501 Deo
2501 445 2731 503 offerat:
2772 466 2793 500 ι
2828 450 2951 518 quia
2985 466 3090 505 nou
3114 461 3198 508 est
3226 465 3471 518 auctor,»

227 532 363 602 περὶ
377 531 682 603 προσευχῆς
693 530 1048 602 κυριολεξὶας,
1072 532 1166 585 καί
1181 534 1588 603 καταχρήσεως.
1607 535 1807 605 Nempe

226 624 531 677 orationem
560 624 775 691 proprie
794 624 990 679 dictam
1023 623 1128 676 Deo
1153 623 1300 677 Patri
1332 625 1482 679 fundi
1509 626 1678 695 jubet,
1704 628 1807 681 im-

227 713 504 781 propriatn
533 728 661 767 vero
679 723 730 767 et
748 714 1193 785 καταχρηστικὴν
1214 714 1352 768 Filio
1376 734 1389 769 :
1418 714 1493 769 illi
1518 725 1573 768 ιιι
1593 731 1803 769 summo

225 803 363 869 Deo,
399 806 657 859 bonorum
712 806 919 873 datori;
974 806 1096 862 huic
1159 817 1411 875 tanquam
1464 806 1679 879 μεσίτῃ,
1709 809 1801 876 qui

224 1003 427 1075 Πατρὶ,
472 996 516 1069 ᾧ
566 1003 728 1067 αὐτὸς
758 1004 1020 1076 όγΣωτὴρ
1058 1005 1215 1074 ἡμῶν
1255 1001 1603 1076 προσεύχετο.
1637 1001 1801 1076 ςηὸθιι

224 1076 273 1128 si
300 1071 665 1139 intelligamus
692 1075 820 1141 quid
840 1076 910 1127 sit
934 1071 1171 1141 precatio
1190 1114 1204 1138 ,
1238 1071 1365 1127 nnin
1397 1071 1538 1127 forte
1564 1071 1690 1125 nulli
1722 1074 1796 1125 rei

223 1146 424 1211 genita:
461 1145 728 1198 fundenda
750 1151 852 1205 est.
885 1159 949 1198 ac
978 1160 1045 1197 ne
1073 1145 1169 1210 ipsi
1200 1145 1417 1212 quidem
1444 1143 1680 1212 Christo.
1703 1142 1796 1196 sed

224 1210 327 1268 soli
363 1218 471 1269 Deo
499 1216 870 1268 universorum
903 1226 950 1267 et
979 1213 1145 1276 Patri,
1170 1210 1328 1284 quem
1358 1222 1413 1266 et
1452 1214 1567 1280 ipse
1602 1210 1795 1284 Salva-

226 1295 320 1338 tor
372 1295 554 1339 noster
601 1285 1002 1352 precabatur?»
1057 1283 1221 1338 Suam
1272 1300 1403 1354 ergo
1467 1283 1793 1339 sententiam

222 1356 481 1423 proponit
511 1356 818 1409 dubitanter
854 1395 870 1418 ,
905 1363 962 1407 ut
993 1356 1043 1407 in
1080 1371 1139 1410 re
1168 1355 1323 1423 longe
1352 1355 1586 1423 quaesita
1623 1354 1794 1422 magis

222 1439 388 1491 quam
414 1425 738 1478 necessaria.
771 1426 976 1479 Revera
1013 1425 1175 1480 allata
1214 1427 1281 1479 ab
1305 1439 1371 1480 eo
1419 1423 1665 1493 exempla
1695 1426 1794 1478 ob-

221 1496 616 1549 secrationiset
634 1496 1014 1565 postulationis
1038 1511 1140 1549 non
1168 1495 1343 1548 minus
1367 1495 1648 1565 magnifica
1666 1502 1795 1549 sunt

220 1579 388 1632 quam
424 1566 787 1634 precationis;
818 1582 916 1620 nec
950 1564 1319 1620 Mardochaeus
1346 1564 1584 1619 divinam
1619 1565 1788 1634 maje-

221 1633 433 1688 statem'
451 1635 649 1689 exilius
681 1638 958 1703 praedicat,
1011 1651 1132 1689 cum
1190 1636 1303 1689 ait:
1343 1655 1362 1688 ι
1400 1636 1645 1698 Domine,
1672 1633 1787 1688 Rex

220 1706 570 1775 omnipotens
600 1703 817 1775 (Esther
846 1722 963 1771 χιιι,
1003 1706 1079 1776 9),
1119 1726 1138 1758 ι
1170 1721 1331 1774 quam
1383 1722 1505 1760 cum
1538 1703 1788 1776 Habacuc

223 1776 398 1829 dicit:
438 1793 456 1826 ι
507 1776 748 1842 homine,
799 1778 978 1830 audivi
1029 1775 1270 1829 auditum
1323 1784 1473 1829 tuum
1501 1816 1515 1840 ,
1548 1782 1602 1827 et
1631 1775 1783 1828 timui

222 1842 460 1907 (labac.
494 1862 576 1909 ιιι,
607 1848 685 1915 1).
724 1866 741 1899 ι
788 1846 919 1900 Cum
952 1863 1078 1917 ergo
1098 1846 1331 1900 fateatur
1350 1846 1549 1915 gratias
1570 1844 1787 1898 Christo

221 1919 487 1985 agendas,
524 1918 682 1985 eique
724 1917 1154 1986 supplicandum,
1203 1926 1259 1970 et
1296 1917 1366 1970 ab
1400 1930 1465 1969 eo
1513 1916 1788 1983 postulan-

221 1987 390 2058 dum;
433 1987 477 2040 si
512 1998 694 2054 postea
737 1989 1103 2058 precationem
1157 1987 1256 2042 soli
1291 1986 1436 2040 Patri
1490 1999 1788 2058 congruere

221 2056 407 2121 docet,
431 2053 537 2110 non
566 2053 752 2125 potuit'
790 2058 930 2111 hanc
971 2058 1370 2111 distinctionem
1432 2053 1655 2123 majore.
1694 2056 1789 2107 ιιιί-

224 2141 424 2180 tinreve
449 2124 685 2195 potentia
714 2127 891 2181 metiri
917 2144 932 2192 ;
965 2134 1058 2181 sed
1107 2128 1474 2196 precationem
1525 2124 1787 2196 orationis

221 2194 493 2263 quoddam
533 2212 653 2251 esse
680 2212 849 2267 genus
872 2194 1121 2267 putabat,
1148 2199 1199 2250 iii
1232 2212 1340 2266 quo
1367 2195 1547 2256 Pater,
1580 2206 1637 2267 ut
1667 2194 1787 2249 fons

221 2267 545 2331 divinitatis,
571 2266 929 2333 glorificatur.
966 2266 1116 2322 Hauc
1159 2268 1479 2322 sententiam
1526 2266 1787 2333 Origenes

220 2335 291 2388 iis
320 2336 500 2389 firmat
537 2337 855 2397 rationibus,
876 2352 995 2403 qua:
1028 2338 1158 2391 nihil
1192 2338 1335 2391 aliud
1371 2336 1421 2389 ei
1454 2336 1785 2404 propositum

220 2420 346 2458 esse
370 2407 766 2469 demonstrant,
801 2408 901 2460 nisi
929 2418 984 2460 ut
1012 2409 1143 2461 ordo
1171 2408 1311 2462 inter
1356 2405 1571 2458 Patrem
1604 2416 1659 2458 et
1695 2406 1785 2458 Fi-

222 2475 351 2527 liutn
371 2477 713 2531 intercedeus
741 2478 793 2529 in
814 2477 1215 2544 precationibus
1238 2477 1577 2532 observetur.
1605 2475 1785 2529 Prima

217 2555 305 2599 est
324 2548 463 2612 quod
480 2549 597 2616 ipse
613 2546 863 2603 Christus
878 2547 1092 2601 Patrem
1116 2559 1365 2615 precatus
1387 2547 1476 2616 sit,
1503 2554 1556 2616 et
1582 2555 1638 2599 ut
1662 2561 1784 2599 eum

219 2615 591 2684 precaremur,
627 2617 874 2684 jusserit,
904 2633 1023 2672 cum
1051 2619 1190 2672 hanc
1218 2615 1468 2686 precandi
1500 2615 1782 2686 formulam

220 2688 557 2808 pra7ﬂ‘7ripsil
590 2706 604 2742 :
643 2707 660 2738 ι
688 2687 849 2741 Pater
875 2699 1079 2752 uoster,
1109 2689 1200 2757 qui
1220 2685 1354 2741 iesin
1386 2686 1539 2741 caelis
1569 2685 1780 2755 (ΜαιιΙι.

220 2770 297 2808 vr.
398 2796 409 2807 .
436 2777 455 2808 ι

217 2770 297 2820 vi,
324 2770 409 2820 τι).
436 2777 455 2808 ι

292 2756 455 2838 ιη»
821 2828 831 2837 .
1079 2827 1089 2838 .
1130 2756 1137 2757 ί

292 2828 465 2898 Altam
499 2829 759 2883 rationem
789 2843 868 2881 sic
896 2837 1151 2893 exponit:
1180 2828 1243 2880 Et
1267 2826 1375 2898 γὰρ
1397 2826 1602 2897 ἔτερος,
1630 2826 1703 2898 ᾡς
1728 2828 1786 2879 ὲν

217 2896 400 2960 ἄλλοις
418 2898 713 2968 δείκνυται,
757 2899 874 2951 κατ’
904 2898 1090 2968 οὐσίαν
1119 2905 1214 2952 και⁵
1248 2895 1601 2968 ὑποκείμενος
1644 2895 1661 2967 Ι⁴
1683 2899 1783 2967 leg.

218 2967 603 3039 ὑποκείμενον]
638 2973 665 3022 ὁ
700 2968 825 3033 Υἱὸς
843 2967 936 3021 τοῦ
965 2968 1199 3040 Πατρὺς,
1224 2979 1329 3023 etc.
1366 2985 1384 3018 ι
1420 2968 1546 3020 Nam
1571 2968 1615 3021 si
1650 2969 1786 3021 alius

216 3051 304 3093 t'st
333 3056 361 3091 a
391 3040 553 3093 Patre
585 3040 766 3099 Filius,
796 3053 852 3092 ut
880 3040 1007 3092 alibi
1040 3041 1466 3101 demonstratur,
1492 3040 1784 3090 secundum

217 3112 511 3162 essentiam
544 3121 598 3164 ct
627 3113 1003 3178 suppositum;
1040 3108 1125 3162 vel
1167 3108 1335 3162 Filius
1370 3107 1609 3178 orandus
1657 3119 1781 3172 est,

1911 534 2084 602 inquit
2139 549 2205 589 ex
2237 534 2485 605 Origenis
2508 551 2738 604 persona
2770 540 3122 611 Augustinus,
3157 563 3175 595 σ
3205 545 3477 616 indulgen-

1910 624 2095 677 darnm
2123 626 2463 694 petitionum,
2500 629 2593 682 sed
2629 632 2978 699 supplicator.
3016 652 3034 685 ι
3068 633 3281 690 Clarius
3314 638 3474 691 etiam

1912 724 2147 769 mentem
2181 732 2331 771 suam
2366 720 2542 785 aperit
2572 719 2664 774 lib.
2697 737 2812 785 viti,
2851 738 2997 777 num.
3025 724 3132 782 13:
3186 726 3346 781 Ἀλλὰ
3385 728 3478 781 τὸν

1909 806 2004 859 ἕνα
2023 805 2174 873 Θεὸν,
2209 809 2300 861 καὶ
2327 809 2415 863 τὸν
2429 810 2527 866 ἕνα
2554 812 2682 865 Υἱὸν
2699 812 2884 880 αὑτοῦ,
2918 816 3014 869 καὶ
3041 817 3231 886 Λόγον,
3268 821 3364 874 καὶ⁵
3400 821 3477 874 ει-

1905 1002 2226 1074 clesiasticae
2255 1020 2447 1074 preces
2497 1006 2587 1060 uni
2633 1006 2822 1061 formae
2858 1010 3175 1070 reddantur,
3221 1029 3320 1065 nec
3352 1016 3475 1070 aliis

1904 1073 2064 1151 aliter
2087 1073 2435 1151 precantibus
2452 1078 2879 1151 di_screpe_ttt._“l_l
2904 1078 3025 1151 οῷχι
3040 1081 3353 1151 σχιζόμεθα,
3376 1085 3472 1139 ἐὰν

1902 1144 1950 1219 οἱ
1994 1143 2106 1219 μὲν.
2127 1143 2203 1214 τῷ
2248 1145 2422 1219 Πατρὶ
2456 1146 2605 1219 ,οἰᾲδὲ
2640 1146 2728 1219 Λτῷ
2761 1148 2874 1217 ἴτἱῷ
2906 1143 3212 1219 εὐῇξόμὲϐαί
3249 1143 3472 1209 ἰδιώτῶν

1900 1210 2185 1290 ἁμαρτία-ν’
2199 1214 2350 1290 ξεαιιῖᾲΔ
2371 1210 2583 1287 ’πολλὴν
2602 1287 2611 1290 _
2627 1210 2999 1290 ἀκὲραιότητιῖ
3021 1210 3106 1290 διὰ
3132 1222 3190 1274 τὸ
3214 1224 3473 1280 ἀϐασάνι-

1902 1284 2029 1337 στον
2068 1285 2161 1367 θεαὶ
2177 1284 2551 1366 *ἀνεξέταστον
2588 1284 3011 1367 ὁιμαρτανόνιξρν
3054 1289 3193 1367 [_Ieg.
3230 1295 3472 1367 ἁμαρτάέ

1899 1354 2100 1432 pr-:55]
2134 1354 2242 1432 τῷν
2286 1354 2732 1432 προαευχοξιὲνων
2762 1360 2838 1432 τῷ
2883 1360 3017 1432 Υιῷ,
3050 1354 3170 1414 ἐῖτέ
3196 1354 3470 1432 μεέϊτοῦ

1899 1425 2134 1499 ῌατρὸς,
2161 1425 2474 1499 εἴτεῃορὶς
2493 1425 2591 1479 θεοῦ
2619 1425 2855 1499 Πατρόξ.
2883 1449 2901 1481 ι
2936 1425 3123 1485 Nonne
3148 1425 3291 1486 enim
3326 1438 3471 1489 sviu-

1895 1497 2094 1560 dimur,
2123 1499 2171 1569 _si
2205 1497 2572 1569 alii_Patrem,
2615 1499 2703 1551 alii
2743 1497 2941 1554 Filium
2979 1516 3285 1569 precemur,
3328 1507 3466 1559 idem

1894 1580 1990 1646 per
2029 1566 2251 1621 multam
2277 1566 2674 1646 simplicitatem
2705 1566 3102 1646 inconsiderate
3137 1581 3190 1626 et
3221 1574 3468 1646 inexplo-

1894 1645 2009 1710 rate
2043 1648 2349 1710 peccantes,
2371 1654 2449 1710 _ac
2471 1639 2673 1710 idiotas,
2702 1640 2791 1710 qui
2818 1640 3013 1695 Filiutn
3046 1652 3207 1697 orant
3232 1648 3316 1700 vel
3342 1639 3466 1700 cum

1891 1704 2072 1770 Patre,
2110 1707 2193 1760 vel
2221 1707 2335 1762 sine
2370 1707 2571 1761 Patre?
2603 1727 2621 1759 ι

1962 1777 2040 1855 Ex
2076 1777 2161 1832 bis
2189 1788 2333 1845 patet
2365 1780 2495 1855 uih_i_l
2534 1779 2679 1855 aliud
2710 1778 2925 1855 Origeni
2958 1785 3291 1850 propositum
3321 1804 3462 1855 esse,

1897 1849 2096 1926 nisi-ut
2134 1862 2195 1901 ea
2229 1851 2483 1926 prnecaudi
2521 1851 2679 1926 rario“
2708 1849 3194 1926 oliserveturéquze
3226 1858 3365 1926 viget
3413 1849 3464 1915 iii

1896 1917 2158 1981 Ecclesia,
2190 1929 2249 1972 ut
2274 1917 2434 1973 Pater
2461 1934 2556 1988 per
2583 1918 2775 1972 Filium
2805 1932 3007 1976 oretur.
3039 1917 3173 1978 Ct'im
3213 1917 3462 1984 na'iuram

1897 1988 2135 2041 divinam
2166 1988 2216 2042 in
2252 1988 2389 2041 Filio
2416 1989 2754 2053 considerat,
2790 1990 2988 2043 fatetur
3016 2008 3137 2046 eutn
3172 1996 3465 2053 obsecran-

1893 2057 2020 2135 dum
2043 2073 2185 2120 esse,
2220 2059 2288 2113 ab
2313 2074 2377 2135 eo
2408 2058 2804 2135 postulandum,
2842 2061 3047 2135 gratias
3091 2064 3140 2117 ei
3180 2069 3413 2135 agendas
3443 2089 3459 2135 ;

1893 2130 1984 2180 sed
2015 2144 2135 2181 cum
2167 2130 2391 2204 attendit
2423 2144 2546 2181 eum
2592 2143 2622 2181 a
2661 2129 2822 2204 Patre
2851 2129 3049 2184 'omuia
3086 2129 3381 2204 accepisse,
3406 2129 3463 2193 ei.

1896 2210 2080 2251 ηοειιει
2105 2214 2265 2252 causa
2295 2201 2632 2252 incarnattttn
2656 2215 2719 2253 ac
2742 2199 2963 2255 fratrem
2987 2199 3234 2257 ηυδιιιιιιι
3261 2199 3459 2264 Ιὶιοιιιιη

1893 2284 2034 2328 esse.
2067 2269 2340 2323 concludit
2362 2283 2568 2336 preces,
2592 2284 2729 2336 quas
2752 2286 2851 2324 nec
2871 2272 3058 2338 plurali
3090 2290 3335 2334 tmmero.
3362 2295 3462 2332 nec

1896 2341 2044 2392 vario
2077 2350 2130 2391 et
2160 2338 2490 2392 inconstanti
2540 2340 2695 2393 modo
2727 2338 2904 2394 efferri
2954 2345 3126 2407 dei-et,
3161 2346 3223 2398 ad
3246 2345 3458 2402 Patrem

1894 2422 1992 2481 per
2030 2408 2224 2481 Filium
2260 2424 2381 2464 esse
2410 2408 2731 2481 dirigendas.
2763 2411 2867 2481 Sed
2898 2414 2986 2480 qui
3038 2412 3251 2481 Origeni
3283 2418 3365 2472 his
3406 2420 3457 2471 in

1894 2477 2029 2533 locis
2055 2478 2185 2550 nihil
2212 2489 2397 2532 contra
2425 2478 2773 2550 divinitatem
2798 2477 3001 2536 Christi
3035 2477 3304 2540 excidisse
3325 2501 3455 2543 conv

1895 2550 2073 2623 tendo,
2102 2549 2240 2623 idem
2266 2558 2443 2623 tamen
2469 2548 2675 2623 fatebor
2703 2548 2823 2623 eum
2850 2552 2901 2604 in
2931 2556 3170 2623 operosis
3205 2559 3461 2623 quaestio-

1894 2620 2051 2673 nibus
2083 2631 2138 2672 et
2166 2618 2385 2672 minutis
2416 2616 3081 2686 ratiocinationibusjusto
3117 2616 3452 2680 disertiorem

1892 2702 2030 2751 esse,
2067 2704 2131 2764 ac
2161 2703 2223 2743 ea
2261 2698 2519 2753 statuere,
2570 2691 2809 2764 (μυξη-δί
2868 2694 3011 2744 nulla
3057 2696 3456 2764 restringantur

1890 2760 2227 2835 exceptiOue,
2268 2772 2365 2835 nec
2413 2772 2532 2811 cum
2587 2759 2856 2835 precibus,
2892 2759 3337 2835 quas__0rigeties
3389 2783 3457 2823 ex

1895 2828 2173 2903 Scriptura
2196 2830 2408 2903 repetit,
2437 2844 2533 2903 nec
2578 2843 2701 2903 cum
2742 2830 3142 2903 illisconciliari
3176 2828 3452 2903 poterunt,

1892 2913 2011 2974 qua:
2044 2900 2093 2953 in
2125 2900 2254 2974 ipsis
2283 2899 2537 2974 Ecclesia:
2572 2898 2901 2974 _primordiis
2951 2898 3337 2974 nonnunquam
3383 2898 3451 2961 ad

1893 2967 2534 3046 Filium__dirigebai_rtnr;
2571 2968 2680 3023 imo
2728 2984 2827 3023 nec
2854 2987 2974 3046 cum
3023 2973 3150 3040 ipsis
3194 2967 3455 3046 'Origenis

1892 3039 2189 3108 principiis,
2221 3038 2283 3093 ex
2313 3038 2508 3110 quibus
2537 3049 2857 3106 sequeretur
2907 3038 3052 3110 ipsas
3084 3046 3247 3097 etiam
3297 3038 3456 3101 obse-

1892 3110 2183 3183 crationes,
2209 3108 2596 3183 postulationes
2622 3116 2681 3183 ret
2702 3108 2994 3183 gratiarum
3024 3114 3264 3169 actiones
3283 3156 3297 3179 ,
3320 3132 3454 3183 quas

220 3196 330 3231 non
358 3192 539 3232 ειιιινιη
571 3172 748 3244 Pater,
789 3179 874 3232 vel
920 3172 1171 3247 uterque,
1210 3178 1292 3231 vel
1348 3178 1492 3231 solus
1539 3176 1715 3230 Pater.
1755 3196 1774 3229 ι
1813 3172 1853 3234 C
1884 3178 2024 3232 Filio
2055 3172 2237 3234 deberi
2276 3181 2494 3243 fatetur,
2535 3172 2731 3233 eodeni
2756 3183 2915 3236 modo
2939 3172 3303 3240 instituendas
3332 3172 3453 3241 esse

220 3250 410 3302 Solum
438 3249 636 3304 Filium
658 3251 804 3303 orari
852 3249 968 3303 sine
997 3248 1155 3302 Patre
1190 3250 1482 3301 absurdum
1536 3248 1787 3302 omnibus

222 3321 398 3372 \‘istlttt
436 3321 497 3372 iri
533 3336 637 3374 non
670 3321 879 3374 dubitat
914 3336 926 3373 :
971 3330 1259 3385 utrumque
1307 3330 1483 3371 autem
1514 3331 1671 3370 orare
1705 3320 1787 3371 iu-

217 3391 562 3443 rommudum
600 3392 647 3443 ei
680 3392 914 3452 videtur,
946 3397 1045 3442 eta
1070 3388 1368 3455 Scriptum:
1399 3389 1788 3441 consuetudine

219 3458 491 3525 alienum;
514 3461 801 3514 dicendum
827 3461 970 3513 enim
997 3459 1133 3511 foret
1158 3458 1348 3528 plurali
1378 3472 1624 3521 numero,
1648 3456 1789 3511 Prae-

218 3532 353 3592 bete,
388 3531 697 3598 benefacite,
728 3532 1081 3599 suppeditata,
1111 3529 1327 3599 satrate.
1357 3528 1483 3599 lude
1513 3530 1787 3599 concludit

218 3601 393 3653 solum
436 3600 651 3654 Patrem
682 3602 950 3653 orandum
976 3614 1117 3662 esse,
1151 3616 1168 3649 ι
1204 3598 1295 3652 sed
1336 3615 1399 3651 ne
1439 3598 1541 3649 hoc
1566 3598 1781 3665 quidem

216 3673 422 3737 alisque
464 3686 674 3724 summo
732 3670 1026 3723 Sacer-dote
1080 3685 1199 3721 cum
1234 3667 1522 3737 jejurando
1566 3686 1593 3718 a
1627 3666 1786 3720 Patre

216 3736 537 3803 conSlituto,
572 3744 866 3793 secundum
891 3739 1015 3791 illud
1044 3738 1157 3792 :Tu
1183 3754 1235 3792 es
1272 3736 1529 3791 Sacerdos
1558 3737 1611 3788 in
1634 3748 1787 3789 a'ter-

215 3826 340 3862 num
367 3810 647 3863 secundum
667 3810 900 3863 ordinem
920 3807 1290 3862 Melchisedech
1316 3806 1488 3877 (Psal.
1506 3822 1614 3870 tux,
1639 3806 1745 3877 14).
1761 3827 1780 3859 ι

216 3878 345 3933 Han:
384 3882 673 3934 confirmat
709 3882 793 3934 his
825 3879 1027 3935 Christi
1060 3879 1236 3933 verbis
1268 3894 1283 3931 :
1314 3897 1333 3928 ι
1368 3879 1564 3939 Amen,
1602 3893 1783 3942 amen,

215 3952 338 4003 dico
364 3950 539 4013 vobis,
572 3951 613 4003 si
634 3951 760 4019 quid
787 3949 1052 4018 petieritis
1086 3948 1296 4019 Patrem
1322 3947 1374 4000 iu
1402 3948 1620 4000 nomine
1642 3963 1780 4019 meo,

215 4020 368 4072 dabit
391 4020 543 4074 vobis
570 4015 754 4091 (Joan.
787 4015 899 4081 im,
930 4019 1055 4091 23).
1079 4038 1098 4071 ι
1130 4018 1274 4072 Nihil
1299 4032 1431 4091 sane
1453 4019 1502 4069 in
1538 4022 1637 4091 hac
1662 4015 1787 4091 Ori-

214 4092 367 4156 genis
391 4086 636 4145 doctrina
656 4086 1180 4160 reprehendendum,
1199 4103 1298 4143 nec
1315 4088 1529 4141 Patrem
1553 4089 1684 4160 _sine
1697 4086 1785 4140 Fi-

214 4160 310 4223 lio,
344 4176 441 4215 nec
464 4160 656 4215 Filium
684 4156 801 4216 siue
828 4158 991 4213 Patre
1015 4162 1276 4213 orandum
1304 4158 1615 4211 statuentis.
1648 4156 1782 4210 Cum

213 4242 397 4284 autem
444 4245 547 4284 non
579 4236 814 4295 deceret,
844 4240 901 4283 ut
930 4245 1117 4297 preces
1142 4230 1333 4298 plurali
1358 4242 1583 4281 numero
1611 4228 1785 4281 cll'er—

213 4310 440 4368 rentur,
477 4299 761 4370 Origenes,
818 4303 908 4368 qui
967 4301 1333 4355 necessarium
1365 4306 1694 4370 esserputat
1715 4299 1781 4370 ad

214 4366 526 4424 accuratam
554 4366 773 4440 p'recum
807 4366 1228 4432 institutionem,
1270 4380 1327 4423 ut
1359 4368 1538 4421 Patris
1566 4378 1619 4440 et
1655 4366 1779 4440 [filii

214 4441 421 4496 mentio
444 4437 574 4508 fiat}
607 4441 784 4495 neutri
816 4442 945 4495 facit
968 4441 1245 4510 injuriam,
1269 4455 1394 4493 cum
1433 4439 1619 4510 easad
1672 4437 1776 4490 Pa-

1890 3265 1953 3303 ac
1990 3252 2159 3317 ipsam
2192 3250 2576 3317 precationem.

1961 3319 2237 3374 Molestum
2262 3321 2402 3373 forte
2442 3318 2734 3386 videbitur,
2761 3322 2902 3387 quod
2937 3321 3020 3375 his
3049 3322 3448 3378 Denteronomii

1888 3391 2068 3463 verbis
2088 3405 2402 3452 occurrens,
2430 3404 2550 3458 quae
2576 3391 2676 3444 sibi
2703 3390 2972 3463 objectum
3006 3393 3068 3443 iri
3101 3396 3448 3463 providebat:

1894 3462 2332 3535 _¢_Ador_eut_eun_t
2361 3475 2550 3535 omnes
2577 3461 2750 3528 angeli
2782 3463 2870 3515 Dei
2892 3462 3069 3532 (Deut.
3095 3461 3265 3529 sxxii,
3298 3464 3447 3535 45):»

1890 3532 2028 3584 idem
2065 3529 2133 3583 de
2197 3530 2434 3583 Ecclesia
2490 3528 2692 3584 dictum
2748 3546 2869 3586 esse
2900 3528 3280 3600 respondeat;
3317 3554 3333 3584 ι
3372 3528 3448 3589 ’δὶ

1886 3602 2029 3669 quis,
2057 3600 2247 3668 inquit.
2273 3600 2591 3653 existimans
2623 3600 2983 3669 precationem
3023 3601 3121 3669 ipsi
3153 3603 3286 3657 Filio
3330 3602 3447 3658 fnu-

1888 3675 2117 3725 deudam
2153 3686 2293 3737 esse,
2320 3686 2384 3724 ac
2419 3672 2681 3724 reveritus
2732 3671 2783 3725 id
2836 3672 2975 3739 quod
3030 3686 3096 3725 ex
3136 3676 3452 3729 adoratioue

1887 3742 2272 3809 consequitur,
2324 3739 2548 3809 objiciat
2606 3739 2762 3795 nobis
2821 3741 2994 3795 illud:
3054 3742 3285 3796 Adorent
3328 3760 3449 3797 eum

1888 3828 2062 3863 omnes
2119 3809 2289 3880 angeli
2328 3809 2443 3873 Dei,
2475 3811 2621 3877 quod
2654 3812 2771 3865 sine
2816 3816 3189 3865 controversia
3227 3814 3277 3865 in
3313 3813 3447 3868 Deu-

1889 3883 2189 3934 teronomio
2219 3882 2286 3936 de
2311 3880 2526 3934 Christo
2551 3881 2749 3933 dictum
2782 3892 2900 3944 est;
2938 3883 3222 3935 dicendum
3256 3884 3328 3936 illi
3365 3895 3451 3939 est

1887 3950 2203 4016 Ecclesiatti,
2235 3965 2352 4019 quae
2377 3948 2671 4005 Jerusalem
2707 3964 2737 4003 a
2783 3952 3042 4020 propheta
3093 3952 3405 4008 nowinatur
3429 3993 3448 4019 ,

1887 4022 2101 4075 adorari
2149 4038 2178 4075 a
2219 4020 2437 4090 regibus
2493 4030 2549 4072 et
2590 4022 2791 4088 reginis
2849 4021 3147 4076 nutricibus
3200 4020 3355 4077 factis
3395 4037 3453 4078 et

1885 4092 2143 4155 uutritiis,
2167 4101 2225 4146 ut
2246 4100 2392 4160 patet
2422 4105 2487 4144 ex
2515 4092 2598 4144 his
2620 4092 2830 4144 verbis:
2864 4090 2998 4143 Erce
3028 4092 3205 4146 levabo
3233 4093 3300 4144 ad
3323 4110 3450 4162 geu—

1885 4172 1958 4214 ιρι
1990 4177 2198 4213 manum
2234 4177 2493 4214 meum...
2522 4171 2671 4213 erunt
2701 4176 2840 4228 reges
2875 4162 3074 4214 nutritii
3110 4163 3207 4223 tui,
3234 4174 3280 4215 et
3308 4179 3447 4230 regi-

1885 4247 1967 4284 nw
2020 4232 2248 4285 nutrices
2282 4242 2429 4283 tute:
2480 4230 2628 4283 vultu
2677 4231 2732 4283 in
2767 4240 2959 4283 terram
2993 4234 3216 4284 demisso
3263 4236 3457 4285 adora-7

1886 4303 2011 4354 bunt
2029 4312 2076 4353 te
2096 4301 2231 4371 (Isa.
2257 4316 2404 4363 χιιι,
2428 4299 2522 4364 22,
2542 4299 2655 4369 25),
2680 4318 2699 4350 ι
2726 4310 2829 4354 etc.
2845 4299 2978 4354 Cum
3005 4307 3190 4355 eadem
3221 4301 3292 4355 sit
3320 4318 3445 4367 pre-

1884 4371 2042 4424 candi
2076 4384 2131 4424 et
2156 4372 2416 4424 adorandi
2468 4372 2624 4440 ratio,
2666 4371 2885 4423 minime
2928 4372 3143 4432 mirum,
3183 4374 3225 4424 si
3258 4371 3449 4440 Orige-

1885 4457 2003 4506 nes,
2031 4442 2119 4508 qui
2148 4455 2337 4507 preces
2368 4441 2434 4495 ad
2458 4439 2697 4505 Patrem,
2717 4450 2775 4494 ut
2803 4441 2869 4494 ad
2899 4442 3098 4494 fontem
3122 4439 3442 4505 divinitatis,

216 4521 352 4581 rrem
408 4513 717 4581 dirigendas
752 4513 925 4566 docet.
978 4508 1131 4577 Quod
1183 4520 1362 4563 autem
1410 4508 1487 4562 ait
1514 4508 1710 4563 Filium
1746 4525 1776 4563 a
1810 4515 1852 4568 D
1883 4512 2187 4580 dirigendas
2214 4512 2393 4573 docet,
2446 4511 2585 4563 idem
2617 4510 2685 4564 de
2731 4511 3044 4581 adoratione
3073 4520 3297 4563 statuat.
3336 4510 3445 4564 Dn-

211 4580 376 4636 Patre
388 4580 550 4635 alium
572 4596 689 4636 esse
711 4582 1001 4637 secundum
1020 4582 1314 4636 essentiam
1331 4581 1732 4647 etsuppositum
1754 4621 1768 4642 ,

211 4654 345 4707 satis
369 4654 479 4721 jam
500 4667 768 4722 superque
797 4654 1229 4722 demonstratum
1268 4660 1351 4704 est
1379 4651 1673 4722 essentiam
1700 4650 1772 4722 ab

211 4737 279 4776 eo
300 4720 650 4783 considerari,
682 4720 970 4792 quatenus
1025 4721 1193 4776 certis
1225 4721 1649 4792 proprietatibus
1679 4720 1772 4774 de-

210 4795 360 4847 linita
391 4804 494 4859 est,
525 4804 599 4858 et,
624 4803 679 4845 ut
712 4791 826 4862 ipse
856 4792 1110 4860 loquitur,
1143 4791 1573 4862 circumscripta.

282 4858 517 4917 Tertiam
547 4858 807 4917 rationein
826 4878 894 4916 ex
923 4858 987 4917 eo
1015 4867 1229 4930 repetit,
1252 4860 1391 4929 quod
1415 4859 1582 4913 Filius
1610 4874 1638 4912 a
1668 4858 1771 4913 Pa-

211 4946 294 4989 tre
323 4936 500 4987 omnia
532 4936 822 5003 acceperit,
844 4941 899 4986 et
933 4933 1101 4985 frater
1154 4942 1357 5003 uoster,
1392 4932 1771 5003 susceperint-

211 5020 368 5058 mana
404 5015 625 5068 natura,
660 5000 837 5058 factus
857 5008 943 5057 sit.
973 5003 1063 5057 Sic
1089 5004 1233 5055 enim
1267 5001 1539 5054 Christum
1569 5000 1777 5068 inducit

211 5090 309 5128 nos
341 5075 699 5145 alloquentem
735 5093 747 5128 :
798 5074 1062 5145 Ἀρχιερεῖ
1090 5071 1198 5143 γὰρ
1221 5072 1298 5141 τῷ
1327 5070 1465 5145 (intra
1496 5067 1647 5145 ὑμῶν
1676 5085 1775 5145 καῖ

208 5139 645 5231 τασταϐένῖξιὺπὸ
668 5145 761 5196 τοῦ
798 5139 1009 5231 uesper;
1045 5139 1137 5231 3:11
1163 5139 1499 5228 manasse
1547 5139 1773 5231 urticam”),

210 5215 418 5286 Πατρός
448 5212 585 5267 εἶναι
611 5215 852 5286 λαϐόντι,
879 5209 1299 5286 εὔχεσθαιγὺμᾷς
1321 5213 1381 5286 οᾼὺ
1402 5209 1520 5286 ᾇᾷεῐ,
1555 5209 1687 5286 ἁλλᾲ
1706 5209 1773 5262 δι’

210 5281 505 5358 ἀρχιερέως
534 5288 628 5339 καὶ
650 5281 1096 5358 παρακλήτουτ...
1138 5281 1374 5358 Ἀδελφιρ
1397 5281 1453 5358 δε
1480 5281 1773 5358 προσεύχεσ-

210 5350 330 5429 σξιᾷι
350 5350 474 5419 ’ἑοὺς
501 5350 938 5429 κᾳτηξιοὶμένοιὶς
955 5356 1070 5417 ἑνὸς
1090 5354 1254 5407 αὑτοῦ
1272 5350 1385 5406 lla}:
1395 5351 1482 5423 ρὸς
1500 5350 1613 5429 οὐκ.
1626 5350 1771 5403 ἐστιν

208 5426 444 5495 εὔλογον.
483 5446 499 5478 ι
532 5426 639 5481 Νιιὲ
679 5426 799 5480 eum
842 5443 997 5480 orare
1052 5428 1281 5489 debetis,
1321 5439 1410 5490 qut
1444 5426 1767 5475 constitutus

207 5508 287 5551 est
322 5494 557 5565 pontifex
594 5514 622 5549 a
658 5498 840 5560 Patre,
862 5508 916 5549 et
947 5514 973 5549 ιι
1000 5496 1158 5549 Patre
1182 5496 1389 5560 accepit
1425 5500 1482 5544 ut
1504 5494 1767 5565 csset_ad-

205 5561 467 5634 vocatus;
502 5570 595 5622 sed
620 5584 714 5636 per
751 5570 1058 5637 pontificem
1092 5576 1147 5637 _ct
1178 5561 1763 5637 atlvocatutit.:..“Fra-

209 5652 344 5692 trem
370 5630 553 5693 autem
598 5630 845 5691 arari-ab
891 5639 975 5703 iis,
1013 5635 1104 5704 qui
1148 5636 1334 5689 eodem
1386 5645 1450 5686 ac
1486 5632 1574 5685 ille
1604 5630 1765 5686 Patre

206 5709 529 5781 gloriantur,
560 5723 664 5781 non
691 5718 776 5761 est
806 5708 998 5760 rationi
1033 5715 1474 5781 consentaneum.
1498 5720 1528 5781 ¹ι

274 5777 545 5833 Clausula:
585 5780 703 5833 loco
740 5788 989 5845 quartam
1022 5776 1288 5831 rationem
1319 5774 1556 5840 subiicit,
1594 5783 1650 5827 ut
1673 5787 1757 5828 ec-

1883 4581 2026 4634 bitnn
2057 4596 2179 4635 esse
2224 4596 2328 4635 non
2359 4590 2533 4650 potest
2560 4595 2626 4634 ex
2661 4580 3183 4650 testimoniisAmodo
3225 4580 3397 4633 allatis
3428 4622 3442 4642 ,

1880 4651 2007 4718 quin
2033 4650 2308 4706 Christum
2343 4648 2463 4704 cum
2492 4650 2673 4715 Patre,
2697 4660 2753 4703 ut
2777 4664 2957 4702 verum
2984 4648 3251 4703 Filiumet
3280 4665 3456 4704 unum

1879 4736 2000 4774 cum
2028 4721 2185 4775 Patre
2225 4722 2387 4775 Deum
2427 4722 2641 4774 adorari
2674 4722 2881 4774 doceat.
2910 4720 3061 4785 Quod
3085 4722 3128 4773 si
3176 4736 3292 4775 eam
3332 4719 3444 4775 dis-

1881 4793 2196 4845 tinctionem
2237 4792 2528 4857 adhibeat,
2577 4800 2635 4843 ut
2688 4790 2934 4859 quamvis
2979 4789 3139 4843 Pater
3164 4799 3218 4843 et
3253 4788 3452 4859 Filius,

1880 4872 1935 4914 ιιι
1972 4878 2108 4913 unus
2138 4862 2298 4921 Deus,
2323 4862 2481 4915 simul
2522 4858 2831 4923 adorentur,
2868 4861 3113 4914 adoratio
3137 4868 3313 4913 tamen
3338 4858 3441 4914 Pa-

1880 4932 1969 4997 tri,
2002 4941 2058 4983 ut
2081 4932 2212 4986 lonti
2250 4932 2566 4996 divinitatis,
2592 4931 2730 4984 Filio
2757 4940 2814 4982 ut
2845 4927 2956 4983 Deo
2987 4945 3053 4983 ex
3083 4930 3194 4984 Deo
3223 4931 3439 4985 defera-

1882 5011 1995 5067 tur;
2036 5001 2191 5069 longe
2215 5002 2378 5055 distat
2398 5003 2511 5055 haec
2536 5000 2806 5055 sententia
2838 5000 2906 5069 ab
2927 5000 3145 5055 Arianis
3173 5016 3451 5055 commen-

1879 5074 1965 5125 tis.
2002 5068 2259 5136 Quamvis
2294 5080 2471 5125 autem
2523 5072 2575 5125 iit
2603 5072 2849 5139 exemplo
2878 5068 3187 5140 Ecclesizea
3222 5071 3449 5140 regibus

1877 5151 1934 5194 et
1964 5142 2164 5212 reginis
2197 5144 2434 5195 adorata
2463 5142 2832 5209 metaphoram
2854 5142 3105 5212 (admittat
3136 5139 3392 5211 Origenes
3422 5182 3437 5204 ,

1877 5226 1982 5263 non
2015 5210 2136 5265 inde
2175 5214 2421 5281 sequitur
2469 5212 2671 5281 pariter
2722 5210 3006 5265 admisisse
3037 5212 3088 5263 in
3120 5210 3439 5265 adoratioue

1875 5296 1993 5348 qua:
2016 5282 2151 5336 Filio
2175 5284 2446 5347 defertur;
2476 5281 2568 5335 sed
2589 5282 2690 5352 l_ioc
2708 5292 2911 5352 tantum
2928 5282 3219 5345 contendit,
3246 5297 3440 5352 quant-

1874 5353 1956 5405 vis
1986 5352 2147 5405 Pater
2175 5354 2449 5415 adoretur,
2485 5366 2548 5405 ac
2585 5350 2752 5405 Filius
2779 5351 3051 5416 adoretur,
3094 5367 3199 5405 non
3234 5350 3436 5405 idcirco

1876 5422 2272 5475 distinctionem
2318 5423 2596 5490 utriusque
2630 5436 2869 5487 personae
2904 5422 3049 5487 tolli;
3085 5436 3278 5489 quippe
3309 5436 3433 5473 cunt

1874 5490 2111 5545 Ecclesia
2139 5493 2255 5560 ipsa
2280 5492 2492 5545 adorari
2517 5493 2748 5544 dicatur.
2784 5492 2955 5544 Simili
2988 5493 3195 5545 ratione
3220 5508 3275 5560 in
3295 5490 3437 5543 ilUI‘O

1871 5572 2060 5614 octavo
2094 5559 2274 5614 contra
2314 5560 2525 5615 Celsum
2559 5573 2616 5614 ut
2660 5561 2849 5629 probet
2879 5561 3093 5614 Patrem
3138 5570 3193 5612 et
3238 5559 3437 5613 Filium

1871 5647 1981 5684 non
2010 5633 2289 5695 confundi,
2322 5634 2567 5700 quamvis
2612 5648 2775 5686 unum
2810 5646 2928 5685 esse
2953 5632 3220 5692 dicantur,
3265 5632 3435 5683 utitur

1869 5702 2114 5770 exemplo
2139 5704 2431 5768 primorum
2467 5701 2724 5765 fidelium,
2746 5717 2972 5770 quorum
2995 5716 3090 5754 cor
3118 5716 3282 5753 unum
3315 5711 3434 5754 erat

1869 5783 1921 5826 ct
1951 5774 2125 5827 anima
2163 5789 2285 5826 una.
2321 5778 2399 5827 Au
2431 5773 2554 5826 inde
2586 5774 2831 5841 sequitur
2855 5771 2923 5825 ab
2954 5786 3018 5827 eo
3045 5772 3181 5827 inter
3217 5771 3439 5828 Patrem
