3860 6230
366 328 473 387 795

1640 327 1697 381 Ρ.
1737 323 2053 380 DANIELIS
2092 322 2329 379 HUETII

3538 335 3656 391 796

365 447 519 505 κύνα,
544 448 664 510 ταῖς
700 445 842 501 κατά
879 446 940 500 τὸ
992 446 1215 500 δυνατὸν
1246 449 1380 517 ἡμῖν
1409 445 1637 508 ἱκεσίαις
1668 445 1762 499 καί
1789 442 1943 509 ἀξιώ-

2054 442 2177 497 dem
2203 460 2217 497 :
2255 460 2273 492 ι
2306 441 2441 509 Quia
2467 442 2633 514 igitur
2665 443 2917 501 Salvator
2946 444 3223 502 Creatoris
3250 456 3335 503 est
3365 447 3566 515 Filius,
3592 453 3648 504 in

365 555 485 593 σεσι
512 540 762 609 σέϐομεν,
790 540 1158 610 προσάγοντες
1173 539 1250 609 τῷ
1279 539 1399 610 Θεῷ
1425 539 1533 592 τῶν
1558 538 1693 593 ὅλων
1732 538 1830 601 τὰς
1864 539 1946 590 εὑ-

366 633 466 703 χὰς
493 630 579 683 διὰ
608 630 701 683 τοῦ
728 632 1063 700 Μονογενοῦς
1088 625 1314 699 αὐτοῦᾦ
1335 631 1549 703 πρῶτον
1567 631 1944 702 προσφέρομεν

364 723 559 786 αὑτὰς,
585 722 859 787 ἀξιοῦντες
876 724 1060 786 αὐτὸν,
1088 724 1311 793 ἱλασμὸν
1333 724 1462 777 ὅντα
1489 724 1618 794 περὶ
1643 723 1751 777 τῶν
1768 726 1947 795 ἀμαρ-

363 816 495 870 τιῶν
517 816 694 886 ήμῶν,
722 820 1093 887 προσαγαγεῖν
1121 818 1197 881 ὡς
1217 818 1479 890 ἀρχιερέα
1511 818 1611 881 τὰς
1641 817 1823 888 εὐχὰς,
1852 816 1946 870 καὶ

363 908 464 971 τὰς
495 907 707 973 Θυσίας,
727 911 820 962 καὶ
834 910 933 972 τὰς
961 910 1231 975 ἐντεύξεις
1254 913 1286 981 ὴ
1295 910 1410 981 μῶν
1430 910 1507 981 τῷ
1523 911 1615 963 ἐπὶ
1643 912 1778 963 πᾶσι
1804 908 1941 979 Θεῷ·

364 1014 418 1058 et
452 1002 696 1065 inferius,
723 1020 872 1057 num.
908 1003 976 1057 26
1006 1022 1018 1057 :
1048 1003 1210 1075 Μὸνῳ
1240 1004 1350 1075 γὰρ
1368 1003 1732 1073 προσευκτέον
1758 1002 1838 1073 τῷ
1852 1002 1947 1055 ἐπὶ

364 1095 475 1148 πᾶν
492 1094 630 1166 Θεῷ,
664 1095 757 1149 καὶ
778 1094 1138 1166 προσευκτέον
1164 1110 1228 1162 γε
1244 1092 1320 1163 τῷ
1344 1094 1657 1161 Μονογενεϊ,
1680 1092 1773 1145 καὶ
1797 1110 1946 1164 πρω-

363 1187 571 1259 τοτόκῳ
602 1188 782 1259 πάσης
804 1187 1056 1253 κτίσεως,
1084 1186 1241 1257 Λόγῳ
1265 1186 1423 1250 Θεοῦ,
1451 1185 1546 1238 καὶ¹
1576 1184 1832 1250 ἀξιωτέον
1856 1185 1948 1238 αὑ-

362 1280 474 1344 τὸν,
498 1280 574 1343 ὼς
603 1279 881 1351 ἀρχιερέα,
908 1277 1007 1349 τὴν
1032 1280 1118 1332 ἐπ’
1149 1279 1311 1333 αὑτὸν
1350 1278 1634 1345 φθάσασαν
1660 1276 1818 1347 ἡμῶν
1858 1277 1949 1329 εὐ-

360 1370 466 1442 χὴν
494 1372 786 1441 ἀναφέρειν
814 1372 907 1424 ἐπὶ
949 1371 1038 1423 τὸν
1071 1370 1202 1423 Θεὸν
1229 1370 1417 1431 αὐτοῦ.
1452 1370 1548 1423 καὶ
1588 1369 1719 1423 Θεὸν
1764 1368 1942 1440 ἡμῶν.

362 1465 667 1533 Aliquando
700 1475 878 1519 tamen
915 1465 980 1518 ad
1012 1462 1245 1518 Verbum
1278 1477 1465 1531 preces
1496 1461 1719 1532 allegari
1746 1476 1945 1516 conce-

364 1557 467 1622 dit,
500 1574 604 1612 non
633 1558 790 1628 quasi
821 1559 931 1613 Deo
962 1558 1108 1613 Patri
1140 1556 1465 1621 ollerendas,
1511 1558 1605 1614 sed
1640 1558 1793 1628 quasi
1822 1558 1945 1613 Filii

364 1651 534 1719 ipsius
563 1652 844 1721 proprias;
880 1667 981 1706 nec
1036 1661 1293 1720 tanquam
1325 1652 1391 1706 ad
1427 1652 1673 1722 μεσίτην,
1701 1651 1795 1705 sed
1825 1662 1946 1705 tan-

364 1759 528 1811 quam
558 1744 624 1797 ad
657 1746 830 1813 ipsum
884 1744 1021 1799 bona
1060 1759 1156 1813 per
1183 1758 1242 1798 se
1282 1746 1592 1799 hominibus
1625 1745 1808 1815 largiri
1846 1759 1943 1797 va-

362 1833 582 1889 lentem.
623 1835 695 1888 Ita
721 1836 812 1889 lih.
842 1850 893 1901 ν,
933 1853 1081 1889 num.
1118 1837 1174 1890 ll
1209 1854 1221 1889 :
1275 1836 1394 1890 Κᾶν
1432 1838 1505 1908 μὴ
1533 1838 1853 1910 τηλικοῦτος
1885 1838 1944 1891 δέ

361 1941 446 1986 τις
470 1921 527 1995 ᾖ,
549 1925 699 1977 οὐδὲν
717 1920 875 1995 ἦττον
894 1925 985 1978 καὶ
1010 1926 1037 1977 ὁ
1056 1924 1297 1989 τοιοῦτος
1318 1926 1558 1995 εὐχέσθω
1578 1926 1654 1997 τῷ
1677 1927 1833 1996 Λόγῳ
1848 1925 1943 1979 τοῦ

362 2012 500 2065 Θεοῦ
527 2014 811 2084 δυναμένῳ
836 2014 996 2068 αὑτὸν
1040 2013 1312 2078 ἰάσασθαι,
1337 2016 1433 2069 καὶ
1459 2016 1638 2087 πολλῷ
1683 2016 1842 2069 πλέον
1868 2016 1944 2087 τῷ

362 2105 539 2177 lla-cpi.
572 2107 758 2171 αὐτοῦ,
810 2107 885 2171 ὡς
928 2109 1021 2162 καὶ
1054 2112 1166 2172 τοῖς
1200 2108 1463 2179 πρότερον
1500 2109 1728 2174 δικαίοις
1772 2110 1943 2177 ἐξαπ-

361 2197 571 2253 έστειλε
594 2201 683 2253 τὸν
713 2201 885 2269 Λόγον
921 2202 1138 2267 ἑαυτοῦ,
1170 2202 1264 2254 καὶ
1298 2201 1487 2255 ίάσατο
1525 2203 1740 2266 αὐτούς.
1780 2203 1945 2258 Multo

361 2292 536 2361 magis
571 2291 749 2360 rogari
773 2292 926 2359 jubet
961 2292 1181 2359 Patrem
1222 2309 1383 2362 quam
1414 2294 1629 2359 Filium,
1679 2305 1733 2348 et
1764 2296 1942 2349 inten-

363 2382 490 2435 tiori
523 2395 585 2433 ac
608 2380 882 2435 lmmiliori
912 2383 1177 2437 oratione.
1218 2385 1397 2454 Atque
1424 2384 1477 2438 id
1509 2385 1612 2439 sibi
1635 2384 1823 2438 volunt
1847 2384 1945 2439 Pa-

362 2481 497 2537 tres,
530 2487 652 2526 cum
688 2471 925 2527 clamant
948 2474 1150 2530 dixisse
1178 2474 1327 2530 illum
1364 2492 1471 2531 non
1518 2491 1639 2532 esse
1672 2477 1939 2532 orandum

362 2576 485 2616 cum
512 2560 675 2616 Patre
705 2561 897 2617 Filium
924 2579 938 2627 ;
972 2563 1072 2618 hoc
1108 2573 1212 2627 est,
1250 2579 1359 2621 non
1401 2580 1523 2621 esse
1552 2567 1818 2620 orandum
1851 2566 1942 2620 iti-

361 2651 484 2705 dem
520 2660 579 2704 ut
616 2650 831 2707 Patrem
880 2651 1100 2707 Filium.
1141 2653 1292 2711 Nunc
1335 2656 1513 2711 facilis
1543 2667 1629 2711 est
1656 2668 1944 2713 sexcento-

362 2756 483 2797 rum
514 2744 757 2799 locorum
785 2744 1110 2809 intellectus,
1143 2747 1196 2800 in
1238 2748 1434 2817 quibus
1460 2748 1677 2804 Patrem
1704 2766 1827 2804 eum
1851 2750 1943 2805 Fi-

363 2832 437 2888 lio
467 2834 610 2888 nulla
642 2837 976 2904 precationis
1010 2838 1252 2893 adhibita
1299 2840 1653 2896 distinctione
1691 2842 1945 2912 interpel-

362 2924 476 2982 lat:
508 2929 684 2997 qualis
709 2928 797 2984 ille
822 2940 905 2983 est
934 2945 1001 2984 ex
1040 2929 1226 2985 homil.
1254 2931 1287 2985 4
1340 2932 1394 2985 in
1425 2932 1645 2997 Jerem.,
1677 2950 1829 2988 num.
1860 2934 1892 2989 6
1920 2952 1935 2989 :

368 3037 387 3071 ι
418 3020 550 3076 Cum
584 3030 765 3075 autem
821 3022 1102 3091 plenitudo
1137 3024 1375 3091 gentium
1436 3026 1749 3091 introierit,
1812 3036 1940 3083 tunc

361 3114 541 3168 onmis
572 3114 737 3169 lsrael
777 3113 960 3170 salvus
992 3116 1097 3169 erit
1125 3116 1193 3183 ",
1227 3126 1275 3171 et
1296 3117 1386 3186 ﬁet
1421 3133 1557 3171 unus
1583 3133 1711 3188 grez
1730 3128 1779 3171 et
1807 3135 1941 3173 unus

365 3216 551 3275 pastor
577 3206 645 3272 ⁵³,
676 3208 877 3261 docens
914 3208 966 3260 in
1003 3221 1295 3263 commune
1346 3208 1603 3278 populum
1637 3224 1792 3264 suum
1824 3225 1940 3263 ma-

362 3300 621 3368 gnilicare
634 3299 1059 3368 omnipotentem
1076 3298 1360 3354 Dominum
1380 3315 1505 3355 cum
1522 3300 1739 3356 Christo
1754 3300 1902 3369 Jesu;
1918 3322 1936 3355 ι

361 3398 417 3445 et
441 3391 526 3444 ille
554 3404 622 3445 ex
665 3390 853 3445 bomil.
895 3392 961 3446 12
996 3392 1052 3444 in
1094 3389 1315 3459 Ezech.,
1352 3407 1499 3446 num.
1530 3392 1563 3447 5
1596 3411 1610 3447 :
1654 3411 1672 3445 ι
1704 3391 1772 3447 Ut
1796 3410 1938 3449 nun-

362 3498 526 3552 quam
566 3486 634 3537 ad
687 3484 897 3538 radices
953 3492 1169 3540 nostras
1200 3494 1438 3555 ponatur
1481 3487 1706 3552 securis,
1735 3503 1855 3557 quae
1888 3490 1939 3545 in

364 3574 656 3646 Evangelio
707 3576 1058 3646 praedicatur,
1114 3578 1379 3633 attentius
1428 3576 1613 3633 Jesum
1661 3579 1939 3636 Christum

364 3667 654 3721 Dominum
684 3676 930 3721 nostrum
980 3683 1102 3721 cum
1149 3666 1309 3724 Patre
1342 3684 1441 3725 suo
1479 3685 1799 3740 precemur;
1834 3691 1853 3724 ›
1884 3682 1941 3728 et

362 3755 452 3810 hic
474 3772 538 3811 ex
569 3755 754 3811 homil.
791 3757 857 3811 15
890 3758 944 3810 in
968 3756 1096 3810 Luc.
1126 3772 1144 3812 :
1173 3775 1192 3808 ι
1221 3757 1295 3813 Ut
1329 3759 1496 3827 igitur
1527 3768 1580 3812 et
1605 3775 1703 3815 nos
1733 3771 1939 3818 stantes

334 3922 339 3927 ἦ
365 3850 420 3904 in
450 3852 674 3918 templo,
702 3860 756 3905 et
800 3860 1043 3905 tenentes
1070 3851 1160 3904 Dei
1191 3848 1411 3916 Filium,
1458 3851 1938 3923 amplexantesque

366 3956 511 4007 eum,
544 3942 690 4011 digni
718 3942 1037 3997 remissione
1066 3941 1477 4011 etprol'ectione
1504 3943 1570 3996 ad
1607 3944 1827 3997 meliora
1862 3946 1924 3999 si-

368 4049 507 4100 mus,
539 4036 1193 4104 oremusomnipotentem
1224 4034 1416 4102 Deum,
1436 4051 1654 4091 oremus
1680 4046 1734 4091 et
1763 4038 1936 4106 ipsum

368 4127 647 4194 parvulum
676 4126 881 4191 Jesum,
914 4143 1076 4197 quem
1118 4128 1318 4198 alloqui
1353 4137 1408 4181 et
1448 4138 1632 4183 tenere
1665 4129 1941 4185 desidera-

368 4234 487 4272 mus
511 4220 562 4273 in
592 4217 865 4286 brachiis;
898 4238 916 4271 ι
945 4230 998 4274 et
1022 4220 1157 4274 alter
1187 4221 1287 4275 iste
1319 4220 1589 4274 exhomil.
1612 4220 1678 4274 l8
1708 4220 1760 4275 in
1794 4236 1943 4275 eum-

445 4335 492 4377 ⁸⁸
516 4335 671 4391 Rom.
703 4352 781 4404 XI,
812 4335 903 4400 25',
941 4335 1030 4392 96.
1110 4334 1156 4367 ⁸³
1183 4334 1341 4390 Joan.
1368 4352 1421 4399 x,
1452 4334 1543 4389 16.

2047 549 2336 589 commune
2371 534 2585 589 Patrem
2620 534 2924 607 Filiumque
2970 538 3273 602 laudemus,
3329 540 3496 608 cujus
3531 540 3647 604 lex,

2048 626 2203 691 cujus
2230 637 2286 680 et
2317 626 2573 694 templum
2600 637 2718 695 est;
2752 646 2769 678 ι
2805 638 2860 683 et
2883 629 3075 684 homil.
3108 630 3175 684 37
3236 631 3289 685 in
3325 633 3593 686 eumdem
3629 651 3645 685 :

2054 734 2073 768 ι
2114 716 2407 787 Propterea
2428 716 2636 771 Domini
2680 720 3110 773 misericordiam
3140 724 3528 790 deprecemur,
3574 739 3648 776 ne

2048 811 2204 865 nobis
2239 809 2544 865 tacentibus
2575 810 2783 880 lapides
2809 812 3111 878 clamitent,
3144 813 3237 868 sed
3262 813 3562 883 loquamur
3587 825 3647 870 et

2048 904 2329 959 laudemus
2349 905 2515 960 Deum
2542 906 2594 961 in
2627 907 2807 974 Patre,
2831 919 2885 963 et
2903 907 3058 973 Filio,
3080 917 3135 963 et
3154 908 3363 978 Spiritu
3381 922 3599 966 sancto.
3616 932 3638 964 ι

2047 998 2204 1054 Orari
2240 1000 2459 1069 quidem
2485 1001 2699 1057 Patrem
2729 996 2885 1072 jubet
2916 1014 2971 1059 et
3015 1002 3235 1072 Filium,
3271 1005 3366 1061 sed
3405 1005 3646 1063 diverso

2047 1104 2246 1160 genere
2273 1091 2558 1146 orationis.

2121 1180 2289 1235 XXX.
2317 1181 2659 1237 Postremum
2687 1183 2790 1240 hoc
2820 1184 3180 1254 objiciendum
3207 1186 3361 1241 venit
3383 1185 3638 1255 Origeni,

2049 1274 2328 1343 Opinatum
2352 1291 2475 1330 eum
2521 1276 2742 1331 humani
2795 1279 3223 1348 redemptionem
3252 1280 3480 1349 generis
3513 1278 3641 1348 Spi-

2049 1366 2214 1421 ritum
2241 1377 2489 1422 sanctum
2514 1369 2856 1438 potissimum
2888 1370 3169 1437 decuisse;
3220 1380 3386 1439 atque
3429 1370 3487 1425 id
3522 1387 3641 1424 mu-

2049 1473 2149 1513 nus
2183 1473 2304 1512 cum
2332 1460 2485 1514 obire
2517 1475 2579 1515 ac
2613 1462 2887 1517 sustinere
2916 1464 3230 1533 neutiquam
3254 1474 3471 1533 pos:et,
3499 1463 3639 1519 Filio

2048 1548 2393 1617 imposuisse,
2429 1562 2617 1620 utpote
2666 1553 2760 1623 qui
2818 1570 2960 1609 unus
3010 1567 3158 1610 recte
3185 1557 3369 1625 quiret
3403 1557 3638 1625 provin-

2048 1640 2186 1695 ciam
2238 1644 2379 1697 hanc
2419 1643 2824 1700 administrare.
2850 1644 3065 1700 Prostat
3101 1657 3475 1701 commentum
3510 1647 3641 1703 iile

2050 1739 2179 1786 tom.
2231 1747 2309 1797 ιι,
2346 1734 2399 1787 in
2448 1733 2633 1798 Joan.,
2668 1750 2816 1788 num.
2854 1734 2886 1788 6
2915 1735 3029 1805 (21)
3065 1753 3078 1789 :
3113 1736 3183 1788 Ἦ
3211 1735 3353 1805 τάχα
3389 1736 3515 1787 ἐστὶ
3546 1736 3641 1788 καὶ

1974 1804 2016 1858 Β
2042 1822 2200 1876 τοῦτο
2243 1826 2439 1890 εἰπεῖν,
2466 1826 2547 1879 ὃτι
2580 1826 2749 1878 ἐδεῖτο
2775 1828 2807 1897 ἡ
2843 1828 3017 1890 κτίσις
3041 1828 3180 1898 ὑπὲρ
3216 1828 3307 1880 τοῦ
3332 1827 3642 1899 ἐλευθέρῳ⁴

2045 1915 2201 1987 θῆναι
2230 1918 2337 1971 ἀπὸ
2355 1919 2451 1987 τῆς
2483 1918 2726 1982 δουλείας
2757 1920 2855 1990 τῆς
2881 1920 3107 1991 φθορᾶς,
3132 1920 3266 1973 ἀλλά
3299 1920 3399 1973 καὶ
3427 1920 3494 1973 τὸ
3529 1920 3644 1972 τῶν

2043 2007 2345 2079 ἀνθρώπων
2361 2009 2536 2078 γένος.
2568 2010 2843 2081 μακαρίας
2874 2011 2969 2064 καὶ
2998 2010 3147 2074 Θείας
3170 2011 3459 2079 δυνάμεως
3488 2005 3644 2064 ἔναν-

2045 2097 2392 2170 θρωπούσης,
2418 2101 2541 2170 ἥτις
2570 2099 2925 2173 διορθώσεται
2951 2102 3044 2155 καὶ
3062 2100 3132 2154 τὰ
3154 2102 3247 2154 ἐπὶ
3271 2100 3373 2171 τῆς
3399 2102 3528 2171 γῆς.
3548 2103 3644 2154 καὶ

2041 2188 2282 2263 ὡσπερεὶ
2307 2192 2574 2246 ὲπέϐαλλέ
2604 2210 2722 2257 πως
2755 2193 2832 2264 τῷ
2874 2194 3013 2264 ἁγίῳ
3053 2194 3329 2264 Πνεύματι
3360 2195 3395 2264 ἡ
3434 2192 3645 2263 πρᾶξις

2044 2282 2204 2354 αὕτη,
2225 2284 2416 2353 ἥντινα
2437 2284 2729 2356 ὑπομένειν
2755 2286 2817 2338 οὐ
2840 2286 3135 2357 δυνάμενον
3151 2283 3526 2354 προϐάλλεται
3548 2285 3644 2337 τὸν

2043 2372 2288 2443 Σωτῆρα,
2318 2373 2393 2437 ὡς
2432 2374 2493 2427 τὸ
2517 2374 2833 2447 τηλικοῦτον
2864 2371 3025 2430 ἆθλον
3068 2377 3225 2447 μόνον
3259 2378 3511 2444 ἐνεγκεῖν
3543 2375 3635 2428 δυο

2043 2464 2293 2534 νάμενον.
2317 2464 2517 2520 Contra
2544 2480 2663 2520 eam
2685 2466 2996 2536 opinionem
3019 2476 3354 2537 consurgunt
3382 2467 3639 2520 universi

2044 2550 2255 2616 Patres,
2293 2561 2347 2607 et
2378 2568 2489 2623 prae
2516 2555 2741 2624 reliquis
2763 2555 3045 2610 Trinitatis
3071 2566 3269 2610 sancta:
3298 2557 3557 2623 personis
3587 2558 3641 2611 id

2042 2644 2221 2710 operis
2244 2643 2381 2697 Filio
2420 2644 2689 2714 prmcipue
2719 2645 3034 2700 convenisse
3062 2646 3465 2709 demonstrant,
3497 2661 3637 2699 cau-

2044 2747 2243 2802 sasque
2268 2731 2432 2801 huius
2470 2733 2699 2787 reddunt
2753 2733 3080 2801 multiplices
3118 2745 3172 2788 et
3224 2735 3453 2797 validas,
3491 2750 3641 2804 qua-

2043 2840 2163 2879 rum
2197 2825 2285 2880 hic
2316 2825 2624 2894 explicandi
2656 2825 2806 2881 locus
2836 2842 2943 2880 non
2979 2836 3082 2881 est.
3109 2827 3322 2881 Patrem
3352 2837 3545 2882 tamen
3570 2843 3641 2882 ac

2047 2915 2310 2987 Spiritum
2338 2926 2586 2971 sanctum
2620 2916 2813 2972 eodem
2842 2917 3021 2973 olIicio
3050 2919 3195 2973 haud
3227 2934 3385 2974 secus
3423 2935 3487 2974 ac
3531 2920 3633 2974 Fi-

2042 3010 2174 3065 lium
2210 3008 2426 3080 defungi
2450 3012 2690 3080 potuisse
2711 3011 3014 3066 communis
3042 3022 3123 3065 est
3154 3011 3212 3065 Et
3230 3011 3410 3065 clesiaa
3433 3010 3637 3065 catho-

2045 3100 2164 3155 licas
2200 3100 2471 3167 doctrina,
2500 3116 2732 3170 eamque
2766 3109 2947 3156 tuetur
2969 3098 3207 3155 Thomas
3243 3109 3386 3169 part.
3442 3114 3532 3165 ιιι,
3574 3116 3636 3170 q.

2049 3192 2107 3257 5,
2134 3207 2188 3248 a.
2219 3191 2271 3246 5.
2310 3191 2479 3247 Favet
2509 3192 2862 3246 nihilominus
2889 3191 3105 3262 Origeni
3149 3191 3458 3257 Auselmus,
3487 3194 3586 3262 qui
3618 3236 3634 3258 ,

2050 3286 2155 3341 alio
2213 3284 2445 3341 fortasse
2491 3301 2788 3356 persuasus
2820 3293 3136 3356 argumento
3195 3300 3299 3339 non
3332 3286 3497 3339 aliam
3534 3301 3631 3354 pu-

2050 3376 2219 3431 tu-isse
2258 3376 2411 3431 carni
2446 3392 2557 3432 suae
2600 3376 2849 3434 humanae
2880 3377 3075 3448 illigari
3141 3390 3430 3445 personam
3461 3393 3633 3446 quam

2049 3467 2243 3522 Filium
2273 3468 2412 3523 dixit
2433 3469 2484 3523 in
2510 3484 2577 3525 eo
2605 3483 2790 3537 opere,
2811 3468 2899 3523 cui
2922 3468 3133 3522 titulum
3170 3467 3319 3531 fecit,
3342 3466 3455 3521 Cur
3488 3466 3636 3521 Deus

2047 3558 2221 3611 homo.
2262 3576 2282 3610 ι
2320 3557 2586 3625 Quoniam
2624 3573 2776 3629 ergo,
2824 3558 3023 3628 inquit,
3075 3556 3351 3626 quodlibet
3396 3571 3633 3626 parvum

2045 3648 2435 3704 inconveniens
2469 3649 2523 3703 in
2563 3649 2673 3704 Deo
2692 3658 2776 3704 est
2802 3647 3157 3718 impossibile,
3179 3664 3283 3703 non
3306 3648 3492 3703 debuit
3517 3650 3633 3703 alia

2044 3754 2276 3810 persona
2310 3740 2611 3805 incarnari,
2646 3756 2809 3810 quam
2846 3740 3039 3795 Filius.
3070 3758 3088 3792 ι

2607 3831 2932 3899 ΟΟᾹΣΞΤΙΟ
2971 3831 3058 3885 lll.

2077 3935 2144 3974 DE
2177 3937 2422 3986 CHRISTO,
2457 3938 2685 3986 EJUSQIJE
2731 3938 3122 3979 INCARNATIONB
3143 3966 3156 3987 ν
3182 3940 3251 3978 ετ
3282 3938 3604 3982 (ECONOIIA.

2047 4014 2086 4069 l.
2129 4016 2372 4071 Plurima
2409 4019 2472 4071 de
2495 4017 2702 4071 Christo
2740 4019 2936 4071 absona
2967 4017 3215 4086 Origenes
3248 4019 3491 4081 opinatus
3528 4029 3634 4071 est.

2118 4088 2179 4141 II.
2209 4086 2396 4141 Utrum
2428 4088 2693 4141 Christum
2717 4088 3133 4141 substantialiter
3166 4092 3217 4141 in
3258 4086 3472 4157 Moyse,
3502 4105 3635 4151 pro-

2120 4158 2286 4225 phetis
2329 4168 2376 4210 et
2429 4158 2632 4226 angelis
2681 4158 2917 4225 adfuisse
2957 4158 3194 4211 senserit.
3242 4158 3327 4210 ιιι.
3356 4155 3366 4157 ⁷
3395 4155 3633 4210 Patruus

2123 4228 2408 4282 multorum
2448 4244 2664 4281 assensu
2689 4237 2738 4281 et
2772 4244 2871 4281 sua
2902 4227 3064 4297 ipsius
3102 4228 3451 4296 ﬂuctuatione
3476 4228 3634 4289 iuva~

369 4462 423 4511 et
452 4450 646 4523 Filium
696 4465 800 4503 non
830 4449 1129 4523 paratiorem
1164 4448 1620 4523 coniunctionem,
1666 4450 1942 4523 quamin-
1972 4460 2017 4516 ι)
2048 4454 2307 4516 xurianti,
2368 4454 2508 4508 hanc
2560 4452 2926 4523 conjecturam
2966 4452 3240 4522 proponit,
3270 4451 3304 4521 ἢ
3339 4452 3484 4523 τάχα
3508 4456 3632 4510 ἐστὶ

370 4535 453 4579 ter
480 4520 665 4575 ﬁdeles
698 4518 951 4573 admitti?
982 4518 1328 4588 Nequaquam
1365 4518 1628 4587 profecto,
1671 4521 1940 4587 siquidem

370 4592 693 4647 identitatem
741 4590 1037 4644 voluntatis
1082 4590 1278 4643 ibidem
1313 4589 1365 4641 in
1399 4598 1627 4656 utroque
1668 4589 1936 4644 defendit.

372 4663 487 4717 Non
542 4660 712 4731 magis
764 4662 1106 4731 metuendum
1142 4661 1243 4731 hoe
1279 4658 1399 4712 loco
1451 4669 1555 4731 est,
1588 4673 1673 4731 ne
1703 4660 1941 4731 debitam

371 4733 513 4790 Filio
544 4726 911 4784 ado'rationem
944 4730 1105 4783 laedat
1134 4730 1359 4796 petitum
1387 4742 1450 4781 ex
1498 4726 1634 4781 Isaia
1669 4730 1945 4783 adoratio-

375 4808 459 4858 nis
479 4802 805 4869 exetnplum.
836 4831 905 4841 ——
935 4801 994 4853 Ι).
1025 4798 1281 4852 Prudent.
1307 4798 1525 4869 ἓιιιιιλιν,
1562 4798 1635 4869 De
1674 4799 1946 4853 divinitate

375 4872 570 4928 Christi
607 4867 699 4925 lib.
731 4886 807 4933 tv,
852 4885 970 4936 cap.
1000 4868 1088 4929 16,
1124 4884 1273 4921 num.
1306 4867 1334 4938 ἶ
1381 4879 1437 4921 et
1463 4870 1516 4921 8.
1552 4868 1680 4938 Vide
1726 4870 1948 4938 insuper

378 4953 536 4997 notas
564 4942 759 4993 eruditi
799 4940 950 5008 Angli
987 4940 1037 4991 in
1076 4939 1270 4992 librum
1299 4936 1549 5008 Origenis
1578 4936 1651 5008 De
1680 4936 1943 5002 oratione,

377 5016 477 5066 sub
506 5012 665 5064 linem
700 5013 827 5061 tomi
890 5006 1057 5061 nostri
1107 5009 1323 5077 prioris.
1362 5006 1497 5077 Vide
1527 5017 1579 5060 et
1609 5007 1818 5060 Bullum
1851 5008 1950 5061 De-

379 5083 512 5153 fens.
540 5081 660 5153 ﬁdei
681 5078 942 5153 icwnw,
968 5081 1033 5133 de
1047 5076 1165 5134 Filii
1189 5076 1265 5148 τῷ
1278 5076 1567 5149 ὁμοουσίῳ,
1583 5088 1716 5132 sect.
1746 5078 1801 5143 2,
1826 5093 1948 5148 cap.

379 5149 435 5207 9.
464 5167 610 5205 nunt.
643 5149 728 5202 15.

837 5229 1181 5273 commentum
1233 5217 1366 5270 illud
1403 5227 1529 5271 tom.
1563 5232 1610 5291 tt
1656 5217 1713 5291 in
1759 5216 1947 5291 10am,

383 5289 528 5345 nunt.
559 5290 612 5342 6.
642 5290 715 5342 Eo
742 5289 855 5341 loco
884 5291 1078 5357 quaerit
1102 5291 1359 5357 Origenes
1381 5289 1649 5355 quomodo
1678 5290 1792 5341 lieri
1826 5304 1951 5356 pos-

385 5364 478 5425 sit,
497 5362 539 5415 si
567 5360 802 5429 Spiritus
834 5356 1054 5413 sanctus
1090 5374 1185 5426 per
1229 5356 1425 5429 Filium
1475 5358 1706 5429 exsistit,
1745 5369 1801 5409 ut
1839 5359 1952 5426 ipse

386 5432 556 5487 Filius
580 5427 716 5498 apud
745 5427 934 5482 Isaiam
960 5432 1183 5483 missum
1210 5444 1266 5482 se
1289 5428 1480 5480 dicata
1509 5427 1736 5498 Domino
1755 5438 1808 5482 et
1831 5429 1952 5496 Spi-

387 5504 494 5559 ritu
531 5497 665 5570 eju’s.
696 5500 997 5568 Respondet
1025 5500 1220 5567 primo,
1254 5515 1271 5549 ι
1292 5498 1511 5551 missum
1541 5511 1659 5570 esse
1680 5497 1950 5570 Christum

389 5589 419 5627 a
458 5567 683 5641 Spiritu,
719 5567 823 5623 non
848 5572 988 5637 quod
1023 5574 1068 5641 is
1101 5582 1291 5641 natura
1321 5567 1677 5641 praestantior
1714 5568 1808 5641 sit,
1854 5568 1947 5621 sed

388 5636 609 5712 propter
637 5641 992 5712 (nconomiam
1024 5640 1409 5712 incarnationis
1431 5636 1678 5712 _Fi|ii__Dei
1708 5638 1955 5712 Salvato-

388 5708 465 5767 ris
487 5708 576 5782 qui
624 5727 681 5765 se
720 5712 867 5782 intra
893 5709 1151 5782 Spiritum
1174 5710 1488 5782 imminuit.
1520 5726 1539 5758 ι
1570 5708 1782 5782 Deinde
1799 5722 1950 5782 vero.

389 5792 445 5837 ut
470 5777 587 5839 erat
615 5782 827 5851 ingenio
858 5781 909 5835 in
938 5777 1207 5848 ejusmodi
1238 5781 1395 5836 rebus
1446 5778 1817 5841 excogitandis
1865 5777 1951 5832 lu-

2045 4526 2139 4579 καὶ
2169 4525 2327 4578 τοῦτο
2358 4526 2533 4577 εἰπεῖν
2571 4524 2652 4576 ὅτι
2680 4522 2850 4576 ἐδεῖτο
2895 4525 2929 4593 ὴ
2961 4523 3157 4588 κτίσις,
3186 4534 3291 4576 etc.
3351 4522 3632 4591 Duplicetu

2046 4595 2137 4649 hic
2171 4609 2412 4648 errorem
2448 4596 2675 4662 castigat
2709 4593 2958 4648 Huetius.
3002 4593 3108 4647 Sed
3148 4593 3230 4645 vir
3264 4595 3623 4651 doctissimus

2047 4665 2224 4720 minus
2244 4665 2628 4719 animadvertit
2668 4664 2797 4717 illud
2848 4664 3108 4734 ὡσπερεὶ,
3157 4665 3296 4732 quod
3332 4662 3631 4732 Origenem

2049 4736 2223 4804 ﬁgura
2260 4734 2491 4801 quadam
2524 4735 2786 4788 orationis
2810 4738 2887 4788 uti
2916 4735 3274 4795 demonstrat,
3324 4748 3388 4787 ac
3420 4749 3631 4804 nequa-

2049 4820 2213 4873 quam
2246 4806 2426 4858 dicere
2480 4805 2909 4859 incarnationem
2945 4806 3170 4873 Spiritui
3206 4813 3394 4858 sancto
3452 4808 3628 4872 potis-

2048 4877 2243 4928 simum
2293 4876 2632 4941 convenisse,
2688 4889 2918 4944 cumque
2956 4877 3056 4928 hoc
3089 4890 3287 4928 munus
3352 4879 3629 4930 sustinere

2049 4960 2154 4997 non
2188 4945 2463 5012 potuisse;
2503 4948 2597 4998 sed
2627 4947 2777 5012 quasi
2806 4950 2853 4999 ei
2895 4948 3229 5007 conveniret,
3254 4959 3319 4997 ac
3350 4946 3626 5001 sustinere

2053 5031 2157 5068 non
2190 5024 2393 5082 posset,
2427 5015 2500 5067 ita
2530 5013 2801 5068 Salvatori
2834 5014 3111 5069 detulisse.
3154 5012 3290 5067 Nam
3323 5030 3449 5067 cum
3476 5028 3628 5069 certo

2052 5093 2263 5138 teneret
2279 5084 2539 5153 Origenes
2562 5083 2753 5137 Filium
2774 5083 2975 5154 Spiritu
2998 5093 3185 5138 sancto
3220 5083 3481 5151 majorem
3505 5100 3629 5139 esse

2054 5155 2266 5208 ratione
2286 5154 2531 5220 originis,
2570 5170 2669 5207 nec
2691 5155 2757 5207 ab
2788 5170 2854 5208 eo
2890 5155 3027 5207 mitti
3058 5170 3237 5222 posse,
3268 5156 3477 5223 quippe
3502 5169 3624 5208 cum

2054 5224 2283 5293 Spiritus
2310 5234 2530 5277 sanctus
2551 5239 2647 5290 per
2672 5224 2861 5277 Filium
2888 5226 3137 5287 exsistat,
3158 5225 3238 5277 sic
3261 5225 3414 5277 Isaia}
3448 5224 3623 5277 locum

2052 5295 2429 5362 explicandum
2460 5296 2696 5362 putavit,
2726 5304 2783 5347 ut
2814 5294 2981 5348 Filius
3007 5309 3113 5348 non
3145 5304 3255 5347 uta
3285 5295 3625 5363 majore,sed

2053 5376 2111 5418 ut
2142 5381 2170 5416 a
2206 5377 2435 5432 persona
2462 5378 2531 5415 ex
2565 5364 2681 5430 ipso
2706 5365 3033 5434 procedente
3066 5376 3119 5419 et
3151 5367 3254 5418 hoc
3292 5380 3497 5418 munus
3529 5367 3628 5418 ho-

2054 5435 2205 5489 noris
2242 5449 2405 5487 causa
2436 5433 2719 5487 deferente
2756 5436 2951 5488 missus
2997 5436 3289 5489 diceretur.
3323 5434 3623 5488 Perabsur-

2055 5506 2181 5558 dum
2211 5518 2340 5573 ergo
2372 5503 2509 5558 l'oret
2539 5504 2589 5556 id
2618 5504 2759 5572 quod
2790 5506 3052 5571 Origenes
3081 5520 3183 5558 ase
3208 5504 3338 5573 tingi
3359 5504 3623 5567 declarat.

2056 5583 2115 5627 ut
2144 5574 2754 5643 gerntaltissimamejus
2775 5574 3096 5643 sententiam
3156 5575 3426 5643 accipere.
3462 5603 3533 5614 —
3562 5575 3625 5628 D.

2055 5643 2312 5769 Prudetitt‘i
2345 5643 2561 5711 ΜΑιιΑΝ,
2598 5642 2677 5699 De
2702 5644 2907 5699 divinit.
2939 5642 3135 5700 Christi
3162 5644 3256 5701 lib.
3280 5642 3367 5710 tv,
3394 5659 3518 5715 cap.
3546 5644 3631 5709 lii,

2057 5728 2208 5769 num.
2318 5752 2330 5769 .

2057 5728 2208 5771 num.
2244 5728 2330 5769 ιυ.
