3860 6230
238 330 345 387 797

1056 345 1632 407 ORIGENIANORUM
1668 352 1798 407 LIB.
1840 353 1902 417 ll,
1944 352 2097 409 CAP.
2139 354 2205 417 II,
2249 354 2529 423 QUIEST.
2570 356 2678 419 IIM

3394 361 3495 417 798

309 453 682 546 turillygpuo
720 475 872 546 sensu
904 461 1098 546 dixerit
1134 464 1335 546 Filium
1364 469 1495 546 D_ei,
1532 484 1810 546 antequam
1842 478 1888 534 Α
1916 490 2080 539 unus,
2114 494 2133 527 ι
2174 476 2518 546 inquitnum.
2564 476 2619 538 5,
2655 494 2674 527 ε
2712 474 2925 531 Domini
2962 477 3067 532 mei
3113 475 3239 533 Jesu
3291 480 3493 534 Christi

310 535 444 611 esset
478 528 651 587 homo,
679 532 1020 611 mediatorem
1066 536 1249 611 fuisse.
1294 541 1355 593 V.
1392 540 1456 593 In
1482 528 1584 611 quo
1613 528 1678 598 et,
1698 542 1809 598 Pa-

309 605 448 679 trum
478 601 823 679 quorumdam
848 606 1188 679 consensione
1212 626 1266 662 se
1294 601 1504 666 tuetur:
1522 611 1605 665 VI.
1629 614 1807 668 Excu-

312 672 520 750 tiunt‘ur
557 672 670 735 ejus
694 686 894 725 errores
924 675 989 750 de
1032 678 1211 750 anima
1254 680 1470 736 Christi.
1519 683 1628 736 VII.
1673 685 1808 750 Qui-

312 734 615 817 busmtarnen
658 756 761 791 non
804 745 1139 803 pertinaciter
1182 734 1427 805 adlm'sit.
1458 734 1627 807 ’νιιίἷ

311 806 446 857 nulli
498 809 661 890 ipsi-us
718 825 1052 890 accusatores
1118 820 1491 876 retunduntur.
1548 823 1637 878 IX.
1691 806 1808 890 Quo

308 890 463 928 sensu
496 876 694 956 [filiuni
722 892 767 931 et
809 882 923 956 eius
965 886 1194 956 animapt
1241 906 1399 943 unum
1438 876 1803 956 esse—dixerit,

308 950 745 1065 vernadmodum
800 949 959 1005 Pater
1014 965 1063 1007 ct
1117 955 1289 1012 Filius
1339 978 1497 1015 unum
1543 976 1683 1018 sunt.
1735 949 1803 1019 X;

365 1024 503 1065 trum
537 1017 799 1065 Christum
830 1039 1036 1065 carnem
1064 1026 1128 1065 Αο
1155 1030 1279 1065 ρηοιη
1312 1034 1548 1065 anuli...
1585 1051 1774 1065 mw“...

365 1024 503 1102 trum
537 1017 1036 1102 Christurnycarnem
1064 1026 1128 1078 de
1153 1030 1279 1102 (σξιο
1310 1034 1548 1102 attulisse
1579 1017 1805 1102 persud;

309 1099 427 1171 sum
471 1089 727 1171 habuerit.
784 1089 872 1171 XI.
918 1096 998 1147 An
1041 1100 1318 1171 crediderit
1377 1089 1643 1157 Christum
1692 1121 1807 1171 spe-

310 1162 538 1209 cietenus
573 1162 1193 1239 i‘nuterr‘islapparuisse.
1237 1186 1341 1222 non
1383 1188 1553 1225 verum
1591 1162 1800 1227 carnem

347 1238 557 1308 est-asse
585 1227 695 1308 _.\'Il_.
744 1230 1034 1308 Solvuntur
1071 1236 1303 1308 di/Iiciles
1344 1242 1503 1308 ipsius
1544 1244 1643 1296 loci
1676 1244 1800 1298 duo.

367 1296 453 1376 lII._
476 1295 625 1379 Unde
672 1300 724 1352 in
770 1300 904 1379 hanc
940 1306 1094 1379 afﬁcti
1127 1295 1371 1379 "Christo.
1399 1310 1525 1379 falsi
1570 1295 1803 1377 corporis

310 1373 653 1431 suspicionem
677 1373 892 1428 venerit.
918 1375 1241 1438 exploratur.
1276 1373 1411 1434 XIVI
1439 1379 1625 1435 Utrum
1647 1373 1802 1436 Clari-

309 1446 447 1488 stum
480 1452 675 1506 merum
699 1456 809 1493 esse
841 1444 1097 1497 hominem
1144 1449 1539 1505 existimaverit.
1580 1452 1692 1504 XV.
1723 1457 1804 1506 Au

309 1506 441 1591 duos
489 1505 724 1591 Christus
766 1511 998 1591 ﬁilcerit.
1223 1515 1412 1571 Utrum
1442 1532 1487 1573 et
1516 1540 1615 1591 quo
1643 1505 1800 1575 sensu

309 1572 492 1653 {esum
524 1572 775 1653 induisse.
802 1579 1001 1653 Filium
1045 1584 1136 1638 Dei
1174 1572 1606 1653 pronuntiavei'it:

310 1643 429 1710 Quo
482 1649 951 1718 sensu_Christum
990 1643 1184 1708 dixerit
1234 1658 1507 1718 deiﬁcasse
1557 1643 1801 1713 naturam

308 1716 826 1795 huntanarri,_XVIll.
860 1721 975 1795 Quo
1006 1740 1162 1777 sensu
1199 1716 1463 1781 Christum
1493 1726 1601 1784 esse
1649 1732 1801 1784 dixe-

309 1788 375 1835 rit
403 1787 566 1867 virurn
594 1787 740 1867 illum
765 1793 1014 1867 iterilem,
1044 1796 1107 1845 de
1130 1795 1511 1867 quojeremias
1531 1818 1646 1867 cap.
1666 1818 1795 1867 xx",

304 1869 441 1909 vers.
472 1856 568 1939 50..Δ
764 1857 951 1939 Utrum
1004 1856 1195 1939 corpus
1229 1865 1426 1939 Christi
1462 1856 1648 1939 ubique
1687 1856 1795 1923 esse

308 1926 740 2009 censuerit.‘X‘X_.
780 1928 891 2009 ρξνο
925 1926 1112 1999 quibus
1138 1952 1350 2009 passum
1379 1926 1645 1992 Christum
1680 1942 1793 2009 opi-

306 2004 461 2064 natus
487 1999 571 2047 sit.
607 1996 744 2051 XXI.
774 1996 1372 2059 llecen'sentur'Patrum
1405 1996 1795 2064 criminationes

304 2063 552 2143 adversus
612 2066 851 2143 Qrigenis
923 2075 1250 2143 sententiam.
1318 2076 1477 2130 XXII.
1547 2079 1675 2142 Quae
1733 2063 1797 2133 ea:

302 2138 468 2200 ipsius
515 2138 680 2189 verbis
714 2142 1041 2206 proponitur.
1083 2142 1273 2203 XXIII.
1322 2146 1443 2199 Non
1489 2138 1620 2202 sat-ts
1675 2168 1797 2204 con-

303 2212 409 2256 stat
437 2222 502 2285 an
528 2223 663 2272 sa'pe
694 2210 811 2276 jam
858 2227 953 2275 pro
988 2214 1139 2265 rebus
1187 2218 1388 2269 ratione
1425 2221 1693 2285 prteditis,
1727 2238 1796 2274 an

304 2275 970 2357 semel't‘antum’passum,_
1005 2286 1257 2357 an_et_i_arn
1291 2275 1576 2357 aliquando
1611 2275 1798 2357 passu-

303 2358 422 2395 rum
450 2345 712 2426 Christum
735 2354 1012 2426 putaverit.
1056 2353 1246 2426 XXIV.
1291 2345 1390 2426 Eas.
1422 2374 1580 2426 supra
1611 2345 1797 2414 allatis

304 2414 533 2496 genuina
584 2418 753 2496 lipsius
812 2420 1265 2496 apir_2_it_1__elici_tur.
1320 2414 1497 2479 XXV:
1544 2427 1709 2496 Cujus
1749 2440 1797 2483 et

304 2486 451 2567 origo
504 2486 787 2567 indicatur.
1080 2492 1379 2567 _tVonnull_a
1439 2486 1642 2564 faciunt
1701 2517 1796 2567 pro

301 2566 463 2606 causa
514 2553 774 2623 Origenis.
834 2556 1044 2619 XXVII.
1078 2561 1266 2617 Utrum
1313 2553 1577 2619 Christum
1608 2570 1661 2620 in
1690 2553 1798 2623 s'ole

305 2637 491 2685 corpus
508 2642 662 2701 suum
692 2629 959 2701 reliquisse
975 2636 1070 2685 sibi
1093 2634 1325 2701 ﬁnxerit.
1347 2635 1384 2687 X
1400 2637 1588 2694 XVIII.
1607 2637 1798 2691 Utrum

303 2696 564 2747 censuerit
594 2695 859 2776 Christum
909 2695 1317 2776 lz_or_r_tin_em_esse
1356 2708 1606 2771 desiisse,
1656 2720 1798 2776 post-

300 2778 475 2842 quam
503 2775 739 2842 mortuus
790 2779 883 2820 est.
928 2770 1120 2842 XXIX.
1159 2774 1273 2838 Quo
1319 2792 1473 2829 sensu
1526 2770 1798 2831 Christum

300 2835 496 2910 dixerit
532 2838 690 2888 etiam
727 2854 864 2910 nunc
914 2841 1089 2910 lugere
1134 2835 1345 2910 peccata
1397 2856 1594 2900 nostra.
1624 2848 1795 2902 XXX.

306 2900 502 2956 Utrum
533 2920 751 2974 regnum
780 2900 1293 2966 Claristi'desit'urum
1321 2917 1621 2974 crediderit.

304 2991 345 3047 l.
379 2994 684 3064 angatum,
722 3010 777 3053 et
804 3000 856 3053 in
875 3001 1072 3056 scholis
1092 3013 1361 3073 receptum
1382 3007 1797 3078 theologicarum

230 3085 657 3153 disputationum
681 3091 923 3146 ordinem
973 3094 1061 3147 hic
1098 3094 1431 3164 deserimus,
1464 3111 1796 3157 assectantes

228 3175 524 3248 Origenem
550 3220 565 3244 ,
609 3182 764 3250 cujus
792 3193 850 3235 ut
877 3185 1166 3241 abnormes
1201 3186 1421 3244 fuerunt
1459 3192 1705 3261 plurima:
1736 3196 1801 3247 de
1828 3198 1873 3259 C

229 3269 399 3323 rebus
435 3269 633 3324 divinis
663 3273 945 3327 sententiae
968 3312 983 3337 ,
1018 3276 1086 3327 ita
1115 3277 1396 3345 peculiari,
1425 3288 1479 3334 et
1508 3295 1539 3334 a
1567 3296 1798 3336 consue-

230 3360 305 3414 tis
350 3361 528 3416 aliena
558 3363 824 3419 divisione
850 3368 1145 3421 tractanda:
1171 3378 1320 3423 sunt.
1378 3368 1435 3425 In
1488 3371 1799 3427 inferiorem

228 3464 360 3522 ergo
386 3451 561 3508 locum
598 3454 836 3523 rejectis,
885 3470 1003 3524 quae
1049 3457 1115 3510 ad
1153 3459 1375 3526 angelos
1420 3472 1476 3517 et
1524 3465 1799 3531 opiﬁcium

230 3557 327 3597 sex
357 3544 605 3611 dierum,
656 3548 872 3616 aliaque
919 3548 1004 3602 his
1043 3549 1295 3620 deinceps
1344 3555 1596 3609 subnecti
1643 3558 1801 3611 solita

228 3633 547 3701 pertinent,
580 3638 1005 3706 quaestionibus,
1036 3638 1289 3712 Origenis
1333 3645 1398 3698 de
1446 3644 1612 3701 Verbi
1644 3648 1801 3701 évav-

230 3724 511 3797 θρωπήσει
584 3736 638 3782 et
699 3730 977 3803 οἰκονομίᾳ
1028 3744 1426 3801 perscrutemur
1465 3739 1720 3805 decreta,
1752 3740 1797 3794 si

228 3832 351 3886 qua:
399 3829 523 3873 sunt
575 3820 806 3873 obnoxia
870 3825 1413 3892 reprehensionibus,
1461 3838 1513 3883 et
1560 3832 1797 3884 animum

226 3920 457 3981 possunt
494 3910 771 3967 oﬂ'endere
797 3914 1012 3970 lectoris
1038 3919 1347 3973 orthodoxi.
1383 3918 1461 3974 Ac
1485 3933 1609 3976 sunt
1632 3935 1797 3988 certe,

227 4017 408 4072 neque
455 4018 661 4073 pauca,
700 4022 818 4074 quae
872 4008 940 4061 ab
988 4009 1105 4077 ejus
1135 4010 1394 4065 ventilata
1442 4020 1498 4066 et
1526 4014 1800 4068 confutata

228 4095 585 4162 adversariis,
620 4108 822 4153 aeterna
863 4100 1067 4154 nomini
1100 4100 1216 4171 ejus
1246 4103 1802 4176 stigmataimposue-

226 4194 375 4241 τυηι.

300 4279 364 4335 II.
401 4280 541 4336 Leve
578 4282 704 4335 illud
753 4291 837 4336 est
889 4298 997 4351 pra:
1039 4283 1262 4353 reliquis
1290 4300 1414 4339 mox
1443 4287 1798 4357 exponendis,

226 4384 285 4429 et
312 4374 542 4443 aliquam
573 4375 777 4429 habens
804 4377 1236 4441 excusationem.
1265 4394 1372 4448 quo
1400 4380 1671 4435 Christum
1704 4383 1800 4437 do-

226 4467 360 4533 cuit,
389 4477 675 4537 antequam
724 4469 887 4522 homo
928 4472 1113 4534 fieret,
1165 4468 1312 4523 Patri
1366 4471 1792 4539 ministrantem,

227 4556 285 4610 in
330 4555 533 4627 Moyse.
570 4558 840 4626 prophetis
880 4567 935 4611 et
981 4557 1187 4625 angelis
1238 4560 1512 4612 hominum
1570 4562 1793 4615 salutem
1828 4544 1870 4599 ί)

224 4651 667 4718 promoventihus
701 4648 963 4712 adfuisse,
1001 4658 1055 4703 et
1088 4648 1303 4718 quidem
1339 4650 1786 4718 substantialiter,

224 4748 392 4807 atque
424 4741 493 4793 ita
522 4756 671 4794 suam
699 4742 1098 4809 quodammodo
1143 4741 1452 4811 οἰκονομίαν
1488 4742 1790 4797 inchoasse.

222 4835 309 4890 En
347 4834 440 4887 tibi
470 4834 636 4904 ipsius
667 4837 826 4888 Verba
858 4850 921 4889 ex
952 4834 1138 4888 homil.
1168 4834 1201 4887 8
1227 4836 1281 4888 in
1309 4833 1519 4901 Genes.,
1549 4853 1695 4890 num.
1720 4837 1787 4890 8:

228 4945 249 4978 ι
296 4926 360 4979 Ει
411 4936 588 4979 tamen
634 4926 1085 4980 considerandum
1135 4935 1217 4980 est
1252 4928 1375 4994 quia
1415 4928 1639 4998 angelus
1682 4928 1795 4982 haec

1912 564 2176 619 adventus
2214 580 2321 632 quo
2351 564 2629 619 descendit
2652 564 2717 618 ad
2753 574 2955 627 terras;
2988 574 3043 619 et
3072 569 3139 620 ad
3177 565 3367 622 Isaiam
3395 582 3487 621 ve-

1912 658 2013 722 nit,
2039 667 2092 711 et
2118 657 2183 711 ad
2216 656 2434 728 Moysen
2472 659 2639 723 venit,
2672 666 2725 712 et
2752 657 2818 710 ad
2853 658 3107 726 populum
3134 659 3305 721 venit,
3338 670 3393 713 et
3424 658 3490 711 ad

1910 762 2350 817 unumquemque
2373 752 2756 818 prophetarum
2781 752 2928 803 venit
2956 767 2972 804 :
3000 766 3172 819 neque
3200 760 3254 805 tu
3276 752 3487 816 timeas,

1909 840 2118 896 etiamsi
2144 840 2258 909 jam
2286 840 2424 897 cmlo
2462 852 2709 910 receptus
2737 850 2840 906 est,
2877 842 3072 896 iterum
3113 843 3315 896 veniet.
3349 841 3485 908 Quia

1908 943 2087 989 autem
2136 938 2190 989 et
2235 942 2363 989 ante
2408 934 2751 1003 praesentiam
2799 934 3071 989 carnalem
3123 935 3188 988 ad
3241 934 3489 989 homines

1910 1027 2157 1091 venerit,
2196 1025 2370 1096 ipsum
2401 1028 2586 1095 accipe
2623 1024 2815 1079 testem
2866 1028 3272 1081 denuntiantem
3324 1040 3489 1098 atque

1909 1122 2178 1175 dicentem
2210 1136 2223 1172 :
2251 1119 2573 1186 Jerusalem,
2600 1118 2935 1182 Jerusalem,
2974 1137 3092 1189 qua:
3131 1120 3326 1175 occidis
3358 1135 3484 1188 pro-

1909 1211 2113 1281 pltetas,
2133 1222 2180 1263 et
2213 1206 2420 1279 lapidas
2454 1228 2539 1264 eos
2582 1213 2669 1281 qui
2707 1214 2854 1264 missi
2894 1222 3013 1264 sunt
3051 1212 3119 1264 ad
3157 1222 3238 1275 te,
3286 1200 3487 1282 quoties

1910 1301 2057 1355 volui
2083 1300 2327 1370 colligere
2360 1301 2502 1368 ﬁlios
2544 1311 2661 1355 tuos
2677 1302 2769 1353 ⁸⁵⁸1
2802 1303 3017 1366 Quoties
3046 1303 3205 1355 volui.
3256 1299 3370 1357 Non
3405 1302 3487 1355 di-

1910 1392 2019 1445 cit:
2048 1390 2168 1447 Non
2202 1392 2309 1445 vidi
2341 1401 2391 1445 te
2418 1391 2519 1445 nisi
2540 1393 2657 1446 isto
2687 1392 2925 1446 adventu
2953 1410 2966 1457 ;
2994 1392 3088 1446 sed
3120 1392 3249 1446 dicit
3280 1410 3296 1447 :
3339 1390 3485 1457 Quo-

1906 1483 2005 1535 ties
2034 1482 2199 1537 volui.
2242 1482 2309 1536 Et
2332 1498 2427 1551 per
2453 1483 2693 1554 singulos
2718 1485 3103 1553 prophetarum
3154 1494 3482 1539 convertens

1905 1574 2154 1644 sezEgo,
2182 1575 2383 1642 inquit,
2435 1588 2583 1629 eram
2636 1574 2882 1631 Christus
2926 1576 3015 1644 qui
3080 1575 3338 1644 loquebar
3386 1591 3482 1645 per

1905 1666 2215 1733 prophetas.
2244 1666 2360 1719 Dixi
2399 1682 2414 1719 :
2452 1664 2635 1735 Neque
2672 1677 2726 1721 tu
2760 1667 2987 1733 timeas,
3014 1677 3069 1720 et
3120 1682 3259 1720 nunc
3306 1666 3475 1720 mitti-

1909 1766 1994 1810 tur
2030 1757 2187 1813 .Iesus
2213 1756 2483 1813 Christus.
2519 1758 2645 1813 Non
2678 1761 2939 1815 mentitur
2972 1778 2985 1814 :
3022 1759 3303 1815 Vobiscum
3339 1778 3476 1823 sum.

1833 1836 1874 1895 Β
1901 1850 1976 1902 ait
2002 1849 2280 1914 Dominus,
2301 1865 2475 1904 omnes
2502 1852 2611 1905 dies
2639 1868 2803 1921 usque
2849 1853 2919 1905 ad
2970 1854 3475 1906 consummationem

1901 1960 2080 2015 swcnli
2108 1961 2172 2013 ⁸³.
2213 1959 2326 2014 Non
2370 1962 2671 2016 mentitur:
2721 1961 2823 2016 Ubi
2871 1963 2975 2017 duo
3006 1964 3082 2017 vel
3129 1973 3231 2017 tres
3271 1964 3476 2016 collecti

1901 2062 2021 2105 sunt
2041 2055 2092 2105 in
2118 2055 2324 2106 nomine
2355 2069 2490 2114 meo,
2518 2062 2564 2106 et
2596 2070 2689 2121 ego
2716 2070 2833 2107 sum
2858 2055 2913 2107 in
2950 2056 3118 2107 medio
3149 2054 3415 2108 eorum“.
3447 2073 3466 2105 ι

1905 2144 1998 2199 His
2046 2154 2265 2198 assonat
2310 2154 2438 2197 tom.
2493 2161 2567 2198 xu
2612 2146 2665 2197 in
2730 2145 2949 2209 Mattlt.,
2992 2162 3140 2199 num.
3186 2146 3255 2199 45
3287 2165 3299 2199 :
3332 2144 3475 2216 Πρό-

1906 2252 2031 2305 σχες
2054 2234 2111 2287 δὲ
2137 2237 2184 2287 εἰ
2217 2234 2441 2289 δύνασαι
2475 2234 2766 2288 καὶταῦτα
2806 2238 2981 2289 εἰπεῖν
3024 2237 3151 2308 περὶ
3192 2236 3297 2289 τῶν
3333 2238 3476 2290 κατὰ

1902 2326 1994 2379 τὸν
2017 2325 2201 2389 τόπον,
2236 2327 2316 2378 ὅτι
2363 2328 2654 2397 νοήσαντες
2699 2330 2746 2381 ol
2785 2328 3022 2399 μαθηταὶ
3074 2329 3165 2381 τὸν
3212 2329 3339 2381 Υἱὸν
3378 2330 3474 2383 τοῦ

1903 2417 2038 2471 Θεοῦ
2066 2417 2534 2487 κεχρηματικέναι
2561 2420 2800 2482 Μωῦσεῖ,
2830 2419 2921 2473 καὶ
2944 2419 3104 2472 αὐτὸν
3133 2415 3269 2473 εἶναι
3293 2419 3383 2474 τὸν
3405 2420 3476 2472 sl-

1905 2512 2110 2583 ρηκότα
2131 2528 2144 2542 ·
2170 2512 2229 2563 οὐ
2258 2511 2368 2581 γὰρ
2390 2510 2578 2580 ὄψεται
2605 2510 2889 2583 ἄνθρωπος
2916 2512 2977 2565 τὸ
3014 2512 3302 2583 πρόσωπόν
3347 2528 3471 2583 μου,

1904 2605 1999 2657 καὶ
2029 2602 2285 2675 ζήσεται’
2342 2612 2398 2656 et
2445 2613 2604 2658 tract.
2649 2619 2776 2657 xxv:
2830 2605 2886 2657 in
2923 2603 3137 2669 Matth,
3189 2621 3336 2658 lIlIlll.
3377 2606 3472 2668 28,

1904 2712 2025 2766 pag.
2052 2697 2178 2761 849,
2207 2711 2485 2765 exponens
2509 2696 2676 2751 illud:
2722 2696 2938 2761 Quoties
2979 2695 3118 2750 volui
3159 2713 3473 2766 congregare

1904 2789 2042 2857 ﬁlios
2072 2798 2212 2854 tuos,
2239 2791 2372 2843 sicut
2410 2788 2610 2858 gallina
2641 2789 2812 2858 pullos
2856 2806 2977 2843 suos
3020 2791 3114 2845 sub
3154 2806 3350 2856 pennas
3373 2833 3386 2855 ,
3422 2803 3470 2844 et

1906 2881 2165 2935 noluisti?
2200 2901 2219 2933 ι
2253 2881 2551 2948 Quomodo,
2607 2882 2817 2950 inquit,
2873 2881 2961 2937 hic
3026 2883 3283 2937 Dominus
3317 2881 3472 2938 Jesns

1906 2978 2059 3043 quasi
2114 2978 2203 3046 qui
2258 2976 2566 3047 frequenter
2616 2975 2792 3029 voluit
2858 2990 3188 3045 congregare
3233 2973 3468 3041 Jmlmos,

1907 3085 2011 3125 non
2044 3079 2220 3125 autem
2270 3068 2615 3140 congregavit
2662 3079 2881 3138 promer
2926 3068 3321 3122 contumaciam
3371 3083 3469 3121 no-

1906 3164 2129 3220 lentimn
2156 3166 2398 3227 credere,
2434 3162 2506 3215 ita
2548 3160 2718 3215 dicit:
2751 3159 2965 3224 Quaties
2995 3160 3131 3214 volui
3172 3175 3194 3215 :
3241 3176 3361 3215 cum
3393 3162 3463 3216 sit

1903 3256 2247 3312 manifestum
2274 3255 2438 3310 semel
2459 3269 2580 3308 eum
2605 3253 2848 3307 docuisse
2867 3253 2920 3305 in
2947 3267 3174 3322 corpore
3209 3251 3469 3307 Iudaeos?

1903 3349 2007 3404 Sed
2042 3363 2145 3402 non
2171 3348 2342 3403 solum
2373 3348 2425 3400 in
2452 3345 2739 3416 praesentia
2763 3386 2778 3410 ,
2806 3361 2993 3398 verum
3019 3347 3181 3400 etiam
3212 3346 3464 3399 substan-

1902 3440 2101 3496 tialiter
2124 3454 2338 3508 semper
2373 3438 2624 3494 Christus
2658 3451 2897 3507 praesens
2940 3438 3037 3491 fuit
3082 3446 3136 3491 et
3170 3438 3220 3490 in
3268 3437 3470 3509 Moyse.

1900 3540 1955 3584 et
1988 3530 2039 3583 in
2069 3528 2381 3598 prophetis;
2419 3528 2590 3598 magis
2629 3536 2809 3581 autem
2857 3538 2914 3581 et
2969 3528 3021 3580 in
3059 3527 3262 3596 angelis
3312 3529 3472 3583 mini-

1900 3619 2202 3673 strantibus
2232 3618 2392 3673 saluti
2421 3618 2691 3683 humanae,
2731 3627 2787 3672 et
2835 3632 2932 3687 per
2954 3618 3196 3688 singulas
3243 3634 3471 3688 genera-

1902 3730 2075 3784 tiones
2110 3751 2121 3785 :
2158 3738 2214 3785 et
2249 3730 2328 3784 sic
2365 3730 2618 3797 impletur
2652 3728 2924 3794 :‘Quoties
2959 3730 3118 3784 volui.
3153 3729 3253 3783 Per
3286 3732 3469 3801 singu-

1900 3821 1980 3875 las
2014 3821 2159 3875 enim
2190 3825 2566 3891 generationes
2615 3836 2830 3890 semper
2869 3821 3037 3876 voluit
3081 3828 3136 3874 et
3191 3820 3471 3876 festinavit

1901 3914 2166 3983 perlicere
2216 3915 2547 3970 voluntatem
2598 3915 2779 3969 Patris
2830 3915 2883 3969 in
2931 3916 3059 3970 eis:
3098 3916 3201 3969 etsi
3258 3932 3363 3969 non
3414 3917 3466 3969 in

1899 4020 2127 4074 corpore
2155 4008 2502 4068 constitutus,
2545 4005 2690 4059 sicut
2723 4022 2864 4059 nunc
2899 4005 2950 4059 in
2983 4004 3088 4059 ﬁne
3129 4006 3469 4073 saeculorum,

1899 4107 2079 4152 tamen
2118 4114 2330 4170 semper
2378 4098 2652 4153 festinavit
2692 4113 3019 4168 congregare
3064 4098 3201 4153 ﬁlios
3248 4096 3466 4154 Jerusa-

1898 4191 2023 4246 lem.
2060 4192 2234 4261 Ipsius
2274 4192 2417 4246 enim
2449 4190 2677 4245 volentis
2701 4206 3031 4260 congregare
3066 4190 3203 4244 ﬁlios
3244 4189 3465 4245 Jerusa-

1898 4284 2001 4338 lem
2034 4298 2191 4338 voces
2240 4284 2507 4337 habentur
2555 4282 2607 4335 in
2639 4281 2757 4350 lege
2784 4290 2839 4336 et
2870 4282 2921 4334 in
2958 4282 3272 4351 prophetis:
3300 4291 3355 4335 et
3401 4281 3467 4335 de

1902 4375 2019 4445 ipso
2044 4375 2307 4443 scriptum
2337 4383 2418 4427 est
2453 4390 2467 4426 :
2501 4373 2814 4442 Etcpandens
2846 4372 2959 4424 alas
2983 4387 3104 4425 suas
3131 4372 3324 4439 accepit
3356 4387 3466 4435 eos,

1900 4476 1947 4520 et
1988 4467 2212 4535 suscepit
2254 4481 2339 4519 eos
2377 4481 2532 4532 super
2565 4464 2804 4533 scapulas
2828 4480 2951 4517 suas
2982 4464 3027 4495 ⁸⁸
3056 4482 3071 4519 :
3115 4473 3171 4517 et
3202 4464 3469 4532 quotidia-

1900 4573 2028 4610 num
2067 4572 2202 4625 opus
2234 4569 2317 4611 est
2350 4556 2551 4611 Christi
2580 4571 2909 4626 congregare
2937 4556 3079 4609 ﬁlios
3123 4554 3460 4618 Jerusalem;

1899 4650 1965 4704 de
1996 4651 2190 4718 quibus
2220 4650 2272 4702 in
2317 4649 2450 4702 Isaia
2476 4656 2529 4703 et
2562 4651 2613 4701 in
2646 4647 2865 4716 reliquis
2896 4648 3173 4717 prophetis
3205 4647 3356 4716 plura
3387 4648 3466 4700 di-

1898 4754 2113 4799 cuntur.
2156 4742 2224 4796 Et
2250 4742 2487 4811 quotidie
2528 4741 2618 4795 Dei
2653 4739 2821 4795 Filius
2850 4748 3144 4809 congregat
3183 4739 3463 4807 dispersos

1898 4836 2036 4891 ﬁlios
2085 4836 2212 4900 Dei,
2268 4836 2409 4888 sicut
2455 4834 2652 4904 gallina
2697 4832 2870 4902 pullos
2922 4846 3051 4887 suos
3105 4832 3204 4885 sub
3260 4845 3466 4900 pennas

1897 4944 2044 4984 suas.
2084 4947 2104 4979 ›
2139 4927 2193 4981 In
2221 4941 2326 4995 quo
2383 4942 2502 4980 cum
2544 4926 2620 4979 ait
2666 4923 3094 4979 substantialiter
3139 4935 3459 4993 prmsentem

222 5018 462 5074 refertur
497 5018 564 5072 ad
583 5019 854 5073 Abraham
878 5020 1116 5082 locutus,
1151 5029 1204 5072 et
1224 5021 1352 5088 quia
1374 5020 1426 5073 in
1456 5036 1792 5089 consequen-
1890 5015 2340 5071 fuisseChristum
2364 5014 2416 5068 in
2436 5013 2617 5083 Moyse
2639 5022 2693 5067 et
2719 5014 2769 5066 in
2793 5012 3089 5081 prophetis,
3114 5014 3459 5083 conjunctio-

222 5114 374 5164 tihus
427 5114 711 5166 evidenter
768 5113 856 5166 hic
908 5112 1129 5181 angelus
1165 5112 1421 5166 Dominus
1469 5113 1792 5167 ostenditur.

224 5204 381 5259 Unde
405 5214 532 5270 puto
555 5203 693 5272 quod
733 5203 871 5258 sicut
907 5204 1047 5257 inter
1080 5218 1176 5257 nos
1209 5203 1451 5257 homines
1484 5204 1666 5256 habitu
1711 5219 1797 5257 re-

221 5305 418 5367 pertus
442 5303 526 5348 est
554 5305 611 5347 ut
645 5295 829 5359 homo,
863 5295 936 5348 ita
966 5304 1020 5347 et
1059 5294 1201 5347 inter
1226 5292 1445 5362 angelos
1496 5290 1681 5345 habitu
1710 5303 1793 5346 est

223 5394 479 5451 repertus
529 5394 586 5437 ut
634 5386 900 5455 angelus;
956 5404 974 5436 ι
1014 5393 1068 5438 et
1120 5400 1188 5438 ex
1242 5383 1430 5439 homil.
1487 5384 1511 5436 1
1560 5383 1613 5436 ἱη
1662 5383 1791 5437 illud

219 5474 379 5529 Isaia:
408 5492 422 5530 :
461 5472 527 5527 Et
552 5492 721 5545 regem
750 5477 1025 5529 Dominum
1052 5475 1285 5530 Sabaoth
1304 5476 1406 5528 vidi
1434 5473 1599 5528 oculis
1637 5475 1787 5538 meis,

221 5575 272 5620 et
302 5567 489 5620 missus
521 5576 593 5621 est
623 5572 689 5621 ad
721 5584 800 5622 me
842 5585 976 5621 unus
998 5568 1061 5621 de
1092 5569 1350 5629 serapltim
1380 5566 1426 5598 “
1456 5584 1469 5619 :
1504 5583 1523 5615 ι
1557 5564 1672 5620 Non
1709 5576 1792 5621 est

296 5773 347 5803 ”
373 5770 477 5826 Isa.
518 5786 592 5833 νε.
620 5770 673 5833 5.
703 5769 758 5824 6.

1895 5124 2018 5164 nem
2083 5107 2333 5178 intelligit
2383 5106 2670 5177 σχετικὴν,
2726 5120 2831 5159 non
2880 5120 3009 5159 vero
3070 5106 3460 5177 ὑποστατικήν.

1892 5201 2167 5257 Praeterea
2201 5211 2331 5252 tom.
2368 5214 2384 5252 ι
2415 5200 2471 5251 in
2500 5197 2689 5265 Joan.,
2720 5214 2866 5250 num.
2890 5198 2960 5251 '54
2994 5214 3009 5253 :
3052 5199 3163 5251 Καὶ
3198 5198 3329 5269 περὶ
3363 5198 3467 5268 μὲν

1899 5294 1993 5347 τοῦ
2017 5293 2299 5365 ἄνθρωπον
2326 5292 2485 5345 αὑτὸν
2515 5290 2792 5359 γεγονέναι
2826 5289 2997 5353 οὐδεὶς
3032 5289 3137 5342 τῶν
3173 5307 3466 5343 πεπιστευ-

1901 5387 2073 5439 κότων
2110 5384 2369 5448 διστάζει.
2411 5384 2548 5454 Περὶ
2598 5382 2654 5435 δὲ
2697 5382 2792 5435 τοῦ
2846 5382 3094 5451 ἄγγελον,
3146 5381 3464 5452 πειθώμεθα

1898 5478 2186 5550 τηροῦντες
2224 5475 2321 5540 τὰς
2359 5476 2464 5528 τῶν
2501 5474 2744 5543 ἀγγέλων
2778 5474 3093 5543 ἐπιφανείας
3129 5475 3221 5526 καὶ
3250 5472 3465 5540 λόγους,

1900 5569 1988 5623 ὅτε
2012 5571 2111 5641 τῆς
2136 5570 2242 5624 τῶν
2268 5571 2513 5640 ἀγγέλων
2546 5569 2790 5636 ἐξουσίας
2819 5570 3097 5640 φαίνεται,
3132 5568 3187 5621 ἐν
3223 5584 3331 5620 τισι
3372 5566 3469 5621 τό-

860 5768 906 5801 ⁸⁸
930 5767 1119 5826 Mattb.
1148 5783 1306 5835 mn,
1331 5768 1419 5824 Π.
1498 5767 1542 5800 ⁵⁸
1572 5754 1758 5823 Matth.
1786 5783 1798 5823 ι

1903 5783 1976 5836 ιιι,
2014 5768 2103 5824 ‘20.
2179 5768 2223 5801 ⁸⁷
2253 5767 2438 5824 Matth.
2480 5784 2635 5836 xvnl,
2667 5766 2759 5824 20.
2836 5768 2882 5801 ⁸⁸
2904 5769 3058 5825 Deut.
3094 5782 3267 5835 χχχιι,
3300 5767 3390 5823 ﬂ.
