3860 6230
436 310 540 366 739

1709 328 1770 382 P.
1813 328 2146 384 DANIELIS.
2168 327 2403 385 HUETII

3585 328 3696 383 800

428 441 555 488 1m;
576 428 675 498 τῆς
700 429 922 503 Γραφῆς
947 434 1193 504 ἀγγέλων
1224 439 1491 508 λεγόντων
1517 440 1706 513 ὥσπερ
1744 443 1835 495 ἐπὶ
1871 442 1963 495 τοῦ

2115 452 2356 507 ventum,
2384 441 2649 497 mediator
2681 442 2896 511 quidem
2927 450 3047 497 erat
3074 443 3372 507 hominum,
3406 442 3505 498 sed
3550 460 3692 498 noo-

429 518 622 590 '{),'.70n
664 526 916 595 ἅγγελος
959 534 1179 597 Κιζρίου
1219 534 1289 587 ἐν
1325 537 1465 605 πυρὶ
1521 538 1749 607 φλογὸς
1787 537 2002 605 βάτου,

425 614 526 667 καὶ
554 612 750 682 εἶπεν,
792 621 906 689 ἐγὼ
949 623 1094 691 Θεὸς
1149 627 1425 699 Ἀϐραὰμ,
1474 632 1574 686 καὶ
1639 632 1869 699 Ἰσαὰκ,
1904 633 2003 687 καὶ

440 706 676 763 Ἰακὼ6’
720 711 855 766 ἀλλὰ
898 717 990 769 καὶ
1033 720 1061 771 ὁ
1122 720 1348 785 Ἡσαΐας
1394 724 1562 795 φησί’
1612 726 1893 781 Καλεῖται
1935 728 2003 780 τὸ

425 797 613 869 ὄνομα
642 805 849 871 αὑτοῦ,
871 810 1140 879 μεγάλης
1156 814 1396 885 ,βουλῆς
1427 819 1732 889 Ἄγγελος.
1764 819 1828 874 Ει
1853 820 2003 876 initio

428 889 558 942 tomi
598 897 876 960 sequentis
913 899 1081 955 docet
1128 902 1319 959 Filium
1378 907 1468 961 Dei
1528 909 1752 965 missum
1798 927 1920 967 esse
1969 929 1998 969 a

421 977 589 1035 Patre
616 984 682 1035 ad
717 988 1045 1057 prophetas;
1082 1002 1137 1047 et
1170 1009 1294 1049 cum
1325 997 1608 1068 Scriptura
1651 1003 1728 1056 ait
1768 1020 1782 1056 :
1813 1004 2000 1060 Sermo

421 1070 596 1140 [actus
619 1086 693 1127 est
721 1080 789 1130 ad
810 1079 1021 1149 Oscam,
1046 1084 1125 1139 sic
1151 1086 1281 1142 illud
1310 1089 1740 1162 intelligendum,
1763 1096 1995 1152 Verbum

423 1166 518 1222 Dei
570 1170 794 1226 missum
851 1190 972 1230 esse
1022 1177 1089 1232 ad
1136 1178 1351 1236 Oscam.
1397 1180 1540 1237 idem
1599 1186 1760 1241 habet
1809 1200 1999 1246 auctor

419 1260 658 1315 homil.!
695 1262 747 1318 in
790 1265 1034 1323 diversos
1072 1285 1084 1319 :
1127 1290 1144 1322 ι
1185 1272 1418 1330 Abrahae
1464 1275 1609 1332 Patri
1655 1281 1995 1341 credentium

421 1349 593 1405 tribus
622 1352 772 1409 horis
810 1360 1092 1427 temporis,
1120 1360 1246 1417 licet
1276 1379 1382 1419 non
1418 1381 1515 1434 per
1545 1368 1715 1439 ipsam
1748 1372 1995 1430 ineil‘abi-

417 1440 523 1496 lem
553 1444 779 1503 Deitatis
809 1450 1197 1520 substantiam,
1232 1460 1326 1513 sed
1357 1462 1535 1528 potius
1566 1480 1661 1534 per
1688 1468 1993 1537 angelicam

415 1535 656 1602 speciem
685 1552 715 1592 a
755 1542 984 1598 meridie
1016 1546 1166 1602 visus
1196 1559 1275 1604 est
1308 1568 1321 1605 ε
1362 1553 1520 1609 nobis
1558 1535 1787 1627 triginta
1821 1562 1993 1619 tribus

413 1626 574 1681 annis
606 1629 657 1682 in
702 1639 843 1686 terra
871 1640 1144 1704 apparuit,
1179 1650 1233 1695 et
1270 1659 1392 1697 cum
1426 1626 1736 1706 hominibus
1766 1669 1993 1710 conver-

413 1719 522 1773 sari
571 1721 819 1789 dignatus
862 1738 945 1781 est
979 1729 1045 1785 ".
1110 1730 1281 1789 Jacob
1335 1738 1500 1792 etiam
1546 1742 1696 1798 brevi
1750 1754 1991 1816 tempore

412 1826 512 1881 per
555 1817 804 1885 angelum
834 1821 1185 1883 nihilominus
1229 1833 1478 1900 apparuit
1513 1835 1818 1895 colluctans
1865 1857 1987 1897 cum

409 1919 495 1967 80,
530 1924 550 1960 ι
576 1918 682 1964 etc.

482 1997 568 2051 Ill.
620 2002 1024 2070 Reprehensum
1081 2009 1251 2069 fuisse
1296 2016 1350 2071 id
1392 2016 1445 2070 in
1482 2017 1716 2091 Origene
1764 2024 1990 2080 adnotat

411 2091 597 2148 Sixtns
648 2097 905 2155 Senensis
957 2101 1054 2159 lib.
1108 2120 1176 2171 v,
1217 2124 1343 2164 ann.
1396 2110 1521 2178 105,
1579 2114 1673 2169 sed
1701 2117 1985 2188 Augustini

406 2188 668 2260 sutiragio
697 2192 958 2252 defendit.
1000 2198 1348 2259 Consimi‘lem
1395 2221 1528 2262 sane
1575 2208 1806 2278 professi
1859 2223 1985 2269 sunt

404 2280 707 2337 doctrinam
742 2284 931 2343 Patres
975 2292 1184 2362 antiqui
1223 2296 1567 2365 complures,
1603 2316 1708 2355 non
1748 2302 1986 2375 Origene

404 2370 581 2424 solum
608 2377 957 2443 vetustiores,
985 2381 1069 2435 vel
1109 2385 1295 2452 coaevi,
1329 2388 1423 2442 sed
1453 2394 1788 2450 recentiores
1818 2370 1981 2451 etiam

404 2475 460 2519 et
498 2464 714 2524 Nicaana
762 2475 972 2543 synodo
1017 2480 1368 2546 posteriores.
1416 2483 1619 2542 Horum
1662 2491 1877 2545 nomina
1930 2500 1984 2547 et

2109 535 2235 588 dum
2274 544 2391 589 erat
2417 536 2601 589 homo.
2648 534 2771 588 Erat
2802 545 2980 588 tamen
3012 545 3067 590 et
3114 546 3239 590 tunc
3270 534 3540 589 mediator
3590 534 3689 589 Dei

2107 637 2161 682 et
2189 628 2466 681 hominum
2498 645 2509 679 :
2543 626 2682 681 unde
2711 638 2767 679 et
2796 626 2921 681 data
2976 627 3060 679 lex
3113 642 3209 696 per
3262 626 3519 695 angelos,
3566 626 3690 679 sine

2106 720 2273 790 ipsius
2302 716 2614 772 mediatoris
2654 718 2904 771 manibus
2953 718 3075 770 data
3123 732 3245 772 esse
3299 732 3403 770 non
3453 716 3686 780 dieitur,

2104 821 2163 867 ut
2187 820 2329 867 esset
2359 811 2443 864 lea:
2472 821 2740 871 sancta,el
2763 810 3068 862 mandatum
3090 820 3350 871 sanctum,
3373 819 3421 862 et
3446 808 3683 877 justum,

2102 911 2151 957 et
2177 901 2365 954 bonum
2385 899 2451 965 “,
2483 909 2539 953 et
2568 899 2744 954 omnia
2779 898 2893 953 haec
2920 899 3391 954 sanctiﬁcarentur
3434 915 3464 952 a
3522 898 3687 953 Chri-

2102 1000 2209 1045 sto.
2245 1010 2264 1043 ›
2308 990 2424 1045 Νοιι
2452 990 2613 1061 igitur
2645 990 2697 1042 in
2728 1004 2793 1043 eo
2828 988 2987 1043 modo
3024 988 3387 1052 intercessor,
3429 998 3486 1043 et
3523 987 3685 1059 μεσί-

2099 1101 2199 1156 της
2228 1084 2319 1138 Dei
2353 1094 2406 1137 et
2440 1083 2719 1137 hominum
2744 1081 2944 1135 dicitur
2968 1082 3037 1136 ab
3063 1079 3296 1151 Origene
3322 1081 3493 1135 fuisse
3519 1081 3688 1135 Chri-

2100 1188 2215 1233 stus
2240 1218 2254 1243 ,
2297 1186 2586 1247 antequam
2622 1179 2688 1230 de
2723 1174 2949 1245 Virgine
2988 1185 3341 1241 nasceretur,
3369 1189 3480 1243 quo
3517 1174 3684 1227 modo

2099 1270 2295 1325 deinde
2324 1267 2446 1331 fuit,
2477 1276 2763 1338 postquam
2789 1274 3036 1320 naturam
3069 1267 3361 1320 humanam
3392 1267 3680 1333 suscepit:

2097 1377 2222 1416 nam
2249 1376 2346 1431 per
2374 1361 2657 1427 utriusque
2686 1368 2892 1413 naturae
2918 1358 3354 1425 coniunctionem
3394 1357 3679 1411 hominem

2096 1469 2217 1508 cum
2254 1452 2363 1507 Deo
2392 1450 2728 1515 conciliavit,
2763 1460 2926 1519 atque
2955 1450 3032 1503 ita
3077 1448 3311 1503 medium
3357 1448 3491 1517 quid
3543 1448 3683 1501 inter

2096 1554 2386 1613 utrumque
2432 1543 2554 1606 fuit,
2608 1558 2730 1597 cum
2779 1552 3071 1610 utrumque
3113 1549 3292 1606 esset,
3333 1549 3391 1595 et
3434 1539 3589 1594 Deus
3626 1550 3682 1593 et

2094 1636 2274 1693 homo.
2318 1636 2574 1703 Quamvis
2612 1644 2792 1689 autem
2840 1633 3238 1688 communionis
3284 1632 3469 1696 illius,
3507 1641 3567 1687 et
3600 1631 3680 1685 fu-

2098 1728 2201 1782 turi
2233 1727 2527 1797 aliquando
2554 1725 2838 1790 consortii,
2871 1739 3164 1793 rerumque
3189 1738 3283 1794 per
3315 1722 3451 1778 illud
3480 1739 3681 1789 geren-

2094 1821 2284 1876 darum
2316 1821 2538 1884 intuitu,
2577 1820 2630 1874 in
2671 1818 2887 1873 Veteris
2940 1816 3279 1872 TeSIamenti
3324 1816 3680 1885 patriarchas

2090 1922 2144 1967 et
2174 1912 2469 1981 prophetas
2504 1912 2643 1966 Deus
2680 1910 2941 1965 bonitatis
2978 1924 3089 1967 sua:
3126 1917 3181 1963 et
3220 1908 3412 1978 gratiae
3451 1909 3680 1962 divitias

2088 2003 2413 2072 profuderit,
2436 2012 2493 2057 et
2518 2012 2645 2057 tunc
2664 2002 2831 2056 etiam
2881 2001 3110 2072 μεσίτης
3136 1999 3389 2055 Christus
3416 2001 3681 2069 quodam-

2089 2096 2248 2150 modo
2286 2096 2484 2159 fuerit,
2518 2110 2585 2151 eo
2616 2104 2799 2149 tamen
2826 2109 2932 2148 non
2970 2094 3210 2164 respexit
3234 2092 3509 2163 Origenes
3534 2134 3550 2158 ,
3583 2091 3679 2146 sed

2087 2187 2391 2242 additiones
2423 2187 2540 2241 illas
2571 2196 2627 2242 et
2683 2187 2974 2242 reditiones
3015 2189 3239 2242 crebras
3286 2186 3354 2240 ad
3392 2186 3677 2247 homines,

2086 2295 2207 2335 cum
2255 2280 2419 2335 variis
2456 2280 2678 2334 indutus
2717 2278 2938 2345 formis,
2986 2288 3041 2334 et
3096 2294 3193 2349 per
3230 2279 3415 2332 varias
3446 2278 3679 2348 loquens

2085 2387 2345 2443 personas
2376 2372 2628 2427 mandata
2660 2372 2765 2427 illis
2796 2372 2891 2427 Dei
2941 2372 3184 2443 parentis
3228 2370 3493 2427 Christus
3524 2373 3677 2427 defe—

2084 2466 2270 2529 rebat;
2322 2464 2596 2533 praecipue
2632 2479 2796 2531 vero,
2834 2479 2955 2519 cum
2996 2463 3167 2533 legem
3211 2462 3382 2533 Moysi
3425 2465 3674 2529 tradidit,

405 2554 526 2612 loca
578 2561 789 2633 colligit
839 2565 1112 2624 Pamelius
1164 2572 1217 2626 in
1284 2573 1587 2633 Paradoxis
1640 2580 1979 2651 Tertulliani,
2076 2554 2229 2626 ima
2284 2555 2413 2651 mm?
2445 2556 2741 2651 Αροειοϋε
2784 2575 2803 2611 ⁸
2846 2556 2987 2651 Quid
3040 2558 3203 2628 ἰδίων
3256 2557 3387 2611 le"
3441 2557 3676 2628 Ρτοβίθτ

560 2652 627 2745 i9
666 2671 680 2707 :
727 2655 1064 2727 collegerunt
1110 2664 1340 2719 subinde
1385 2677 1439 2721 et
1488 2670 1600 2726 alii.
1657 2672 1732 2727 Ex
1790 2675 1982 2745 quibus

403 2740 538 2798 locis
562 2743 730 2815 liquet
769 2764 1082 2816 persuasum
1125 2754 1212 2810 his
1256 2757 1427 2814 fuisse
1465 2759 1720 2818 Patribus
1772 2740 1979 2823 morem

400 2833 549 2890 Patri
605 2850 883 2908 gerentem
937 2842 1137 2899 Filimn
1198 2848 1531 2915 patriarchis
1595 2857 1976 2924 aspectabilem

402 2943 525 2983 Sese
556 2931 871 2997 praebuisse,
904 2934 1128 3005 Deique,
1161 2939 1371 3008 angeli,
1400 2943 1485 2996 vel
1517 2944 1727 3000 Domini
1759 2950 1975 3005 nomina

400 3020 569 3075 fuisse
598 3025 884 3090 sortitum;
917 3035 971 3079 et
997 3041 1334 3099 quaecunque
1364 3031 1419 3085 in
1447 3032 1776 3093 Testamenti
1812 3037 1975 3094 Vete-

2085 2647 2552 2717 transgressiones
2580 2650 2754 2718 posita
2787 2658 2892 2717 est,
2923 2650 3096 2705 donec
3123 2651 3333 2704 veniret
3353 2666 3551 2706 semen
3589 2654 3672 2706 cui

2081 2740 2433 2809 promiserat,
2462 2742 2710 2795 ordinata
2744 2756 2839 2811 per
2860 2743 3083 2814 angelos
3111 2743 3163 2796 in
3204 2757 3366 2796 manu
3401 2743 3672 2798 Mediato-

2081 2833 2176 2888 ris.
2229 2832 2495 2889 Mediator
2540 2842 2723 2890 autem
2774 2836 2932 2892 unius
2975 2851 3083 2891 non
3131 2846 3246 2903 est;
3299 2837 3444 2893 Deus
3485 2851 3673 2893 autem

2080 2940 2219 2980 unus
2252 2934 2336 2981 est
2364 2926 2431 2980 “.
2472 2946 2491 2980 ι

2148 3014 2213 3070 V.
2251 3015 2615 3073 Referendum
2639 3018 2691 3073 id
2722 3033 2847 3090 esse
2872 3020 2938 3074 ad
2965 3019 3199 3092 Moysem
3232 3021 3361 3076 licet
3411 3023 3669 3077 arbitrati

398 3112 475 3165 ris
508 3113 729 3167 historia
770 3132 801 3169 a
843 3116 952 3171 Deo
983 3117 1125 3171 [πω
1158 3118 1420 3189 legimus,
1456 3122 1650 3180 Filium
1698 3139 1972 3185 auctorem
2003 3142 2044 3200 α
2080 3108 2478 3174 sintnonnulli,
2507 3111 2726 3167 Christo
2753 3120 2928 3165 tamen
2965 3116 3378 3168 accommodant
3428 3116 3673 3185 Chryso-

399 3203 673 3259 habuisse.
707 3208 959 3262 Attamen
1003 3225 1110 3265 non
1147 3210 1201 3265 in
1234 3227 1295 3267 ea
1345 3215 1450 3271 sibi
1506 3228 1720 3274 constat
1759 3232 1977 3277 senten-

398 3293 471 3347 tia
502 3306 690 3350 noster
735 3296 1028 3369 Origenes,
1072 3318 1198 3357 nam
1249 3309 1471 3362 easdem
1526 3326 1740 3380 quoque
1794 3327 1977 3384 partes

399 3399 788 3456 nonnunquam
846 3390 958 3446 Deo
1007 3391 1159 3448 Patri
1215 3396 1427 3452 videtur
1477 3401 1977 3467 assignare:velut

406 3475 593 3530 homil.
642 3478 678 3532 5
723 3480 778 3533 in
836 3479 965 3536 Luc.
999 3500 1018 3537 :
1053 3503 1071 3536 ε
1112 3483 1301 3541 Gratia
1344 3488 1474 3555 Dei,
1534 3491 1750 3562 inquit,
1781 3494 1885 3550 fuit
1918 3508 1976 3553 ιιι

396 3578 684 3635 appareret
731 3569 1033 3641 Abraham,
1086 3574 1169 3629 vel
1216 3578 1431 3633 czeteris
1484 3584 1764 3651 prophetis
1809 3600 1823 3635 :
1866 3601 1972 3641 non

397 3659 539 3725 quod
570 3661 762 3718 oculus
793 3672 999 3720 tantum
1034 3668 1217 3723 cordis
1242 3669 1516 3728 Abraham
1561 3675 1613 3729 in
1647 3693 1810 3733 causa
1852 3679 1973 3735 fue-

397 3753 489 3818 rit,
526 3762 585 3806 ut
615 3767 864 3811 cerneret
904 3758 1105 3826 Deum;
1136 3764 1231 3817 sed
1278 3766 1422 3834 quod
1455 3769 1632 3836 gratia
1688 3770 1785 3824 Dei
1833 3773 1974 3829 ultro

394 3858 456 3898 se
487 3847 853 3915 aspiciendam
884 3852 1187 3920 ’praebuerit
1240 3857 1358 3913 viro
1398 3859 1571 3930 justo.
1626 3860 1743 3918 Hoc
1790 3874 1970 3921 autem

393 3943 503 3985 non
544 3933 717 3989 solum
769 3952 933 4007 super
965 3940 1075 3996 Deo
1105 3942 1270 4000 Patre
1318 3947 1613 4018 intelligas,
1665 3952 1760 4007 sed
1807 3956 1972 4011 etiam

391 4037 553 4092 super
580 4024 813 4083 Domino
844 4028 1146 4098 Salvatore,
1174 4045 1229 4091 et
1254 4052 1419 4108 super
1453 4039 1658 4110 Spiritu
1704 4056 1917 4103 sancto.
1946 4066 1966 4101 ι

466 4112 555 4172 1V.
598 4116 701 4186 Qui
733 4118 928 4175 Filium
958 4121 1074 4191 Dei,
1104 4127 1417 4198 priusquam
1448 4130 1745 4188 humanum
1781 4137 1971 4193 indue-

392 4217 478 4261 ret
511 4222 728 4279 corpus,
762 4211 814 4266 in
847 4214 1075 4284 angelis,
1108 4219 1437 4287 patriarchis
1469 4233 1525 4277 et
1561 4226 1842 4293 prophetis
1872 4231 1969 4283 ad-

395 4302 563 4357 fuisse
595 4304 825 4371 dixerit;
855 4306 947 4363 Dei
973 4324 1189 4381 quoque
1217 4321 1271 4367 et
1300 4316 1581 4373 hominum
1613 4321 1969 4379 mediatorem

390 4399 519 4446 tunc
543 4390 731 4459 luisse,
766 4396 1153 4453 internuntium
1178 4442 1192 4467 ,
1217 4412 1271 4456 et
1293 4415 1634 4472 sequestrum
1663 4411 1846 4468 dicere
1876 4429 1969 4469 ne-

389 4499 544 4539 cesse
591 4497 691 4542 est.
746 4486 896 4543 ilanc
952 4493 1262 4559 dogmatum
1310 4503 1759 4569 consequentiam
1794 4507 1964 4563 tenuit
1995 4488 2046 4549 Ῑ)
2074 4500 2139 4552 ad
2181 4498 2407 4555 Paulum
2460 4502 2877 4559 Samosalellum
2918 4522 2932 4560 ε

388 4579 672 4651 Origenes,
702 4595 757 4637 et
785 4585 874 4653 qui
906 4586 1059 4654 prius
1084 4586 1211 4643 illud
1240 4602 1535 4663 posuerat,
1568 4595 1797 4651 alterum
1830 4614 1966 4669 quo-

393 4685 499 4736 que
530 4671 635 4726 hoc
665 4675 929 4729 decrevit.
958 4674 1134 4731 Verba
1182 4680 1351 4748 ipsius
1394 4683 1655 4741 debemus
1695 4688 1963 4760 Apologia:

389 4760 656 4832 Pamphili
679 4780 743 4819 ex
775 4765 867 4822 lib.
899 4784 956 4821 ιιι
987 4769 1040 4821 in
1064 4768 1236 4837 Epist.
1268 4774 1335 4825 ad
1368 4772 1570 4831 Colon.
1598 4794 1616 4830 :
1652 4797 1670 4829 ι
1710 4781 1839 4835 Data
1881 4793 1965 4838 est

389 4860 593 4917 autem,
626 4853 824 4924 inquit,
856 4856 943 4911 lex
983 4856 1150 4930 Moysi
1197 4876 1290 4929 per
1330 4865 1551 4932 angelos
1599 4868 1652 4918 in
1707 4882 1868 4922 manu
1908 4878 1962 4924 et

384 4944 584 5000 virtute
618 4948 931 5004 mediatoris
952 4950 1153 5005 Christi
1185 4952 1229 4982 ⁶⁰
1250 4969 1268 5017 ;
1293 4956 1382 5020 qui
1414 4971 1534 5010 cum
1560 4968 1704 5012 esset
1730 4960 1784 5013 in
1810 4962 1961 5029 prin-

385 5037 530 5107 cipio
566 5036 798 5094 Verbum
836 5042 962 5110 Dei,
1011 5054 1065 5098 et
1109 5046 1248 5115 apud
1298 5046 1465 5102 Demu
1498 5060 1673 5115 esset,
1717 5061 1771 5106 et
1821 5054 1960 5110 Deus

384 5142 528 5187 esset
574 5131 808 5190 Verbum
857 5136 938 5205 σί,
984 5136 1134 5195 Patri
1185 5141 1239 5194 in
1284 5143 1534 5198 omnibus
1611 5147 1958 5205 ministravit.

388 5227 579 5283 Omnia
628 5230 771 5284 enim
807 5248 899 5300 per
944 5233 1114 5300 ipsum
1155 5234 1298 5302 facta
1350 5247 1469 5289 sunt
1497 5236 1563 5300 ⁸³,
1616 5236 1668 5291 id
1726 5248 1803 5294 est
1855 5258 1958 5295 non

383 5321 555 5376 solum
580 5332 863 5390 creaturae,
886 5327 980 5381 sed
1012 5334 1067 5380 et
1090 5327 1195 5391 lex,
1221 5336 1275 5381 et
1307 5329 1615 5397 prophetas;
1646 5340 1703 5385 et
1734 5332 1960 5401 ipsemet

380 5423 465 5467 est
497 5416 760 5469 mediator
784 5417 878 5471 Dei
914 5428 961 5473 et
990 5418 1259 5473 hominum
1301 5420 1367 5477 “.
1417 5420 1572 5489 Quod
1626 5424 1858 5479 Verbum
1909 5430 1960 5480 in

382 5505 491 5563 fine
543 5510 760 5577 quidem
813 5512 1135 5567 saeculorum
1184 5515 1348 5569 homo
1420 5514 1597 5571 factus
1658 5526 1744 5572 est
1801 5514 1958 5573 Jesus

380 5598 668 5667 Christus,
703 5604 796 5657 sed
834 5613 959 5658 ante
987 5604 1131 5660 httnc
1163 5605 1515 5661 manifestum
1552 5607 1606 5661 in
1651 5623 1813 5665 carne
1853 5609 1954 5663 ad-

451 5719 497 5795 “:
537 5717 746 5795 Daruch
778 5735 861 5795 ιιι,
890 5720 979 5776 58.
1081 5725 1124 5756 ⁶⁰
1152 5724 1329 5783 Galat.
1367 5742 1452 5795 ιιι,
1486 5725 1569 5783 19.

383 5789 427 5821 ⁵³
458 5788 634 5845 Calal.
667 5806 746 5860 ιιι,
784 5793 867 5860 19,
899 5794 988 5850 ω.

1668 5727 1708 5759 ⁶¹
1747 5725 1904 5787 Joan.
1938 5744 2000 5798 ι,
2034 5732 2086 5789 1.

2078 3210 2288 3258 stomus
2324 3212 2381 3257 ot
2430 3202 2829 3275 Hieronymus,
2880 3206 2972 3273 qui
3029 3215 3193 3259 totam
3242 3217 3296 3261 et
3340 3208 3490 3277 ipse,
3538 3210 3668 3263 illud

2077 3293 2231 3350 Pauli
2284 3296 2651 3365 interpretans
2676 3335 2690 3360 ,
2743 3296 2994 3366 Origenis
3036 3299 3340 3353 doctrinam
3374 3300 3669 3370 amplexus

2076 3394 2181 3441 est.
2218 3384 2309 3441 Sic
2333 3388 2476 3441 enim
2512 3390 2630 3443 ait:
2673 3407 2691 3440 ‹
2730 3388 3025 3459 Postquam
3053 3394 3121 3444 ob
3157 3401 3397 3445 nostram
3429 3395 3666 3449 salutem

2075 3478 2143 3534 de
2169 3477 2405 3551 Virginis
2435 3493 2590 3536 utero
2619 3482 2872 3551 dignatus
2912 3491 2997 3537 est
3023 3483 3170 3538 nasci
3196 3522 3213 3547 ,
3252 3484 3342 3538 Dei
3384 3495 3440 3538 et
3484 3486 3666 3540 homi—

2076 3593 2202 3631 num
2241 3577 2403 3633 homo
2435 3578 2685 3633 Christus
2710 3578 2868 3634 Jesus
2896 3588 3177 3649 sequester
3204 3589 3288 3635 est
3315 3580 3514 3636 dictus.
3545 3583 3665 3635 An-

2077 3675 2293 3736 tequam
2320 3683 2453 3723 vero
2488 3670 2782 3724 humanum
2820 3684 3017 3738 corpus
3056 3680 3395 3735 assumeret,
3426 3680 3479 3725 et
3514 3682 3668 3727 esset

2075 3761 2217 3829 apud
2249 3759 2467 3815 Patrem
2493 3762 2545 3815 in
2583 3760 2848 3831 principio
2878 3762 3018 3818 Deus
3057 3761 3331 3825 Verbum,
3359 3764 3427 3815 ad
3464 3776 3667 3817 omnes

2073 3862 2315 3920 sanctos,
2354 3854 2419 3907 ad
2453 3869 2588 3923 quos
2618 3852 2795 3910 factus
2818 3865 2902 3911 est
2928 3870 3108 3911 sermo
3132 3856 3247 3918 Dei,
3280 3853 3465 3909 Enoch
3512 3858 3668 3911 vide-

2074 3944 2220 4011 licet,
2256 3944 2389 4010 Noe,
2420 3947 2719 4013 Abraham,
2746 3948 2894 4004 Isaac
2917 3958 2973 4003 et
2994 3947 3183 4013 Jacob,
3212 3960 3266 4003 et
3288 3959 3475 4018 postea
3504 3950 3666 4021 Moy-

2074 4051 2187 4092 sem
2218 4045 2274 4091 et
2303 4046 2529 4094 cunctos
2553 4040 2877 4109 prophetas,
2916 4057 3054 4112 quos
3093 4041 3372 4114 Scriptura
3411 4061 3665 4101 comme—

2076 4139 2286 4193 morat,
2313 4130 2432 4191 sine
2470 4132 2842 4189 additatnento
2891 4134 3165 4201 hominis,
3207 4153 3363 4206 quem
3424 4141 3661 4194 necdum

2075 4232 2466 4292 assumpserat,
2504 4223 2768 4281 Mediator
2817 4230 3189 4283 tantummodo
3225 4242 3599 4300 nuncupatur.
3636 4253 3656 4285 ι

2074 4313 2183 4368 Sed
2216 4324 2271 4369 et
2307 4316 2547 4386 episcopi
2585 4317 2661 4373 illi
2697 4334 2791 4375 sex
2826 4322 3114 4377 orthodoxi
3157 4321 3521 4381 Antiocheua:
3565 4345 3659 4399 sy-

2079 4408 2201 4462 nodi
2236 4407 2488 4478 Origenis
2514 4413 2907 4482 expositionem
2938 4416 3111 4470 secuti
3148 4426 3276 4471 sunt
3323 4419 3377 4472 in
3423 4420 3657 4489 epistola

2998 4506 3157 4560 ’Λλλὰ
3202 4509 3341 4579 μὴν,
3376 4512 3654 4582 inquiunt,

2071 4590 2276 4644 καὶτὸν
2305 4593 2465 4663 νόμον
2496 4596 2696 4667 ὁμοίως
2724 4599 2933 4671 Μωῦσῇ
2960 4619 3134 4673 φαμεν
3167 4601 3444 4671 δεδόσθαι,
3474 4605 3657 4662 Bum-

2070 4687 2285 4752 νοῦντος
2315 4688 2407 4742 τοῦ
2425 4689 2555 4743 Υἰοῦ
2588 4690 2683 4744 τοῦ
2708 4692 2866 4759 Θεοῦ,
2902 4695 2977 4758 ὡς
2995 4698 3022 4748 ὁ
3064 4696 3380 4761 Ἀπόστολος
3410 4699 3655 4755 διδάσκει

2070 4783 2243 4853 λέγων
2264 4802 2277 4815 ·
2321 4786 2382 4839 Τι’
2401 4781 2515 4841 οὖν
2543 4788 2576 4841 ὁ
2611 4788 2832 4857 νόμος;
2882 4789 3003 4841 τῶι⁸
3044 4788 3445 4856 παραϐάσεων
3475 4792 3654 4861 χάριν

2069 4878 2422 4947 προσετέθη,
2456 4880 2629 4950 ἄχρις
2656 4877 2727 4937 οὗ
2748 4880 2895 4951 ἔλθῃ
2927 4882 2992 4936 τὸ
3021 4882 3255 4952 σπέρμα
3275 4875 3324 4948 ᾧ
3346 4884 3645 4955 ἐπήγγελ-

2070 4988 2163 5024 ται
2185 5012 2200 5038 ,
2236 4972 2562 5047 διαταγεὶς.
2583 4972 2656 5027 δι’
2708 4974 2979 5045 ἀγγέλων
3031 4976 3101 5029 ἐν
3146 4979 3321 5045 χερσὶ
3349 4980 3511 5034 Meo-1
3520 4996 3651 5035 του.

2072 5063 2317 5135 Μεσίτην
2348 5064 2456 5136 γὰρ
2490 5065 2647 5119 ἄλλον
2673 5068 2773 5120 οὐκ
2808 5067 2964 5137 ἴσμεν
3004 5066 3140 5119 Θεοῦ
3183 5068 3276 5118 καὶ
3319 5068 3649 5140 ἀνθρώπων,

2068 5158 2101 5229 ἢ
2129 5156 2316 5211 τοῦτον
2344 5174 2358 5189 ο
2401 5158 2763 5231 διδασκόμεθα
2806 5162 2862 5215 δὲ
2890 5162 2983 5217 καὶ
3013 5164 3186 5218 ταῦτα
3230 5165 3320 5218 διὰ
3350 5164 3448 5218 τοῦ
3483 5167 3652 5222 Mm?)-

2071 5249 2227 5314 σέως.
2266 5250 2443 5321 Ὠφθη
2473 5250 2530 5305 δὲ
2554 5253 2702 5324 αὐτῷ
2734 5253 2961 5323 ἄγγελος
2998 5257 3056 5309 ὲν
3078 5256 3235 5325 φλογὶ
3258 5257 3437 5328 πυρὸς
3462 5260 3529 5311 ἐκ
3556 5258 3649 5312 τεῦ

2073 5340 2258 5411 βάτου,
2288 5354 2393 5399 etc.
2434 5364 2452 5396 ι
2482 5346 2619 5411 Quin
2670 5348 2832 5401 etiam
2868 5360 2920 5402 et
2976 5349 3147 5417 legem
3191 5351 3444 5405 similiter
3481 5352 3648 5424 Moysi

2073 5435 2302 5490 dicimus
2335 5436 2503 5493 fuisse
2526 5439 2729 5508 datam,
2761 5441 3103 5497 ministrante
3128 5442 3264 5498 Filio
3291 5443 3382 5499 Dei
3407 5487 3424 5511 ,
3459 5463 3651 5516 quem-

2069 5525 2359 5582 admodum
2388 5531 2540 5585 docet
2569 5533 2853 5602 Apostolus
2885 5535 3073 5592 dicens
3110 5552 3124 5590 :
3163 5537 3303 5603 Quid
3335 5540 3503 5607 igitur
3525 5541 3649 5595 lex?

2078 5616 2574 5689 Transgressionum
2613 5628 2784 5694 gratia
2822 5629 2989 5695 posita
3014 5639 3112 5695 est,
3140 5629 3320 5697 [donec
3354 5636 3532 5688 veniat
3565 5651 3645 5688 se-

2184 5738 2227 5770 "
2252 5738 2384 5795 ibid.
2415 5739 2469 5795 2.
2546 5740 2617 5822 ⁸⁵³
2649 5742 2667 5796 l
2700 5742 2837 5799 Tim.
2867 5760 2929 5814 ιι,
2968 5746 3020 5802 5.
3136 5747 3181 5780 ⁸⁵
3220 5746 3380 5805 Rom.
3416 5764 3514 5818 vn,
3552 5750 3639 5807 ιξ.
