  <div class='ocr_page' id='page_1' title='image "/cluster/home/n/w/nwhite01/storage/ocr_20150623/17/nnc1.0046978615/411.png"; bbox 0 0 3860 6230; ppageno 0'>
   <div class='ocr_carea' id='block_1_1' title="bbox 381 269 2347 339">
    <p class='ocr_par' dir='ltr' id='par_1_1' title="bbox 381 269 2347 339">
     <span class='ocr_line' id='line_1_1' title="bbox 381 269 2347 339; baseline -0.002 -15"><span class='ocrx_word' id='word_1_1' title='bbox 381 282 490 339; x_wconf 69' lang='lat'><strong>395</strong></span> <span class='ocrx_word' id='word_1_2' title='bbox 1656 272 1716 323; x_wconf 72' lang='grc' dir='ltr'><strong>ρ.</strong></span> <span class='ocrx_word' id='word_1_3' title='bbox 1760 270 2078 323; x_wconf 73' lang='lat' dir='ltr'><strong>marcus</strong></span> <span class='ocrx_word' id='word_1_4' title='bbox 2113 269 2347 325; x_wconf 64' lang='lat' dir='ltr'><strong>unum</strong></span> 
     </span>
    </p>
   </div>
   <div class='ocr_carea' id='block_1_2' title="bbox 3543 266 3660 320">
    <p class='ocr_par' dir='ltr' id='par_1_2' title="bbox 3543 266 3660 320">
     <span class='ocr_line' id='line_1_2' title="bbox 3543 266 3660 320; baseline -0.017 0"><span class='ocrx_word' id='word_1_5' title='bbox 3543 266 3660 320; x_wconf 57' lang='lat'><strong>803</strong></span> 
     </span>
    </p>
   </div>
   <div class='ocr_carea' id='block_1_3' title="bbox 380 379 3657 455">
    <p class='ocr_par' dir='ltr' id='par_1_3' title="bbox 380 379 3657 455">
     <span class='ocr_line' id='line_1_3' title="bbox 380 379 3657 455; baseline -0.005 -4"><span class='ocrx_word' id='word_1_6' title='bbox 380 398 524 451; x_wconf 75' lang='lat' dir='ltr'><strong>alias</strong></span> <span class='ocrx_word' id='word_1_7' title='bbox 554 395 877 449; x_wconf 84' lang='lat' dir='ltr'><strong>instructam</strong></span> <span class='ocrx_word' id='word_1_8' title='bbox 922 388 1175 455; x_wconf 90' lang='lat' dir='ltr'><strong>arbitrio,</strong></span> <span class='ocrx_word' id='word_1_9' title='bbox 1207 404 1329 444; x_wconf 88' lang='lat' dir='ltr'><strong>cum</strong></span> <span class='ocrx_word' id='word_1_10' title='bbox 1364 386 1566 443; x_wconf 89' lang='lat' dir='ltr'><strong>eximio</strong></span> <span class='ocrx_word' id='word_1_11' title='bbox 1608 386 1849 447; x_wconf 86' lang='lat' dir='ltr'><strong>auctoris</strong></span> <span class='ocrx_word' id='word_1_12' title='bbox 1881 385 1965 440; x_wconf 91' lang='lat' dir='ltr'><strong>sui</strong></span> <span class='ocrx_word' id='word_1_13' title='bbox 1997 389 2040 445; x_wconf 79' lang='grc' dir='ltr'>Α</span> <span class='ocrx_word' id='word_1_14' title='bbox 2068 399 2162 438; x_wconf 89' lang='lat' dir='ltr'><strong>seu</strong></span> <span class='ocrx_word' id='word_1_15' title='bbox 2193 385 2371 438; x_wconf 88' lang='lat' dir='ltr'><strong>anima</strong></span> <span class='ocrx_word' id='word_1_16' title='bbox 2402 381 2604 438; x_wconf 91' lang='lat' dir='ltr'><strong>Christi</strong></span> <span class='ocrx_word' id='word_1_17' title='bbox 2647 381 2870 436; x_wconf 87' lang='lat' dir='ltr'><strong>minime</strong></span> <span class='ocrx_word' id='word_1_18' title='bbox 2910 380 3165 449; x_wconf 76' lang='lat' dir='ltr'><strong>opinatus</strong></span> <span class='ocrx_word' id='word_1_19' title='bbox 3197 380 3301 449; x_wconf 89' lang='lat' dir='ltr'><strong>est)</strong></span> <span class='ocrx_word' id='word_1_20' title='bbox 3337 379 3657 445; x_wconf 81' lang='lat' dir='ltr'><strong>vinculum,</strong></span> 
     </span>
    </p>
   </div>
   <div class='ocr_carea' id='block_1_4' title="bbox 381 476 1964 553">
    <p class='ocr_par' dir='ltr' id='par_1_4' title="bbox 381 476 1964 553">
     <span class='ocr_line' id='line_1_4' title="bbox 381 476 1964 553; baseline -0.006 -14"><span class='ocrx_word' id='word_1_21' title='bbox 381 501 568 540; x_wconf 84' lang='lat' dir='ltr'><strong>amore</strong></span> <span class='ocrx_word' id='word_1_22' title='bbox 597 499 707 553; x_wconf 74' lang='lat' dir='ltr'><strong>pra:</strong></span> <span class='ocrx_word' id='word_1_23' title='bbox 739 482 952 538; x_wconf 67' lang='lat' dir='ltr'><strong>caeteris</strong></span> <span class='ocrx_word' id='word_1_24' title='bbox 990 480 1279 534; x_wconf 84' lang='lat' dir='ltr'><strong>animabus</strong></span> <span class='ocrx_word' id='word_1_25' title='bbox 1316 486 1627 541; x_wconf 71' lang='lat' dir='ltr'><strong>teneretur;</strong></span> <span class='ocrx_word' id='word_1_26' title='bbox 1664 476 1964 544; x_wconf 87' lang='lat' dir='ltr'><strong>similisque</strong></span> 
     </span>
    </p>
   </div>
   <div class='ocr_carea' id='block_1_5' title="bbox 383 570 1965 647">
    <p class='ocr_par' dir='ltr' id='par_1_5' title="bbox 383 570 1965 647">
     <span class='ocr_line' id='line_1_5' title="bbox 383 570 1965 647; baseline -0.007 -15"><span class='ocrx_word' id='word_1_27' title='bbox 383 579 610 633; x_wconf 88' lang='lat' dir='ltr'><strong>aliarum</strong></span> <span class='ocrx_word' id='word_1_28' title='bbox 646 593 744 647; x_wconf 88' lang='lat' dir='ltr'><strong>per</strong></span> <span class='ocrx_word' id='word_1_29' title='bbox 779 584 1049 636; x_wconf 90' lang='lat' dir='ltr'><strong>naturam,</strong></span> <span class='ocrx_word' id='word_1_30' title='bbox 1094 572 1259 627; x_wconf 81' lang='lat' dir='ltr'><strong>Verbi</strong></span> <span class='ocrx_word' id='word_1_31' title='bbox 1308 570 1498 625; x_wconf 84' lang='lat' dir='ltr'><strong>similis</strong></span> <span class='ocrx_word' id='word_1_32' title='bbox 1536 579 1681 625; x_wconf 87' lang='lat' dir='ltr'><strong>esset</strong></span> <span class='ocrx_word' id='word_1_33' title='bbox 1729 585 1827 639; x_wconf 91' lang='lat' dir='ltr'><strong>per</strong></span> <span class='ocrx_word' id='word_1_34' title='bbox 1856 570 1965 622; x_wconf 90' lang='lat' dir='ltr'><strong>vir-</strong></span> 
     </span>
    </p>
   </div>
   <div class='ocr_carea' id='block_1_6' title="bbox 384 663 1963 736">
    <p class='ocr_par' dir='ltr' id='par_1_6' title="bbox 384 663 1963 736">
     <span class='ocr_line' id='line_1_6' title="bbox 384 663 1963 736; baseline -0.003 -13"><span class='ocrx_word' id='word_1_35' title='bbox 384 678 575 732; x_wconf 90' lang='lat' dir='ltr'><strong>tutem,</strong></span> <span class='ocrx_word' id='word_1_36' title='bbox 600 678 711 723; x_wconf 86' lang='lat' dir='ltr'><strong>tam</strong></span> <span class='ocrx_word' id='word_1_37' title='bbox 746 668 979 722; x_wconf 82' lang='lat' dir='ltr'><strong>ﬁrmiter</strong></span> <span class='ocrx_word' id='word_1_38' title='bbox 1015 669 1066 722; x_wconf 92' lang='lat' dir='ltr'><strong>ei</strong></span> <span class='ocrx_word' id='word_1_39' title='bbox 1100 682 1219 723; x_wconf 91' lang='lat' dir='ltr'><strong>sese</strong></span> <span class='ocrx_word' id='word_1_40' title='bbox 1270 666 1619 736; x_wconf 84' lang='lat' dir='ltr'><strong>applicuisse,</strong></span> <span class='ocrx_word' id='word_1_41' title='bbox 1653 674 1711 717; x_wconf 95' lang='lat' dir='ltr'><strong>ut</strong></span> <span class='ocrx_word' id='word_1_42' title='bbox 1748 672 1857 717; x_wconf 88' lang='lat' dir='ltr'><strong>tota</strong></span> <span class='ocrx_word' id='word_1_43' title='bbox 1894 663 1963 718; x_wconf 90' lang='lat' dir='ltr'><strong>ab</strong></span> 
     </span>
    </p>
   </div>
   <div class='ocr_carea' id='block_1_7' title="bbox 382 755 1964 829">
    <p class='ocr_par' dir='ltr' id='par_1_7' title="bbox 382 755 1964 829">
     <span class='ocr_line' id='line_1_7' title="bbox 382 755 1964 829; baseline -0.005 -14"><span class='ocrx_word' id='word_1_44' title='bbox 382 776 449 815; x_wconf 89' lang='lat' dir='ltr'><strong>eo</strong></span> <span class='ocrx_word' id='word_1_45' title='bbox 480 770 717 829; x_wconf 88' lang='lat' dir='ltr'><strong>recepta,</strong></span> <span class='ocrx_word' id='word_1_46' title='bbox 758 758 843 812; x_wconf 93' lang='lat' dir='ltr'><strong>vel</strong></span> <span class='ocrx_word' id='word_1_47' title='bbox 888 767 1059 813; x_wconf 91' lang='lat' dir='ltr'><strong>totum</strong></span> <span class='ocrx_word' id='word_1_48' title='bbox 1094 756 1381 827; x_wconf 87' lang='lat' dir='ltr'><strong>recipiens,</strong></span> <span class='ocrx_word' id='word_1_49' title='bbox 1424 756 1586 824; x_wconf 90' lang='lat' dir='ltr'><strong>idque</strong></span> <span class='ocrx_word' id='word_1_50' title='bbox 1631 755 1964 809; x_wconf 56' lang='lat' dir='ltr'><strong>substantia.</strong></span> 
     </span>
    </p>
   </div>
   <div class='ocr_carea' id='block_1_8' title="bbox 385 846 1961 919">
    <p class='ocr_par' dir='ltr' id='par_1_8' title="bbox 385 846 1961 919">
     <span class='ocr_line' id='line_1_8' title="bbox 385 846 1961 919; baseline -0.004 -14"><span class='ocrx_word' id='word_1_51' title='bbox 385 852 529 909; x_wconf 88' lang='lat' dir='ltr'><strong>liter.</strong></span> <span class='ocrx_word' id='word_1_52' title='bbox 558 866 694 904; x_wconf 90' lang='lat' dir='ltr'><strong>unus</strong></span> <span class='ocrx_word' id='word_1_53' title='bbox 728 866 845 904; x_wconf 87' lang='lat' dir='ltr'><strong>cum</strong></span> <span class='ocrx_word' id='word_1_54' title='bbox 876 865 941 906; x_wconf 89' lang='lat' dir='ltr'><strong>eo</strong></span> <span class='ocrx_word' id='word_1_55' title='bbox 974 850 1195 919; x_wconf 83' lang='lat' dir='ltr'><strong>spiritus</strong></span> <span class='ocrx_word' id='word_1_56' title='bbox 1227 846 1569 902; x_wconf 75' lang='lat' dir='ltr'><strong>elﬁceretur:</strong></span> <span class='ocrx_word' id='word_1_57' title='bbox 1605 846 1747 900; x_wconf 90' lang='lat' dir='ltr'><strong>hanc</strong></span> <span class='ocrx_word' id='word_1_58' title='bbox 1781 854 1961 899; x_wconf 90' lang='lat' dir='ltr'><strong>autem</strong></span> 
     </span>
    </p>
   </div>
   <div class='ocr_carea' id='block_1_9' title="bbox 385 936 1961 1010">
    <p class='ocr_par' dir='ltr' id='par_1_9' title="bbox 385 936 1961 1010">
     <span class='ocr_line' id='line_1_9' title="bbox 385 936 1961 1010; baseline -0.004 -14"><span class='ocrx_word' id='word_1_59' title='bbox 385 942 819 1010; x_wconf 85' lang='lat' dir='ltr'><strong>coujunctiouem</strong></span> <span class='ocrx_word' id='word_1_60' title='bbox 884 944 951 995; x_wconf 88' lang='lat' dir='ltr'><strong>ad</strong></span> <span class='ocrx_word' id='word_1_61' title='bbox 1010 938 1390 996; x_wconf 91' lang='lat' dir='ltr'><strong>assumendam</strong></span> <span class='ocrx_word' id='word_1_62' title='bbox 1477 953 1694 993; x_wconf 90' lang='lat' dir='ltr'><strong>carnem</strong></span> <span class='ocrx_word' id='word_1_63' title='bbox 1755 936 1961 990; x_wconf 83' lang='lat' dir='ltr'><strong>aditum</strong></span> 
     </span>
    </p>
   </div>
   <div class='ocr_carea' id='block_1_10' title="bbox 388 1029 1964 1099">
    <p class='ocr_par' dir='ltr' id='par_1_10' title="bbox 388 1029 1964 1099">
     <span class='ocr_line' id='line_1_10' title="bbox 388 1029 1964 1099; baseline -0.002 -14"><span class='ocrx_word' id='word_1_64' title='bbox 388 1031 564 1087; x_wconf 90' lang='lat' dir='ltr'><strong>Verbo</strong></span> <span class='ocrx_word' id='word_1_65' title='bbox 608 1034 926 1097; x_wconf 88' lang='lat' dir='ltr'><strong>munivisse,</strong></span> <span class='ocrx_word' id='word_1_66' title='bbox 977 1048 1099 1086; x_wconf 90' lang='lat' dir='ltr'><strong>cum</strong></span> <span class='ocrx_word' id='word_1_67' title='bbox 1153 1032 1329 1085; x_wconf 91' lang='lat' dir='ltr'><strong>divina</strong></span> <span class='ocrx_word' id='word_1_68' title='bbox 1380 1030 1577 1099; x_wconf 83' lang='lat' dir='ltr'><strong>alioqui</strong></span> <span class='ocrx_word' id='word_1_69' title='bbox 1626 1039 1817 1084; x_wconf 89' lang='lat' dir='ltr'><strong>natura</strong></span> <span class='ocrx_word' id='word_1_70' title='bbox 1864 1029 1964 1083; x_wconf 91' lang='lat' dir='ltr'><strong>hu-</strong></span> 
     </span>
    </p>
   </div>
   <div class='ocr_carea' id='block_1_11' title="bbox 385 1120 1961 1193">
    <p class='ocr_par' dir='ltr' id='par_1_11' title="bbox 385 1120 1961 1193">
     <span class='ocr_line' id='line_1_11' title="bbox 385 1120 1961 1193; baseline -0.004 -13"><span class='ocrx_word' id='word_1_71' title='bbox 385 1139 563 1180; x_wconf 73' lang='lat' dir='ltr'><strong>mana:</strong></span> <span class='ocrx_word' id='word_1_72' title='bbox 612 1124 817 1193; x_wconf 87' lang='lat' dir='ltr'><strong>absque</strong></span> <span class='ocrx_word' id='word_1_73' title='bbox 875 1124 1051 1178; x_wconf 91' lang='lat' dir='ltr'><strong>medio</strong></span> <span class='ocrx_word' id='word_1_74' title='bbox 1097 1123 1277 1191; x_wconf 89' lang='lat' dir='ltr'><strong>aliquo</strong></span> <span class='ocrx_word' id='word_1_75' title='bbox 1315 1122 1593 1176; x_wconf 72' lang='lat' dir='ltr'><strong>adhaerere</strong></span> <span class='ocrx_word' id='word_1_76' title='bbox 1649 1120 1961 1188; x_wconf 89' lang='lat' dir='ltr'><strong>neutiquam</strong></span> 
     </span>
    </p>
   </div>
   <div class='ocr_carea' id='block_1_12' title="bbox 385 1210 1964 1286">
    <p class='ocr_par' dir='ltr' id='par_1_12' title="bbox 385 1210 1964 1286">
     <span class='ocr_line' id='line_1_12' title="bbox 385 1210 1964 1286; baseline -0.003 -17"><span class='ocrx_word' id='word_1_77' title='bbox 385 1226 607 1286; x_wconf 83' lang='lat' dir='ltr'><strong>posset:</strong></span> <span class='ocrx_word' id='word_1_78' title='bbox 643 1226 751 1269; x_wconf 90' lang='lat' dir='ltr'><strong>tam</strong></span> <span class='ocrx_word' id='word_1_79' title='bbox 785 1224 995 1269; x_wconf 89' lang='lat' dir='ltr'><strong>arctum</strong></span> <span class='ocrx_word' id='word_1_80' title='bbox 1032 1224 1211 1268; x_wconf 90' lang='lat' dir='ltr'><strong>autem</strong></span> <span class='ocrx_word' id='word_1_81' title='bbox 1250 1212 1422 1267; x_wconf 79' lang='lat' dir='ltr'><strong>fuisse</strong></span> <span class='ocrx_word' id='word_1_82' title='bbox 1458 1210 1697 1267; x_wconf 87' lang='lat' dir='ltr'><strong>Verbum</strong></span> <span class='ocrx_word' id='word_1_83' title='bbox 1732 1213 1875 1266; x_wconf 91' lang='lat' dir='ltr'><strong>inter</strong></span> <span class='ocrx_word' id='word_1_84' title='bbox 1908 1218 1964 1264; x_wconf 86' lang='lat' dir='ltr'><strong>et</strong></span> 
     </span>
    </p>
   </div>
   <div class='ocr_carea' id='block_1_13' title="bbox 388 1303 1964 1367">
    <p class='ocr_par' dir='ltr' id='par_1_13' title="bbox 388 1303 1964 1367">
     <span class='ocr_line' id='line_1_13' title="bbox 388 1303 1964 1367; baseline -0.003 -8"><span class='ocrx_word' id='word_1_85' title='bbox 388 1307 621 1360; x_wconf 85' lang='lat' dir='ltr'><strong>animam</strong></span> <span class='ocrx_word' id='word_1_86' title='bbox 665 1307 827 1365; x_wconf 86' lang='lat' dir='ltr'><strong>hanc.</strong></span> <span class='ocrx_word' id='word_1_87' title='bbox 873 1321 965 1359; x_wconf 89' lang='lat' dir='ltr'><strong>seu</strong></span> <span class='ocrx_word' id='word_1_88' title='bbox 1011 1314 1069 1359; x_wconf 86' lang='lat' dir='ltr'><strong>ut</strong></span> <span class='ocrx_word' id='word_1_89' title='bbox 1092 1305 1266 1359; x_wconf 77' lang='lat' dir='ltr'><strong>habet</strong></span> <span class='ocrx_word' id='word_1_90' title='bbox 1314 1303 1696 1367; x_wconf 87' lang='lat' dir='ltr'><strong>Damascenus,</strong></span> <span class='ocrx_word' id='word_1_91' title='bbox 1731 1310 1964 1356; x_wconf 89' lang='lat' dir='ltr'><strong>mentem</strong></span> 
     </span>
    </p>
   </div>
   <div class='ocr_carea' id='block_1_14' title="bbox 388 1393 1964 1466">
    <p class='ocr_par' dir='ltr' id='par_1_14' title="bbox 388 1393 1964 1466">
     <span class='ocr_line' id='line_1_14' title="bbox 388 1393 1964 1466; baseline -0.003 -17"><span class='ocrx_word' id='word_1_92' title='bbox 388 1395 552 1466; x_wconf 91' lang='lat' dir='ltr'><strong>(quod</strong></span> <span class='ocrx_word' id='word_1_93' title='bbox 585 1398 752 1466; x_wconf 84' lang='lat' dir='ltr'><strong>magis</strong></span> <span class='ocrx_word' id='word_1_94' title='bbox 800 1397 1054 1451; x_wconf 83' lang='lat' dir='ltr'><strong>convenit</strong></span> <span class='ocrx_word' id='word_1_95' title='bbox 1108 1393 1365 1449; x_wconf 76' lang='lat' dir='ltr'><strong>doctrina:</strong></span> <span class='ocrx_word' id='word_1_96' title='bbox 1412 1393 1687 1463; x_wconf 89' lang='lat' dir='ltr'><strong>Origenis,</strong></span> <span class='ocrx_word' id='word_1_97' title='bbox 1741 1408 1865 1445; x_wconf 91' lang='lat' dir='ltr'><strong>nam</strong></span> <span class='ocrx_word' id='word_1_98' title='bbox 1897 1406 1964 1445; x_wconf 83' lang='lat' dir='ltr'><strong>ex</strong></span> 
     </span>
    </p>
   </div>
   <div class='ocr_carea' id='block_1_15' title="bbox 388 1480 1963 1542">
    <p class='ocr_par' dir='ltr' id='par_1_15' title="bbox 388 1480 1963 1542">
     <span class='ocr_line' id='line_1_15' title="bbox 388 1480 1963 1542; baseline -0.005 -1"><span class='ocrx_word' id='word_1_99' title='bbox 388 1486 660 1541; x_wconf 84' lang='lat' dir='ltr'><strong>mentibus</strong></span> <span class='ocrx_word' id='word_1_100' title='bbox 693 1486 899 1539; x_wconf 89' lang='lat' dir='ltr'><strong>animas</strong></span> <span class='ocrx_word' id='word_1_101' title='bbox 936 1493 1045 1539; x_wconf 93' lang='lat' dir='ltr'><strong>tum</strong></span> <span class='ocrx_word' id='word_1_102' title='bbox 1082 1484 1255 1537; x_wconf 90' lang='lat' dir='ltr'><strong>solum</strong></span> <span class='ocrx_word' id='word_1_103' title='bbox 1292 1482 1628 1538; x_wconf 83' lang='lat' dir='ltr'><strong>existimavit</strong></span> <span class='ocrx_word' id='word_1_104' title='bbox 1659 1480 1795 1542; x_wconf 81' lang='lat' dir='ltr'><strong>ﬁeri,</strong></span> <span class='ocrx_word' id='word_1_105' title='bbox 1841 1494 1963 1534; x_wconf 90' lang='lat' dir='ltr'><strong>cum</strong></span> 
     </span>
    </p>
   </div>
   <div class='ocr_carea' id='block_1_16' title="bbox 387 1573 1961 1645">
    <p class='ocr_par' dir='ltr' id='par_1_16' title="bbox 387 1573 1961 1645">
     <span class='ocr_line' id='line_1_16' title="bbox 387 1573 1961 1645; baseline -0.004 -12"><span class='ocrx_word' id='word_1_106' title='bbox 387 1593 456 1633; x_wconf 78' lang='lat' dir='ltr'><strong>ex</strong></span> <span class='ocrx_word' id='word_1_107' title='bbox 488 1579 770 1634; x_wconf 87' lang='lat' dir='ltr'><strong>cliaritatis</strong></span> <span class='ocrx_word' id='word_1_108' title='bbox 808 1579 1003 1633; x_wconf 87' lang='lat' dir='ltr'><strong>ardore</strong></span> <span class='ocrx_word' id='word_1_109' title='bbox 1043 1576 1407 1641; x_wconf 77' lang='lat' dir='ltr'><strong>refrixerunt,</strong></span> <span class='ocrx_word' id='word_1_110' title='bbox 1453 1573 1596 1645; x_wconf 88' lang='lat' dir='ltr'><strong>quod</strong></span> <span class='ocrx_word' id='word_1_111' title='bbox 1642 1574 1708 1628; x_wconf 91' lang='lat' dir='ltr'><strong>de</strong></span> <span class='ocrx_word' id='word_1_112' title='bbox 1755 1580 1961 1638; x_wconf 86' lang='lat' dir='ltr'><strong>mente,</strong></span> 
     </span>
    </p>
   </div>
   <div class='ocr_carea' id='block_1_17' title="bbox 2068 474 3660 546">
    <p class='ocr_par' dir='ltr' id='par_1_17' title="bbox 2068 474 3660 546">
     <span class='ocr_line' id='line_1_17' title="bbox 2068 474 3660 546; baseline -0.004 -15"><span class='ocrx_word' id='word_1_113' title='bbox 2068 487 2129 532; x_wconf 92' lang='lat' dir='ltr'><strong>ut</strong></span> <span class='ocrx_word' id='word_1_114' title='bbox 2162 475 2299 536; x_wconf 86' lang='lat' dir='ltr'><strong>vitii.</strong></span> <span class='ocrx_word' id='word_1_115' title='bbox 2329 492 2358 529; x_wconf 90' lang='lat' dir='ltr'><strong>a</strong></span> <span class='ocrx_word' id='word_1_116' title='bbox 2392 491 2500 546; x_wconf 92' lang='lat' dir='ltr'><strong>quo</strong></span> <span class='ocrx_word' id='word_1_117' title='bbox 2534 477 2769 529; x_wconf 79' lang='lat' dir='ltr'><strong>maxime</strong></span> <span class='ocrx_word' id='word_1_118' title='bbox 2798 475 2979 529; x_wconf 84' lang='lat' dir='ltr'><strong>divina</strong></span> <span class='ocrx_word' id='word_1_119' title='bbox 3008 474 3266 527; x_wconf 86' lang='lat' dir='ltr'><strong>abhorret</strong></span> <span class='ocrx_word' id='word_1_120' title='bbox 3300 485 3519 537; x_wconf 85' lang='lat' dir='ltr'><strong>natura,</strong></span> <span class='ocrx_word' id='word_1_121' title='bbox 3553 475 3660 528; x_wconf 86' lang='lat' dir='ltr'><strong>mi-</strong></span> 
     </span>
    </p>
   </div>
   <div class='ocr_carea' id='block_1_18' title="bbox 2070 563 3663 633">
    <p class='ocr_par' dir='ltr' id='par_1_18' title="bbox 2070 563 3663 633">
     <span class='ocr_line' id='line_1_18' title="bbox 2070 563 3663 633; baseline -0.003 -13"><span class='ocrx_word' id='word_1_122' title='bbox 2070 565 2214 620; x_wconf 90' lang='lat' dir='ltr'><strong>nime</strong></span> <span class='ocrx_word' id='word_1_123' title='bbox 2244 580 2415 633; x_wconf 86' lang='lat' dir='ltr'><strong>capax</strong></span> <span class='ocrx_word' id='word_1_124' title='bbox 2452 573 2629 631; x_wconf 86' lang='lat' dir='ltr'><strong>esset;</strong></span> <span class='ocrx_word' id='word_1_125' title='bbox 2663 572 2823 633; x_wconf 90' lang='lat' dir='ltr'><strong>atque</strong></span> <span class='ocrx_word' id='word_1_126' title='bbox 2855 564 2928 617; x_wconf 91' lang='lat' dir='ltr'><strong>ita</strong></span> <span class='ocrx_word' id='word_1_127' title='bbox 2969 580 2989 613; x_wconf 85' lang='grc'><em>‹</em></span> <span class='ocrx_word' id='word_1_128' title='bbox 3020 564 3161 631; x_wconf 91' lang='lat' dir='ltr'><strong>quod</strong></span> <span class='ocrx_word' id='word_1_129' title='bbox 3196 563 3245 615; x_wconf 92' lang='lat' dir='ltr'><strong>in</strong></span> <span class='ocrx_word' id='word_1_130' title='bbox 3277 564 3509 617; x_wconf 89' lang='lat' dir='ltr'><strong>arbitrio</strong></span> <span class='ocrx_word' id='word_1_131' title='bbox 3536 575 3663 618; x_wconf 79' lang='lat' dir='ltr'><strong>erat</strong></span> 
     </span>
    </p>
   </div>
   <div class='ocr_carea' id='block_1_19' title="bbox 2069 655 3663 726">
    <p class='ocr_par' dir='ltr' id='par_1_19' title="bbox 2069 655 3663 726">
     <span class='ocr_line' id='line_1_19' title="bbox 2069 655 3663 726; baseline -0.001 -17"><span class='ocrx_word' id='word_1_132' title='bbox 2069 657 2323 726; x_wconf 89' lang='lat' dir='ltr'><strong>positum,</strong></span> <span class='ocrx_word' id='word_1_133' title='bbox 2349 655 2490 725; x_wconf 92' lang='lat' dir='ltr'><strong>longi</strong></span> <span class='ocrx_word' id='word_1_134' title='bbox 2525 671 2651 710; x_wconf 89' lang='lat' dir='ltr'><strong>usus</strong></span> <span class='ocrx_word' id='word_1_135' title='bbox 2680 656 2871 709; x_wconf 76' lang='lat' dir='ltr'><strong>alfectu</strong></span> <span class='ocrx_word' id='word_1_136' title='bbox 2906 656 3019 725; x_wconf 88' lang='lat' dir='ltr'><strong>jam</strong></span> <span class='ocrx_word' id='word_1_137' title='bbox 3054 669 3269 708; x_wconf 88' lang='lat' dir='ltr'><strong>versum</strong></span> <span class='ocrx_word' id='word_1_138' title='bbox 3299 670 3423 709; x_wconf 83' lang='lat' dir='ltr'><strong>esse</strong></span> <span class='ocrx_word' id='word_1_139' title='bbox 3459 655 3516 709; x_wconf 89' lang='lat' dir='ltr'><strong>in</strong></span> <span class='ocrx_word' id='word_1_140' title='bbox 3558 670 3663 708; x_wconf 85' lang='lat' dir='ltr'><strong>na—</strong></span> 
     </span>
    </p>
   </div>
   <div class='ocr_carea' id='block_1_20' title="bbox 2066 742 3660 815">
    <p class='ocr_par' dir='ltr' id='par_1_20' title="bbox 2066 742 3660 815">
     <span class='ocr_line' id='line_1_20' title="bbox 2066 742 3660 815; baseline -0.003 -14"><span class='ocrx_word' id='word_1_141' title='bbox 2066 756 2267 808; x_wconf 86' lang='lat' dir='ltr'><strong>turam,</strong></span> <span class='ocrx_word' id='word_1_142' title='bbox 2293 765 2311 798; x_wconf 74' lang='grc' dir='ltr'><strong>ι</strong></span> <span class='ocrx_word' id='word_1_143' title='bbox 2347 755 2406 800; x_wconf 88' lang='grc' dir='ltr'><strong>ιιι</strong></span> <span class='ocrx_word' id='word_1_144' title='bbox 2439 761 2468 799; x_wconf 90' lang='lat' dir='ltr'><strong>a</strong></span> <span class='ocrx_word' id='word_1_145' title='bbox 2504 754 2727 815; x_wconf 88' lang='lat' dir='ltr'><strong>peccato</strong></span> <span class='ocrx_word' id='word_1_146' title='bbox 2752 744 2967 815; x_wconf 87' lang='lat' dir='ltr'><strong>penitus</strong></span> <span class='ocrx_word' id='word_1_147' title='bbox 2992 754 3131 797; x_wconf 84' lang='lat' dir='ltr'><strong>esset</strong></span> <span class='ocrx_word' id='word_1_148' title='bbox 3163 742 3418 797; x_wconf 86' lang='lat' dir='ltr'><strong>immunis</strong></span> <span class='ocrx_word' id='word_1_149' title='bbox 3445 762 3459 797; x_wconf 91' lang='lat'><strong>:</strong></span> <span class='ocrx_word' id='word_1_150' title='bbox 3496 744 3660 797; x_wconf 84' lang='lat' dir='ltr'><strong>aliter</strong></span> 
     </span>
    </p>
   </div>
   <div class='ocr_carea' id='block_1_21' title="bbox 2067 835 3657 910">
    <p class='ocr_par' dir='ltr' id='par_1_21' title="bbox 2067 835 3657 910">
     <span class='ocr_line' id='line_1_21' title="bbox 2067 835 3657 910; baseline -0.003 -16"><span class='ocrx_word' id='word_1_151' title='bbox 2067 840 2231 910; x_wconf 79' lang='lat' dir='ltr'><strong>igitur</strong></span> <span class='ocrx_word' id='word_1_152' title='bbox 2283 839 2334 893; x_wconf 92' lang='lat' dir='ltr'><strong>in</strong></span> <span class='ocrx_word' id='word_1_153' title='bbox 2392 838 2667 908; x_wconf 84' lang='lat' dir='ltr'><strong>prophetis</strong></span> <span class='ocrx_word' id='word_1_154' title='bbox 2719 847 2774 891; x_wconf 90' lang='lat' dir='ltr'><strong>et</strong></span> <span class='ocrx_word' id='word_1_155' title='bbox 2827 836 3083 903; x_wconf 85' lang='lat' dir='ltr'><strong>apostolis</strong></span> <span class='ocrx_word' id='word_1_156' title='bbox 3144 835 3311 889; x_wconf 81' lang='lat' dir='ltr'><strong>fuisse</strong></span> <span class='ocrx_word' id='word_1_157' title='bbox 3374 835 3657 901; x_wconf 87' lang='lat' dir='ltr'><strong>Verbum,</strong></span> 
     </span>
    </p>
   </div>
   <div class='ocr_carea' id='block_1_22' title="bbox 2067 927 3663 999">
    <p class='ocr_par' dir='ltr' id='par_1_22' title="bbox 2067 927 3663 999">
     <span class='ocr_line' id='line_1_22' title="bbox 2067 927 3663 999; baseline -0.001 -15"><span class='ocrx_word' id='word_1_158' title='bbox 2067 931 2223 984; x_wconf 90' lang='lat' dir='ltr'><strong>aliter</strong></span> <span class='ocrx_word' id='word_1_159' title='bbox 2252 930 2305 983; x_wconf 95' lang='lat' dir='ltr'><strong>in</strong></span> <span class='ocrx_word' id='word_1_160' title='bbox 2343 929 2593 993; x_wconf 87' lang='lat' dir='ltr'><strong>Christo;</strong></span> <span class='ocrx_word' id='word_1_161' title='bbox 2632 929 2738 983; x_wconf 92' lang='lat' dir='ltr'><strong>illis</strong></span> <span class='ocrx_word' id='word_1_162' title='bbox 2773 928 2915 981; x_wconf 92' lang='lat' dir='ltr'><strong>enim</strong></span> <span class='ocrx_word' id='word_1_163' title='bbox 2952 942 3049 995; x_wconf 90' lang='lat' dir='ltr'><strong>per</strong></span> <span class='ocrx_word' id='word_1_164' title='bbox 3086 927 3340 999; x_wconf 79' lang='grc' dir='ltr'><strong>σχετικὴν</strong></span> <span class='ocrx_word' id='word_1_165' title='bbox 3379 937 3435 982; x_wconf 95' lang='lat' dir='ltr'><strong>et</strong></span> <span class='ocrx_word' id='word_1_166' title='bbox 3474 944 3663 982; x_wconf 77' lang='lat' dir='ltr'><strong>mora—</strong></span> 
     </span>
    </p>
   </div>
   <div class='ocr_carea' id='block_1_23' title="bbox 2066 1019 3660 1091">
    <p class='ocr_par' dir='ltr' id='par_1_23' title="bbox 2066 1019 3660 1091">
     <span class='ocr_line' id='line_1_23' title="bbox 2066 1019 3660 1091; baseline -0.001 -15"><span class='ocrx_word' id='word_1_167' title='bbox 2066 1022 2171 1076; x_wconf 90' lang='lat' dir='ltr'><strong>lem</strong></span> <span class='ocrx_word' id='word_1_168' title='bbox 2229 1019 2698 1090; x_wconf 86' lang='lat' dir='ltr'><strong>conjunctioneni,</strong></span> <span class='ocrx_word' id='word_1_169' title='bbox 2756 1020 2974 1076; x_wconf 87' lang='lat' dir='ltr'><strong>Christo</strong></span> <span class='ocrx_word' id='word_1_170' title='bbox 3039 1039 3055 1070; x_wconf 83' lang='grc' dir='ltr'><strong>ι</strong></span> <span class='ocrx_word' id='word_1_171' title='bbox 3091 1036 3186 1091; x_wconf 88' lang='lat' dir='ltr'><strong>per</strong></span> <span class='ocrx_word' id='word_1_172' title='bbox 3242 1020 3660 1075; x_wconf 84' lang='lat' dir='ltr'><strong>immaculatam</strong></span> 
     </span>
    </p>
   </div>
   <div class='ocr_carea' id='block_1_24' title="bbox 2067 1114 3661 1183">
    <p class='ocr_par' dir='ltr' id='par_1_24' title="bbox 2067 1114 3661 1183">
     <span class='ocr_line' id='line_1_24' title="bbox 2067 1114 3661 1183; baseline 0.001 -15"><span class='ocrx_word' id='word_1_173' title='bbox 2067 1114 2475 1171; x_wconf 74' lang='lat' dir='ltr'><strong>fiedcrationem</strong></span> <span class='ocrx_word' id='word_1_174' title='bbox 2500 1133 2518 1166; x_wconf 74' lang='grc' dir='ltr'><strong>ι</strong></span> <span class='ocrx_word' id='word_1_175' title='bbox 2556 1120 2610 1167; x_wconf 83' lang='lat' dir='ltr'><strong>et</strong></span> <span class='ocrx_word' id='word_1_176' title='bbox 2644 1114 3033 1183; x_wconf 88' lang='lat' dir='ltr'><strong>hypostaticam</strong></span> <span class='ocrx_word' id='word_1_177' title='bbox 3073 1114 3410 1167; x_wconf 65' lang='lat' dir='ltr'><strong>adhaesisse:</strong></span> <span class='ocrx_word' id='word_1_178' title='bbox 3450 1130 3515 1169; x_wconf 83' lang='lat' dir='ltr'><strong>ac</strong></span> <span class='ocrx_word' id='word_1_179' title='bbox 3556 1130 3661 1169; x_wconf 90' lang='lat' dir='ltr'><strong>nos</strong></span> 
     </span>
    </p>
   </div>
   <div class='ocr_carea' id='block_1_25' title="bbox 2066 1203 3660 1276">
    <p class='ocr_par' dir='ltr' id='par_1_25' title="bbox 2066 1203 3660 1276">
     <span class='ocr_line' id='line_1_25' title="bbox 2066 1203 3660 1276; baseline -0.001 -18"><span class='ocrx_word' id='word_1_180' title='bbox 2066 1205 2292 1276; x_wconf 87' lang='lat' dir='ltr'><strong>proinde</strong></span> <span class='ocrx_word' id='word_1_181' title='bbox 2315 1204 2360 1259; x_wconf 88' lang='lat' dir='ltr'><strong>si</strong></span> <span class='ocrx_word' id='word_1_182' title='bbox 2391 1204 2717 1273; x_wconf 77' lang='lat' dir='ltr'><strong>singularem</strong></span> <span class='ocrx_word' id='word_1_183' title='bbox 2750 1204 2943 1258; x_wconf 75' lang='lat' dir='ltr'><strong>anima:</strong></span> <span class='ocrx_word' id='word_1_184' title='bbox 2966 1203 3162 1257; x_wconf 87' lang='lat' dir='ltr'><strong>Christi</strong></span> <span class='ocrx_word' id='word_1_185' title='bbox 3191 1204 3456 1258; x_wconf 88' lang='lat' dir='ltr'><strong>adversus</strong></span> <span class='ocrx_word' id='word_1_186' title='bbox 3486 1204 3660 1258; x_wconf 87' lang='lat' dir='ltr'><strong>Deum</strong></span> 
     </span>
    </p>
   </div>
   <div class='ocr_carea' id='block_1_26' title="bbox 2073 1294 3663 1365">
    <p class='ocr_par' dir='ltr' id='par_1_26' title="bbox 2073 1294 3663 1365">
     <span class='ocr_line' id='line_1_26' title="bbox 2073 1294 3663 1365; baseline 0 -16"><span class='ocrx_word' id='word_1_187' title='bbox 2073 1310 2333 1361; x_wconf 88' lang='lat' dir='ltr'><strong>amorem,</strong></span> <span class='ocrx_word' id='word_1_188' title='bbox 2362 1311 2469 1365; x_wconf 88' lang='lat' dir='ltr'><strong>quo</strong></span> <span class='ocrx_word' id='word_1_189' title='bbox 2500 1297 2665 1350; x_wconf 91' lang='lat' dir='ltr'><strong>Deum</strong></span> <span class='ocrx_word' id='word_1_190' title='bbox 2696 1296 2748 1349; x_wconf 94' lang='lat' dir='ltr'><strong>in</strong></span> <span class='ocrx_word' id='word_1_191' title='bbox 2784 1310 2841 1350; x_wconf 88' lang='lat' dir='ltr'><strong>se</strong></span> <span class='ocrx_word' id='word_1_192' title='bbox 2874 1295 3115 1363; x_wconf 86' lang='lat' dir='ltr'><strong>recipere</strong></span> <span class='ocrx_word' id='word_1_193' title='bbox 3149 1294 3343 1349; x_wconf 89' lang='lat' dir='ltr'><strong>merita</strong></span> <span class='ocrx_word' id='word_1_194' title='bbox 3390 1306 3501 1361; x_wconf 86' lang='lat' dir='ltr'><strong>est,</strong></span> <span class='ocrx_word' id='word_1_195' title='bbox 3537 1296 3663 1350; x_wconf 86' lang='lat' dir='ltr'><strong>imi-</strong></span> 
     </span>
    </p>
   </div>
   <div class='ocr_carea' id='block_1_27' title="bbox 2074 1385 3658 1457">
    <p class='ocr_par' dir='ltr' id='par_1_27' title="bbox 2074 1385 3658 1457">
     <span class='ocr_line' id='line_1_27' title="bbox 2074 1385 3658 1457; baseline 0.001 -17"><span class='ocrx_word' id='word_1_196' title='bbox 2074 1397 2269 1453; x_wconf 90' lang='lat' dir='ltr'><strong>temur,</strong></span> <span class='ocrx_word' id='word_1_197' title='bbox 2300 1386 2500 1441; x_wconf 87' lang='lat' dir='ltr'><strong>Christi</strong></span> <span class='ocrx_word' id='word_1_198' title='bbox 2534 1402 2746 1456; x_wconf 90' lang='lat' dir='ltr'><strong>quoque</strong></span> <span class='ocrx_word' id='word_1_199' title='bbox 2780 1402 2875 1455; x_wconf 88' lang='lat' dir='ltr'><strong>pro</strong></span> <span class='ocrx_word' id='word_1_200' title='bbox 2917 1399 3033 1440; x_wconf 90' lang='lat' dir='ltr'><strong>rata</strong></span> <span class='ocrx_word' id='word_1_201' title='bbox 3065 1385 3315 1441; x_wconf 70' lang='lat' dir='ltr'><strong>effectum</strong></span> <span class='ocrx_word' id='word_1_202' title='bbox 3363 1387 3427 1441; x_wconf 89' lang='lat' dir='ltr'><strong>iri</strong></span> <span class='ocrx_word' id='word_1_203' title='bbox 3481 1389 3658 1457; x_wconf 80' lang='lat' dir='ltr'><strong>parti-</strong></span> 
     </span>
    </p>
   </div>
   <div class='ocr_carea' id='block_1_28' title="bbox 2071 1477 3661 1546">
    <p class='ocr_par' dir='ltr' id='par_1_28' title="bbox 2071 1477 3661 1546">
     <span class='ocr_line' id='line_1_28' title="bbox 2071 1477 3661 1546; baseline 0.001 -14"><span class='ocrx_word' id='word_1_204' title='bbox 2071 1480 2237 1546; x_wconf 82' lang='lat' dir='ltr'><strong>cipes.</strong></span> <span class='ocrx_word' id='word_1_205' title='bbox 2267 1479 2472 1543; x_wconf 82' lang='lat' dir='ltr'><strong>Quibus</strong></span> <span class='ocrx_word' id='word_1_206' title='bbox 2514 1480 2821 1533; x_wconf 86' lang='lat' dir='ltr'><strong>asserendis</strong></span> <span class='ocrx_word' id='word_1_207' title='bbox 2871 1478 2972 1533; x_wconf 89' lang='lat' dir='ltr'><strong>hac</strong></span> <span class='ocrx_word' id='word_1_208' title='bbox 3006 1477 3221 1533; x_wconf 88' lang='lat' dir='ltr'><strong>Davidis</strong></span> <span class='ocrx_word' id='word_1_209' title='bbox 3272 1479 3661 1534; x_wconf 76' lang='lat' dir='ltr'><strong>testiﬁcatione</strong></span> 
     </span>
    </p>
   </div>
   <div class='ocr_carea' id='block_1_29' title="bbox 2071 1568 3661 1641">
    <p class='ocr_par' dir='ltr' id='par_1_29' title="bbox 2071 1568 3661 1641">
     <span class='ocr_line' id='line_1_29' title="bbox 2071 1568 3661 1641; baseline 0.001 -17"><span class='ocrx_word' id='word_1_210' title='bbox 2071 1571 2239 1624; x_wconf 88' lang='lat' dir='ltr'><strong>utitur</strong></span> <span class='ocrx_word' id='word_1_211' title='bbox 2274 1586 2306 1625; x_wconf 93' lang='lat' dir='ltr'><strong>e</strong></span> <span class='ocrx_word' id='word_1_212' title='bbox 2351 1569 2484 1641; x_wconf 86' lang='lat' dir='ltr'><strong>psal.</strong></span> <span class='ocrx_word' id='word_1_213' title='bbox 2529 1586 2696 1636; x_wconf 82' lang='lat' dir='ltr'><strong>xuv,</strong></span> <span class='ocrx_word' id='word_1_214' title='bbox 2755 1570 2787 1625; x_wconf 92' lang='lat'><strong>8</strong></span> <span class='ocrx_word' id='word_1_215' title='bbox 2831 1588 2844 1623; x_wconf 91' lang='lat'><strong>:</strong></span> <span class='ocrx_word' id='word_1_216' title='bbox 2883 1586 2902 1619; x_wconf 79' lang='grc' dir='ltr'><strong>ι</strong></span> <span class='ocrx_word' id='word_1_217' title='bbox 2932 1568 3175 1624; x_wconf 82' lang='lat' dir='ltr'><strong>Dilexisti</strong></span> <span class='ocrx_word' id='word_1_218' title='bbox 3223 1570 3546 1638; x_wconf 86' lang='lat' dir='ltr'><strong>justitiam,</strong></span> <span class='ocrx_word' id='word_1_219' title='bbox 3606 1581 3661 1627; x_wconf 90' lang='lat' dir='ltr'><strong>et</strong></span> 
     </span>
    </p>
   </div>
   <div class='ocr_carea' id='block_1_30' title="bbox 388 1744 3663 1823">
    <p class='ocr_par' dir='ltr' id='par_1_30' title="bbox 388 1744 3663 1823">
     <span class='ocr_line' id='line_1_30' title="bbox 388 1744 3663 1823; baseline -0.001 -18"><span class='ocrx_word' id='word_1_220' title='bbox 388 1753 661 1823; x_wconf 67' lang='lat' dir='ltr'><strong>propheta:</strong></span> <span class='ocrx_word' id='word_1_221' title='bbox 710 1752 911 1807; x_wconf 83' lang='lat' dir='ltr'><strong>ﬁebant</strong></span> <span class='ocrx_word' id='word_1_222' title='bbox 947 1758 1004 1806; x_wconf 89' lang='lat' dir='ltr'><strong>et</strong></span> <span class='ocrx_word' id='word_1_223' title='bbox 1038 1749 1286 1820; x_wconf 89' lang='lat' dir='ltr'><strong>apostoli.</strong></span> <span class='ocrx_word' id='word_1_224' title='bbox 1314 1767 1333 1801; x_wconf 70' lang='grc' dir='ltr'><strong>ι</strong></span> <span class='ocrx_word' id='word_1_225' title='bbox 1371 1747 1504 1804; x_wconf 88' lang='lat' dir='ltr'><strong>Cum</strong></span> <span class='ocrx_word' id='word_1_226' title='bbox 1545 1761 1677 1817; x_wconf 86' lang='lat' dir='ltr'><strong>ergo</strong></span> <span class='ocrx_word' id='word_1_227' title='bbox 1720 1754 1829 1799; x_wconf 90' lang='lat' dir='ltr'><strong>tam</strong></span> <span class='ocrx_word' id='word_1_228' title='bbox 1882 1746 1965 1823; x_wconf 88' lang='lat' dir='ltr'><strong>di-_-</strong></span> <span class='ocrx_word' id='word_1_229' title='bbox 1999 1752 2042 1807; x_wconf 88' lang='lat' dir='ltr'><strong>B</strong></span> <span class='ocrx_word' id='word_1_230' title='bbox 2072 1754 2211 1799; x_wconf 87' lang='lat' dir='ltr'><strong>ctam</strong></span> <span class='ocrx_word' id='word_1_231' title='bbox 2262 1746 2315 1823; x_wconf 89' lang='lat' dir='ltr'><strong>_in</strong></span> <span class='ocrx_word' id='word_1_232' title='bbox 2360 1745 2478 1823; x_wconf 78' lang='lat' dir='ltr'><strong>ipso</strong></span> <span class='ocrx_word' id='word_1_233' title='bbox 2523 1744 2829 1823; x_wconf 74' lang='lat' dir='ltr'><strong>creationis</strong></span> <span class='ocrx_word' id='word_1_234' title='bbox 2869 1756 3146 1823; x_wconf 80' lang='lat' dir='ltr'><strong>momento</strong></span> <span class='ocrx_word' id='word_1_235' title='bbox 3189 1762 3293 1801; x_wconf 93' lang='lat' dir='ltr'><strong>non</strong></span> <span class='ocrx_word' id='word_1_236' title='bbox 3334 1757 3511 1823; x_wconf 73' lang='lat' dir='ltr'><strong>negat</strong></span> <span class='ocrx_word' id='word_1_237' title='bbox 3547 1765 3585 1823; x_wconf 92' lang='lat'><strong>:_</strong></span> <span class='ocrx_word' id='word_1_238' title='bbox 3610 1758 3663 1803; x_wconf 82' lang='lat' dir='ltr'><strong>et</strong></span> 
     </span>
    </p>
   </div>
   <div class='ocr_carea' id='block_1_31' title="bbox 391 1816 1964 1888">
    <p class='ocr_par' dir='ltr' id='par_1_31' title="bbox 391 1816 1964 1888">
     <span class='ocr_line' id='line_1_31' title="bbox 391 1816 1964 1888; baseline -0.004 -11"><span class='ocrx_word' id='word_1_239' title='bbox 391 1816 535 1877; x_wconf 74' lang='lat' dir='ltr'><strong>serte</strong></span> <span class='ocrx_word' id='word_1_240' title='bbox 569 1825 803 1876; x_wconf 88' lang='lat' dir='ltr'><strong>animam</strong></span> <span class='ocrx_word' id='word_1_241' title='bbox 824 1823 1030 1877; x_wconf 81' lang='lat' dir='ltr'><strong>Christi</strong></span> <span class='ocrx_word' id='word_1_242' title='bbox 1067 1816 1339 1888; x_wconf 79' lang='lat' dir='ltr'><strong>nunquam</strong></span> <span class='ocrx_word' id='word_1_243' title='bbox 1373 1832 1601 1886; x_wconf 88' lang='lat' dir='ltr'><strong>peccare</strong></span> <span class='ocrx_word' id='word_1_244' title='bbox 1630 1825 1722 1869; x_wconf 82' lang='lat' dir='ltr'><strong>aut</strong></span> <span class='ocrx_word' id='word_1_245' title='bbox 1767 1816 1964 1870; x_wconf 89' lang='lat' dir='ltr'><strong>mutari</strong></span> 
     </span>
    </p>
   </div>
   <div class='ocr_carea' id='block_1_32' title="bbox 390 1888 1969 1959">
    <p class='ocr_par' dir='ltr' id='par_1_32' title="bbox 390 1888 1969 1959">
     <span class='ocr_line' id='line_1_32' title="bbox 390 1888 1969 1959; baseline -0.005 -14"><span class='ocrx_word' id='word_1_246' title='bbox 390 1894 630 1959; x_wconf 78' lang='lat' dir='ltr'><strong>potuisse</strong></span> <span class='ocrx_word' id='word_1_247' title='bbox 666 1893 828 1957; x_wconf 81' lang='lat' dir='ltr'><strong>dicat,</strong></span> <span class='ocrx_word' id='word_1_248' title='bbox 856 1907 1087 1959; x_wconf 89' lang='lat' dir='ltr'><strong>cumque</strong></span> <span class='ocrx_word' id='word_1_249' title='bbox 1115 1891 1256 1944; x_wconf 91' lang='lat' dir='ltr'><strong>hanc</strong></span> <span class='ocrx_word' id='word_1_250' title='bbox 1298 1888 1712 1955; x_wconf 87' lang='lat' dir='ltr'><strong>impeccantiatn</strong></span> <span class='ocrx_word' id='word_1_251' title='bbox 1745 1900 1811 1939; x_wconf 86' lang='lat' dir='ltr'><strong>ex</strong></span> <span class='ocrx_word' id='word_1_252' title='bbox 1845 1901 1969 1959; x_wconf 81' lang='lat' dir='ltr'><strong>per-</strong></span> 
     </span>
    </p>
   </div>
   <div class='ocr_carea' id='block_1_33' title="bbox 393 1956 1963 2085">
    <p class='ocr_par' dir='ltr' id='par_1_33' title="bbox 393 1956 1963 2085">
     <span class='ocr_line' id='line_1_33' title="bbox 393 1956 1963 2085; baseline -0.004 -70"><span class='ocrx_word' id='word_1_253' title='bbox 393 1956 547 2085; x_wconf 50' lang='lat' dir='ltr'><strong>petua</strong></span> <span class='ocrx_word' id='word_1_254' title='bbox 574 1978 694 2016; x_wconf 89' lang='lat' dir='ltr'><strong>cum</strong></span> <span class='ocrx_word' id='word_1_255' title='bbox 736 1961 910 2017; x_wconf 79' lang='lat' dir='ltr'><strong>Verbo</strong></span> <span class='ocrx_word' id='word_1_256' title='bbox 945 1956 1140 2016; x_wconf 84' lang='lat' dir='ltr'><strong>unione</strong></span> <span class='ocrx_word' id='word_1_257' title='bbox 1184 1959 1519 2038; x_wconf 76' lang='lat' dir='ltr'><strong>hypostatica</strong></span> <span class='ocrx_word' id='word_1_258' title='bbox 1564 1965 1802 2039; x_wconf 82' lang='lat' dir='ltr'><strong>repetat,</strong></span> <span class='ocrx_word' id='word_1_259' title='bbox 1848 1956 1963 2038; x_wconf 79' lang='lat' dir='ltr'><strong>nul-</strong></span> 
     </span>
     <span class='ocr_line' id='line_1_34' title="bbox 414 2032 1963 2085; baseline -0.001 -2"><span class='ocrx_word' id='word_1_260' title='bbox 414 2050 501 2085; x_wconf 92' lang='lat' dir='ltr'><strong>um</strong></span> <span class='ocrx_word' id='word_1_261' title='bbox 532 2033 749 2085; x_wconf 89' lang='lat' dir='ltr'><strong>omnino</strong></span> <span class='ocrx_word' id='word_1_262' title='bbox 778 2041 988 2085; x_wconf 88' lang='lat' dir='ltr'><strong>temnus</strong></span> <span class='ocrx_word' id='word_1_263' title='bbox 1010 2032 1150 2084; x_wconf 88' lang='lat' dir='ltr'><strong>inter</strong></span> <span class='ocrx_word' id='word_1_264' title='bbox 1182 2039 1509 2083; x_wconf 88' lang='lat' dir='ltr'><strong>creationem</strong></span> <span class='ocrx_word' id='word_1_265' title='bbox 1543 2041 1735 2081; x_wconf 72' lang='lat' dir='ltr'><strong>anima:</strong></span> <span class='ocrx_word' id='word_1_266' title='bbox 1757 2036 1810 2080; x_wconf 90' lang='lat' dir='ltr'><strong>et</strong></span> <span class='ocrx_word' id='word_1_267' title='bbox 1848 2041 1963 2085; x_wconf 71' lang='lat' dir='ltr'><strong>eius</strong></span> 
     </span>
    </p>
   </div>
   <div class='ocr_carea' id='block_1_34' title="bbox 414 2028 1968 2100">
    <p class='ocr_par' dir='ltr' id='par_1_34' title="bbox 414 2028 1968 2100">
     <span class='ocr_line' id='line_1_35' title="bbox 414 2028 1968 2100; baseline -0.001 -17"><span class='ocrx_word' id='word_1_268' title='bbox 414 2050 501 2085; x_wconf 92' lang='lat' dir='ltr'><strong>um</strong></span> <span class='ocrx_word' id='word_1_269' title='bbox 532 2033 749 2086; x_wconf 89' lang='lat' dir='ltr'><strong>omnino</strong></span> <span class='ocrx_word' id='word_1_270' title='bbox 778 2041 988 2100; x_wconf 89' lang='lat' dir='ltr'><strong>tempus</strong></span> <span class='ocrx_word' id='word_1_271' title='bbox 1010 2032 1150 2084; x_wconf 88' lang='lat' dir='ltr'><strong>inter</strong></span> <span class='ocrx_word' id='word_1_272' title='bbox 1182 2028 1521 2100; x_wconf 81' lang='lat' dir='ltr'><strong>creationem</strong></span> <span class='ocrx_word' id='word_1_273' title='bbox 1543 2028 1735 2081; x_wconf 72' lang='lat' dir='ltr'><strong>anima:</strong></span> <span class='ocrx_word' id='word_1_274' title='bbox 1757 2036 1810 2080; x_wconf 90' lang='lat' dir='ltr'><strong>et</strong></span> <span class='ocrx_word' id='word_1_275' title='bbox 1848 2028 1968 2097; x_wconf 88' lang='lat' dir='ltr'><strong>ejus</strong></span> 
     </span>
    </p>
   </div>
   <div class='ocr_carea' id='block_1_35' title="bbox 392 2098 1569 2167">
    <p class='ocr_par' dir='ltr' id='par_1_35' title="bbox 392 2098 1569 2167">
     <span class='ocr_line' id='line_1_36' title="bbox 392 2098 1569 2167; baseline -0.004 -10"><span class='ocrx_word' id='word_1_276' title='bbox 392 2118 513 2157; x_wconf 82' lang='lat' dir='ltr'><strong>cum</strong></span> <span class='ocrx_word' id='word_1_277' title='bbox 550 2102 725 2154; x_wconf 86' lang='lat' dir='ltr'><strong>Verbo</strong></span> <span class='ocrx_word' id='word_1_278' title='bbox 753 2098 1003 2154; x_wconf 84' lang='lat' dir='ltr'><strong>unionem</strong></span> <span class='ocrx_word' id='word_1_279' title='bbox 1039 2100 1347 2167; x_wconf 80' lang='lat' dir='ltr'><strong>excogitare</strong></span> <span class='ocrx_word' id='word_1_280' title='bbox 1374 2098 1569 2167; x_wconf 89' lang='lat' dir='ltr'><strong>potuit.</strong></span> 
     </span>
    </p>
   </div>
   <div class='ocr_carea' id='block_1_36' title="bbox 461 2166 1965 2238">
    <p class='ocr_par' dir='ltr' id='par_1_36' title="bbox 461 2166 1965 2238">
     <span class='ocr_line' id='line_1_37' title="bbox 461 2166 1965 2238; baseline -0.003 -13"><span class='ocrx_word' id='word_1_281' title='bbox 461 2171 521 2225; x_wconf 73' lang='grc' dir='ltr'><strong>2ο</strong></span> <span class='ocrx_word' id='word_1_282' title='bbox 556 2170 669 2225; x_wconf 90' lang='lat' dir='ltr'><strong>Non</strong></span> <span class='ocrx_word' id='word_1_283' title='bbox 694 2171 870 2225; x_wconf 88' lang='lat' dir='ltr'><strong>minus</strong></span> <span class='ocrx_word' id='word_1_284' title='bbox 887 2173 1073 2225; x_wconf 87' lang='lat' dir='ltr'><strong>aberat</strong></span> <span class='ocrx_word' id='word_1_285' title='bbox 1104 2166 1440 2238; x_wconf 24' lang='lat' dir='ltr'><strong>ab’Origenis</strong></span> <span class='ocrx_word' id='word_1_286' title='bbox 1472 2177 1651 2221; x_wconf 90' lang='lat' dir='ltr'><strong>mente</strong></span> <span class='ocrx_word' id='word_1_287' title='bbox 1680 2166 1838 2235; x_wconf 90' lang='lat' dir='ltr'><strong>impia</strong></span> <span class='ocrx_word' id='word_1_288' title='bbox 1865 2166 1965 2238; x_wconf 85' lang='lat' dir='ltr'><strong>illa</strong></span> 
     </span>
    </p>
   </div>
   <div class='ocr_carea' id='block_1_37' title="bbox 391 2237 1966 2310">
    <p class='ocr_par' dir='ltr' id='par_1_37' title="bbox 391 2237 1966 2310">
     <span class='ocr_line' id='line_1_38' title="bbox 391 2237 1966 2310; baseline -0.004 -15"><span class='ocrx_word' id='word_1_289' title='bbox 391 2244 592 2310; x_wconf 87' lang='lat' dir='ltr'><strong>opinio,</strong></span> <span class='ocrx_word' id='word_1_290' title='bbox 621 2257 723 2294; x_wconf 89' lang='lat' dir='ltr'><strong>non</strong></span> <span class='ocrx_word' id='word_1_291' title='bbox 754 2256 911 2310; x_wconf 87' lang='lat' dir='ltr'><strong>posse</strong></span> <span class='ocrx_word' id='word_1_292' title='bbox 940 2242 983 2295; x_wconf 87' lang='lat' dir='ltr'><strong>si</strong></span> <span class='ocrx_word' id='word_1_293' title='bbox 1014 2237 1612 2310; x_wconf 76' lang='lat' dir='ltr'><strong>Christumimitemur,</strong></span> <span class='ocrx_word' id='word_1_294' title='bbox 1639 2239 1704 2310; x_wconf 83' lang='lat' dir='ltr'><strong>ad</strong></span> <span class='ocrx_word' id='word_1_295' title='bbox 1737 2237 1966 2310; x_wconf 84' lang='lat' dir='ltr'><strong>similem</strong></span> 
     </span>
    </p>
   </div>
   <div class='ocr_carea' id='block_1_38' title="bbox 393 2307 1968 2378">
    <p class='ocr_par' dir='ltr' id='par_1_38' title="bbox 393 2307 1968 2378">
     <span class='ocr_line' id='line_1_39' title="bbox 393 2307 1968 2378; baseline -0.003 -14"><span class='ocrx_word' id='word_1_296' title='bbox 393 2307 516 2365; x_wconf 78' lang='lat' dir='ltr'><strong>cum</strong></span> <span class='ocrx_word' id='word_1_297' title='bbox 552 2311 724 2364; x_wconf 78' lang='lat' dir='ltr'><strong>Verbo</strong></span> <span class='ocrx_word' id='word_1_298' title='bbox 754 2307 1027 2364; x_wconf 52' lang='lat' dir='ltr'><strong>&#39;unienem</strong></span> <span class='ocrx_word' id='word_1_299' title='bbox 1079 2309 1382 2378; x_wconf 89' lang='lat' dir='ltr'><strong>pervenire.</strong></span> <span class='ocrx_word' id='word_1_300' title='bbox 1433 2309 1545 2361; x_wconf 90' lang='lat' dir='ltr'><strong>lloc</strong></span> <span class='ocrx_word' id='word_1_301' title='bbox 1585 2307 1728 2361; x_wconf 92' lang='lat' dir='ltr'><strong>enim</strong></span> <span class='ocrx_word' id='word_1_302' title='bbox 1773 2307 1968 2361; x_wconf 88' lang='lat' dir='ltr'><strong>discri-</strong></span> 
     </span>
    </p>
   </div>
   <div class='ocr_carea' id='block_1_39' title="bbox 394 2378 1967 2447">
    <p class='ocr_par' dir='ltr' id='par_1_39' title="bbox 394 2378 1967 2447">
     <span class='ocr_line' id='line_1_40' title="bbox 394 2378 1967 2447; baseline -0.003 -12"><span class='ocrx_word' id='word_1_303' title='bbox 394 2397 516 2435; x_wconf 87' lang='lat' dir='ltr'><strong>men</strong></span> <span class='ocrx_word' id='word_1_304' title='bbox 575 2382 721 2447; x_wconf 70' lang='lat' dir='ltr'><strong>pcinit</strong></span> <span class='ocrx_word' id='word_1_305' title='bbox 772 2384 913 2435; x_wconf 90' lang='lat' dir='ltr'><strong>inter</strong></span> <span class='ocrx_word' id='word_1_306' title='bbox 951 2380 1225 2433; x_wconf 79' lang='lat' dir='ltr'><strong>Christum</strong></span> <span class='ocrx_word' id='word_1_307' title='bbox 1258 2389 1312 2431; x_wconf 85' lang='lat' dir='ltr'><strong>et</strong></span> <span class='ocrx_word' id='word_1_308' title='bbox 1361 2388 1605 2435; x_wconf 85' lang='lat' dir='ltr'><strong>sanctos.</strong></span> <span class='ocrx_word' id='word_1_309' title='bbox 1649 2378 1791 2445; x_wconf 87' lang='lat' dir='ltr'><strong>quod</strong></span> <span class='ocrx_word' id='word_1_310' title='bbox 1841 2378 1967 2430; x_wconf 91' lang='lat' dir='ltr'><strong>unio</strong></span> 
     </span>
    </p>
   </div>
   <div class='ocr_carea' id='block_1_40' title="bbox 395 2447 1967 2505">
    <p class='ocr_par' dir='ltr' id='par_1_40' title="bbox 395 2447 1967 2505">
     <span class='ocr_line' id='line_1_41' title="bbox 395 2447 1967 2505; baseline -0.001 -2"><span class='ocrx_word' id='word_1_311' title='bbox 395 2452 589 2504; x_wconf 72' lang='lat' dir='ltr'><strong>anima:</strong></span> <span class='ocrx_word' id='word_1_312' title='bbox 618 2450 820 2505; x_wconf 79' lang='lat' dir='ltr'><strong>Christi</strong></span> <span class='ocrx_word' id='word_1_313' title='bbox 866 2466 989 2503; x_wconf 91' lang='lat' dir='ltr'><strong>cum</strong></span> <span class='ocrx_word' id='word_1_314' title='bbox 1032 2448 1208 2502; x_wconf 85' lang='lat' dir='ltr'><strong>Verbo</strong></span> <span class='ocrx_word' id='word_1_315' title='bbox 1239 2447 1307 2501; x_wconf 89' lang='lat' dir='ltr'><strong>ab</strong></span> <span class='ocrx_word' id='word_1_316' title='bbox 1347 2448 1500 2501; x_wconf 90' lang='lat' dir='ltr'><strong>initio</strong></span> <span class='ocrx_word' id='word_1_317' title='bbox 1548 2447 1967 2501; x_wconf 82' lang='lat' dir='ltr'><strong>indissociabilis</strong></span> 
     </span>
    </p>
   </div>
   <div class='ocr_carea' id='block_1_41' title="bbox 394 2518 1967 2589">
    <p class='ocr_par' dir='ltr' id='par_1_41' title="bbox 394 2518 1967 2589">
     <span class='ocr_line' id='line_1_42' title="bbox 394 2518 1967 2589; baseline -0.001 -16"><span class='ocrx_word' id='word_1_318' title='bbox 394 2530 450 2573; x_wconf 90' lang='lat' dir='ltr'><strong>et</strong></span> <span class='ocrx_word' id='word_1_319' title='bbox 477 2520 856 2589; x_wconf 88' lang='lat' dir='ltr'><strong>inseparabilis</strong></span> <span class='ocrx_word' id='word_1_320' title='bbox 878 2530 932 2574; x_wconf 91' lang='lat' dir='ltr'><strong>et</strong></span> <span class='ocrx_word' id='word_1_321' title='bbox 957 2518 1331 2573; x_wconf 78' lang='lat' dir='ltr'><strong>substantialis</strong></span> <span class='ocrx_word' id='word_1_322' title='bbox 1366 2518 1549 2580; x_wconf 81' lang='lat' dir='ltr'><strong>fuerit,</strong></span> <span class='ocrx_word' id='word_1_323' title='bbox 1580 2527 1743 2589; x_wconf 83' lang='lat' dir='ltr'><strong>atque</strong></span> <span class='ocrx_word' id='word_1_324' title='bbox 1768 2532 1833 2569; x_wconf 82' lang='lat' dir='ltr'><strong>ex</strong></span> <span class='ocrx_word' id='word_1_325' title='bbox 1864 2518 1967 2572; x_wconf 91' lang='lat' dir='ltr'><strong>hac</strong></span> 
     </span>
    </p>
   </div>
   <div class='ocr_carea' id='block_1_42' title="bbox 395 2587 1960 2656">
    <p class='ocr_par' dir='ltr' id='par_1_42' title="bbox 395 2587 1960 2656">
     <span class='ocr_line' id='line_1_43' title="bbox 395 2587 1960 2656; baseline -0.001 -14"><span class='ocrx_word' id='word_1_326' title='bbox 395 2587 1189 2644; x_wconf 76' lang='lat' dir='ltr'><strong>unioneinconvertibilitatem</strong></span> <span class='ocrx_word' id='word_1_327' title='bbox 1238 2588 1602 2642; x_wconf 85' lang='lat' dir='ltr'><strong>indesinenter</strong></span> <span class='ocrx_word' id='word_1_328' title='bbox 1642 2587 1803 2656; x_wconf 89' lang='lat' dir='ltr'><strong>ignita</strong></span> <span class='ocrx_word' id='word_1_329' title='bbox 1837 2601 1960 2654; x_wconf 86' lang='lat' dir='ltr'><strong>pos-</strong></span> 
     </span>
    </p>
   </div>
   <div class='ocr_carea' id='block_1_43' title="bbox 396 2657 1966 2723">
    <p class='ocr_par' dir='ltr' id='par_1_43' title="bbox 396 2657 1966 2723">
     <span class='ocr_line' id='line_1_44' title="bbox 396 2657 1966 2723; baseline -0.003 -10"><span class='ocrx_word' id='word_1_330' title='bbox 396 2661 633 2723; x_wconf 86' lang='lat' dir='ltr'><strong>sederit;</strong></span> <span class='ocrx_word' id='word_1_331' title='bbox 674 2660 791 2713; x_wconf 64' lang='lat' dir='ltr'><strong>aliae</strong></span> <span class='ocrx_word' id='word_1_332' title='bbox 822 2669 999 2713; x_wconf 88' lang='lat' dir='ltr'><strong>atttem</strong></span> <span class='ocrx_word' id='word_1_333' title='bbox 1036 2658 1227 2711; x_wconf 73' lang='lat' dir='ltr'><strong>anima:</strong></span> <span class='ocrx_word' id='word_1_334' title='bbox 1259 2673 1357 2712; x_wconf 92' lang='lat' dir='ltr'><strong>nec</strong></span> <span class='ocrx_word' id='word_1_335' title='bbox 1383 2659 1450 2711; x_wconf 89' lang='lat' dir='ltr'><strong>ab</strong></span> <span class='ocrx_word' id='word_1_336' title='bbox 1481 2657 1633 2711; x_wconf 90' lang='lat' dir='ltr'><strong>initio</strong></span> <span class='ocrx_word' id='word_1_337' title='bbox 1671 2658 1966 2710; x_wconf 84' lang='lat' dir='ltr'><strong>creationis</strong></span> 
     </span>
    </p>
   </div>
   <div class='ocr_carea' id='block_1_44' title="bbox 396 2726 1967 2790">
    <p class='ocr_par' dir='ltr' id='par_1_44' title="bbox 396 2726 1967 2790">
     <span class='ocr_line' id='line_1_45' title="bbox 396 2726 1967 2790; baseline -0.002 -7"><span class='ocrx_word' id='word_1_338' title='bbox 396 2729 882 2784; x_wconf 77' lang='lat' dir='ltr'><strong>inconvertibiliter</strong></span> <span class='ocrx_word' id='word_1_339' title='bbox 946 2744 1065 2781; x_wconf 92' lang='lat' dir='ltr'><strong>cum</strong></span> <span class='ocrx_word' id='word_1_340' title='bbox 1127 2726 1299 2781; x_wconf 89' lang='lat' dir='ltr'><strong>Verbo</strong></span> <span class='ocrx_word' id='word_1_341' title='bbox 1362 2728 1523 2781; x_wconf 65' lang='lat' dir='ltr'><strong>unita:</strong></span> <span class='ocrx_word' id='word_1_342' title='bbox 1592 2728 1823 2790; x_wconf 80' lang='lat' dir='ltr'><strong>fuerint,</strong></span> <span class='ocrx_word' id='word_1_343' title='bbox 1867 2741 1967 2780; x_wconf 91' lang='lat' dir='ltr'><strong>nec</strong></span> 
     </span>
    </p>
   </div>
   <div class='ocr_carea' id='block_1_45' title="bbox 397 2796 1966 2869">
    <p class='ocr_par' dir='ltr' id='par_1_45' title="bbox 397 2796 1966 2869">
     <span class='ocr_line' id='line_1_46' title="bbox 397 2796 1966 2869; baseline 0.001 -20"><span class='ocrx_word' id='word_1_344' title='bbox 397 2814 631 2869; x_wconf 88' lang='lat' dir='ltr'><strong>unquam</strong></span> <span class='ocrx_word' id='word_1_345' title='bbox 673 2799 1103 2869; x_wconf 86' lang='lat' dir='ltr'><strong>substantialiter</strong></span> <span class='ocrx_word' id='word_1_346' title='bbox 1143 2800 1253 2851; x_wconf 85' lang='lat' dir='ltr'><strong>sive</strong></span> <span class='ocrx_word' id='word_1_347' title='bbox 1289 2798 1624 2869; x_wconf 88' lang='lat' dir='ltr'><strong>liypostatice</strong></span> <span class='ocrx_word' id='word_1_348' title='bbox 1654 2796 1794 2850; x_wconf 92' lang='lat' dir='ltr'><strong>uuiri</strong></span> <span class='ocrx_word' id='word_1_349' title='bbox 1838 2812 1966 2863; x_wconf 57' lang='lat' dir='ltr'><strong>pose</strong></span> 
     </span>
    </p>
   </div>
   <div class='ocr_carea' id='block_1_46' title="bbox 395 2868 1966 2941">
    <p class='ocr_par' dir='ltr' id='par_1_46' title="bbox 395 2868 1966 2941">
     <span class='ocr_line' id='line_1_47' title="bbox 395 2868 1966 2941; baseline -0.002 -19"><span class='ocrx_word' id='word_1_350' title='bbox 395 2868 525 2941; x_wconf 75' lang='lat' dir='ltr'><strong>sint.</strong></span> <span class='ocrx_word' id='word_1_351' title='bbox 580 2869 978 2941; x_wconf 81' lang='lat' dir='ltr'><strong>Hypostaticam</strong></span> <span class='ocrx_word' id='word_1_352' title='bbox 1048 2868 1189 2941; x_wconf 71' lang='lat' dir='ltr'><strong>illam</strong></span> <span class='ocrx_word' id='word_1_353' title='bbox 1264 2871 1516 2941; x_wconf 70' lang='lat' dir='ltr'><strong>unionem</strong></span> <span class='ocrx_word' id='word_1_354' title='bbox 1585 2868 1677 2941; x_wconf 73' lang='lat' dir='ltr'><strong>sic</strong></span> <span class='ocrx_word' id='word_1_355' title='bbox 1730 2869 1966 2935; x_wconf 77' lang='lat' dir='ltr'><strong>explicat</strong></span> 
     </span>
    </p>
   </div>
   <div class='ocr_carea' id='block_1_47' title="bbox 395 2936 1966 3009">
    <p class='ocr_par' dir='ltr' id='par_1_47' title="bbox 395 2936 1966 3009">
     <span class='ocr_line' id='line_1_48' title="bbox 395 2936 1966 3009; baseline -0.003 -16"><span class='ocrx_word' id='word_1_356' title='bbox 395 2936 656 3009; x_wconf 78' lang='lat' dir='ltr'><strong>Origenes</strong></span> <span class='ocrx_word' id='word_1_357' title='bbox 696 2938 894 2993; x_wconf 85' lang='lat' dir='ltr'><strong>ibidem</strong></span> <span class='ocrx_word' id='word_1_358' title='bbox 926 2953 1075 3009; x_wconf 89' lang='lat' dir='ltr'><strong>num.</strong></span> <span class='ocrx_word' id='word_1_359' title='bbox 1104 2938 1177 3009; x_wconf 54' lang='grc' dir='ltr'><strong>δέ</strong></span> <span class='ocrx_word' id='word_1_360' title='bbox 1210 2955 1229 2988; x_wconf 75' lang='grc' dir='ltr'><strong>ι</strong></span> <span class='ocrx_word' id='word_1_361' title='bbox 1263 2936 1413 3009; x_wconf 78' lang='lat' dir='ltr'><strong>Unde</strong></span> <span class='ocrx_word' id='word_1_362' title='bbox 1451 2947 1500 2992; x_wconf 88' lang='lat' dir='ltr'><strong>et</strong></span> <span class='ocrx_word' id='word_1_363' title='bbox 1547 2938 1741 3009; x_wconf 82' lang='lat' dir='ltr'><strong>merito</strong></span> <span class='ocrx_word' id='word_1_364' title='bbox 1775 2953 1871 3009; x_wconf 90' lang='lat' dir='ltr'><strong>pro</strong></span> <span class='ocrx_word' id='word_1_365' title='bbox 1900 2951 1966 2989; x_wconf 91' lang='lat' dir='ltr'><strong>eo</strong></span> 
     </span>
    </p>
   </div>
   <div class='ocr_carea' id='block_1_48' title="bbox 394 3006 1964 3078">
    <p class='ocr_par' dir='ltr' id='par_1_48' title="bbox 394 3006 1964 3078">
     <span class='ocr_line' id='line_1_49' title="bbox 394 3006 1964 3078; baseline 0.002 -20"><span class='ocrx_word' id='word_1_366' title='bbox 394 3006 663 3078; x_wconf 22' lang='lat' dir='ltr'><strong>velﬂquod</strong></span> <span class='ocrx_word' id='word_1_367' title='bbox 712 3019 820 3061; x_wconf 84' lang='lat' dir='ltr'><strong>tota</strong></span> <span class='ocrx_word' id='word_1_368' title='bbox 859 3017 1003 3062; x_wconf 89' lang='lat' dir='ltr'><strong>esset</strong></span> <span class='ocrx_word' id='word_1_369' title='bbox 1043 3008 1096 3078; x_wconf 88' lang='lat' dir='ltr'><strong>in</strong></span> <span class='ocrx_word' id='word_1_370' title='bbox 1139 3006 1276 3062; x_wconf 84' lang='lat' dir='ltr'><strong>Filio</strong></span> <span class='ocrx_word' id='word_1_371' title='bbox 1321 3007 1444 3071; x_wconf 84' lang='lat' dir='ltr'><strong>Dei,</strong></span> <span class='ocrx_word' id='word_1_372' title='bbox 1489 3007 1571 3060; x_wconf 89' lang='lat' dir='ltr'><strong>vel</strong></span> <span class='ocrx_word' id='word_1_373' title='bbox 1603 3006 1785 3061; x_wconf 86' lang='lat' dir='ltr'><strong>totum</strong></span> <span class='ocrx_word' id='word_1_374' title='bbox 1811 3008 1861 3060; x_wconf 91' lang='lat' dir='ltr'><strong>in</strong></span> <span class='ocrx_word' id='word_1_375' title='bbox 1904 3021 1964 3061; x_wconf 91' lang='lat' dir='ltr'><strong>se</strong></span> 
     </span>
    </p>
   </div>
   <div class='ocr_carea' id='block_1_49' title="bbox 396 3077 1961 3147">
    <p class='ocr_par' dir='ltr' id='par_1_49' title="bbox 396 3077 1961 3147">
     <span class='ocr_line' id='line_1_50' title="bbox 396 3077 1961 3147; baseline -0.001 -15"><span class='ocrx_word' id='word_1_376' title='bbox 396 3077 616 3147; x_wconf 81' lang='lat' dir='ltr'><strong>caperet</strong></span> <span class='ocrx_word' id='word_1_377' title='bbox 647 3078 839 3132; x_wconf 87' lang='lat' dir='ltr'><strong>Filium</strong></span> <span class='ocrx_word' id='word_1_378' title='bbox 872 3078 995 3143; x_wconf 92' lang='lat' dir='ltr'><strong>Dei,</strong></span> <span class='ocrx_word' id='word_1_379' title='bbox 1029 3077 1193 3147; x_wconf 85' lang='lat' dir='ltr'><strong>etiam</strong></span> <span class='ocrx_word' id='word_1_380' title='bbox 1239 3079 1517 3147; x_wconf 19' lang='lat' dir='ltr'><strong>ipsaicum</strong></span> <span class='ocrx_word' id='word_1_381' title='bbox 1565 3094 1629 3131; x_wconf 89' lang='lat' dir='ltr'><strong>ea</strong></span> <span class='ocrx_word' id='word_1_382' title='bbox 1659 3092 1821 3147; x_wconf 89' lang='lat' dir='ltr'><strong>quam</strong></span> <span class='ocrx_word' id='word_1_383' title='bbox 1871 3092 1961 3131; x_wconf 89' lang='lat' dir='ltr'><strong>as-</strong></span> 
     </span>
    </p>
   </div>
   <div class='ocr_carea' id='block_1_50' title="bbox 394 3146 1959 3217">
    <p class='ocr_par' dir='ltr' id='par_1_50' title="bbox 394 3146 1959 3217">
     <span class='ocr_line' id='line_1_51' title="bbox 394 3146 1959 3217; baseline 0.001 -16"><span class='ocrx_word' id='word_1_384' title='bbox 394 3146 699 3217; x_wconf 64' lang='lat' dir='ltr'><strong>euiapserat</strong></span> <span class='ocrx_word' id='word_1_385' title='bbox 736 3164 919 3212; x_wconf 90' lang='lat' dir='ltr'><strong>carne,</strong></span> <span class='ocrx_word' id='word_1_386' title='bbox 956 3148 1044 3200; x_wconf 87' lang='lat' dir='ltr'><strong>Dei</strong></span> <span class='ocrx_word' id='word_1_387' title='bbox 1071 3146 1238 3202; x_wconf 86' lang='lat' dir='ltr'><strong>Filius</strong></span> <span class='ocrx_word' id='word_1_388' title='bbox 1264 3146 1328 3200; x_wconf 84' lang='lat' dir='ltr'><strong>et</strong></span> <span class='ocrx_word' id='word_1_389' title='bbox 1362 3146 1455 3200; x_wconf 93' lang='lat' dir='ltr'><strong>Dei</strong></span> <span class='ocrx_word' id='word_1_390' title='bbox 1488 3148 1678 3209; x_wconf 87' lang='lat' dir='ltr'><strong>virtus.</strong></span> <span class='ocrx_word' id='word_1_391' title='bbox 1705 3147 1959 3217; x_wconf 82' lang='lat' dir='ltr'><strong>Christus</strong></span> 
     </span>
    </p>
   </div>
   <div class='ocr_carea' id='block_1_51' title="bbox 396 3216 1962 3287">
    <p class='ocr_par' dir='ltr' id='par_1_51' title="bbox 396 3216 1962 3287">
     <span class='ocr_line' id='line_1_52' title="bbox 396 3216 1962 3287; baseline -0.001 -15"><span class='ocrx_word' id='word_1_392' title='bbox 396 3236 450 3272; x_wconf 76' lang='lat' dir='ltr'><strong>ei</strong></span> <span class='ocrx_word' id='word_1_393' title='bbox 487 3219 574 3271; x_wconf 91' lang='lat' dir='ltr'><strong>Dei</strong></span> <span class='ocrx_word' id='word_1_394' title='bbox 622 3218 883 3287; x_wconf 81' lang='lat' dir='ltr'><strong>sapientia</strong></span> <span class='ocrx_word' id='word_1_395' title='bbox 929 3218 1267 3286; x_wconf 85' lang='lat' dir='ltr'><strong>appellatur:</strong></span> <span class='ocrx_word' id='word_1_396' title='bbox 1303 3228 1364 3287; x_wconf 74' lang='lat' dir='ltr'><strong>et</strong></span> <span class='ocrx_word' id='word_1_397' title='bbox 1409 3232 1625 3271; x_wconf 88' lang='lat' dir='ltr'><strong>rursum</strong></span> <span class='ocrx_word' id='word_1_398' title='bbox 1660 3217 1752 3270; x_wconf 93' lang='lat' dir='ltr'><strong>Dei</strong></span> <span class='ocrx_word' id='word_1_399' title='bbox 1794 3216 1962 3287; x_wconf 55' lang='lat' dir='ltr'><strong>Filnts</strong></span> 
     </span>
    </p>
   </div>
   <div class='ocr_carea' id='block_1_52' title="bbox 435 3284 1963 3351">
    <p class='ocr_par' dir='ltr' id='par_1_52' title="bbox 435 3284 1963 3351">
     <span class='ocr_line' id='line_1_53' title="bbox 435 3284 1963 3351; baseline 0.001 -14"><span class='ocrx_word' id='word_1_400' title='bbox 435 3304 494 3338; x_wconf 85' lang='lat' dir='ltr'><strong>er</strong></span> <span class='ocrx_word' id='word_1_401' title='bbox 519 3284 879 3351; x_wconf 43' lang='lat' dir='ltr'><strong>quem—omnia</strong></span> <span class='ocrx_word' id='word_1_402' title='bbox 927 3284 1109 3341; x_wconf 80' lang='lat' dir='ltr'><strong>creata</strong></span> <span class='ocrx_word' id='word_1_403' title='bbox 1142 3297 1290 3350; x_wconf 87' lang='lat' dir='ltr'><strong>sunt,</strong></span> <span class='ocrx_word' id='word_1_404' title='bbox 1338 3284 1492 3341; x_wconf 82' lang='lat' dir='ltr'><strong>Jesus</strong></span> <span class='ocrx_word' id='word_1_405' title='bbox 1520 3287 1764 3340; x_wconf 82' lang='lat' dir='ltr'><strong>Christus</strong></span> <span class='ocrx_word' id='word_1_406' title='bbox 1790 3300 1837 3339; x_wconf 89' lang='lat' dir='ltr'><strong>et</strong></span> <span class='ocrx_word' id='word_1_407' title='bbox 1873 3285 1963 3339; x_wconf 87' lang='lat' dir='ltr'><strong>Fi-</strong></span> 
     </span>
    </p>
   </div>
   <div class='ocr_carea' id='block_1_53' title="bbox 396 3303 1961 3413">
    <p class='ocr_par' dir='ltr' id='par_1_53' title="bbox 396 3303 1961 3413">
     <span class='ocr_line' id='line_1_54' title="bbox 435 3303 1961 3351; baseline 0.001 -14"><span class='ocrx_word' id='word_1_408' title='bbox 435 3304 494 3338; x_wconf 85' lang='lat' dir='ltr'><strong>er</strong></span> <span class='ocrx_word' id='word_1_409' title='bbox 519 3304 671 3351; x_wconf 82' lang='lat' dir='ltr'><strong>quem</strong></span> <span class='ocrx_word' id='word_1_410' title='bbox 703 3304 879 3341; x_wconf 89' lang='lat' dir='ltr'><strong>omnia</strong></span> <span class='ocrx_word' id='word_1_411' title='bbox 927 3303 1109 3341; x_wconf 86' lang='lat' dir='ltr'><strong>creata</strong></span> <span class='ocrx_word' id='word_1_412' title='bbox 1142 3303 1290 3350; x_wconf 85' lang='lat' dir='ltr'><strong>sunt,</strong></span> <span class='ocrx_word' id='word_1_413' title='bbox 1338 3303 1492 3341; x_wconf 77' lang='lat' dir='ltr'><strong>Jesus</strong></span> <span class='ocrx_word' id='word_1_414' title='bbox 1520 3303 1764 3340; x_wconf 74' lang='lat' dir='ltr'><strong>Cnrtstus</strong></span> <span class='ocrx_word' id='word_1_415' title='bbox 1790 3303 1837 3339; x_wconf 89' lang='lat' dir='ltr'><strong>et</strong></span> <span class='ocrx_word' id='word_1_416' title='bbox 1873 3303 1961 3339; x_wconf 72' lang='grc' dir='ltr'>ιιι-</span> 
     </span>
     <span class='ocr_line' id='line_1_55' title="bbox 396 3303 1961 3413; baseline 0 -2"><span class='ocrx_word' id='word_1_417' title='bbox 396 3303 501 3411; x_wconf 61' lang='lat' dir='ltr'><strong>rius</strong></span> <span class='ocrx_word' id='word_1_418' title='bbox 529 3359 757 3413; x_wconf 83' lang='lat' dir='ltr'><strong>hominis</strong></span> <span class='ocrx_word' id='word_1_419' title='bbox 788 3359 1114 3412; x_wconf 89' lang='lat' dir='ltr'><strong>nominatur.</strong></span> <span class='ocrx_word' id='word_1_420' title='bbox 1153 3356 1284 3410; x_wconf 91' lang='lat' dir='ltr'><strong>Nam</strong></span> <span class='ocrx_word' id='word_1_421' title='bbox 1310 3367 1365 3411; x_wconf 88' lang='lat' dir='ltr'><strong>et</strong></span> <span class='ocrx_word' id='word_1_422' title='bbox 1391 3356 1559 3411; x_wconf 85' lang='lat' dir='ltr'><strong>Filius</strong></span> <span class='ocrx_word' id='word_1_423' title='bbox 1591 3356 1684 3411; x_wconf 88' lang='lat' dir='ltr'><strong>Dei</strong></span> <span class='ocrx_word' id='word_1_424' title='bbox 1716 3369 1961 3411; x_wconf 90' lang='lat' dir='ltr'><strong>mortuus</strong></span> 
     </span>
    </p>
   </div>
   <div class='ocr_carea' id='block_1_54' title="bbox 395 3428 1960 3496">
    <p class='ocr_par' dir='ltr' id='par_1_54' title="bbox 395 3428 1960 3496">
     <span class='ocr_line' id='line_1_56' title="bbox 395 3428 1960 3496; baseline 0.001 -17"><span class='ocrx_word' id='word_1_425' title='bbox 395 3443 516 3479; x_wconf 79' lang='lat' dir='ltr'><strong>che</strong></span> <span class='ocrx_word' id='word_1_426' title='bbox 563 3428 777 3493; x_wconf 90' lang='lat' dir='ltr'><strong>dicitur,</strong></span> <span class='ocrx_word' id='word_1_427' title='bbox 823 3444 920 3496; x_wconf 90' lang='lat' dir='ltr'><strong>pro</strong></span> <span class='ocrx_word' id='word_1_428' title='bbox 955 3442 1017 3479; x_wconf 90' lang='lat' dir='ltr'><strong>ea</strong></span> <span class='ocrx_word' id='word_1_429' title='bbox 1067 3428 1279 3482; x_wconf 89' lang='lat' dir='ltr'><strong>scilicet</strong></span> <span class='ocrx_word' id='word_1_430' title='bbox 1324 3436 1517 3480; x_wconf 87' lang='lat' dir='ltr'><strong>natura</strong></span> <span class='ocrx_word' id='word_1_431' title='bbox 1567 3443 1684 3495; x_wconf 68' lang='lat' dir='ltr'><strong>qua:</strong></span> <span class='ocrx_word' id='word_1_432' title='bbox 1733 3438 1960 3481; x_wconf 88' lang='lat' dir='ltr'><strong>mortem</strong></span> 
     </span>
    </p>
   </div>
   <div class='ocr_carea' id='block_1_55' title="bbox 397 3496 1963 3566">
    <p class='ocr_par' dir='ltr' id='par_1_55' title="bbox 397 3496 1963 3566">
     <span class='ocr_line' id='line_1_57' title="bbox 397 3496 1963 3566; baseline 0.001 -19"><span class='ocrx_word' id='word_1_433' title='bbox 397 3499 581 3565; x_wconf 89' lang='lat' dir='ltr'><strong>utique</strong></span> <span class='ocrx_word' id='word_1_434' title='bbox 612 3498 849 3565; x_wconf 84' lang='lat' dir='ltr'><strong>recipere</strong></span> <span class='ocrx_word' id='word_1_435' title='bbox 884 3506 1093 3566; x_wconf 75' lang='lat' dir='ltr'><strong>poterat</strong></span> <span class='ocrx_word' id='word_1_436' title='bbox 1120 3516 1133 3550; x_wconf 90' lang='lat'><strong>:</strong></span> <span class='ocrx_word' id='word_1_437' title='bbox 1164 3507 1216 3550; x_wconf 89' lang='lat' dir='ltr'><strong>et</strong></span> <span class='ocrx_word' id='word_1_438' title='bbox 1247 3496 1413 3550; x_wconf 84' lang='lat' dir='ltr'><strong>Fi!ius</strong></span> <span class='ocrx_word' id='word_1_439' title='bbox 1457 3498 1688 3550; x_wconf 80' lang='lat' dir='ltr'><strong>hominis</strong></span> <span class='ocrx_word' id='word_1_440' title='bbox 1722 3496 1963 3566; x_wconf 85' lang='lat' dir='ltr'><strong>appella-</strong></span> 
     </span>
    </p>
   </div>
   <div class='ocr_carea' id='block_1_56' title="bbox 397 3565 1963 3636">
    <p class='ocr_par' dir='ltr' id='par_1_56' title="bbox 397 3565 1963 3636">
     <span class='ocr_line' id='line_1_58' title="bbox 397 3565 1963 3636; baseline 0.002 -18"><span class='ocrx_word' id='word_1_441' title='bbox 397 3577 509 3629; x_wconf 91' lang='lat' dir='ltr'><strong>tur,</strong></span> <span class='ocrx_word' id='word_1_442' title='bbox 553 3570 641 3636; x_wconf 91' lang='lat' dir='ltr'><strong>qui</strong></span> <span class='ocrx_word' id='word_1_443' title='bbox 678 3577 935 3621; x_wconf 85' lang='lat' dir='ltr'><strong>vetiturus</strong></span> <span class='ocrx_word' id='word_1_444' title='bbox 976 3569 1026 3620; x_wconf 92' lang='lat' dir='ltr'><strong>iu</strong></span> <span class='ocrx_word' id='word_1_445' title='bbox 1062 3565 1153 3621; x_wconf 88' lang='lat' dir='ltr'><strong>Dei</strong></span> <span class='ocrx_word' id='word_1_446' title='bbox 1199 3567 1375 3621; x_wconf 83' lang='lat' dir='ltr'><strong>Patris</strong></span> <span class='ocrx_word' id='word_1_447' title='bbox 1401 3567 1565 3636; x_wconf 88' lang='lat' dir='ltr'><strong>gloria</strong></span> <span class='ocrx_word' id='word_1_448' title='bbox 1602 3583 1722 3620; x_wconf 93' lang='lat' dir='ltr'><strong>cum</strong></span> <span class='ocrx_word' id='word_1_449' title='bbox 1757 3565 1963 3622; x_wconf 85' lang='lat' dir='ltr'><strong>sanctis</strong></span> 
     </span>
    </p>
   </div>
   <div class='ocr_carea' id='block_1_57' title="bbox 397 3638 1961 3705">
    <p class='ocr_par' dir='ltr' id='par_1_57' title="bbox 397 3638 1961 3705">
     <span class='ocr_line' id='line_1_59' title="bbox 397 3638 1961 3705; baseline 0.001 -17"><span class='ocrx_word' id='word_1_450' title='bbox 397 3638 602 3704; x_wconf 82' lang='lat' dir='ltr'><strong>angelis</strong></span> <span class='ocrx_word' id='word_1_451' title='bbox 649 3639 989 3704; x_wconf 73' lang='lat' dir='ltr'><strong>praedicatur.</strong></span> <span class='ocrx_word' id='word_1_452' title='bbox 1033 3638 1099 3692; x_wconf 87' lang='lat' dir='ltr'><strong>Et</strong></span> <span class='ocrx_word' id='word_1_453' title='bbox 1150 3640 1247 3691; x_wconf 92' lang='lat' dir='ltr'><strong>hac</strong></span> <span class='ocrx_word' id='word_1_454' title='bbox 1295 3639 1361 3691; x_wconf 90' lang='lat' dir='ltr'><strong>de</strong></span> <span class='ocrx_word' id='word_1_455' title='bbox 1402 3652 1560 3691; x_wconf 82' lang='lat' dir='ltr'><strong>causa</strong></span> <span class='ocrx_word' id='word_1_456' title='bbox 1609 3652 1704 3705; x_wconf 89' lang='lat' dir='ltr'><strong>per</strong></span> <span class='ocrx_word' id='word_1_457' title='bbox 1744 3653 1961 3692; x_wconf 87' lang='lat' dir='ltr'><strong>onmem</strong></span> 
     </span>
    </p>
   </div>
   <div class='ocr_carea' id='block_1_58' title="bbox 399 3705 1964 3773">
    <p class='ocr_par' dir='ltr' id='par_1_58' title="bbox 399 3705 1964 3773">
     <span class='ocr_line' id='line_1_60' title="bbox 399 3705 1964 3773; baseline 0.003 -15"><span class='ocrx_word' id='word_1_458' title='bbox 399 3705 733 3773; x_wconf 79' lang='lat' dir='ltr'><strong>Scripturam</strong></span> <span class='ocrx_word' id='word_1_459' title='bbox 764 3717 871 3761; x_wconf 81' lang='lat' dir='ltr'><strong>tatu</strong></span> <span class='ocrx_word' id='word_1_460' title='bbox 919 3709 1098 3762; x_wconf 90' lang='lat' dir='ltr'><strong>divina</strong></span> <span class='ocrx_word' id='word_1_461' title='bbox 1149 3719 1341 3762; x_wconf 86' lang='lat' dir='ltr'><strong>natura</strong></span> <span class='ocrx_word' id='word_1_462' title='bbox 1392 3707 1642 3761; x_wconf 88' lang='lat' dir='ltr'><strong>humanis</strong></span> <span class='ocrx_word' id='word_1_463' title='bbox 1689 3708 1964 3767; x_wconf 78' lang='lat' dir='ltr'><strong>vocabulis</strong></span> 
     </span>
    </p>
   </div>
   <div class='ocr_carea' id='block_1_59' title="bbox 398 3778 1965 3848">
    <p class='ocr_par' dir='ltr' id='par_1_59' title="bbox 398 3778 1965 3848">
     <span class='ocr_line' id='line_1_61' title="bbox 398 3778 1965 3848; baseline 0.003 -21"><span class='ocrx_word' id='word_1_464' title='bbox 398 3778 716 3845; x_wconf 86' lang='lat' dir='ltr'><strong>appellatur,</strong></span> <span class='ocrx_word' id='word_1_465' title='bbox 744 3794 903 3847; x_wconf 90' lang='lat' dir='ltr'><strong>quam</strong></span> <span class='ocrx_word' id='word_1_466' title='bbox 936 3778 1166 3832; x_wconf 87' lang='lat' dir='ltr'><strong>humana</strong></span> <span class='ocrx_word' id='word_1_467' title='bbox 1214 3789 1404 3831; x_wconf 88' lang='lat' dir='ltr'><strong>natura</strong></span> <span class='ocrx_word' id='word_1_468' title='bbox 1447 3778 1641 3832; x_wconf 76' lang='lat' dir='ltr'><strong>divina:</strong></span> <span class='ocrx_word' id='word_1_469' title='bbox 1688 3793 1965 3848; x_wconf 82' lang='lat' dir='ltr'><strong>nuncupa-</strong></span> 
     </span>
    </p>
   </div>
   <div class='ocr_carea' id='block_1_60' title="bbox 399 3850 1288 3917">
    <p class='ocr_par' dir='ltr' id='par_1_60' title="bbox 399 3850 1288 3917">
     <span class='ocr_line' id='line_1_62' title="bbox 399 3850 1288 3917; baseline -0.001 -19"><span class='ocrx_word' id='word_1_470' title='bbox 399 3850 562 3901; x_wconf 87' lang='lat' dir='ltr'><strong>tiouis</strong></span> <span class='ocrx_word' id='word_1_471' title='bbox 599 3850 901 3917; x_wconf 82' lang='lat' dir='ltr'><strong>insignibus</strong></span> <span class='ocrx_word' id='word_1_472' title='bbox 929 3853 1232 3903; x_wconf 87' lang='lat' dir='ltr'><strong>decoratur.</strong></span> <span class='ocrx_word' id='word_1_473' title='bbox 1271 3866 1288 3897; x_wconf 73' lang='grc' dir='ltr'><strong>ι</strong></span> 
     </span>
    </p>
   </div>
   <div class='ocr_carea' id='block_1_61' title="bbox 466 3916 1968 3988">
    <p class='ocr_par' dir='ltr' id='par_1_61' title="bbox 466 3916 1968 3988">
     <span class='ocr_line' id='line_1_63' title="bbox 466 3916 1968 3988; baseline 0.001 -18"><span class='ocrx_word' id='word_1_474' title='bbox 466 3916 525 3970; x_wconf 83' lang='grc' dir='ltr'><strong>5ο</strong></span> <span class='ocrx_word' id='word_1_475' title='bbox 562 3916 827 3988; x_wconf 86' lang='lat' dir='ltr'><strong>Sianiuia</strong></span> <span class='ocrx_word' id='word_1_476' title='bbox 874 3918 1073 3988; x_wconf 75' lang='lat' dir='ltr'><strong>Christi</strong></span> <span class='ocrx_word' id='word_1_477' title='bbox 1106 3919 1173 3971; x_wconf 88' lang='lat' dir='ltr'><strong>ab</strong></span> <span class='ocrx_word' id='word_1_478' title='bbox 1205 3918 1357 3971; x_wconf 89' lang='lat' dir='ltr'><strong>initio</strong></span> <span class='ocrx_word' id='word_1_479' title='bbox 1388 3916 1678 3972; x_wconf 88' lang='lat' dir='ltr'><strong>creationis</strong></span> <span class='ocrx_word' id='word_1_480' title='bbox 1718 3917 1968 3988; x_wconf 85' lang='lat' dir='ltr'><strong>hyposta-</strong></span> 
     </span>
    </p>
   </div>
   <div class='ocr_carea' id='block_1_62' title="bbox 398 3986 1963 4056">
    <p class='ocr_par' dir='ltr' id='par_1_62' title="bbox 398 3986 1963 4056">
     <span class='ocr_line' id='line_1_64' title="bbox 398 3986 1963 4056; baseline 0.002 -17"><span class='ocrx_word' id='word_1_481' title='bbox 398 3986 505 4041; x_wconf 80' lang='lat' dir='ltr'><strong>tice</strong></span> <span class='ocrx_word' id='word_1_482' title='bbox 548 3987 692 4040; x_wconf 86' lang='lat' dir='ltr'><strong>unita</strong></span> <span class='ocrx_word' id='word_1_483' title='bbox 729 3988 825 4041; x_wconf 81' lang='lat' dir='ltr'><strong>fuit</strong></span> <span class='ocrx_word' id='word_1_484' title='bbox 867 4004 987 4041; x_wconf 86' lang='lat' dir='ltr'><strong>eum</strong></span> <span class='ocrx_word' id='word_1_485' title='bbox 1018 3986 1211 4051; x_wconf 87' lang='lat' dir='ltr'><strong>Verbo,</strong></span> <span class='ocrx_word' id='word_1_486' title='bbox 1240 3989 1509 4056; x_wconf 88' lang='lat' dir='ltr'><strong>quomodo</strong></span> <span class='ocrx_word' id='word_1_487' title='bbox 1543 3988 1682 4040; x_wconf 90' lang='lat' dir='ltr'><strong>hanc</strong></span> <span class='ocrx_word' id='word_1_488' title='bbox 1712 3986 1963 4042; x_wconf 86' lang='lat' dir='ltr'><strong>unionem</strong></span> 
     </span>
    </p>
   </div>
   <div class='ocr_carea' id='block_1_63' title="bbox 399 4057 1967 4125">
    <p class='ocr_par' dir='ltr' id='par_1_63' title="bbox 399 4057 1967 4125">
     <span class='ocr_line' id='line_1_65' title="bbox 399 4057 1967 4125; baseline 0.003 -17"><span class='ocrx_word' id='word_1_489' title='bbox 399 4057 597 4110; x_wconf 83' lang='lat' dir='ltr'><strong>mereri</strong></span> <span class='ocrx_word' id='word_1_490' title='bbox 630 4059 837 4125; x_wconf 86' lang='lat' dir='ltr'><strong>potuit?</strong></span> <span class='ocrx_word' id='word_1_491' title='bbox 869 4057 925 4111; x_wconf 90' lang='lat' dir='ltr'><strong>Si</strong></span> <span class='ocrx_word' id='word_1_492' title='bbox 955 4061 1021 4111; x_wconf 87' lang='lat' dir='ltr'><strong>ab</strong></span> <span class='ocrx_word' id='word_1_493' title='bbox 1052 4060 1205 4111; x_wconf 89' lang='lat' dir='ltr'><strong>initio</strong></span> <span class='ocrx_word' id='word_1_494' title='bbox 1236 4059 1436 4112; x_wconf 88' lang='lat' dir='ltr'><strong>idcirco</strong></span> <span class='ocrx_word' id='word_1_495' title='bbox 1468 4058 1814 4111; x_wconf 89' lang='lat' dir='ltr'><strong>immutabilis</strong></span> <span class='ocrx_word' id='word_1_496' title='bbox 1852 4059 1967 4113; x_wconf 86' lang='lat' dir='ltr'><strong>sive</strong></span> 
     </span>
    </p>
   </div>
   <div class='ocr_carea' id='block_1_64' title="bbox 400 4126 1965 4196">
    <p class='ocr_par' dir='ltr' id='par_1_64' title="bbox 400 4126 1965 4196">
     <span class='ocr_line' id='line_1_66' title="bbox 400 4126 1965 4196; baseline 0.002 -17"><span class='ocrx_word' id='word_1_497' title='bbox 400 4126 769 4196; x_wconf 78' lang='lat' dir='ltr'><strong>itnpeceabilis</strong></span> <span class='ocrx_word' id='word_1_498' title='bbox 814 4130 915 4181; x_wconf 78' lang='lat' dir='ltr'><strong>fuit</strong></span> <span class='ocrx_word' id='word_1_499' title='bbox 954 4130 1075 4196; x_wconf 86' lang='lat' dir='ltr'><strong>quia</strong></span> <span class='ocrx_word' id='word_1_500' title='bbox 1116 4143 1329 4195; x_wconf 89' lang='lat' dir='ltr'><strong>semper</strong></span> <span class='ocrx_word' id='word_1_501' title='bbox 1371 4137 1480 4181; x_wconf 91' lang='lat' dir='ltr'><strong>tota</strong></span> <span class='ocrx_word' id='word_1_502' title='bbox 1519 4127 1617 4179; x_wconf 82' lang='lat' dir='ltr'><strong>fuit</strong></span> <span class='ocrx_word' id='word_1_503' title='bbox 1654 4131 1799 4180; x_wconf 89' lang='lat' dir='ltr'><strong>unita</strong></span> <span class='ocrx_word' id='word_1_504' title='bbox 1843 4144 1965 4182; x_wconf 87' lang='lat' dir='ltr'><strong>cum</strong></span> 
     </span>
    </p>
   </div>
   <div class='ocr_carea' id='block_1_65' title="bbox 400 4195 1967 4267">
    <p class='ocr_par' dir='ltr' id='par_1_65' title="bbox 400 4195 1967 4267">
     <span class='ocr_line' id='line_1_67' title="bbox 400 4195 1967 4267; baseline 0.002 -18"><span class='ocrx_word' id='word_1_505' title='bbox 400 4204 515 4249; x_wconf 85' lang='grc' dir='ltr'>ιοιο</span> <span class='ocrx_word' id='word_1_506' title='bbox 569 4195 776 4264; x_wconf 90' lang='lat' dir='ltr'><strong>Verbo,</strong></span> <span class='ocrx_word' id='word_1_507' title='bbox 827 4195 1103 4267; x_wconf 83' lang='lat' dir='ltr'><strong>quomodo</strong></span> <span class='ocrx_word' id='word_1_508' title='bbox 1152 4199 1251 4252; x_wconf 90' lang='lat' dir='ltr'><strong>hac</strong></span> <span class='ocrx_word' id='word_1_509' title='bbox 1308 4197 1639 4267; x_wconf 83' lang='lat' dir='ltr'><strong>immutabili</strong></span> <span class='ocrx_word' id='word_1_510' title='bbox 1658 4200 1967 4267; x_wconf 77' lang='lat' dir='ltr'><strong>sanctitate</strong></span> 
     </span>
    </p>
   </div>
   <div class='ocr_carea' id='block_1_66' title="bbox 399 4266 1967 4338">
    <p class='ocr_par' dir='ltr' id='par_1_66' title="bbox 399 4266 1967 4338">
     <span class='ocr_line' id='line_1_68' title="bbox 399 4266 1967 4338; baseline 0.003 -21"><span class='ocrx_word' id='word_1_511' title='bbox 399 4278 688 4321; x_wconf 80' lang='lat' dir='ltr'><strong>consecuta</strong></span> <span class='ocrx_word' id='word_1_512' title='bbox 719 4277 801 4322; x_wconf 85' lang='lat' dir='ltr'><strong>est</strong></span> <span class='ocrx_word' id='word_1_513' title='bbox 847 4266 905 4324; x_wconf 87' lang='lat' dir='ltr'><strong>ut</strong></span> <span class='ocrx_word' id='word_1_514' title='bbox 938 4284 1060 4323; x_wconf 87' lang='lat' dir='ltr'><strong>cum</strong></span> <span class='ocrx_word' id='word_1_515' title='bbox 1106 4269 1280 4323; x_wconf 88' lang='lat' dir='ltr'><strong>Verbo</strong></span> <span class='ocrx_word' id='word_1_516' title='bbox 1311 4269 1591 4322; x_wconf 88' lang='lat' dir='ltr'><strong>uniretur?</strong></span> <span class='ocrx_word' id='word_1_517' title='bbox 1625 4266 1763 4321; x_wconf 86' lang='lat' dir='ltr'><strong>Num</strong></span> <span class='ocrx_word' id='word_1_518' title='bbox 1804 4270 1967 4338; x_wconf 86' lang='lat' dir='ltr'><strong>igitur</strong></span> 
     </span>
    </p>
   </div>
   <div class='ocr_carea' id='block_1_67' title="bbox 399 4339 1966 4407">
    <p class='ocr_par' dir='ltr' id='par_1_67' title="bbox 399 4339 1966 4407">
     <span class='ocr_line' id='line_1_69' title="bbox 399 4339 1966 4407; baseline 0.003 -19"><span class='ocrx_word' id='word_1_519' title='bbox 399 4350 581 4390; x_wconf 89' lang='lat' dir='ltr'><strong>secum</strong></span> <span class='ocrx_word' id='word_1_520' title='bbox 637 4353 874 4406; x_wconf 80' lang='lat' dir='ltr'><strong>pugnare</strong></span> <span class='ocrx_word' id='word_1_521' title='bbox 944 4340 1187 4393; x_wconf 89' lang='lat' dir='ltr'><strong>dicemus</strong></span> <span class='ocrx_word' id='word_1_522' title='bbox 1227 4339 1549 4407; x_wconf 88' lang='lat' dir='ltr'><strong>Origenem,</strong></span> <span class='ocrx_word' id='word_1_523' title='bbox 1595 4348 1687 4391; x_wconf 89' lang='lat' dir='ltr'><strong>aut</strong></span> <span class='ocrx_word' id='word_1_524' title='bbox 1734 4352 1800 4391; x_wconf 81' lang='lat' dir='ltr'><strong>ex</strong></span> <span class='ocrx_word' id='word_1_525' title='bbox 1846 4339 1966 4406; x_wconf 89' lang='lat' dir='ltr'><strong>ejus</strong></span> 
     </span>
    </p>
   </div>
   <div class='ocr_carea' id='block_1_68' title="bbox 398 4408 1966 4480">
    <p class='ocr_par' dir='ltr' id='par_1_68' title="bbox 398 4408 1966 4480">
     <span class='ocr_line' id='line_1_70' title="bbox 398 4408 1966 4480; baseline 0.003 -22"><span class='ocrx_word' id='word_1_526' title='bbox 398 4418 655 4480; x_wconf 75' lang='lat' dir='ltr'><strong>contextu</strong></span> <span class='ocrx_word' id='word_1_527' title='bbox 704 4423 1070 4480; x_wconf 82' lang='lat' dir='ltr'><strong>expuugemus</strong></span> <span class='ocrx_word' id='word_1_528' title='bbox 1107 4410 1258 4480; x_wconf 81' lang='lat' dir='ltr'><strong>quod</strong></span> <span class='ocrx_word' id='word_1_529' title='bbox 1297 4410 1409 4473; x_wconf 90' lang='lat' dir='ltr'><strong>ait,</strong></span> <span class='ocrx_word' id='word_1_530' title='bbox 1461 4426 1479 4458; x_wconf 85' lang='grc'><em>‹</em></span> <span class='ocrx_word' id='word_1_531' title='bbox 1506 4408 1810 4462; x_wconf 90' lang='lat' dir='ltr'><strong>dilectionis</strong></span> <span class='ocrx_word' id='word_1_532' title='bbox 1849 4424 1966 4480; x_wconf 45' lang='lat' dir='ltr'><strong>perf</strong></span> 
     </span>
    </p>
   </div>
   <div class='ocr_carea' id='block_1_69' title="bbox 400 4469 2043 4534">
    <p class='ocr_par' dir='ltr' id='par_1_69' title="bbox 400 4469 2043 4534">
     <span class='ocr_line' id='line_1_71' title="bbox 400 4469 2043 4534; baseline 0.003 -6"><span class='ocrx_word' id='word_1_533' title='bbox 400 4478 691 4531; x_wconf 84' lang='lat' dir='ltr'><strong>lectionem</strong></span> <span class='ocrx_word' id='word_1_534' title='bbox 738 4469 800 4533; x_wconf 79' lang='lat' dir='ltr'><strong>ac</strong></span> <span class='ocrx_word' id='word_1_535' title='bbox 840 4469 1017 4534; x_wconf 67' lang='lat' dir='ltr'><strong>uiériti</strong></span> <span class='ocrx_word' id='word_1_536' title='bbox 1061 4469 1286 4533; x_wconf 73' lang='lat' dir='ltr'><strong>allectus</strong></span> <span class='ocrx_word' id='word_1_537' title='bbox 1332 4469 1700 4532; x_wconf 85' lang='lat' dir='ltr'><strong>sinceritatem</strong></span> <span class='ocrx_word' id='word_1_538' title='bbox 1740 4469 1881 4533; x_wconf 80' lang='lat' dir='ltr'><strong>hanc</strong></span> <span class='ocrx_word' id='word_1_539' title='bbox 1914 4478 1965 4533; x_wconf 91' lang='lat' dir='ltr'><strong>ei</strong></span> <span class='ocrx_word' id='word_1_540' title='bbox 2000 4469 2043 4524; x_wconf 79' lang='grc' dir='ltr'><strong>Ι)</strong></span> 
     </span>
    </p>
   </div>
   <div class='ocr_carea' id='block_1_70' title="bbox 399 4546 1969 4617">
    <p class='ocr_par' dir='ltr' id='par_1_70' title="bbox 399 4546 1969 4617">
     <span class='ocr_line' id='line_1_72' title="bbox 399 4546 1969 4617; baseline 0.003 -19"><span class='ocrx_word' id='word_1_541' title='bbox 399 4546 810 4616; x_wconf 88' lang='lat' dir='ltr'><strong>inseparabilem</strong></span> <span class='ocrx_word' id='word_1_542' title='bbox 854 4566 976 4603; x_wconf 87' lang='lat' dir='ltr'><strong>cuin</strong></span> <span class='ocrx_word' id='word_1_543' title='bbox 1023 4552 1130 4617; x_wconf 87' lang='lat' dir='ltr'><strong>Deo</strong></span> <span class='ocrx_word' id='word_1_544' title='bbox 1194 4550 1387 4603; x_wconf 75' lang='lat' dir='ltr'><strong>fecisse</strong></span> <span class='ocrx_word' id='word_1_545' title='bbox 1435 4550 1734 4612; x_wconf 83' lang='lat' dir='ltr'><strong>unitatem;</strong></span> <span class='ocrx_word' id='word_1_546' title='bbox 1783 4551 1852 4601; x_wconf 90' lang='lat' dir='ltr'><strong>ita</strong></span> <span class='ocrx_word' id='word_1_547' title='bbox 1910 4561 1969 4603; x_wconf 93' lang='lat' dir='ltr'><strong>ut</strong></span> 
     </span>
    </p>
   </div>
   <div class='ocr_carea' id='block_1_71' title="bbox 398 4618 1968 4688">
    <p class='ocr_par' dir='ltr' id='par_1_71' title="bbox 398 4618 1968 4688">
     <span class='ocr_line' id='line_1_73' title="bbox 398 4618 1968 4688; baseline 0.003 -20"><span class='ocrx_word' id='word_1_548' title='bbox 398 4630 506 4688; x_wconf 87' lang='lat' dir='ltr'><strong>non</strong></span> <span class='ocrx_word' id='word_1_549' title='bbox 552 4618 769 4671; x_wconf 80' lang='lat' dir='ltr'><strong>fortuita</strong></span> <span class='ocrx_word' id='word_1_550' title='bbox 815 4619 1005 4684; x_wconf 80' lang='lat' dir='ltr'><strong>fuerit,</strong></span> <span class='ocrx_word' id='word_1_551' title='bbox 1054 4631 1146 4674; x_wconf 89' lang='lat' dir='ltr'><strong>aut</strong></span> <span class='ocrx_word' id='word_1_552' title='bbox 1188 4635 1309 4675; x_wconf 90' lang='lat' dir='ltr'><strong>cum</strong></span> <span class='ocrx_word' id='word_1_553' title='bbox 1359 4634 1601 4688; x_wconf 75' lang='lat' dir='ltr'><strong>persona:</strong></span> <span class='ocrx_word' id='word_1_554' title='bbox 1655 4620 1968 4687; x_wconf 87' lang='lat' dir='ltr'><strong>acceptione</strong></span> 
     </span>
    </p>
   </div>
   <div class='ocr_carea' id='block_1_72' title="bbox 399 4687 1968 4759">
    <p class='ocr_par' dir='ltr' id='par_1_72' title="bbox 399 4687 1968 4759">
     <span class='ocr_line' id='line_1_74' title="bbox 399 4687 1968 4759; baseline 0.004 -23"><span class='ocrx_word' id='word_1_555' title='bbox 399 4687 737 4759; x_wconf 59' lang='lat' dir='ltr'><strong>auintmcjus</strong></span> <span class='ocrx_word' id='word_1_556' title='bbox 774 4691 1089 4759; x_wconf 83' lang='lat' dir='ltr'><strong>assumptio,</strong></span> <span class='ocrx_word' id='word_1_557' title='bbox 1120 4691 1213 4743; x_wconf 90' lang='lat' dir='ltr'><strong>sed</strong></span> <span class='ocrx_word' id='word_1_558' title='bbox 1241 4687 1496 4742; x_wconf 83' lang='lat' dir='ltr'><strong>virtutum</strong></span> <span class='ocrx_word' id='word_1_559' title='bbox 1528 4704 1749 4742; x_wconf 88' lang='lat' dir='ltr'><strong>suarum</strong></span> <span class='ocrx_word' id='word_1_560' title='bbox 1784 4691 1831 4742; x_wconf 88' lang='lat' dir='ltr'><strong>ei</strong></span> <span class='ocrx_word' id='word_1_561' title='bbox 1864 4705 1968 4742; x_wconf 84' lang='lat' dir='ltr'><strong>tne-</strong></span> 
     </span>
    </p>
   </div>
   <div class='ocr_carea' id='block_1_73' title="bbox 400 4756 1968 4829">
    <p class='ocr_par' dir='ltr' id='par_1_73' title="bbox 400 4756 1968 4829">
     <span class='ocr_line' id='line_1_75' title="bbox 400 4756 1968 4829; baseline 0.004 -21"><span class='ocrx_word' id='word_1_562' title='bbox 400 4757 505 4829; x_wconf 89' lang='lat' dir='ltr'><strong>rito</strong></span> <span class='ocrx_word' id='word_1_563' title='bbox 530 4756 746 4811; x_wconf 77' lang='lat' dir='ltr'><strong>delata?</strong></span> <span class='ocrx_word' id='word_1_564' title='bbox 774 4778 791 4810; x_wconf 74' lang='grc' dir='ltr'><strong>ι</strong></span> <span class='ocrx_word' id='word_1_565' title='bbox 829 4756 1084 4814; x_wconf 78' lang='lat' dir='ltr'><strong>Neutrum</strong></span> <span class='ocrx_word' id='word_1_566' title='bbox 1113 4760 1361 4829; x_wconf 89' lang='lat' dir='ltr'><strong>equidem</strong></span> <span class='ocrx_word' id='word_1_567' title='bbox 1387 4760 1711 4814; x_wconf 89' lang='lat' dir='ltr'><strong>crediderim</strong></span> <span class='ocrx_word' id='word_1_568' title='bbox 1741 4772 1756 4812; x_wconf 88' lang='lat'><strong>:</strong></span> <span class='ocrx_word' id='word_1_569' title='bbox 1796 4774 1968 4829; x_wconf 87' lang='lat' dir='ltr'><strong>neque</strong></span> 
     </span>
    </p>
   </div>
   <div class='ocr_carea' id='block_1_74' title="bbox 398 4828 1968 4900">
    <p class='ocr_par' dir='ltr' id='par_1_74' title="bbox 398 4828 1968 4900">
     <span class='ocr_line' id='line_1_76' title="bbox 398 4828 1968 4900; baseline 0.004 -23"><span class='ocrx_word' id='word_1_570' title='bbox 398 4828 541 4879; x_wconf 90' lang='lat' dir='ltr'><strong>enim</strong></span> <span class='ocrx_word' id='word_1_571' title='bbox 590 4829 704 4883; x_wconf 65' lang='lat' dir='ltr'><strong>haec</strong></span> <span class='ocrx_word' id='word_1_572' title='bbox 751 4832 914 4884; x_wconf 86' lang='lat' dir='ltr'><strong>verba</strong></span> <span class='ocrx_word' id='word_1_573' title='bbox 969 4832 1035 4884; x_wconf 90' lang='lat' dir='ltr'><strong>ab</strong></span> <span class='ocrx_word' id='word_1_574' title='bbox 1079 4828 1199 4896; x_wconf 84' lang='lat' dir='ltr'><strong>ejus</strong></span> <span class='ocrx_word' id='word_1_575' title='bbox 1258 4831 1532 4900; x_wconf 88' lang='lat' dir='ltr'><strong>proposito</strong></span> <span class='ocrx_word' id='word_1_576' title='bbox 1583 4828 1968 4883; x_wconf 30' lang='lat' dir='ltr'><strong>aberrant.’ld</strong></span> 
     </span>
    </p>
   </div>
   <div class='ocr_carea' id='block_1_75' title="bbox 400 4900 1968 4968">
    <p class='ocr_par' dir='ltr' id='par_1_75' title="bbox 400 4900 1968 4968">
     <span class='ocr_line' id='line_1_77' title="bbox 400 4900 1968 4968; baseline 0.004 -21"><span class='ocrx_word' id='word_1_577' title='bbox 400 4910 587 4968; x_wconf 79' lang='lat' dir='ltr'><strong>unum,</strong></span> <span class='ocrx_word' id='word_1_578' title='bbox 614 4911 669 4950; x_wconf 91' lang='lat' dir='ltr'><strong>ut</strong></span> <span class='ocrx_word' id='word_1_579' title='bbox 698 4900 810 4968; x_wconf 88' lang='lat' dir='ltr'><strong>jam</strong></span> <span class='ocrx_word' id='word_1_580' title='bbox 846 4900 980 4964; x_wconf 83' lang='lat' dir='ltr'><strong>dixi,</strong></span> <span class='ocrx_word' id='word_1_581' title='bbox 1027 4910 1200 4966; x_wconf 86' lang='lat' dir='ltr'><strong>cavet,</strong></span> <span class='ocrx_word' id='word_1_582' title='bbox 1252 4917 1317 4954; x_wconf 91' lang='lat' dir='ltr'><strong>ne</strong></span> <span class='ocrx_word' id='word_1_583' title='bbox 1347 4902 1467 4968; x_wconf 85' lang='lat' dir='ltr'><strong>quis</strong></span> <span class='ocrx_word' id='word_1_584' title='bbox 1499 4901 1733 4954; x_wconf 88' lang='lat' dir='ltr'><strong>animam</strong></span> <span class='ocrx_word' id='word_1_585' title='bbox 1764 4900 1968 4955; x_wconf 80' lang='lat' dir='ltr'><strong>Christi</strong></span> 
     </span>
    </p>
   </div>
   <div class='ocr_carea' id='block_1_76' title="bbox 398 4964 1969 5040">
    <p class='ocr_par' dir='ltr' id='par_1_76' title="bbox 398 4964 1969 5040">
     <span class='ocr_line' id='line_1_78' title="bbox 398 4964 1969 5040; baseline 0.003 -21"><span class='ocrx_word' id='word_1_586' title='bbox 398 4964 452 5019; x_wconf 88' lang='lat' dir='ltr'><strong>in</strong></span> <span class='ocrx_word' id='word_1_587' title='bbox 487 4969 674 5020; x_wconf 85' lang='lat' dir='ltr'><strong>eodem</strong></span> <span class='ocrx_word' id='word_1_588' title='bbox 699 4964 781 5023; x_wconf 59' lang='lat' dir='ltr'><strong>&#39;ac</strong></span> <span class='ocrx_word' id='word_1_589' title='bbox 811 4970 943 5023; x_wconf 90' lang='lat' dir='ltr'><strong>alias</strong></span> <span class='ocrx_word' id='word_1_590' title='bbox 974 4979 1116 5023; x_wconf 90' lang='lat' dir='ltr'><strong>statu</strong></span> <span class='ocrx_word' id='word_1_591' title='bbox 1159 4964 1447 5040; x_wconf 81' lang='lat' dir='ltr'><strong>aliquando</strong></span> <span class='ocrx_word' id='word_1_592' title='bbox 1476 4969 1664 5035; x_wconf 79' lang='lat' dir='ltr'><strong>fuisse,</strong></span> <span class='ocrx_word' id='word_1_593' title='bbox 1696 4980 1749 5025; x_wconf 92' lang='lat' dir='ltr'><strong>et</strong></span> <span class='ocrx_word' id='word_1_594' title='bbox 1782 4986 1847 5024; x_wconf 86' lang='lat' dir='ltr'><strong>ex</strong></span> <span class='ocrx_word' id='word_1_595' title='bbox 1878 4986 1969 5025; x_wconf 90' lang='lat' dir='ltr'><strong>ea-</strong></span> 
     </span>
    </p>
   </div>
   <div class='ocr_carea' id='block_1_77' title="bbox 398 5041 1968 5112">
    <p class='ocr_par' dir='ltr' id='par_1_77' title="bbox 398 5041 1968 5112">
     <span class='ocr_line' id='line_1_79' title="bbox 398 5041 1968 5112; baseline 0.004 -26"><span class='ocrx_word' id='word_1_596' title='bbox 398 5050 519 5112; x_wconf 63' lang='lat' dir='ltr'><strong>rum</strong></span> <span class='ocrx_word' id='word_1_597' title='bbox 571 5054 793 5093; x_wconf 86' lang='lat' dir='ltr'><strong>numero</strong></span> <span class='ocrx_word' id='word_1_598' title='bbox 842 5043 908 5093; x_wconf 84' lang='lat' dir='ltr'><strong>ad</strong></span> <span class='ocrx_word' id='word_1_599' title='bbox 957 5043 1212 5112; x_wconf 79' lang='lat' dir='ltr'><strong>unionem</strong></span> <span class='ocrx_word' id='word_1_600' title='bbox 1280 5044 1674 5112; x_wconf 87' lang='lat' dir='ltr'><strong>hypostaticam</strong></span> <span class='ocrx_word' id='word_1_601' title='bbox 1742 5041 1968 5112; x_wconf 77' lang='lat' dir='ltr'><strong>electam</strong></span> 
     </span>
    </p>
   </div>
   <div class='ocr_carea' id='block_1_78' title="bbox 398 5104 1968 5178">
    <p class='ocr_par' dir='ltr' id='par_1_78' title="bbox 398 5104 1968 5178">
     <span class='ocr_line' id='line_1_80' title="bbox 398 5104 1968 5178; baseline 0.004 -21"><span class='ocrx_word' id='word_1_602' title='bbox 398 5104 567 5159; x_wconf 80' lang='lat' dir='ltr'><strong>fuisse</strong></span> <span class='ocrx_word' id='word_1_603' title='bbox 613 5112 931 5178; x_wconf 88' lang='lat' dir='ltr'><strong>suspicetur.</strong></span> <span class='ocrx_word' id='word_1_604' title='bbox 982 5110 1106 5165; x_wconf 65' lang='lat' dir='ltr'><strong>Haec</strong></span> <span class='ocrx_word' id='word_1_605' title='bbox 1150 5104 1493 5167; x_wconf 48' lang='lat' dir='ltr'><strong>electio-non</strong></span> <span class='ocrx_word' id='word_1_606' title='bbox 1541 5112 1712 5166; x_wconf 90' lang='lat' dir='ltr'><strong>solum</strong></span> <span class='ocrx_word' id='word_1_607' title='bbox 1746 5110 1968 5165; x_wconf 85' lang='lat' dir='ltr'><strong>fortuita</strong></span> 
     </span>
    </p>
   </div>
   <div class='ocr_carea' id='block_1_79' title="bbox 396 5182 1969 5254">
    <p class='ocr_par' dir='ltr' id='par_1_79' title="bbox 396 5182 1969 5254">
     <span class='ocr_line' id='line_1_81' title="bbox 396 5182 1969 5254; baseline 0.006 -27"><span class='ocrx_word' id='word_1_608' title='bbox 396 5184 455 5254; x_wconf 78' lang='lat' dir='ltr'><strong>et</strong></span> <span class='ocrx_word' id='word_1_609' title='bbox 483 5192 614 5254; x_wconf 86' lang='lat' dir='ltr'><strong>cum_</strong></span> <span class='ocrx_word' id='word_1_610' title='bbox 638 5196 989 5254; x_wconf 67' lang='lat' dir='ltr'><strong>personarum</strong></span> <span class='ocrx_word' id='word_1_611' title='bbox 1037 5183 1345 5254; x_wconf 69' lang='lat' dir='ltr'><strong>accaptione</strong></span> <span class='ocrx_word' id='word_1_612' title='bbox 1376 5182 1514 5236; x_wconf 82' lang='lat' dir='ltr'><strong>facta</strong></span> <span class='ocrx_word' id='word_1_613' title='bbox 1545 5184 1845 5254; x_wconf 82' lang='lat' dir='ltr'><strong>videretur,</strong></span> <span class='ocrx_word' id='word_1_614' title='bbox 1873 5182 1969 5236; x_wconf 85' lang='lat' dir='ltr'><strong>sed</strong></span> 
     </span>
    </p>
   </div>
   <div class='ocr_carea' id='block_1_80' title="bbox 399 5248 1968 5324">
    <p class='ocr_par' dir='ltr' id='par_1_80' title="bbox 399 5248 1968 5324">
     <span class='ocr_line' id='line_1_82' title="bbox 399 5248 1968 5324; baseline 0.005 -27"><span class='ocrx_word' id='word_1_615' title='bbox 399 5248 517 5324; x_wconf 69' lang='lat' dir='ltr'><strong>ipsa</strong></span> <span class='ocrx_word' id='word_1_616' title='bbox 546 5248 706 5301; x_wconf 88' lang='lat' dir='ltr'><strong>etiam</strong></span> <span class='ocrx_word' id='word_1_617' title='bbox 739 5252 931 5324; x_wconf 87' lang='lat' dir='ltr'><strong>anima</strong></span> <span class='ocrx_word' id='word_1_618' title='bbox 960 5262 1104 5305; x_wconf 87' lang='lat' dir='ltr'><strong>esset</strong></span> <span class='ocrx_word' id='word_1_619' title='bbox 1139 5248 1506 5324; x_wconf 82' lang='lat' dir='ltr'><strong>indignissima</strong></span> <span class='ocrx_word' id='word_1_620' title='bbox 1544 5252 1646 5306; x_wconf 87' lang='lat' dir='ltr'><strong>hac</strong></span> <span class='ocrx_word' id='word_1_621' title='bbox 1682 5253 1968 5306; x_wconf 85' lang='lat' dir='ltr'><strong>electione.</strong></span> 
     </span>
    </p>
   </div>
   <div class='ocr_carea' id='block_1_81' title="bbox 398 5314 1972 5392">
    <p class='ocr_par' dir='ltr' id='par_1_81' title="bbox 398 5314 1972 5392">
     <span class='ocr_line' id='line_1_83' title="bbox 398 5314 1972 5392; baseline 0.004 -23"><span class='ocrx_word' id='word_1_622' title='bbox 398 5314 533 5370; x_wconf 84' lang='lat' dir='ltr'><strong>Nam</strong></span> <span class='ocrx_word' id='word_1_623' title='bbox 578 5332 641 5392; x_wconf 76' lang='lat' dir='ltr'><strong>ex</strong></span> <span class='ocrx_word' id='word_1_624' title='bbox 682 5324 880 5375; x_wconf 90' lang='lat' dir='ltr'><strong>unione</strong></span> <span class='ocrx_word' id='word_1_625' title='bbox 924 5314 1280 5392; x_wconf 53' lang='lat' dir='ltr'><strong>hypostatica&#39;</strong></span> <span class='ocrx_word' id='word_1_626' title='bbox 1297 5323 1454 5377; x_wconf 89' lang='lat' dir='ltr'><strong>Verbi</strong></span> <span class='ocrx_word' id='word_1_627' title='bbox 1498 5337 1619 5376; x_wconf 91' lang='lat' dir='ltr'><strong>cunt</strong></span> <span class='ocrx_word' id='word_1_628' title='bbox 1668 5325 1847 5376; x_wconf 89' lang='lat' dir='ltr'><strong>anima</strong></span> <span class='ocrx_word' id='word_1_629' title='bbox 1878 5331 1972 5375; x_wconf 90' lang='lat' dir='ltr'><strong>aut</strong></span> 
     </span>
    </p>
   </div>
   <div class='ocr_carea' id='block_1_82' title="bbox 399 5390 1968 5462">
    <p class='ocr_par' dir='ltr' id='par_1_82' title="bbox 399 5390 1968 5462">
     <span class='ocr_line' id='line_1_84' title="bbox 399 5390 1968 5462; baseline 0.003 -22"><span class='ocrx_word' id='word_1_630' title='bbox 399 5390 704 5455; x_wconf 84' lang='lat' dir='ltr'><strong>peccatriee</strong></span> <span class='ocrx_word' id='word_1_631' title='bbox 744 5390 1001 5462; x_wconf 13' lang='lat' dir='ltr'><strong>autgqua:</strong></span> <span class='ocrx_word' id='word_1_632' title='bbox 1032 5408 1257 5462; x_wconf 86' lang='lat' dir='ltr'><strong>peccare</strong></span> <span class='ocrx_word' id='word_1_633' title='bbox 1297 5404 1353 5447; x_wconf 90' lang='lat' dir='ltr'><strong>et</strong></span> <span class='ocrx_word' id='word_1_634' title='bbox 1395 5394 1638 5447; x_wconf 88' lang='lat' dir='ltr'><strong>damnari</strong></span> <span class='ocrx_word' id='word_1_635' title='bbox 1685 5394 1968 5461; x_wconf 82' lang='lat' dir='ltr'><strong>pomisset,</strong></span> 
     </span>
    </p>
   </div>
   <div class='ocr_carea' id='block_1_83' title="bbox 398 5460 1973 5527">
    <p class='ocr_par' dir='ltr' id='par_1_83' title="bbox 398 5460 1973 5527">
     <span class='ocr_line' id='line_1_85' title="bbox 398 5460 1973 5527; baseline 0.004 -17"><span class='ocrx_word' id='word_1_636' title='bbox 398 5470 720 5527; x_wconf 84' lang='lat' dir='ltr'><strong>sequeretur</strong></span> <span class='ocrx_word' id='word_1_637' title='bbox 751 5463 817 5517; x_wconf 91' lang='lat' dir='ltr'><strong>de</strong></span> <span class='ocrx_word' id='word_1_638' title='bbox 846 5460 1124 5518; x_wconf 51' lang='lat' dir='ltr'><strong>Verbo&#39;sic</strong></span> <span class='ocrx_word' id='word_1_639' title='bbox 1157 5466 1205 5519; x_wconf 92' lang='lat' dir='ltr'><strong>ei</strong></span> <span class='ocrx_word' id='word_1_640' title='bbox 1246 5465 1418 5527; x_wconf 88' lang='lat' dir='ltr'><strong>unito,</strong></span> <span class='ocrx_word' id='word_1_641' title='bbox 1454 5464 1592 5518; x_wconf 88' lang='lat' dir='ltr'><strong>idem</strong></span> <span class='ocrx_word' id='word_1_642' title='bbox 1624 5460 1693 5518; x_wconf 87' lang='lat' dir='ltr'><strong>ob</strong></span> <span class='ocrx_word' id='word_1_643' title='bbox 1728 5478 1973 5517; x_wconf 91' lang='lat' dir='ltr'><strong>commu-</strong></span> 
     </span>
    </p>
   </div>
   <div class='ocr_carea' id='block_1_84' title="bbox 399 5529 1971 5606">
    <p class='ocr_par' dir='ltr' id='par_1_84' title="bbox 399 5529 1971 5606">
     <span class='ocr_line' id='line_1_86' title="bbox 399 5529 1971 5606; baseline 0.004 -26"><span class='ocrx_word' id='word_1_644' title='bbox 399 5529 615 5606; x_wconf 81' lang='lat' dir='ltr'><strong>nionem</strong></span> <span class='ocrx_word' id='word_1_645' title='bbox 649 5532 960 5606; x_wconf 74' lang='lat' dir='ltr'><strong>idiomatutn</strong></span> <span class='ocrx_word' id='word_1_646' title='bbox 987 5535 1088 5606; x_wconf 86' lang='lat' dir='ltr'><strong>dici</strong></span> <span class='ocrx_word' id='word_1_647' title='bbox 1123 5549 1299 5604; x_wconf 90' lang='lat' dir='ltr'><strong>posse.</strong></span> <span class='ocrx_word' id='word_1_648' title='bbox 1328 5533 1498 5606; x_wconf 84' lang='lat' dir='ltr'><strong>Negat</strong></span> <span class='ocrx_word' id='word_1_649' title='bbox 1525 5534 1688 5601; x_wconf 88' lang='lat' dir='ltr'><strong>igitur</strong></span> <span class='ocrx_word' id='word_1_650' title='bbox 1708 5536 1971 5602; x_wconf 82' lang='lat' dir='ltr'><strong>Origenes</strong></span> 
     </span>
    </p>
   </div>
   <div class='ocr_carea' id='block_1_85' title="bbox 396 5601 1971 5673">
    <p class='ocr_par' dir='ltr' id='par_1_85' title="bbox 396 5601 1971 5673">
     <span class='ocr_line' id='line_1_87' title="bbox 396 5601 1971 5673; baseline 0.004 -24"><span class='ocrx_word' id='word_1_651' title='bbox 396 5601 633 5673; x_wconf 85' lang='lat' dir='ltr'><strong>animam</strong></span> <span class='ocrx_word' id='word_1_652' title='bbox 670 5602 871 5658; x_wconf 88' lang='lat' dir='ltr'><strong>Christi</strong></span> <span class='ocrx_word' id='word_1_653' title='bbox 921 5601 1167 5663; x_wconf 74' lang='lat' dir='ltr'><strong>fortuito,</strong></span> <span class='ocrx_word' id='word_1_654' title='bbox 1190 5613 1283 5658; x_wconf 85' lang='lat' dir='ltr'><strong>aut</strong></span> <span class='ocrx_word' id='word_1_655' title='bbox 1320 5601 1442 5660; x_wconf 79' lang='lat' dir='ltr'><strong>cum</strong></span> <span class='ocrx_word' id='word_1_656' title='bbox 1491 5601 1846 5673; x_wconf 85' lang='lat' dir='ltr'><strong>personarum</strong></span> <span class='ocrx_word' id='word_1_657' title='bbox 1881 5619 1971 5656; x_wconf 84' lang='lat' dir='ltr'><strong>ac-</strong></span> 
     </span>
    </p>
   </div>
   <div class='ocr_carea' id='block_1_86' title="bbox 396 5671 1975 5746">
    <p class='ocr_par' dir='ltr' id='par_1_86' title="bbox 396 5671 1975 5746">
     <span class='ocr_line' id='line_1_88' title="bbox 396 5671 1975 5746; baseline 0.005 -25"><span class='ocrx_word' id='word_1_658' title='bbox 396 5671 664 5746; x_wconf 77' lang='lat' dir='ltr'><strong>ceptione,</strong></span> <span class='ocrx_word' id='word_1_659' title='bbox 696 5674 747 5726; x_wconf 91' lang='lat' dir='ltr'><strong>id</strong></span> <span class='ocrx_word' id='word_1_660' title='bbox 779 5684 883 5738; x_wconf 85' lang='lat' dir='ltr'><strong>est,</strong></span> <span class='ocrx_word' id='word_1_661' title='bbox 912 5689 979 5730; x_wconf 68' lang='lat' dir='ltr'><strong>ex</strong></span> <span class='ocrx_word' id='word_1_662' title='bbox 1014 5691 1245 5730; x_wconf 88' lang='lat' dir='ltr'><strong>numero</strong></span> <span class='ocrx_word' id='word_1_663' title='bbox 1270 5671 1527 5731; x_wconf 83' lang='lat' dir='ltr'><strong>similium</strong></span> <span class='ocrx_word' id='word_1_664' title='bbox 1575 5678 1975 5746; x_wconf 79' lang='lat' dir='ltr'><strong>animaruinet</strong></span> 
     </span>
    </p>
   </div>
   <div class='ocr_carea' id='block_1_87' title="bbox 396 5743 1968 5815">
    <p class='ocr_par' dir='ltr' id='par_1_87' title="bbox 396 5743 1968 5815">
     <span class='ocr_line' id='line_1_89' title="bbox 396 5743 1968 5815; baseline 0.005 -24"><span class='ocrx_word' id='word_1_665' title='bbox 396 5743 450 5791; x_wconf 79' lang='lat' dir='ltr'><strong>ut</strong></span> <span class='ocrx_word' id='word_1_666' title='bbox 480 5743 671 5797; x_wconf 86' lang='lat' dir='ltr'><strong>eodem</strong></span> <span class='ocrx_word' id='word_1_667' title='bbox 716 5754 859 5800; x_wconf 86' lang='lat' dir='ltr'><strong>statu</strong></span> <span class='ocrx_word' id='word_1_668' title='bbox 890 5746 1267 5803; x_wconf 81' lang='lat' dir='ltr'><strong>exsisteutium</strong></span> <span class='ocrx_word' id='word_1_669' title='bbox 1302 5746 1552 5814; x_wconf 82' lang='lat' dir='ltr'><strong>electam,</strong></span> <span class='ocrx_word' id='word_1_670' title='bbox 1588 5748 1824 5815; x_wconf 84' lang='lat' dir='ltr'><strong>gratuito</strong></span> <span class='ocrx_word' id='word_1_671' title='bbox 1856 5745 1968 5800; x_wconf 84' lang='lat' dir='ltr'><strong>ele-</strong></span> 
     </span>
    </p>
   </div>
   <div class='ocr_carea' id='block_1_88' title="bbox 2070 1816 3664 1886">
    <p class='ocr_par' dir='ltr' id='par_1_88' title="bbox 2070 1816 3664 1886">
     <span class='ocr_line' id='line_1_90' title="bbox 2070 1816 3664 1886; baseline 0 -15"><span class='ocrx_word' id='word_1_672' title='bbox 2070 1832 2192 1871; x_wconf 87' lang='lat' dir='ltr'><strong>cmn</strong></span> <span class='ocrx_word' id='word_1_673' title='bbox 2227 1816 2545 1871; x_wconf 90' lang='lat' dir='ltr'><strong>electionem</strong></span> <span class='ocrx_word' id='word_1_674' title='bbox 2590 1832 2657 1870; x_wconf 88' lang='lat' dir='ltr'><strong>ex</strong></span> <span class='ocrx_word' id='word_1_675' title='bbox 2700 1818 2892 1871; x_wconf 87' lang='lat' dir='ltr'><strong>merito</strong></span> <span class='ocrx_word' id='word_1_676' title='bbox 2937 1818 3168 1886; x_wconf 83' lang='lat' dir='ltr'><strong>repetit,</strong></span> <span class='ocrx_word' id='word_1_677' title='bbox 3214 1818 3393 1870; x_wconf 92' lang='lat' dir='ltr'><strong>meriti</strong></span> <span class='ocrx_word' id='word_1_678' title='bbox 3420 1816 3664 1872; x_wconf 76' lang='lat' dir='ltr'><strong>nomine</strong></span> 
     </span>
    </p>
   </div>
   <div class='ocr_carea' id='block_1_89' title="bbox 2070 1886 3663 1957">
    <p class='ocr_par' dir='ltr' id='par_1_89' title="bbox 2070 1886 3663 1957">
     <span class='ocr_line' id='line_1_91' title="bbox 2070 1886 3663 1957; baseline 0.002 -17"><span class='ocrx_word' id='word_1_679' title='bbox 2070 1901 2174 1940; x_wconf 91' lang='lat' dir='ltr'><strong>non</strong></span> <span class='ocrx_word' id='word_1_680' title='bbox 2205 1886 2464 1953; x_wconf 71' lang='lat' dir='ltr'><strong>praeclare</strong></span> <span class='ocrx_word' id='word_1_681' title='bbox 2513 1886 2656 1940; x_wconf 77' lang='lat' dir='ltr'><strong>facta</strong></span> <span class='ocrx_word' id='word_1_682' title='bbox 2705 1896 2829 1940; x_wconf 87' lang='lat' dir='ltr'><strong>ante</strong></span> <span class='ocrx_word' id='word_1_683' title='bbox 2859 1886 3177 1940; x_wconf 90' lang='lat' dir='ltr'><strong>electionem</strong></span> <span class='ocrx_word' id='word_1_684' title='bbox 3228 1888 3523 1957; x_wconf 87' lang='lat' dir='ltr'><strong>intelligit,</strong></span> <span class='ocrx_word' id='word_1_685' title='bbox 3567 1890 3663 1943; x_wconf 82' lang='lat' dir='ltr'><strong>sed</strong></span> 
     </span>
    </p>
   </div>
   <div class='ocr_carea' id='block_1_90' title="bbox 2070 1956 3663 2025">
    <p class='ocr_par' dir='ltr' id='par_1_90' title="bbox 2070 1956 3663 2025">
     <span class='ocr_line' id='line_1_92' title="bbox 2070 1956 3663 2025; baseline 0.002 -16"><span class='ocrx_word' id='word_1_686' title='bbox 2070 1957 2215 2010; x_wconf 86' lang='lat' dir='ltr'><strong>illam</strong></span> <span class='ocrx_word' id='word_1_687' title='bbox 2252 1956 2749 2010; x_wconf 89' lang='lat' dir='ltr'><strong>itnmulabilitatent</strong></span> <span class='ocrx_word' id='word_1_688' title='bbox 2789 1967 2843 2011; x_wconf 88' lang='lat' dir='ltr'><strong>et</strong></span> <span class='ocrx_word' id='word_1_689' title='bbox 2873 1957 3311 2023; x_wconf 87' lang='lat' dir='ltr'><strong>impeccautiam,</strong></span> <span class='ocrx_word' id='word_1_690' title='bbox 3349 1973 3479 2025; x_wconf 61' lang='lat' dir='ltr'><strong>qum</strong></span> <span class='ocrx_word' id='word_1_691' title='bbox 3518 1960 3569 2011; x_wconf 86' lang='lat' dir='ltr'><strong>ei</strong></span> <span class='ocrx_word' id='word_1_692' title='bbox 3611 1961 3663 2013; x_wconf 87' lang='lat' dir='ltr'><strong>in</strong></span> 
     </span>
    </p>
   </div>
   <div class='ocr_carea' id='block_1_91' title="bbox 2070 2025 3663 2094">
    <p class='ocr_par' dir='ltr' id='par_1_91' title="bbox 2070 2025 3663 2094">
     <span class='ocr_line' id='line_1_93' title="bbox 2070 2025 3663 2094; baseline 0.001 -16"><span class='ocrx_word' id='word_1_693' title='bbox 2070 2026 2363 2080; x_wconf 89' lang='lat' dir='ltr'><strong>creationis</strong></span> <span class='ocrx_word' id='word_1_694' title='bbox 2397 2035 2671 2080; x_wconf 91' lang='lat' dir='ltr'><strong>momento</strong></span> <span class='ocrx_word' id='word_1_695' title='bbox 2699 2029 2767 2080; x_wconf 92' lang='lat' dir='ltr'><strong>ob</strong></span> <span class='ocrx_word' id='word_1_696' title='bbox 2793 2030 3046 2080; x_wconf 82' lang='lat' dir='ltr'><strong>unionem</strong></span> <span class='ocrx_word' id='word_1_697' title='bbox 3080 2042 3198 2078; x_wconf 90' lang='lat' dir='ltr'><strong>cum</strong></span> <span class='ocrx_word' id='word_1_698' title='bbox 3226 2025 3408 2081; x_wconf 85' lang='lat' dir='ltr'><strong>Verbo</strong></span> <span class='ocrx_word' id='word_1_699' title='bbox 3434 2028 3663 2094; x_wconf 79' lang='lat' dir='ltr'><strong>collata,</strong></span> 
     </span>
    </p>
   </div>
   <div class='ocr_carea' id='block_1_92' title="bbox 2067 2094 3669 2166">
    <p class='ocr_par' dir='ltr' id='par_1_92' title="bbox 2067 2094 3669 2166">
     <span class='ocr_line' id='line_1_94' title="bbox 2067 2094 3669 2166; baseline 0.001 -17"><span class='ocrx_word' id='word_1_700' title='bbox 2067 2097 2287 2166; x_wconf 88' lang='lat' dir='ltr'><strong>dignam</strong></span> <span class='ocrx_word' id='word_1_701' title='bbox 2321 2094 2500 2150; x_wconf 73' lang='lat' dir='ltr'><strong>eﬂecit</strong></span> <span class='ocrx_word' id='word_1_702' title='bbox 2531 2111 2653 2165; x_wconf 62' lang='lat' dir='ltr'><strong>qua:</strong></span> <span class='ocrx_word' id='word_1_703' title='bbox 2692 2112 2816 2150; x_wconf 84' lang='lat' dir='ltr'><strong>cum</strong></span> <span class='ocrx_word' id='word_1_704' title='bbox 2852 2096 3028 2149; x_wconf 84' lang='lat' dir='ltr'><strong>Verbo</strong></span> <span class='ocrx_word' id='word_1_705' title='bbox 3063 2099 3330 2150; x_wconf 89' lang='lat' dir='ltr'><strong>uniretur.</strong></span> <span class='ocrx_word' id='word_1_706' title='bbox 3372 2098 3507 2152; x_wconf 60' lang='lat' dir='ltr'><strong>Haec</strong></span> <span class='ocrx_word' id='word_1_707' title='bbox 3546 2100 3669 2151; x_wconf 63' lang='lat' dir='ltr'><strong>illnc</strong></span> 
     </span>
    </p>
   </div>
   <div class='ocr_carea' id='block_1_93' title="bbox 2066 2167 3661 2234">
    <p class='ocr_par' dir='ltr' id='par_1_93' title="bbox 2066 2167 3661 2234">
     <span class='ocr_line' id='line_1_95' title="bbox 2066 2167 3661 2234; baseline 0.002 -14"><span class='ocrx_word' id='word_1_708' title='bbox 2066 2167 2227 2220; x_wconf 79' lang='lat' dir='ltr'><strong>atrari</strong></span> <span class='ocrx_word' id='word_1_709' title='bbox 2263 2176 2484 2230; x_wconf 90' lang='lat' dir='ltr'><strong>possunt</strong></span> <span class='ocrx_word' id='word_1_710' title='bbox 2510 2182 2577 2220; x_wconf 86' lang='lat' dir='ltr'><strong>ex</strong></span> <span class='ocrx_word' id='word_1_711' title='bbox 2612 2167 2696 2221; x_wconf 93' lang='lat' dir='ltr'><strong>his</strong></span> <span class='ocrx_word' id='word_1_712' title='bbox 2718 2182 2835 2234; x_wconf 78' lang='lat' dir='ltr'><strong>qua:</strong></span> <span class='ocrx_word' id='word_1_713' title='bbox 2858 2168 3019 2220; x_wconf 91' lang='lat' dir='ltr'><strong>docet</strong></span> <span class='ocrx_word' id='word_1_714' title='bbox 3048 2167 3271 2220; x_wconf 86' lang='lat' dir='ltr'><strong>llermas</strong></span> <span class='ocrx_word' id='word_1_715' title='bbox 3293 2168 3345 2219; x_wconf 92' lang='lat' dir='ltr'><strong>in</strong></span> <span class='ocrx_word' id='word_1_716' title='bbox 3374 2167 3540 2222; x_wconf 72' lang='lat' dir='ltr'><strong>Past.</strong></span> <span class='ocrx_word' id='word_1_717' title='bbox 3565 2170 3661 2223; x_wconf 91' lang='lat' dir='ltr'><strong>lib.</strong></span> 
     </span>
    </p>
   </div>
   <div class='ocr_carea' id='block_1_94' title="bbox 2071 2236 3666 2306">
    <p class='ocr_par' dir='ltr' id='par_1_94' title="bbox 2071 2236 3666 2306">
     <span class='ocr_line' id='line_1_96' title="bbox 2071 2236 3666 2306; baseline 0.004 -17"><span class='ocrx_word' id='word_1_718' title='bbox 2071 2251 2149 2298; x_wconf 89' lang='lat' dir='ltr'><strong>ni,</strong></span> <span class='ocrx_word' id='word_1_719' title='bbox 2172 2252 2222 2289; x_wconf 96' lang='lat' dir='ltr'><strong>c.</strong></span> <span class='ocrx_word' id='word_1_720' title='bbox 2246 2236 2300 2301; x_wconf 87' lang='lat'><strong>5,</strong></span> <span class='ocrx_word' id='word_1_721' title='bbox 2326 2252 2476 2290; x_wconf 92' lang='lat' dir='ltr'><strong>num.</strong></span> <span class='ocrx_word' id='word_1_722' title='bbox 2496 2237 2548 2301; x_wconf 87' lang='lat'><strong>6,</strong></span> <span class='ocrx_word' id='word_1_723' title='bbox 2581 2254 2601 2287; x_wconf 70' lang='grc' dir='ltr'><strong>ι</strong></span> <span class='ocrx_word' id='word_1_724' title='bbox 2628 2246 2985 2306; x_wconf 63' lang='grc' dir='ltr'><strong>ρῑωρπειιιιιη</strong></span> <span class='ocrx_word' id='word_1_725' title='bbox 3017 2252 3137 2290; x_wconf 88' lang='lat' dir='ltr'><strong>esse</strong></span> <span class='ocrx_word' id='word_1_726' title='bbox 3164 2252 3192 2290; x_wconf 89' lang='lat' dir='ltr'><strong>a</strong></span> <span class='ocrx_word' id='word_1_727' title='bbox 3221 2238 3436 2306; x_wconf 82' lang='lat' dir='ltr'><strong>Spiritu</strong></span> <span class='ocrx_word' id='word_1_728' title='bbox 3467 2250 3666 2295; x_wconf 85' lang='lat' dir='ltr'><strong>sancto</strong></span> 
     </span>
    </p>
   </div>
   <div class='ocr_carea' id='block_1_95' title="bbox 2069 2306 3663 2374">
    <p class='ocr_par' dir='ltr' id='par_1_95' title="bbox 2069 2306 3663 2374">
     <span class='ocr_line' id='line_1_97' title="bbox 2069 2306 3663 2374; baseline 0.004 -14"><span class='ocrx_word' id='word_1_729' title='bbox 2069 2306 2198 2360; x_wconf 91' lang='lat' dir='ltr'><strong>illud</strong></span> <span class='ocrx_word' id='word_1_730' title='bbox 2249 2322 2448 2373; x_wconf 90' lang='lat' dir='ltr'><strong>corpus</strong></span> <span class='ocrx_word' id='word_1_731' title='bbox 2491 2307 2544 2360; x_wconf 93' lang='lat' dir='ltr'><strong>in</strong></span> <span class='ocrx_word' id='word_1_732' title='bbox 2586 2320 2694 2374; x_wconf 92' lang='lat' dir='ltr'><strong>quo</strong></span> <span class='ocrx_word' id='word_1_733' title='bbox 2730 2306 2869 2361; x_wconf 91' lang='lat' dir='ltr'><strong>Deus</strong></span> <span class='ocrx_word' id='word_1_734' title='bbox 2908 2308 3196 2372; x_wconf 87' lang='lat' dir='ltr'><strong>habitaret,</strong></span> <span class='ocrx_word' id='word_1_735' title='bbox 3223 2326 3241 2359; x_wconf 77' lang='grc' dir='ltr'><strong>ι</strong></span> <span class='ocrx_word' id='word_1_736' title='bbox 3280 2319 3340 2361; x_wconf 83' lang='grc' dir='ltr'><strong>ιιι</strong></span> <span class='ocrx_word' id='word_1_737' title='bbox 3393 2309 3663 2365; x_wconf 78' lang='lat' dir='ltr'><strong>videlicet</strong></span> 
     </span>
    </p>
   </div>
   <div class='ocr_carea' id='block_1_96' title="bbox 2068 2377 3663 2447">
    <p class='ocr_par' dir='ltr' id='par_1_96' title="bbox 2068 2377 3663 2447">
     <span class='ocr_line' id='line_1_98' title="bbox 2068 2377 3663 2447; baseline 0.003 -17"><span class='ocrx_word' id='word_1_738' title='bbox 2068 2378 2286 2447; x_wconf 90' lang='lat' dir='ltr'><strong>dignunt</strong></span> <span class='ocrx_word' id='word_1_739' title='bbox 2324 2389 2467 2432; x_wconf 84' lang='lat' dir='ltr'><strong>esset</strong></span> <span class='ocrx_word' id='word_1_740' title='bbox 2500 2378 2642 2443; x_wconf 90' lang='lat' dir='ltr'><strong>quod</strong></span> <span class='ocrx_word' id='word_1_741' title='bbox 2696 2393 2818 2429; x_wconf 91' lang='lat' dir='ltr'><strong>cum</strong></span> <span class='ocrx_word' id='word_1_742' title='bbox 2856 2378 2966 2429; x_wconf 91' lang='lat' dir='ltr'><strong>Deo</strong></span> <span class='ocrx_word' id='word_1_743' title='bbox 3018 2377 3196 2431; x_wconf 88' lang='lat' dir='ltr'><strong>Verbo</strong></span> <span class='ocrx_word' id='word_1_744' title='bbox 3243 2380 3528 2431; x_wconf 87' lang='lat' dir='ltr'><strong>ttuiretur.</strong></span> <span class='ocrx_word' id='word_1_745' title='bbox 3566 2381 3663 2434; x_wconf 87' lang='lat' dir='ltr'><strong>Se-</strong></span> 
     </span>
    </p>
   </div>
   <div class='ocr_carea' id='block_1_97' title="bbox 2068 2447 3665 2515">
    <p class='ocr_par' dir='ltr' id='par_1_97' title="bbox 2068 2447 3665 2515">
     <span class='ocr_line' id='line_1_99' title="bbox 2068 2447 3665 2515; baseline 0.003 -15"><span class='ocrx_word' id='word_1_746' title='bbox 2068 2452 2249 2513; x_wconf 87' lang='lat' dir='ltr'><strong>quitur</strong></span> <span class='ocrx_word' id='word_1_747' title='bbox 2275 2462 2339 2500; x_wconf 83' lang='lat' dir='ltr'><strong>ex</strong></span> <span class='ocrx_word' id='word_1_748' title='bbox 2376 2448 2641 2501; x_wconf 89' lang='lat' dir='ltr'><strong>sententia</strong></span> <span class='ocrx_word' id='word_1_749' title='bbox 2681 2447 2879 2501; x_wconf 84' lang='lat' dir='ltr'><strong>Christi</strong></span> <span class='ocrx_word' id='word_1_750' title='bbox 2918 2461 3113 2515; x_wconf 89' lang='lat' dir='ltr'><strong>corpus</strong></span> <span class='ocrx_word' id='word_1_751' title='bbox 3147 2464 3252 2500; x_wconf 89' lang='lat' dir='ltr'><strong>non</strong></span> <span class='ocrx_word' id='word_1_752' title='bbox 3292 2451 3533 2503; x_wconf 86' lang='lat' dir='ltr'><strong>l&#39;ortuito</strong></span> <span class='ocrx_word' id='word_1_753' title='bbox 3569 2461 3665 2505; x_wconf 83' lang='lat' dir='ltr'><strong>aut</strong></span> 
     </span>
    </p>
   </div>
   <div class='ocr_carea' id='block_1_98' title="bbox 2068 2518 3661 2586">
    <p class='ocr_par' dir='ltr' id='par_1_98' title="bbox 2068 2518 3661 2586">
     <span class='ocr_line' id='line_1_100' title="bbox 2068 2518 3661 2586; baseline 0.004 -17"><span class='ocrx_word' id='word_1_754' title='bbox 2068 2532 2190 2570; x_wconf 91' lang='lat' dir='ltr'><strong>cum</strong></span> <span class='ocrx_word' id='word_1_755' title='bbox 2224 2532 2575 2584; x_wconf 87' lang='lat' dir='ltr'><strong>personarum</strong></span> <span class='ocrx_word' id='word_1_756' title='bbox 2625 2518 2938 2585; x_wconf 89' lang='lat' dir='ltr'><strong>acceptione</strong></span> <span class='ocrx_word' id='word_1_757' title='bbox 2987 2518 3126 2570; x_wconf 90' lang='lat' dir='ltr'><strong>inter</strong></span> <span class='ocrx_word' id='word_1_758' title='bbox 3160 2518 3264 2571; x_wconf 88' lang='lat' dir='ltr'><strong>alia</strong></span> <span class='ocrx_word' id='word_1_759' title='bbox 3314 2534 3560 2586; x_wconf 90' lang='lat' dir='ltr'><strong>corpora</strong></span> <span class='ocrx_word' id='word_1_760' title='bbox 3609 2523 3661 2575; x_wconf 87' lang='lat' dir='ltr'><strong>in</strong></span> 
     </span>
    </p>
   </div>
   <div class='ocr_carea' id='block_1_99' title="bbox 2074 2587 3665 2653">
    <p class='ocr_par' dir='ltr' id='par_1_99' title="bbox 2074 2587 3665 2653">
     <span class='ocr_line' id='line_1_101' title="bbox 2074 2587 3665 2653; baseline 0.003 -12"><span class='ocrx_word' id='word_1_761' title='bbox 2074 2591 2261 2641; x_wconf 77' lang='lat' dir='ltr'><strong>eodem</strong></span> <span class='ocrx_word' id='word_1_762' title='bbox 2287 2596 2429 2641; x_wconf 88' lang='lat' dir='ltr'><strong>statu</strong></span> <span class='ocrx_word' id='word_1_763' title='bbox 2479 2588 2795 2641; x_wconf 72' lang='lat' dir='ltr'><strong>exsistentia</strong></span> <span class='ocrx_word' id='word_1_764' title='bbox 2844 2588 3071 2641; x_wconf 89' lang='lat' dir='ltr'><strong>electum</strong></span> <span class='ocrx_word' id='word_1_765' title='bbox 3106 2587 3291 2653; x_wconf 83' lang='lat' dir='ltr'><strong>fuisse,</strong></span> <span class='ocrx_word' id='word_1_766' title='bbox 3339 2593 3439 2643; x_wconf 88' lang='lat' dir='ltr'><strong>sed</strong></span> <span class='ocrx_word' id='word_1_767' title='bbox 3486 2591 3665 2645; x_wconf 85' lang='lat' dir='ltr'><strong>solum</strong></span> 
     </span>
    </p>
   </div>
   <div class='ocr_carea' id='block_1_100' title="bbox 2068 2657 3666 2730">
    <p class='ocr_par' dir='ltr' id='par_1_100' title="bbox 2068 2657 3666 2730">
     <span class='ocr_line' id='line_1_102' title="bbox 2068 2657 3666 2730; baseline 0.004 -22"><span class='ocrx_word' id='word_1_768' title='bbox 2068 2658 2298 2730; x_wconf 72' lang='lat' dir='ltr'><strong>dignum</strong></span> <span class='ocrx_word' id='word_1_769' title='bbox 2315 2668 2370 2730; x_wconf 83' lang='lat' dir='ltr'><strong>et</strong></span> <span class='ocrx_word' id='word_1_770' title='bbox 2405 2657 2858 2730; x_wconf 77' lang='lat' dir='ltr'><strong>idoneum_l‘u_isse</strong></span> <span class='ocrx_word' id='word_1_771' title='bbox 2891 2659 2941 2730; x_wconf 85' lang='lat' dir='ltr'><strong>in</strong></span> <span class='ocrx_word' id='word_1_772' title='bbox 2985 2672 3103 2730; x_wconf 11' lang='lat' dir='ltr'><strong>quo,</strong></span> <span class='ocrx_word' id='word_1_773' title='bbox 3121 2658 3355 2730; x_wconf 74' lang='lat' dir='ltr'><strong>Verbum</strong></span> <span class='ocrx_word' id='word_1_774' title='bbox 3398 2660 3666 2730; x_wconf 79' lang='lat' dir='ltr'><strong>hyposta-</strong></span> 
     </span>
    </p>
   </div>
   <div class='ocr_carea' id='block_1_101' title="bbox 2069 2726 3662 2798">
    <p class='ocr_par' dir='ltr' id='par_1_101' title="bbox 2069 2726 3662 2798">
     <span class='ocr_line' id='line_1_103' title="bbox 2069 2726 3662 2798; baseline 0.004 -19"><span class='ocrx_word' id='word_1_775' title='bbox 2069 2728 2175 2780; x_wconf 91' lang='lat' dir='ltr'><strong>tice</strong></span> <span class='ocrx_word' id='word_1_776' title='bbox 2216 2727 2505 2782; x_wconf 87' lang='lat' dir='ltr'><strong>habitaret.</strong></span> <span class='ocrx_word' id='word_1_777' title='bbox 2541 2728 2680 2781; x_wconf 88' lang='lat' dir='ltr'><strong>Nihil</strong></span> <span class='ocrx_word' id='word_1_778' title='bbox 2714 2728 2857 2780; x_wconf 86' lang='lat' dir='ltr'><strong>aliud</strong></span> <span class='ocrx_word' id='word_1_779' title='bbox 2908 2728 2975 2781; x_wconf 89' lang='lat' dir='ltr'><strong>de</strong></span> <span class='ocrx_word' id='word_1_780' title='bbox 3020 2729 3199 2781; x_wconf 90' lang='lat' dir='ltr'><strong>auitna</strong></span> <span class='ocrx_word' id='word_1_781' title='bbox 3230 2726 3540 2798; x_wconf 56' lang='lat' dir='ltr'><strong>Origeu&#39;em</strong></span> <span class='ocrx_word' id='word_1_782' title='bbox 3576 2732 3662 2786; x_wconf 84' lang='lat' dir='ltr'><strong>di-</strong></span> 
     </span>
    </p>
   </div>
   <div class='ocr_carea' id='block_1_102' title="bbox 2066 2798 3663 2866">
    <p class='ocr_par' dir='ltr' id='par_1_102' title="bbox 2066 2798 3663 2866">
     <span class='ocr_line' id='line_1_104' title="bbox 2066 2798 3663 2866; baseline 0.003 -15"><span class='ocrx_word' id='word_1_783' title='bbox 2066 2811 2191 2851; x_wconf 89' lang='lat' dir='ltr'><strong>cere</strong></span> <span class='ocrx_word' id='word_1_784' title='bbox 2224 2798 2479 2851; x_wconf 82' lang='lat' dir='ltr'><strong>fatebitur</strong></span> <span class='ocrx_word' id='word_1_785' title='bbox 2507 2799 2755 2866; x_wconf 91' lang='lat' dir='ltr'><strong>quisquis</strong></span> <span class='ocrx_word' id='word_1_786' title='bbox 2802 2800 2853 2851; x_wconf 92' lang='lat' dir='ltr'><strong>in</strong></span> <span class='ocrx_word' id='word_1_787' title='bbox 2888 2798 2991 2851; x_wconf 90' lang='lat' dir='ltr'><strong>hoc</strong></span> <span class='ocrx_word' id='word_1_788' title='bbox 3022 2798 3142 2852; x_wconf 93' lang='lat' dir='ltr'><strong>loco</strong></span> <span class='ocrx_word' id='word_1_789' title='bbox 3198 2814 3304 2853; x_wconf 92' lang='lat' dir='ltr'><strong>non</strong></span> <span class='ocrx_word' id='word_1_790' title='bbox 3341 2801 3663 2855; x_wconf 84' lang='lat' dir='ltr'><strong>litterarum</strong></span> 
     </span>
    </p>
   </div>
   <div class='ocr_carea' id='block_1_103' title="bbox 2067 2868 3661 2939">
    <p class='ocr_par' dir='ltr' id='par_1_103' title="bbox 2067 2868 3661 2939">
     <span class='ocr_line' id='line_1_105' title="bbox 2067 2868 3661 2939; baseline 0.004 -21"><span class='ocrx_word' id='word_1_791' title='bbox 2067 2868 2266 2935; x_wconf 83' lang='lat' dir='ltr'><strong>apices,</strong></span> <span class='ocrx_word' id='word_1_792' title='bbox 2316 2869 2411 2921; x_wconf 89' lang='lat' dir='ltr'><strong>sed</strong></span> <span class='ocrx_word' id='word_1_793' title='bbox 2456 2869 2844 2939; x_wconf 80' lang='lat' dir='ltr'><strong>sententiarum</strong></span> <span class='ocrx_word' id='word_1_794' title='bbox 2881 2868 3078 2921; x_wconf 92' lang='lat' dir='ltr'><strong>seriem</strong></span> <span class='ocrx_word' id='word_1_795' title='bbox 3120 2880 3175 2923; x_wconf 91' lang='lat' dir='ltr'><strong>et</strong></span> <span class='ocrx_word' id='word_1_796' title='bbox 3217 2870 3661 2939; x_wconf 77' lang='lat' dir='ltr'><strong>complexionem</strong></span> 
     </span>
    </p>
   </div>
   <div class='ocr_carea' id='block_1_104' title="bbox 2066 2936 3664 3010">
    <p class='ocr_par' dir='ltr' id='par_1_104' title="bbox 2066 2936 3664 3010">
     <span class='ocr_line' id='line_1_106' title="bbox 2066 2936 3664 3010; baseline 0.004 -21"><span class='ocrx_word' id='word_1_797' title='bbox 2066 2948 2439 3010; x_wconf 85' lang='lat' dir='ltr'><strong>persequetur.</strong></span> <span class='ocrx_word' id='word_1_798' title='bbox 2482 2936 2539 2991; x_wconf 88' lang='lat' dir='ltr'><strong>In</strong></span> <span class='ocrx_word' id='word_1_799' title='bbox 2586 2940 2688 2992; x_wconf 90' lang='lat' dir='ltr'><strong>hoc</strong></span> <span class='ocrx_word' id='word_1_800' title='bbox 2735 2939 2951 3005; x_wconf 85' lang='lat' dir='ltr'><strong>quidem</strong></span> <span class='ocrx_word' id='word_1_801' title='bbox 2988 2952 3176 3004; x_wconf 87' lang='lat' dir='ltr'><strong>peccat</strong></span> <span class='ocrx_word' id='word_1_802' title='bbox 3208 2936 3479 3008; x_wconf 82' lang='lat' dir='ltr'><strong>Origenes</strong></span> <span class='ocrx_word' id='word_1_803' title='bbox 3516 2943 3664 3010; x_wconf 88' lang='lat' dir='ltr'><strong>quod</strong></span> 
     </span>
    </p>
   </div>
   <div class='ocr_carea' id='block_1_105' title="bbox 2067 3008 3657 3077">
    <p class='ocr_par' dir='ltr' id='par_1_105' title="bbox 2067 3008 3657 3077">
     <span class='ocr_line' id='line_1_107' title="bbox 2067 3008 3657 3077; baseline 0.006 -19"><span class='ocrx_word' id='word_1_804' title='bbox 2067 3008 2276 3077; x_wconf 83' lang='lat' dir='ltr'><strong>animas</strong></span> <span class='ocrx_word' id='word_1_805' title='bbox 2305 3018 2429 3061; x_wconf 88' lang='lat' dir='ltr'><strong>ante</strong></span> <span class='ocrx_word' id='word_1_806' title='bbox 2462 3023 2691 3077; x_wconf 91' lang='lat' dir='ltr'><strong>corpora</strong></span> <span class='ocrx_word' id='word_1_807' title='bbox 2722 3018 2937 3062; x_wconf 90' lang='lat' dir='ltr'><strong>creatas</strong></span> <span class='ocrx_word' id='word_1_808' title='bbox 2962 3010 3279 3073; x_wconf 89' lang='lat' dir='ltr'><strong>crediderit,</strong></span> <span class='ocrx_word' id='word_1_809' title='bbox 3311 3012 3409 3064; x_wconf 87' lang='lat' dir='ltr'><strong>sed</strong></span> <span class='ocrx_word' id='word_1_810' title='bbox 3447 3012 3501 3064; x_wconf 91' lang='lat' dir='ltr'><strong>in</strong></span> <span class='ocrx_word' id='word_1_811' title='bbox 3535 3008 3657 3067; x_wconf 77' lang='lat' dir='ltr'><strong>hoc</strong></span> 
     </span>
    </p>
   </div>
   <div class='ocr_carea' id='block_1_106' title="bbox 1990 3076 3658 3151">
    <p class='ocr_par' dir='ltr' id='par_1_106' title="bbox 1990 3076 3658 3151">
     <span class='ocr_line' id='line_1_108' title="bbox 1990 3076 3658 3151; baseline 0.005 -23"><span class='ocrx_word' id='word_1_812' title='bbox 1990 3093 2032 3151; x_wconf 73' lang='grc' dir='ltr'>ο</span> <span class='ocrx_word' id='word_1_813' title='bbox 2069 3076 2349 3131; x_wconf 87' lang='lat' dir='ltr'><strong>laudamus</strong></span> <span class='ocrx_word' id='word_1_814' title='bbox 2379 3081 2520 3146; x_wconf 84' lang='lat' dir='ltr'><strong>quod</strong></span> <span class='ocrx_word' id='word_1_815' title='bbox 2551 3076 2760 3133; x_wconf 89' lang='lat' dir='ltr'><strong>caverit</strong></span> <span class='ocrx_word' id='word_1_816' title='bbox 2795 3093 2864 3133; x_wconf 92' lang='lat' dir='ltr'><strong>ne</strong></span> <span class='ocrx_word' id='word_1_817' title='bbox 2902 3079 3139 3132; x_wconf 87' lang='lat' dir='ltr'><strong>animam</strong></span> <span class='ocrx_word' id='word_1_818' title='bbox 3170 3078 3373 3134; x_wconf 89' lang='lat' dir='ltr'><strong>Christi</strong></span> <span class='ocrx_word' id='word_1_819' title='bbox 3404 3097 3436 3134; x_wconf 87' lang='lat' dir='ltr'><strong>a</strong></span> <span class='ocrx_word' id='word_1_820' title='bbox 3473 3082 3658 3137; x_wconf 83' lang='lat' dir='ltr'><strong>Verbo</strong></span> 
     </span>
    </p>
   </div>
   <div class='ocr_carea' id='block_1_107' title="bbox 2067 3156 2365 3215">
    <p class='ocr_par' dir='ltr' id='par_1_107' title="bbox 2067 3156 2365 3215">
     <span class='ocr_line' id='line_1_109' title="bbox 2067 3156 2365 3215; baseline 0.003 -14"><span class='ocrx_word' id='word_1_821' title='bbox 2067 3162 2256 3215; x_wconf 87' lang='lat' dir='ltr'><strong>separa</strong></span> <span class='ocrx_word' id='word_1_822' title='bbox 2266 3156 2365 3202; x_wconf 82' lang='lat' dir='ltr'><strong>ret.</strong></span> 
     </span>
    </p>
   </div>
   <div class='ocr_carea' id='block_1_108' title="bbox 2136 3216 3657 3288">
    <p class='ocr_par' dir='ltr' id='par_1_108' title="bbox 2136 3216 3657 3288">
     <span class='ocr_line' id='line_1_110' title="bbox 2136 3216 3657 3288; baseline 0.003 -17"><span class='ocrx_word' id='word_1_823' title='bbox 2136 3220 2193 3271; x_wconf 74' lang='grc' dir='ltr'><strong><em>4ο</em></strong></span> <span class='ocrx_word' id='word_1_824' title='bbox 2233 3218 2337 3272; x_wconf 89' lang='lat' dir='ltr'><strong>Sed</strong></span> <span class='ocrx_word' id='word_1_825' title='bbox 2364 3218 2625 3288; x_wconf 91' lang='lat' dir='ltr'><strong>quidquid</strong></span> <span class='ocrx_word' id='word_1_826' title='bbox 2660 3218 2711 3271; x_wconf 93' lang='lat' dir='ltr'><strong>in</strong></span> <span class='ocrx_word' id='word_1_827' title='bbox 2745 3217 2848 3271; x_wconf 91' lang='lat' dir='ltr'><strong>hac</strong></span> <span class='ocrx_word' id='word_1_828' title='bbox 2879 3216 3113 3273; x_wconf 74' lang='lat' dir='ltr'><strong>diﬂ‘tcilis</strong></span> <span class='ocrx_word' id='word_1_829' title='bbox 3139 3219 3242 3273; x_wconf 90' lang='lat' dir='ltr'><strong>loci</strong></span> <span class='ocrx_word' id='word_1_830' title='bbox 3275 3220 3657 3288; x_wconf 78' lang='lat' dir='ltr'><strong>explicatione</strong></span> 
     </span>
    </p>
   </div>
   <div class='ocr_carea' id='block_1_109' title="bbox 2066 3286 3654 3360">
    <p class='ocr_par' dir='ltr' id='par_1_109' title="bbox 2066 3286 3654 3360">
     <span class='ocr_line' id='line_1_111' title="bbox 2066 3286 3654 3360; baseline 0.004 -21"><span class='ocrx_word' id='word_1_831' title='bbox 2066 3286 2363 3360; x_wconf 87' lang='lat' dir='ltr'><strong>elaboravi,</strong></span> <span class='ocrx_word' id='word_1_832' title='bbox 2383 3286 2450 3344; x_wconf 50' lang='lat' dir='ltr'><strong>&#39;id</strong></span> <span class='ocrx_word' id='word_1_833' title='bbox 2479 3286 2545 3342; x_wconf 89' lang='lat' dir='ltr'><strong>ad</strong></span> <span class='ocrx_word' id='word_1_834' title='bbox 2584 3289 2853 3360; x_wconf 70' lang='lat' dir='ltr'><strong>liiilinutn</strong></span> <span class='ocrx_word' id='word_1_835' title='bbox 2880 3289 3235 3357; x_wconf 91' lang='lat' dir='ltr'><strong>interpretem</strong></span> <span class='ocrx_word' id='word_1_836' title='bbox 3268 3286 3451 3359; x_wconf 79' lang='lat' dir='ltr'><strong>potius</strong></span> <span class='ocrx_word' id='word_1_837' title='bbox 3483 3308 3654 3360; x_wconf 86' lang='lat' dir='ltr'><strong>quam</strong></span> 
     </span>
    </p>
   </div>
   <div class='ocr_carea' id='block_1_110' title="bbox 2065 3358 3657 3429">
    <p class='ocr_par' dir='ltr' id='par_1_110' title="bbox 2065 3358 3657 3429">
     <span class='ocr_line' id='line_1_112' title="bbox 2065 3358 3657 3429; baseline 0.001 -17"><span class='ocrx_word' id='word_1_838' title='bbox 2065 3358 2353 3425; x_wconf 82' lang='lat' dir='ltr'><strong>Origettem</strong></span> <span class='ocrx_word' id='word_1_839' title='bbox 2395 3363 2729 3429; x_wconf 87' lang='lat' dir='ltr'><strong>purgandum</strong></span> <span class='ocrx_word' id='word_1_840' title='bbox 2772 3358 2990 3412; x_wconf 88' lang='lat' dir='ltr'><strong>valebit.</strong></span> <span class='ocrx_word' id='word_1_841' title='bbox 3035 3358 3287 3428; x_wconf 83' lang='lat' dir='ltr'><strong>Origenis</strong></span> <span class='ocrx_word' id='word_1_842' title='bbox 3320 3363 3466 3415; x_wconf 87' lang='lat' dir='ltr'><strong>enim</strong></span> <span class='ocrx_word' id='word_1_843' title='bbox 3504 3358 3657 3415; x_wconf 27' lang='lat' dir='ltr'><strong>icon-</strong></span> 
     </span>
    </p>
   </div>
   <div class='ocr_carea' id='block_1_111' title="bbox 2066 3428 3659 3493">
    <p class='ocr_par' dir='ltr' id='par_1_111' title="bbox 2066 3428 3659 3493">
     <span class='ocr_line' id='line_1_113' title="bbox 2066 3428 3659 3493; baseline 0.002 -10"><span class='ocrx_word' id='word_1_844' title='bbox 2066 3438 2271 3483; x_wconf 89' lang='lat' dir='ltr'><strong>textum</strong></span> <span class='ocrx_word' id='word_1_845' title='bbox 2322 3428 2457 3484; x_wconf 76' lang='lat' dir='ltr'><strong>mire</strong></span> <span class='ocrx_word' id='word_1_846' title='bbox 2501 3428 2826 3483; x_wconf 79' lang='lat' dir='ltr'><strong>deformavit</strong></span> <span class='ocrx_word' id='word_1_847' title='bbox 2877 3429 3126 3493; x_wconf 80' lang='lat' dir='ltr'><strong>Bulinus,</strong></span> <span class='ocrx_word' id='word_1_848' title='bbox 3172 3432 3297 3485; x_wconf 91' lang='lat' dir='ltr'><strong>dum</strong></span> <span class='ocrx_word' id='word_1_849' title='bbox 3347 3432 3659 3485; x_wconf 80' lang='lat' dir='ltr'><strong>emendare</strong></span> 
     </span>
    </p>
   </div>
   <div class='ocr_carea' id='block_1_112' title="bbox 2074 3498 3659 3568">
    <p class='ocr_par' dir='ltr' id='par_1_112' title="bbox 2074 3498 3659 3568">
     <span class='ocr_line' id='line_1_114' title="bbox 2074 3498 3659 3568; baseline 0.003 -17"><span class='ocrx_word' id='word_1_850' title='bbox 2074 3514 2363 3568; x_wconf 85' lang='lat' dir='ltr'><strong>aggressus</strong></span> <span class='ocrx_word' id='word_1_851' title='bbox 2402 3508 2506 3553; x_wconf 88' lang='lat' dir='ltr'><strong>est.</strong></span> <span class='ocrx_word' id='word_1_852' title='bbox 2534 3499 2684 3564; x_wconf 84' lang='lat' dir='ltr'><strong>Quod</strong></span> <span class='ocrx_word' id='word_1_853' title='bbox 2714 3498 2757 3552; x_wconf 92' lang='lat' dir='ltr'><strong>si</strong></span> <span class='ocrx_word' id='word_1_854' title='bbox 2794 3498 2968 3564; x_wconf 91' lang='lat' dir='ltr'><strong>illum,</strong></span> <span class='ocrx_word' id='word_1_855' title='bbox 3004 3510 3159 3568; x_wconf 90' lang='lat' dir='ltr'><strong>prout</strong></span> <span class='ocrx_word' id='word_1_856' title='bbox 3183 3516 3212 3553; x_wconf 93' lang='lat' dir='ltr'><strong>a</strong></span> <span class='ocrx_word' id='word_1_857' title='bbox 3241 3499 3557 3556; x_wconf 80' lang='lat' dir='ltr'><strong>Justiniano</strong></span> <span class='ocrx_word' id='word_1_858' title='bbox 3586 3503 3659 3556; x_wconf 87' lang='lat' dir='ltr'><strong>ad</strong></span> 
     </span>
    </p>
   </div>
   <div class='ocr_carea' id='block_1_113' title="bbox 2066 3569 3658 3641">
    <p class='ocr_par' dir='ltr' id='par_1_113' title="bbox 2066 3569 3658 3641">
     <span class='ocr_line' id='line_1_115' title="bbox 2066 3569 3658 3641; baseline 0.001 -18"><span class='ocrx_word' id='word_1_859' title='bbox 2066 3573 2266 3623; x_wconf 79' lang='lat' dir='ltr'><strong>ealeetn</strong></span> <span class='ocrx_word' id='word_1_860' title='bbox 2311 3570 2555 3635; x_wconf 73' lang='lat' dir='ltr'><strong>epistola:</strong></span> <span class='ocrx_word' id='word_1_861' title='bbox 2598 3570 2664 3623; x_wconf 86' lang='lat' dir='ltr'><strong>ad</strong></span> <span class='ocrx_word' id='word_1_862' title='bbox 2711 3569 2917 3623; x_wconf 80' lang='lat' dir='ltr'><strong>Menam</strong></span> <span class='ocrx_word' id='word_1_863' title='bbox 2955 3580 3199 3625; x_wconf 85' lang='lat' dir='ltr'><strong>servatus</strong></span> <span class='ocrx_word' id='word_1_864' title='bbox 3232 3581 3345 3635; x_wconf 92' lang='lat' dir='ltr'><strong>est,</strong></span> <span class='ocrx_word' id='word_1_865' title='bbox 3396 3573 3658 3641; x_wconf 77' lang='lat' dir='ltr'><strong>inspicia-</strong></span> 
     </span>
    </p>
   </div>
   <div class='ocr_carea' id='block_1_114' title="bbox 2068 3641 3660 3708">
    <p class='ocr_par' dir='ltr' id='par_1_114' title="bbox 2068 3641 3660 3708">
     <span class='ocr_line' id='line_1_116' title="bbox 2068 3641 3660 3708; baseline 0.002 -16"><span class='ocrx_word' id='word_1_866' title='bbox 2068 3652 2221 3703; x_wconf 83' lang='lat' dir='ltr'><strong>mus,</strong></span> <span class='ocrx_word' id='word_1_867' title='bbox 2268 3642 2763 3694; x_wconf 86' lang='lat' dir='ltr'><strong>animadvertemus</strong></span> <span class='ocrx_word' id='word_1_868' title='bbox 2830 3641 3115 3708; x_wconf 86' lang='lat' dir='ltr'><strong>Origenem</strong></span> <span class='ocrx_word' id='word_1_869' title='bbox 3166 3656 3272 3695; x_wconf 92' lang='lat' dir='ltr'><strong>non</strong></span> <span class='ocrx_word' id='word_1_870' title='bbox 3327 3644 3396 3695; x_wconf 92' lang='lat' dir='ltr'><strong>de</strong></span> <span class='ocrx_word' id='word_1_871' title='bbox 3453 3644 3660 3696; x_wconf 69' lang='lat' dir='ltr'><strong>anima:</strong></span> 
     </span>
    </p>
   </div>
   <div class='ocr_carea' id='block_1_115' title="bbox 2070 3710 3659 3782">
    <p class='ocr_par' dir='ltr' id='par_1_115' title="bbox 2070 3710 3659 3782">
     <span class='ocr_line' id='line_1_117' title="bbox 2070 3710 3659 3782; baseline 0.004 -21"><span class='ocrx_word' id='word_1_872' title='bbox 2070 3720 2299 3782; x_wconf 80' lang='lat' dir='ltr'><strong>tantum,</strong></span> <span class='ocrx_word' id='word_1_873' title='bbox 2330 3712 2422 3782; x_wconf 83' lang='lat' dir='ltr'><strong>sed</strong></span> <span class='ocrx_word' id='word_1_874' title='bbox 2456 3712 2521 3764; x_wconf 90' lang='lat' dir='ltr'><strong>de</strong></span> <span class='ocrx_word' id='word_1_875' title='bbox 2547 3710 2797 3782; x_wconf 76' lang='lat' dir='ltr'><strong>corporis</strong></span> <span class='ocrx_word' id='word_1_876' title='bbox 2819 3722 2874 3766; x_wconf 91' lang='lat' dir='ltr'><strong>et</strong></span> <span class='ocrx_word' id='word_1_877' title='bbox 2905 3713 3101 3764; x_wconf 64' lang='lat' dir='ltr'><strong>anima:</strong></span> <span class='ocrx_word' id='word_1_878' title='bbox 3147 3713 3486 3782; x_wconf 83' lang='lat' dir='ltr'><strong>hypostatica</strong></span> <span class='ocrx_word' id='word_1_879' title='bbox 3524 3728 3659 3767; x_wconf 80' lang='lat' dir='ltr'><strong>cum</strong></span> 
     </span>
    </p>
   </div>
   <div class='ocr_carea' id='block_1_116' title="bbox 2075 3780 3657 3849">
    <p class='ocr_par' dir='ltr' id='par_1_116' title="bbox 2075 3780 3657 3849">
     <span class='ocr_line' id='line_1_118' title="bbox 2075 3780 3657 3849; baseline 0.002 -16"><span class='ocrx_word' id='word_1_880' title='bbox 2075 3781 2251 3835; x_wconf 87' lang='lat' dir='ltr'><strong>Verbo</strong></span> <span class='ocrx_word' id='word_1_881' title='bbox 2282 3780 2669 3849; x_wconf 81' lang='lat' dir='ltr'><strong>conjunctione</strong></span> <span class='ocrx_word' id='word_1_882' title='bbox 2704 3781 2869 3849; x_wconf 91' lang='lat' dir='ltr'><strong>loqui,</strong></span> <span class='ocrx_word' id='word_1_883' title='bbox 2896 3797 2963 3834; x_wconf 84' lang='lat' dir='ltr'><strong>ex</strong></span> <span class='ocrx_word' id='word_1_884' title='bbox 2991 3796 3095 3849; x_wconf 85' lang='lat' dir='ltr'><strong>qua</strong></span> <span class='ocrx_word' id='word_1_885' title='bbox 3134 3780 3197 3834; x_wconf 78' lang='lat' dir='ltr'><strong>lit</strong></span> <span class='ocrx_word' id='word_1_886' title='bbox 3219 3780 3277 3836; x_wconf 83' lang='lat' dir='ltr'><strong>ut</strong></span> <span class='ocrx_word' id='word_1_887' title='bbox 3304 3783 3510 3837; x_wconf 92' lang='lat' dir='ltr'><strong>Christi</strong></span> <span class='ocrx_word' id='word_1_888' title='bbox 3554 3784 3657 3836; x_wconf 86' lang='lat' dir='ltr'><strong>hu-</strong></span> 
     </span>
    </p>
   </div>
   <div class='ocr_carea' id='block_1_117' title="bbox 2068 3850 3659 3923">
    <p class='ocr_par' dir='ltr' id='par_1_117' title="bbox 2068 3850 3659 3923">
     <span class='ocr_line' id='line_1_119' title="bbox 2068 3850 3659 3923; baseline 0.003 -21"><span class='ocrx_word' id='word_1_889' title='bbox 2068 3850 2493 3923; x_wconf 82' lang='lat' dir='ltr'><strong>manitassimul</strong></span> <span class='ocrx_word' id='word_1_890' title='bbox 2543 3866 2675 3923; x_wconf 84' lang='lat' dir='ltr'><strong>cum</strong></span> <span class='ocrx_word' id='word_1_891' title='bbox 2718 3850 2895 3905; x_wconf 88' lang='lat' dir='ltr'><strong>Verbo</strong></span> <span class='ocrx_word' id='word_1_892' title='bbox 2937 3860 2991 3904; x_wconf 87' lang='lat' dir='ltr'><strong>et</strong></span> <span class='ocrx_word' id='word_1_893' title='bbox 3033 3852 3233 3906; x_wconf 91' lang='lat' dir='ltr'><strong>Christi</strong></span> <span class='ocrx_word' id='word_1_894' title='bbox 3270 3865 3324 3907; x_wconf 90' lang='lat' dir='ltr'><strong>et</strong></span> <span class='ocrx_word' id='word_1_895' title='bbox 3373 3852 3659 3923; x_wconf 88' lang='lat' dir='ltr'><strong>Unigeuiti</strong></span> 
     </span>
    </p>
   </div>
   <div class='ocr_carea' id='block_1_118' title="bbox 2069 3921 3664 3989">
    <p class='ocr_par' dir='ltr' id='par_1_118' title="bbox 2069 3921 3664 3989">
     <span class='ocr_line' id='line_1_120' title="bbox 2069 3921 3664 3989; baseline 0.003 -16"><span class='ocrx_word' id='word_1_896' title='bbox 2069 3921 2482 3989; x_wconf 82' lang='lat' dir='ltr'><strong>appellationem</strong></span> <span class='ocrx_word' id='word_1_897' title='bbox 2522 3930 2579 3976; x_wconf 90' lang='lat' dir='ltr'><strong>et</strong></span> <span class='ocrx_word' id='word_1_898' title='bbox 2632 3921 2812 3989; x_wconf 78' lang='lat' dir='ltr'><strong>gloria:</strong></span> <span class='ocrx_word' id='word_1_899' title='bbox 2857 3924 3170 3975; x_wconf 84' lang='lat' dir='ltr'><strong>societatem</strong></span> <span class='ocrx_word' id='word_1_900' title='bbox 3222 3921 3513 3978; x_wconf 59' lang='lat' dir='ltr'><strong>sortiatur)</strong></span> <span class='ocrx_word' id='word_1_901' title='bbox 3566 3925 3664 3977; x_wconf 82' lang='lat' dir='ltr'><strong>Sic</strong></span> 
     </span>
    </p>
   </div>
   <div class='ocr_carea' id='block_1_119' title="bbox 2069 3989 3663 4059">
    <p class='ocr_par' dir='ltr' id='par_1_119' title="bbox 2069 3989 3663 4059">
     <span class='ocr_line' id='line_1_121' title="bbox 2069 3989 3663 4059; baseline 0 -14"><span class='ocrx_word' id='word_1_902' title='bbox 2069 3992 2547 4059; x_wconf 79' lang='lat' dir='ltr'><strong>igitur‘Urigeues</strong></span> <span class='ocrx_word' id='word_1_903' title='bbox 2590 3994 2730 4058; x_wconf 88' lang='lat' dir='ltr'><strong>apud</strong></span> <span class='ocrx_word' id='word_1_904' title='bbox 2785 3989 3191 4048; x_wconf 59' lang='lat' dir='ltr'><strong>Justiniauum:</strong></span> <span class='ocrx_word' id='word_1_905' title='bbox 3223 3994 3320 4046; x_wconf 78' lang='grc' dir='ltr'><strong>Διὰ</strong></span> <span class='ocrx_word' id='word_1_906' title='bbox 3360 3993 3525 4046; x_wconf 79' lang='grc' dir='ltr'><strong>τοῦτο</strong></span> <span class='ocrx_word' id='word_1_907' title='bbox 3560 3996 3663 4047; x_wconf 68' lang='grc' dir='ltr'><strong>καὶ</strong></span> 
     </span>
    </p>
   </div>
   <div class='ocr_carea' id='block_1_120' title="bbox 2067 4060 3663 4134">
    <p class='ocr_par' dir='ltr' id='par_1_120' title="bbox 2067 4060 3663 4134">
     <span class='ocr_line' id='line_1_122' title="bbox 2067 4060 3663 4134; baseline 0.001 -19"><span class='ocrx_word' id='word_1_908' title='bbox 2067 4062 2351 4134; x_wconf 64' lang='grc' dir='ltr'><strong>ἃνθρωπᾳς</strong></span> <span class='ocrx_word' id='word_1_909' title='bbox 2387 4060 2579 4129; x_wconf 73' lang='grc' dir='ltr'><strong>γέγονε</strong></span> <span class='ocrx_word' id='word_1_910' title='bbox 2612 4062 2842 4131; x_wconf 77' lang='grc' dir='ltr'><strong>Χριστὸς</strong></span> <span class='ocrx_word' id='word_1_911' title='bbox 2870 4062 2928 4126; x_wconf 77' lang='grc' dir='ltr'>ἐξ</span> <span class='ocrx_word' id='word_1_912' title='bbox 2970 4062 3454 4134; x_wconf 70' lang='grc' dir='ltr'><strong>ἀνδραγαθήματος</strong></span> <span class='ocrx_word' id='word_1_913' title='bbox 3498 4065 3663 4118; x_wconf 75' lang='grc' dir='ltr'>τοῦτο</span> 
     </span>
    </p>
   </div>
   <div class='ocr_carea' id='block_1_121' title="bbox 2066 4131 3663 4204">
    <p class='ocr_par' dir='ltr' id='par_1_121' title="bbox 2066 4131 3663 4204">
     <span class='ocr_line' id='line_1_123' title="bbox 2066 4131 3663 4204; baseline 0.003 -21"><span class='ocrx_word' id='word_1_914' title='bbox 2066 4131 2268 4204; x_wconf 60' lang='grc' dir='ltr'><strong>τυχὼν,</strong></span> <span class='ocrx_word' id='word_1_915' title='bbox 2294 4132 2368 4194; x_wconf 78' lang='grc' dir='ltr'>ὡς</span> <span class='ocrx_word' id='word_1_916' title='bbox 2401 4135 2715 4204; x_wconf 82' lang='grc' dir='ltr'>μαρτυρεῖὸ</span> <span class='ocrx_word' id='word_1_917' title='bbox 2744 4134 3036 4204; x_wconf 73' lang='grc' dir='ltr'><strong>Προφήτης</strong></span> <span class='ocrx_word' id='word_1_918' title='bbox 3071 4131 3663 4203; x_wconf 41' lang='grc' dir='ltr'><strong>λέγωνξἨγὰπησας</strong></span> 
     </span>
    </p>
   </div>
   <div class='ocr_carea' id='block_1_122' title="bbox 2067 4202 3665 4285">
    <p class='ocr_par' dir='ltr' id='par_1_122' title="bbox 2067 4202 3665 4285">
     <span class='ocr_line' id='line_1_124' title="bbox 2067 4202 3665 4285; baseline 0.003 -30"><span class='ocrx_word' id='word_1_919' title='bbox 2067 4202 2625 4285; x_wconf 43' lang='grc' dir='ltr'><strong>δικαιοσύνηςέ-ςιὺ.</strong></span> <span class='ocrx_word' id='word_1_920' title='bbox 2669 4202 3002 4285; x_wconf 58' lang='grc' dir='ltr'><strong>Ἔπρεπεδὲ</strong></span> <span class='ocrx_word' id='word_1_921' title='bbox 3044 4204 3132 4256; x_wconf 80' lang='grc' dir='ltr'><strong>τὸν</strong></span> <span class='ocrx_word' id='word_1_922' title='bbox 3164 4202 3434 4285; x_wconf 60' lang='grc' dir='ltr'><strong>μηδέποὲξ</strong></span> <span class='ocrx_word' id='word_1_923' title='bbox 3478 4224 3665 4285; x_wconf 47' lang='lat' dir='ltr'><strong>{texui—</strong></span> 
     </span>
    </p>
   </div>
   <div class='ocr_carea' id='block_1_123' title="bbox 2071 4273 3663 4351">
    <p class='ocr_par' dir='ltr' id='par_1_123' title="bbox 2071 4273 3663 4351">
     <span class='ocr_line' id='line_1_125' title="bbox 2071 4273 3663 4351; baseline 0.003 -26"><span class='ocrx_word' id='word_1_924' title='bbox 2071 4273 2336 4351; x_wconf 70' lang='lat' dir='ltr'><strong>ptcp_évov_</strong></span> <span class='ocrx_word' id='word_1_925' title='bbox 2364 4273 2456 4325; x_wconf 80' lang='grc' dir='ltr'><strong>τοῦ</strong></span> <span class='ocrx_word' id='word_1_926' title='bbox 2497 4273 2836 4351; x_wconf 51' lang='grc' dir='ltr'><strong>μιξνοχξνοῦς</strong></span> <span class='ocrx_word' id='word_1_927' title='bbox 2888 4273 3325 4351; x_wconf 60' lang='grc' dir='ltr'><strong>σργχρηματὶᾳαι</strong></span> <span class='ocrx_word' id='word_1_928' title='bbox 3364 4276 3445 4347; x_wconf 82' lang='grc' dir='ltr'>τῷ</span> <span class='ocrx_word' id='word_1_929' title='bbox 3482 4273 3663 4329; x_wconf 65' lang='grc' dir='ltr'><strong>Μάιος)-</strong></span> 
     </span>
    </p>
   </div>
   <div class='ocr_carea' id='block_1_124' title="bbox 2069 4343 3665 4414">
    <p class='ocr_par' dir='ltr' id='par_1_124' title="bbox 2069 4343 3665 4414">
     <span class='ocr_line' id='line_1_126' title="bbox 2069 4343 3665 4414; baseline 0.003 -19"><span class='ocrx_word' id='word_1_930' title='bbox 2069 4343 2216 4410; x_wconf 78' lang='grc' dir='ltr'>γενεῖ</span> <span class='ocrx_word' id='word_1_931' title='bbox 2258 4345 2349 4395; x_wconf 72' lang='grc' dir='ltr'>καὶ</span> <span class='ocrx_word' id='word_1_932' title='bbox 2394 4343 2817 4414; x_wconf 73' lang='grc' dir='ltr'><strong>συνδοξασθῆναι</strong></span> <span class='ocrx_word' id='word_1_933' title='bbox 2873 4343 3043 4414; x_wconf 70' lang='grc' dir='ltr'>αὑτῲζ</span> <span class='ocrx_word' id='word_1_934' title='bbox 3089 4343 3117 4396; x_wconf 67' lang='grc' dir='ltr'><strong>’ἀ</strong></span> <span class='ocrx_word' id='word_1_935' title='bbox 3152 4350 3355 4400; x_wconf 80' lang='lat' dir='ltr'><strong>Idcirco</strong></span> <span class='ocrx_word' id='word_1_936' title='bbox 3389 4343 3445 4400; x_wconf 72' lang='lat' dir='ltr'><strong>et</strong></span> <span class='ocrx_word' id='word_1_937' title='bbox 3495 4351 3665 4402; x_wconf 82' lang='lat' dir='ltr'><strong>homo</strong></span> 
     </span>
    </p>
   </div>
   <div class='ocr_carea' id='block_1_125' title="bbox 2074 4415 3664 4477">
    <p class='ocr_par' dir='ltr' id='par_1_125' title="bbox 2074 4415 3664 4477">
     <span class='ocr_line' id='line_1_127' title="bbox 2074 4415 3664 4477; baseline 0.003 -11"><span class='ocrx_word' id='word_1_938' title='bbox 2074 4416 2251 4468; x_wconf 69' lang='lat' dir='ltr'><strong>laetus</strong></span> <span class='ocrx_word' id='word_1_939' title='bbox 2295 4425 2377 4467; x_wconf 91' lang='lat' dir='ltr'><strong>est</strong></span> <span class='ocrx_word' id='word_1_940' title='bbox 2416 4415 2688 4477; x_wconf 62' lang='lat' dir='ltr'><strong>Glll&#39;lalllS,</strong></span> <span class='ocrx_word' id='word_1_941' title='bbox 2738 4421 3045 4470; x_wconf 87' lang='lat' dir='ltr'><strong>sanctitatis</strong></span> <span class='ocrx_word' id='word_1_942' title='bbox 3084 4419 3277 4469; x_wconf 91' lang='lat' dir='ltr'><strong>merito</strong></span> <span class='ocrx_word' id='word_1_943' title='bbox 3324 4420 3425 4471; x_wconf 91' lang='lat' dir='ltr'><strong>hoc</strong></span> <span class='ocrx_word' id='word_1_944' title='bbox 3464 4434 3664 4471; x_wconf 85' lang='lat' dir='ltr'><strong>conse-</strong></span> 
     </span>
    </p>
   </div>
   <div class='ocr_carea' id='block_1_126' title="bbox 2074 4484 3657 4554">
    <p class='ocr_par' dir='ltr' id='par_1_126' title="bbox 2074 4484 3657 4554">
     <span class='ocr_line' id='line_1_128' title="bbox 2074 4484 3657 4554; baseline 0.004 -19"><span class='ocrx_word' id='word_1_945' title='bbox 2074 4496 2261 4554; x_wconf 85' lang='lat' dir='ltr'><strong>cutus,</strong></span> <span class='ocrx_word' id='word_1_946' title='bbox 2309 4486 2763 4551; x_wconf 88' lang='lat' dir='ltr'><strong>quemadmodum</strong></span> <span class='ocrx_word' id='word_1_947' title='bbox 2812 4484 3083 4554; x_wconf 85' lang='lat' dir='ltr'><strong>Propheta</strong></span> <span class='ocrx_word' id='word_1_948' title='bbox 3134 4497 3361 4540; x_wconf 89' lang='lat' dir='ltr'><strong>testatur</strong></span> <span class='ocrx_word' id='word_1_949' title='bbox 3414 4490 3657 4541; x_wconf 81' lang='lat' dir='ltr'><strong>dicens:</strong></span> 
     </span>
    </p>
   </div>
   <div class='ocr_carea' id='block_1_127' title="bbox 2073 4553 3665 4625">
    <p class='ocr_par' dir='ltr' id='par_1_127' title="bbox 2073 4553 3665 4625">
     <span class='ocr_line' id='line_1_129' title="bbox 2073 4553 3665 4625; baseline 0.004 -18"><span class='ocrx_word' id='word_1_950' title='bbox 2073 4553 2319 4607; x_wconf 75' lang='lat' dir='ltr'><strong>Dilexisti</strong></span> <span class='ocrx_word' id='word_1_951' title='bbox 2349 4555 2640 4625; x_wconf 70' lang='lat' dir='ltr'><strong>justitiam,</strong></span> <span class='ocrx_word' id='word_1_952' title='bbox 2672 4566 2780 4611; x_wconf 89' lang='lat' dir='ltr'><strong>etc.</strong></span> <span class='ocrx_word' id='word_1_953' title='bbox 2829 4553 3061 4610; x_wconf 84' lang='lat' dir='ltr'><strong>Decebat</strong></span> <span class='ocrx_word' id='word_1_954' title='bbox 3105 4560 3250 4609; x_wconf 91' lang='lat' dir='ltr'><strong>enim</strong></span> <span class='ocrx_word' id='word_1_955' title='bbox 3282 4568 3340 4610; x_wconf 91' lang='lat' dir='ltr'><strong>ut</strong></span> <span class='ocrx_word' id='word_1_956' title='bbox 3384 4561 3480 4625; x_wconf 84' lang='lat' dir='ltr'><strong>qui</strong></span> <span class='ocrx_word' id='word_1_957' title='bbox 3522 4577 3665 4613; x_wconf 88' lang='lat' dir='ltr'><strong>nuu-</strong></span> 
     </span>
    </p>
   </div>
   <div class='ocr_carea' id='block_1_128' title="bbox 2074 4623 3664 4697">
    <p class='ocr_par' dir='ltr' id='par_1_128' title="bbox 2074 4623 3664 4697">
     <span class='ocr_line' id='line_1_130' title="bbox 2074 4623 3664 4697; baseline 0.004 -20"><span class='ocrx_word' id='word_1_958' title='bbox 2074 4640 2236 4692; x_wconf 81' lang='lat' dir='ltr'><strong>quam</strong></span> <span class='ocrx_word' id='word_1_959' title='bbox 2267 4627 2336 4679; x_wconf 89' lang='lat' dir='ltr'><strong>ab</strong></span> <span class='ocrx_word' id='word_1_960' title='bbox 2369 4623 2656 4694; x_wconf 90' lang='lat' dir='ltr'><strong>Unigeuito</strong></span> <span class='ocrx_word' id='word_1_961' title='bbox 2687 4628 2928 4694; x_wconf 89' lang='lat' dir='ltr'><strong>separari</strong></span> <span class='ocrx_word' id='word_1_962' title='bbox 2962 4637 3159 4695; x_wconf 87' lang='lat' dir='ltr'><strong>potest,</strong></span> <span class='ocrx_word' id='word_1_963' title='bbox 3188 4644 3312 4680; x_wconf 91' lang='lat' dir='ltr'><strong>cum</strong></span> <span class='ocrx_word' id='word_1_964' title='bbox 3366 4623 3664 4697; x_wconf 77' lang='lat' dir='ltr'><strong>Utiigenito</strong></span> 
     </span>
    </p>
   </div>
   <div class='ocr_carea' id='block_1_129' title="bbox 2072 4697 3665 4768">
    <p class='ocr_par' dir='ltr' id='par_1_129' title="bbox 2072 4697 3665 4768">
     <span class='ocr_line' id='line_1_131' title="bbox 2072 4697 3665 4768; baseline 0.004 -20"><span class='ocrx_word' id='word_1_965' title='bbox 2072 4706 2372 4768; x_wconf 81' lang='lat' dir='ltr'><strong>etuomeu</strong></span> <span class='ocrx_word' id='word_1_966' title='bbox 2434 4704 2486 4768; x_wconf 74' lang='lat' dir='ltr'><strong>et</strong></span> <span class='ocrx_word' id='word_1_967' title='bbox 2547 4697 2773 4765; x_wconf 80' lang='lat' dir='ltr'><strong>gloriam</strong></span> <span class='ocrx_word' id='word_1_968' title='bbox 2830 4698 3160 4767; x_wconf 63' lang='lat' dir='ltr'><strong>partiatur.»</strong></span> <span class='ocrx_word' id='word_1_969' title='bbox 3219 4698 3371 4764; x_wconf 86' lang='lat' dir='ltr'><strong>Quod</strong></span> <span class='ocrx_word' id='word_1_970' title='bbox 3418 4715 3557 4768; x_wconf 86' lang='lat' dir='ltr'><strong>ergo</strong></span> <span class='ocrx_word' id='word_1_971' title='bbox 3600 4703 3665 4754; x_wconf 87' lang='lat' dir='ltr'><strong>de</strong></span> 
     </span>
    </p>
   </div>
   <div class='ocr_carea' id='block_1_130' title="bbox 2075 4765 3660 4831">
    <p class='ocr_par' dir='ltr' id='par_1_130' title="bbox 2075 4765 3660 4831">
     <span class='ocr_line' id='line_1_132' title="bbox 2075 4765 3660 4831; baseline 0.004 -15"><span class='ocrx_word' id='word_1_972' title='bbox 2075 4766 2253 4817; x_wconf 85' lang='lat' dir='ltr'><strong>anima</strong></span> <span class='ocrx_word' id='word_1_973' title='bbox 2282 4766 2393 4819; x_wconf 92' lang='lat' dir='ltr'><strong>sola</strong></span> <span class='ocrx_word' id='word_1_974' title='bbox 2424 4765 2635 4819; x_wconf 79' lang='lat' dir='ltr'><strong>dixerat</strong></span> <span class='ocrx_word' id='word_1_975' title='bbox 2660 4765 2842 4831; x_wconf 73' lang='lat' dir='ltr'><strong>antea,</strong></span> <span class='ocrx_word' id='word_1_976' title='bbox 2868 4770 3007 4821; x_wconf 87' lang='lat' dir='ltr'><strong>idem</strong></span> <span class='ocrx_word' id='word_1_977' title='bbox 3041 4784 3183 4821; x_wconf 89' lang='lat' dir='ltr'><strong>nunc</strong></span> <span class='ocrx_word' id='word_1_978' title='bbox 3210 4771 3276 4822; x_wconf 89' lang='lat' dir='ltr'><strong>de</strong></span> <span class='ocrx_word' id='word_1_979' title='bbox 3312 4781 3424 4821; x_wconf 87' lang='lat' dir='ltr'><strong>tota</strong></span> <span class='ocrx_word' id='word_1_980' title='bbox 3454 4765 3660 4825; x_wconf 74' lang='lat' dir='ltr'><strong>Christi</strong></span> 
     </span>
    </p>
   </div>
   <div class='ocr_carea' id='block_1_131' title="bbox 2075 4834 3664 4894">
    <p class='ocr_par' dir='ltr' id='par_1_131' title="bbox 2075 4834 3664 4894">
     <span class='ocr_line' id='line_1_133' title="bbox 2075 4834 3664 4894; baseline 0.003 -7"><span class='ocrx_word' id='word_1_981' title='bbox 2075 4834 2410 4890; x_wconf 84' lang='lat' dir='ltr'><strong>humanitate</strong></span> <span class='ocrx_word' id='word_1_982' title='bbox 2440 4838 2670 4890; x_wconf 85' lang='lat' dir='ltr'><strong>statuit:</strong></span> <span class='ocrx_word' id='word_1_983' title='bbox 2709 4853 2809 4892; x_wconf 86' lang='lat' dir='ltr'><strong>nec</strong></span> <span class='ocrx_word' id='word_1_984' title='bbox 2838 4855 2959 4892; x_wconf 87' lang='lat' dir='ltr'><strong>eam</strong></span> <span class='ocrx_word' id='word_1_985' title='bbox 3004 4839 3137 4892; x_wconf 91' lang='lat' dir='ltr'><strong>dicit</strong></span> <span class='ocrx_word' id='word_1_986' title='bbox 3181 4840 3481 4894; x_wconf 84' lang='lat' dir='ltr'><strong>sanctitate</strong></span> <span class='ocrx_word' id='word_1_987' title='bbox 3531 4856 3664 4893; x_wconf 61' lang='lat' dir='ltr'><strong>cono</strong></span> 
     </span>
    </p>
   </div>
   <div class='ocr_carea' id='block_1_132' title="bbox 2076 4906 3665 4982">
    <p class='ocr_par' dir='ltr' id='par_1_132' title="bbox 2076 4906 3665 4982">
     <span class='ocr_line' id='line_1_134' title="bbox 2076 4906 3665 4982; baseline 0.003 -24"><span class='ocrx_word' id='word_1_988' title='bbox 2076 4918 2317 4982; x_wconf 82' lang='lat' dir='ltr'><strong>secutam</strong></span> <span class='ocrx_word' id='word_1_989' title='bbox 2345 4921 2466 4982; x_wconf 84' lang='lat' dir='ltr'><strong>esse</strong></span> <span class='ocrx_word' id='word_1_990' title='bbox 2491 4916 2550 4982; x_wconf 89' lang='lat' dir='ltr'><strong>_ut</strong></span> <span class='ocrx_word' id='word_1_991' title='bbox 2579 4923 2702 4961; x_wconf 89' lang='lat' dir='ltr'><strong>cum</strong></span> <span class='ocrx_word' id='word_1_992' title='bbox 2735 4906 2908 4982; x_wconf 80' lang='lat' dir='ltr'><strong>Verbo</strong></span> <span class='ocrx_word' id='word_1_993' title='bbox 2946 4908 3366 4982; x_wconf 86' lang='lat' dir='ltr'><strong>conjungeretur</strong></span> <span class='ocrx_word' id='word_1_994' title='bbox 3403 4912 3665 4982; x_wconf 58' lang='lat' dir='ltr'><strong>liyposta.</strong></span> 
     </span>
    </p>
   </div>
   <div class='ocr_carea' id='block_1_133' title="bbox 2077 4978 3663 5049">
    <p class='ocr_par' dir='ltr' id='par_1_133' title="bbox 2077 4978 3663 5049">
     <span class='ocr_line' id='line_1_135' title="bbox 2077 4978 3663 5049; baseline 0.005 -22"><span class='ocrx_word' id='word_1_995' title='bbox 2077 4978 2314 5049; x_wconf 80' lang='lat' dir='ltr'><strong>tice,setl</strong></span> <span class='ocrx_word' id='word_1_996' title='bbox 2354 4979 2454 5030; x_wconf 90' lang='lat' dir='ltr'><strong>hac</strong></span> <span class='ocrx_word' id='word_1_997' title='bbox 2488 4978 2822 5049; x_wconf 77' lang='lat' dir='ltr'><strong>hypostatica</strong></span> <span class='ocrx_word' id='word_1_998' title='bbox 2849 4980 3235 5049; x_wconf 85' lang='lat' dir='ltr'><strong>conjunctione</strong></span> <span class='ocrx_word' id='word_1_999' title='bbox 3261 4978 3663 5035; x_wconf 68' lang='lat' dir='ltr'><strong>inconvertibi-</strong></span> 
     </span>
    </p>
   </div>
   <div class='ocr_carea' id='block_1_134' title="bbox 2077 5047 3664 5119">
    <p class='ocr_par' dir='ltr' id='par_1_134' title="bbox 2077 5047 3664 5119">
     <span class='ocr_line' id='line_1_136' title="bbox 2077 5047 3664 5119; baseline 0.005 -21"><span class='ocrx_word' id='word_1_1000' title='bbox 2077 5047 2213 5119; x_wconf 10' lang='lat' dir='ltr'><strong>liter?</strong></span> <span class='ocrx_word' id='word_1_1001' title='bbox 2233 5047 2625 5119; x_wconf 69' lang='lat' dir='ltr'><strong>sanctiﬁcatum</strong></span> <span class='ocrx_word' id='word_1_1002' title='bbox 2678 5048 2946 5118; x_wconf 77' lang='lat' dir='ltr'><strong>Unigeuiti</strong></span> <span class='ocrx_word' id='word_1_1003' title='bbox 2981 5048 3164 5119; x_wconf 74' lang='lat' dir='ltr'><strong>gloriae</strong></span> <span class='ocrx_word' id='word_1_1004' title='bbox 3188 5060 3240 5102; x_wconf 90' lang='lat' dir='ltr'><strong>et</strong></span> <span class='ocrx_word' id='word_1_1005' title='bbox 3270 5053 3511 5105; x_wconf 88' lang='lat' dir='ltr'><strong>nominis</strong></span> <span class='ocrx_word' id='word_1_1006' title='bbox 3540 5066 3664 5106; x_wconf 76' lang='lat' dir='ltr'><strong>esse</strong></span> 
     </span>
    </p>
   </div>
   <div class='ocr_carea' id='block_1_135' title="bbox 2078 5118 3657 5191">
    <p class='ocr_par' dir='ltr' id='par_1_135' title="bbox 2078 5118 3657 5191">
     <span class='ocr_line' id='line_1_137' title="bbox 2078 5118 3657 5191; baseline 0.005 -23"><span class='ocrx_word' id='word_1_1007' title='bbox 2078 5118 2420 5191; x_wconf 69' lang='lat' dir='ltr'><strong>participem.</strong></span> <span class='ocrx_word' id='word_1_1008' title='bbox 2470 5118 2669 5191; x_wconf 65' lang='lat' dir='ltr'><strong>[Eodem</strong></span> <span class='ocrx_word' id='word_1_1009' title='bbox 2705 5134 2863 5173; x_wconf 89' lang='lat' dir='ltr'><strong>sensu</strong></span> <span class='ocrx_word' id='word_1_1010' title='bbox 2900 5134 2992 5174; x_wconf 85' lang='lat' dir='ltr'><strong>sex</strong></span> <span class='ocrx_word' id='word_1_1011' title='bbox 3016 5121 3269 5191; x_wconf 67' lang='lat' dir='ltr'><strong>episcopi</strong></span> <span class='ocrx_word' id='word_1_1012' title='bbox 3319 5121 3372 5174; x_wconf 88' lang='lat' dir='ltr'><strong>in</strong></span> <span class='ocrx_word' id='word_1_1013' title='bbox 3421 5123 3657 5191; x_wconf 82' lang='lat' dir='ltr'><strong>epistola</strong></span> 
     </span>
    </p>
   </div>
   <div class='ocr_carea' id='block_1_136' title="bbox 2077 5186 3662 5263">
    <p class='ocr_par' dir='ltr' id='par_1_136' title="bbox 2077 5186 3662 5263">
     <span class='ocr_line' id='line_1_138' title="bbox 2077 5186 3662 5263; baseline 0.004 -24"><span class='ocrx_word' id='word_1_1014' title='bbox 2077 5190 2146 5263; x_wconf 71' lang='lat' dir='ltr'><strong>ad</strong></span> <span class='ocrx_word' id='word_1_1015' title='bbox 2197 5187 2420 5263; x_wconf 71' lang='lat' dir='ltr'><strong>Paulum</strong></span> <span class='ocrx_word' id='word_1_1016' title='bbox 2470 5186 2886 5263; x_wconf 85' lang='lat' dir='ltr'><strong>Samosatenum</strong></span> <span class='ocrx_word' id='word_1_1017' title='bbox 2934 5207 2947 5243; x_wconf 91' lang='lat'><strong>:</strong></span> <span class='ocrx_word' id='word_1_1018' title='bbox 2992 5186 3171 5263; x_wconf 61' lang='grc' dir='ltr'><strong>Τὸὲχ</strong></span> <span class='ocrx_word' id='word_1_1019' title='bbox 3220 5186 3319 5260; x_wconf 52' lang='grc' dir='ltr'><strong>ἒῆς</strong></span> <span class='ocrx_word' id='word_1_1020' title='bbox 3373 5186 3662 5263; x_wconf 69' lang='grc' dir='ltr'><strong>Πείρθένου</strong></span> 
     </span>
    </p>
   </div>
   <div class='ocr_carea' id='block_1_137' title="bbox 2080 5256 3663 5332">
    <p class='ocr_par' dir='ltr' id='par_1_137' title="bbox 2080 5256 3663 5332">
     <span class='ocr_line' id='line_1_139' title="bbox 2080 5256 3663 5332; baseline 0.003 -22"><span class='ocrx_word' id='word_1_1021' title='bbox 2080 5256 2237 5329; x_wconf 82' lang='grc' dir='ltr'>σῶμα</span> <span class='ocrx_word' id='word_1_1022' title='bbox 2263 5258 2531 5332; x_wconf 56' lang='grc' dir='ltr'><strong>χωρῆσαν</strong></span> <span class='ocrx_word' id='word_1_1023' title='bbox 2567 5261 2676 5332; x_wconf 79' lang='grc' dir='ltr'><strong>πᾶν</strong></span> <span class='ocrx_word' id='word_1_1024' title='bbox 2713 5260 2775 5312; x_wconf 81' lang='grc' dir='ltr'><strong>τὸ</strong></span> <span class='ocrx_word' id='word_1_1025' title='bbox 2809 5261 3079 5332; x_wconf 82' lang='grc' dir='ltr'><strong>πλήρωμα</strong></span> <span class='ocrx_word' id='word_1_1026' title='bbox 3110 5262 3209 5332; x_wconf 78' lang='grc' dir='ltr'><strong>τῆς</strong></span> <span class='ocrx_word' id='word_1_1027' title='bbox 3246 5256 3503 5332; x_wconf 49' lang='lat' dir='ltr'><strong>ileon-ro};</strong></span> <span class='ocrx_word' id='word_1_1028' title='bbox 3551 5280 3663 5315; x_wconf 80' lang='grc' dir='ltr'><strong>σω-</strong></span> 
     </span>
    </p>
   </div>
   <div class='ocr_carea' id='block_1_138' title="bbox 2082 5329 3664 5403">
    <p class='ocr_par' dir='ltr' id='par_1_138' title="bbox 2082 5329 3664 5403">
     <span class='ocr_line' id='line_1_140' title="bbox 2082 5329 3664 5403; baseline 0.004 -23"><span class='ocrx_word' id='word_1_1029' title='bbox 2082 5330 2358 5403; x_wconf 58' lang='grc' dir='ltr'><strong>μαῖικὼς,</strong></span> <span class='ocrx_word' id='word_1_1030' title='bbox 2400 5332 2468 5401; x_wconf 81' lang='grc' dir='ltr'><strong>τῇ</strong></span> <span class='ocrx_word' id='word_1_1031' title='bbox 2507 5329 2719 5401; x_wconf 81' lang='grc' dir='ltr'><strong>θεότητι</strong></span> <span class='ocrx_word' id='word_1_1032' title='bbox 2764 5329 3049 5403; x_wconf 46' lang='lat' dir='ltr'><strong>exparte);</strong></span> <span class='ocrx_word' id='word_1_1033' title='bbox 3088 5329 3290 5403; x_wconf 75' lang='grc' dir='ltr'><strong>ἧνὼται</strong></span> <span class='ocrx_word' id='word_1_1034' title='bbox 3340 5329 3433 5387; x_wconf 58' lang='grc' dir='ltr'><strong>κάκ</strong></span> <span class='ocrx_word' id='word_1_1035' title='bbox 3484 5335 3664 5387; x_wconf 65' lang='lat'><strong>150:9-</strong></span> 
     </span>
    </p>
   </div>
   <div class='ocr_carea' id='block_1_139' title="bbox 2078 5400 3660 5474">
    <p class='ocr_par' dir='ltr' id='par_1_139' title="bbox 2078 5400 3660 5474">
     <span class='ocr_line' id='line_1_141' title="bbox 2078 5400 3660 5474; baseline 0.005 -24"><span class='ocrx_word' id='word_1_1036' title='bbox 2078 5400 2337 5474; x_wconf 19' lang='grc' dir='ltr'><strong>ποίηταιτν</strong></span> <span class='ocrx_word' id='word_1_1037' title='bbox 2368 5417 2387 5450; x_wconf 71' lang='grc' dir='ltr'><strong>ι</strong></span> <span class='ocrx_word' id='word_1_1038' title='bbox 2416 5400 2625 5474; x_wconf 74' lang='lat' dir='ltr'><strong>Corpus</strong></span> <span class='ocrx_word' id='word_1_1039' title='bbox 2656 5400 2739 5455; x_wconf 81' lang='lat' dir='ltr'><strong>ex</strong></span> <span class='ocrx_word' id='word_1_1040' title='bbox 2761 5400 3021 5474; x_wconf 65' lang='lat' dir='ltr'><strong>Virgine,</strong></span> <span class='ocrx_word' id='word_1_1041' title='bbox 3070 5400 3213 5472; x_wconf 80' lang='lat' dir='ltr'><strong>quod</strong></span> <span class='ocrx_word' id='word_1_1042' title='bbox 3251 5408 3396 5474; x_wconf 82' lang='lat' dir='ltr'><strong>capit</strong></span> <span class='ocrx_word' id='word_1_1043' title='bbox 3439 5420 3660 5458; x_wconf 63' lang='lat' dir='ltr'><strong>orline.</strong></span> 
     </span>
    </p>
   </div>
   <div class='ocr_carea' id='block_1_140' title="bbox 2079 5472 3662 5542">
    <p class='ocr_par' dir='ltr' id='par_1_140' title="bbox 2079 5472 3662 5542">
     <span class='ocr_line' id='line_1_142' title="bbox 2079 5472 3662 5542; baseline 0.004 -20"><span class='ocrx_word' id='word_1_1044' title='bbox 2079 5472 2467 5538; x_wconf 87' lang='lat' dir='ltr'><strong>plenitudinem</strong></span> <span class='ocrx_word' id='word_1_1045' title='bbox 2505 5473 2806 5528; x_wconf 85' lang='lat' dir='ltr'><strong>divinitatis</strong></span> <span class='ocrx_word' id='word_1_1046' title='bbox 2842 5478 3220 5542; x_wconf 52' lang='lat' dir='ltr'><strong>corporaliter,</strong></span> <span class='ocrx_word' id='word_1_1047' title='bbox 3248 5472 3522 5529; x_wconf 74' lang='lat' dir='ltr'><strong>divinitati</strong></span> <span class='ocrx_word' id='word_1_1048' title='bbox 3555 5478 3662 5528; x_wconf 75' lang='lat' dir='ltr'><strong>iu!-</strong></span> 
     </span>
    </p>
   </div>
   <div class='ocr_carea' id='block_1_141' title="bbox 2080 5542 3657 5601">
    <p class='ocr_par' dir='ltr' id='par_1_141' title="bbox 2080 5542 3657 5601">
     <span class='ocr_line' id='line_1_143' title="bbox 2080 5542 3657 5601; baseline 0.005 -7"><span class='ocrx_word' id='word_1_1049' title='bbox 2080 5542 2408 5595; x_wconf 70' lang='lat' dir='ltr'><strong>mutabiliter</strong></span> <span class='ocrx_word' id='word_1_1050' title='bbox 2446 5543 2654 5596; x_wconf 87' lang='lat' dir='ltr'><strong>unitum</strong></span> <span class='ocrx_word' id='word_1_1051' title='bbox 2693 5553 2777 5597; x_wconf 89' lang='lat' dir='ltr'><strong>est</strong></span> <span class='ocrx_word' id='word_1_1052' title='bbox 2817 5554 2871 5598; x_wconf 88' lang='lat' dir='ltr'><strong>et</strong></span> <span class='ocrx_word' id='word_1_1053' title='bbox 2906 5545 3233 5599; x_wconf 74' lang='lat' dir='ltr'><strong>dedicatum.</strong></span> <span class='ocrx_word' id='word_1_1054' title='bbox 3263 5564 3281 5597; x_wconf 73' lang='grc' dir='ltr'><strong>ι</strong></span> <span class='ocrx_word' id='word_1_1055' title='bbox 3324 5576 3395 5587; x_wconf 84' lang='grc'><strong><em>--</em></strong></span> <span class='ocrx_word' id='word_1_1056' title='bbox 3428 5546 3556 5601; x_wconf 60' lang='lat' dir='ltr'><strong>Hac</strong></span> <span class='ocrx_word' id='word_1_1057' title='bbox 3597 5548 3657 5601; x_wconf 94' lang='lat' dir='ltr'><strong>D.</strong></span> 
     </span>
    </p>
   </div>
   <div class='ocr_carea' id='block_1_142' title="bbox 2080 5610 3658 5736">
    <p class='ocr_par' dir='ltr' id='par_1_142' title="bbox 2080 5610 3658 5736">
     <span class='ocr_line' id='line_1_144' title="bbox 2080 5610 3658 5736; baseline 0.004 -72"><span class='ocrx_word' id='word_1_1058' title='bbox 2080 5610 2515 5736; x_wconf 68' lang='lat' dir='ltr'><strong>Prud.“MLth,</strong></span> <span class='ocrx_word' id='word_1_1059' title='bbox 2568 5615 2647 5669; x_wconf 78' lang='lat' dir='ltr'><strong>De</strong></span> <span class='ocrx_word' id='word_1_1060' title='bbox 2686 5616 2851 5669; x_wconf 77' lang='lat' dir='ltr'><strong>divin.</strong></span> <span class='ocrx_word' id='word_1_1061' title='bbox 2894 5612 3089 5670; x_wconf 74' lang='lat' dir='ltr'><strong>Christi</strong></span> <span class='ocrx_word' id='word_1_1062' title='bbox 3140 5616 3234 5672; x_wconf 81' lang='lat' dir='ltr'><strong>lib.</strong></span> <span class='ocrx_word' id='word_1_1063' title='bbox 3276 5631 3351 5682; x_wconf 87' lang='lat' dir='ltr'><strong>tv,</strong></span> <span class='ocrx_word' id='word_1_1064' title='bbox 3404 5635 3525 5688; x_wconf 82' lang='lat' dir='ltr'><strong>cap.</strong></span> <span class='ocrx_word' id='word_1_1065' title='bbox 3572 5616 3658 5685; x_wconf 66' lang='lat' dir='ltr'><strong>ib,</strong></span> 
     </span>
     <span class='ocr_line' id='line_1_145' title="bbox 2080 5698 2347 5736; baseline 0 0"><span class='ocrx_word' id='word_1_1066' title='bbox 2080 5698 2227 5736; x_wconf 91' lang='lat' dir='ltr'><strong>num.</strong></span> <span class='ocrx_word' id='word_1_1067' title='bbox 2334 5723 2347 5736; x_wconf 95' lang='lat'><strong>.</strong></span> 
     </span>
    </p>
   </div>
   <div class='ocr_carea' id='block_1_143' title="bbox 2080 5698 2347 5737">
    <p class='ocr_par' dir='ltr' id='par_1_143' title="bbox 2080 5698 2347 5737">
     <span class='ocr_line' id='line_1_146' title="bbox 2080 5698 2347 5737; baseline 0 0"><span class='ocrx_word' id='word_1_1068' title='bbox 2080 5698 2227 5737; x_wconf 89' lang='lat' dir='ltr'><strong>num.</strong></span> <span class='ocrx_word' id='word_1_1069' title='bbox 2262 5698 2318 5736; x_wconf 82' lang='lat' dir='ltr'><strong>ll</strong></span> <span class='ocrx_word' id='word_1_1070' title='bbox 2334 5723 2347 5737; x_wconf 88' lang='lat'><strong>.</strong></span> 
     </span>
    </p>
   </div>
   <div class='ocr_carea' id='block_1_144' title="bbox 3802 2004 3810 2091">
    <p class='ocr_par' dir='ltr' id='par_1_144' title="bbox 3802 2004 3810 2091">
     <span class='ocr_line' id='line_1_147' title="bbox 3802 2004 3810 2091; baseline 0 0"><span class='ocrx_word' id='word_1_1071' title='bbox 3802 2004 3810 2091; x_wconf 61' lang='grc' dir='ltr'><strong><em>ἑ</em></strong></span> 
     </span>
    </p>
   </div>
  </div>
