3860 6230
208 304 317 362 805

1031 298 1602 357 OBlGENlANOltUM
1643 297 1774 353 LIB.
1818 295 1882 359 ll,
1924 294 2076 351 CAP.
2117 292 2181 361 Il,
2224 290 2504 361 QUEST.
2548 290 2636 347 lll.

3384 288 3489 344 806

208 424 372 481 odisti
424 420 767 491 iniquitatem
800 439 813 474 :
844 429 1133 490 propterea
1168 420 1323 473 unxit
1354 427 1405 473 te
1451 419 1612 480 Deus,
1658 418 1798 472 Deus
1826 421 1871 477 Α
1900 410 2265 480 proferemus,
2316 407 2652 479 suspiciones
2685 404 2867 473 potius
2913 413 3152 469 nostras,
3177 419 3339 474 quam
3376 421 3491 460 ma-

210 526 359 582 tuus,
399 515 519 569 oleo
552 512 753 569 latitia;
806 526 918 581 pra:
968 510 1312 565 consortibus
1360 510 1488 563 tuis.
1518 528 1537 561 ι
1596 506 1788 562 Totam

208 622 375 678 porro
407 608 565 663 istam
597 605 846 676 Origenis
885 604 1322 659 dissertationem
1372 602 1560 657 iisdem
1595 617 1793 672 prope-

212 700 434 754 modum
473 699 760 767 repetitam
790 698 974 753 verbis
1010 696 1253 764 reperias
1298 695 1351 748 in
1389 704 1663 764 postremo
1700 710 1793 748 ca-

209 791 323 860 pite
374 791 540 847 libelli
597 790 673 845 De
728 791 922 844 deitate
971 798 1019 843 et
1060 788 1429 843 incarnatione
1489 785 1679 851 Verbi,
1725 787 1795 840 ad

209 883 565 949 Ianuarium;
594 883 688 953 qui
713 882 926 937 libellus
955 880 1305 951 Origenianis
1333 879 1652 949 fragmentis
1679 877 1794 933 fere

211 985 457 1041 constat,
498 984 554 1031 et
598 975 663 1028 ad
695 974 901 1029 calcem
953 972 1131 1042 quarti
1184 973 1313 1025 tomi
1367 971 1652 1040 Augustini
1700 972 1796 1024 ad-

208 1067 363 1139 jungi
420 1068 579 1124 soiet.
625 1068 803 1136 Atque
858 1067 999 1121 hanc
1051 1066 1394 1129 doctrinam,
1445 1064 1796 1133 quantumvis

218 1165 502 1229 absonam,
532 1161 689 1217 avide
718 1161 1067 1231 arripuerunt
1095 1158 1373 1229 Pelagiani
1401 1168 1455 1212 et
1492 1172 1797 1228 propugna-

220 1268 367 1312 runt.
420 1255 689 1310 Locorum
741 1254 1028 1325 Origenis,
1083 1252 1280 1322 quibus
1346 1265 1407 1305 ea
1466 1252 1794 1313 continetur,

213 1346 423 1419 primus
479 1356 659 1403 exstat
698 1356 828 1404 tom.
874 1363 892 1401 ι
939 1347 995 1400 in
1040 1344 1229 1407 Joan.,
1279 1358 1429 1396 num.
1476 1342 1593 1397 37:
1638 1342 1800 1396 Ἀλλὰ

212 1442 309 1497 καὶ
338 1441 477 1513 ἀνὴρ
510 1439 647 1507 πρὸς
679 1441 889 1501 τούτοις
917 1438 1134 1506 λέγεται
1160 1436 1333 1490 ὀπίσω
1368 1433 1613 1489 Ἰωάννου
1641 1435 1797 1507 ἐρχό-

216 1553 397 1607 μενος,
426 1532 730 1605 ἔμπροσθεν
756 1530 921 1585 αὐτοῦ
952 1530 1336 1602 γεγενημένος,
1366 1532 1459 1587 καὶ
1494 1530 1598 1600 πρὸ
1631 1527 1796 1581 αὐτοῦ

212 1628 311 1692 ὣν,
341 1628 427 1680 ἴνα
458 1623 793 1697 διὼχθῶμεν
831 1624 924 1677 καὶ
952 1624 1042 1677 τὸν
1071 1622 1358 1695 ἄνθρωπον
1400 1624 1495 1679 τοῦ
1532 1623 1665 1677 Υἱοῦ
1702 1620 1797 1675 τοῦ

211 1720 373 1784 Θεοῦ,
405 1720 498 1775 τὸν
541 1723 608 1792 τῇ
654 1720 869 1789 θεότητι
916 1717 1083 1773 αὐτοῦ
1136 1719 1631 1792 ἁνακεκραμμένον
1673 1734 1799 1788 πρε-

1901 504 2154 558 nifestius
2214 502 2601 555 allirmationes
2656 499 2708 552 in
2782 498 3015 551 medium
3067 497 3424 568 proferentes.
3460 518 3482 552 ι

1899 595 2031 663 Quae
2086 611 2115 649 a
2171 593 2368 649 Ruﬁno
2412 594 2629 647 adtexta
2659 590 2986 659 suspicarer,
3015 590 3058 643 si
3090 604 3193 644 non
3218 594 3298 644 de
3326 591 3490 646 rebus

1897 687 2149 743 obscuris
2210 686 2585 756 disputaturos
2645 682 2927 753 Origenes
2968 682 3039 735 ita
3108 681 3323 753 pmfari
3393 696 3487 737 so-

1868 776 1871 777 ⁷
1897 780 2055 837 leret.

1968 874 2104 930 VIII.
2144 872 2505 928 Nihilominus
2556 881 2738 926 tamen
2793 884 2861 925 ne
2900 868 2979 924 sic
3014 868 3231 939 quidem
3288 868 3489 925 multo-

1900 983 2017 1021 rum
2071 966 2542 1022 criminationibus
2584 964 2686 1020 fuit
2735 962 3011 1018 immunis.
3061 961 3252 1031 Carpit
3313 962 3489 1031 ipsum

1899 1059 2232 1129 Theophilus
2282 1059 2385 1113 int
2432 1056 2629 1113 Pasch.
2686 1059 2879 1127 epist.,
2929 1055 3072 1125 quod
3128 1056 3195 1108 ad
3249 1056 3487 1109 animam

1898 1149 2098 1207 Christi
2152 1149 2399 1204 retulerit
2443 1150 2587 1205 istud
2637 1149 2789 1204 Pauli
2832 1148 3068 1216 Philipp.
3098 1162 3170 1211 ιι,
3203 1148 3274 1201 7:
3320 1165 3341 1200 ι
3372 1147 3489 1203 Non

1899 1244 2147 1311 rapinam
2194 1241 2493 1297 arbitratus
2529 1251 2611 1295 est
2651 1256 2772 1297 esse
2820 1256 2879 1296 se
2919 1240 3182 1310 aqualem
3222 1240 3353 1307 Deo,
3395 1242 3491 1297 sed

1900 1334 2253 1404 semetipsum
2305 1333 2609 1388 exinanivit
2657 1335 2884 1388 formam
2926 1334 3069 1389 servi
3122 1333 3432 1403 accipiens;
3463 1354 3483 1388 ι

1902 1426 2042 1480 unde
2086 1425 2362 1482 concludit
2394 1425 2597 1481 Christi
2632 1427 2869 1479 animam
2919 1424 3179 1494 aequalem
3216 1426 3327 1479 Deo
3361 1423 3489 1479 Ori-

1901 1534 2092 1591 genem
2147 1519 2479 1586 credidisse,
2530 1534 2591 1573 ac
2637 1518 2872 1588 aequales
2924 1517 3153 1588 proinde
3202 1516 3491 1571 hominum

1902 1612 2135 1677 animas,
2189 1626 2311 1680 quae
2363 1611 2604 1682 ejusdem
2658 1620 2783 1666 sunt
2833 1610 3154 1665 substantia:
3200 1624 3265 1664 ac
3309 1609 3489 1665 anima

1902 1702 2142 1767 Christi,
2190 1703 2477 1773 ipsumque
2529 1702 2763 1757 Verbum
2804 1704 3117 1773 neutiquam
3147 1703 3213 1756 ad
3248 1711 3487 1768 terrena,

214 1813 478 1885 οϐὑτερον
502 1806 639 1866 εἶναι
665 1812 762 1883 τῆς
786 1814 850 1866 ἐκ
874 1812 1095 1884 Μαρίας
1121 1811 1403 1880 γενέσεως.
1424 1810 1573 1865 Alter
1589 1808 1797 1863 habetut

1915 1797 2009 1851 sed
2046 1795 2215 1851 solam
2252 1794 2368 1864 ejus
2400 1796 2632 1849 animam
2668 1796 2900 1850 venisse.
2929 1796 3104 1865 Atque
3153 1795 3356 1848 utinam
3405 1796 3489 1849 vel

214 1916 365 1961 tumo
403 1920 476 1959 xx
510 1914 785 1972 sequenti,
818 1920 970 1959 num.
1000 1905 1065 1958 l7
1094 1922 1106 1957 :
1148 1905 1262 1957 Οὐκ
1305 1904 1576 1975 ἀζήτητον
1612 1901 1669 1955 δὲ
1702 1904 1792 1955 ὲα-

212 1997 338 2052 τέον
363 1996 452 2050 τὸν
480 1995 664 2059 τόπον,
692 1995 787 2050 καὶ
828 1997 908 2059 εἰς
945 1994 1036 2048 τὸν
1063 1995 1192 2067 περὶ
1224 1994 1400 2065 ψυχῆς
1430 1992 1610 2063 λόγον.
1643 1992 1797 2063 Τάχα

213 2088 325 2159 γὰρ
356 2090 389 2160 ὴ
432 2087 529 2159 μὲν
555 2086 649 2141 τοῦ
679 2086 810 2140 Υἱοῦ
846 2087 990 2157 ψυχὴ
1029 2087 1086 2141 ὲν
1118 2090 1183 2158 τῇ
1228 2086 1426 2156 ἑαυτῆς
1457 2085 1798 2157 τυγχάνουσα

214 2180 533 2251 τελειότητι,
561 2180 620 2232 ἐν
651 2177 770 2249 Θεῷ
808 2180 901 2233 καὶ
939 2178 1016 2249 τῷ
1041 2178 1371 2250 πληρώματι
1400 2174 1488 2249 ἧν,
1520 2178 1612 2232 καὶ
1655 2179 1799 2231 ἐκεῖ-

215 2271 311 2325 θεν
355 2268 701 2342 ἐξεληλυθυῖα
722 2309 737 2333 ,
772 2268 851 2340 τῷ
897 2268 1234 2323 ἀπεστάλθαι
1280 2268 1388 2323 ἀπὸ
1424 2268 1520 2322 τοῦ
1554 2267 1795 2339 Ἡατρὸς,

215 2362 448 2417 ἀνέλαϐε
484 2362 545 2415 τὸ
583 2364 647 2415 ὲκ
677 2361 777 2433 τῆς
806 2360 1029 2433 Μαρίας
1068 2360 1247 2431 σῶμα.
1280 2360 1444 2414 Libro
1487 2376 1615 2414 vero
1644 2376 1679 2414 tt
1724 2358 1798 2412 De

216 2457 469 2529 princip.,
506 2469 627 2524 cap.
650 2455 705 2517 ϐ,
737 2469 887 2507 num.
916 2454 950 2508 ὅ
979 2462 1033 2509 et
1075 2453 1143 2517 4,
1186 2460 1240 2507 et
1275 2453 1368 2508 lib.
1411 2468 1429 2506 ι
1467 2464 1650 2507 contra
1689 2450 1797 2505 Cet-

218 2564 360 2612 sum,
389 2563 538 2602 nunt.
569 2546 640 2602 52
665 2557 721 2602 et
751 2547 843 2611 53,
882 2545 1055 2600 fusius
1086 2546 1227 2600 idem
1278 2552 1474 2599 tractat
1513 2558 1798 2612 argumen-

220 2652 358 2705 tum,
389 2647 735 2708 mentemque
764 2653 919 2692 suam
952 2637 1158 2691 diserte
1201 2635 1485 2705 proponit;
1520 2648 1637 2703 quae
1663 2647 1798 2703 quo-

220 2733 365 2787 niam
394 2744 549 2801 aequo
579 2729 870 2800 prolixiora
899 2737 1046 2792 sunt,
1080 2737 1132 2781 ut
1175 2727 1442 2782 lectorum
1474 2734 1799 2782 occurratur

219 2823 462 2886 fastidio,
510 2821 720 2879 referre
770 2821 1121 2891 supersedeo.
1148 2820 1495 2875 Adducemus
1524 2833 1587 2872 ea
1620 2817 1795 2872 solum

219 2931 343 2987 qua
374 2932 404 2972 e
435 2916 574 2971 libro
621 2915 811 2969 eodem
860 2912 1002 2982 Περὶ
1045 2910 1268 2981 ἀρχῶν,
1305 2926 1424 2981 cap.
1456 2910 1511 2975 6,
1559 2926 1710 2965 num.
1738 2909 1796 2974 4,

219 3008 557 3080 deprompsit
591 3005 927 3062 Justinianus
971 3005 1036 3059 ad
1074 3005 1277 3060 calcem
1313 3003 1559 3074 epistolae
1584 3003 1648 3056 ad
1687 3001 1793 3057 Me-

218 3116 386 3155 nam:
422 3099 520 3153 Διὰ
551 3096 709 3153 τοῦτο
756 3098 850 3153 καὶ
892 3097 1175 3170 ἄνθρωπος
1215 3096 1404 3165 γέγονε
1448 3094 1705 3167 Χριστὸς,
1739 3093 1799 3159 ἐξ

1905 1890 2019 1961 ipsa
2048 1889 2306 1959 Origenis
2339 1890 2502 1943 verba
2535 1897 2982 1959 repraesentasset
3013 1887 3366 1956 Theophilus,
3399 1888 3488 1944 vel

1904 1983 1971 2038 ad
2014 1985 2126 2054 ipsa
2160 1982 2278 2038 loca
2324 1983 2466 2037 unde
2510 1982 2627 2037 haec
2678 1990 2903 2053 excepta
2940 1990 3101 2046 sunt,
3135 1981 3357 2052 digitum
3406 1982 3491 2035 in-

1908 2077 2205 2143 tendisset;
2244 2074 2458 2130 facilius
2500 2075 2715 2145 quidem
2747 2083 2801 2130 et
2837 2075 3039 2130 certius
3069 2074 3318 2146 Origenis
3366 2088 3493 2129 sen-

1904 2182 2023 2221 sum
2055 2166 2496 2236 pervideremus;
2529 2181 2721 2221 vereor
2748 2168 2893 2222 enim
2926 2178 2984 2221 ut
3019 2168 3324 2222 vehementi
3360 2182 3492 2222 con-

1903 2259 2104 2313 citatus
2160 2257 2305 2323 odio,
2336 2258 2415 2313 sic
2465 2258 2606 2314 enim
2642 2269 2794 2325 erat,
2842 2260 2977 2315 satis
3026 2260 3166 2315 bona
3216 2259 3319 2315 ﬁde
3367 2275 3491 2315 cum

1902 2350 2227 2414 Adamantio
2273 2350 2466 2417 egerit.
2506 2348 2727 2407 Certum
2762 2366 2879 2419 εει,
2924 2367 3048 2407 cum
3088 2371 3107 2404 ι
3136 2353 3489 2423 semetipsum

1904 2443 2213 2498 exinaniret
2240 2461 2259 2495 ι
2299 2442 2574 2509 Christus,
2602 2444 2740 2499 nih‘il
2784 2445 3092 2500 detrimenti
3124 2460 3339 2515 passam
3369 2446 3489 2513 ejus

1902 2538 2276 2601 divinitatem,
2346 2539 2439 2592 sed
2512 2538 2681 2594 solam
2752 2541 3140 2594 humanitatem
3212 2538 3490 2596 laboribus

1905 2629 2074 2685 fuisse
2120 2629 2446 2697 obnoxiam;
2480 2631 2633 2701 cujus
2675 2646 2798 2685 cum
2833 2631 3104 2700 praecipua
3154 2645 3279 2701 pars
3308 2631 3487 2685 anima

1904 2721 1996 2789 sit,
2022 2723 2298 2792 angustias
2324 2722 2412 2777 illa
2440 2723 2694 2777 sustinuit
2713 2733 2767 2778 et
2787 2723 3023 2789 dolores,
3040 2739 3106 2779 ac
3130 2744 3147 2776 ε
3169 2723 3437 2778 exinanita
3460 2741 3481 2777 ι

1904 2817 2131 2884 proinde
2162 2816 2266 2871 hoc
2295 2830 2455 2872 sensu
2490 2816 2594 2871 dici
2634 2826 2834 2887 potest,
2866 2826 2921 2872 et
2949 2832 2979 2871 e
3011 2831 3223 2871 summo
3269 2815 3358 2870 illo
3408 2814 3489 2870 fe-

1903 2908 2123 2964 licitatis
2167 2910 2337 2980 gradu
2394 2908 2634 2980 dejecta,
2680 2924 2789 2979 quo
2840 2909 3064 2979 potitant
3116 2906 3285 2962 fuisse
3324 2899 3485 2962 illam

1903 3005 2113 3059 censuit
2160 3003 2458 3075 Origenes,
2499 3019 2626 3059 cum
2674 3006 2881 3074 irrupto
2924 3003 3126 3059 amoris
3187 3017 3328 3057 nexu
3380 3001 3489 3057 Deo

1904 3096 2211 3165 conjuncta,
2255 3097 2491 3151 nondum
2545 3097 2780 3152 humano
2826 3096 3041 3166 corpori
3090 3110 3209 3150 sese
3257 3095 3488 3148 immer-

219 3189 707 3260 ἁνδραγαθήματος
742 3188 930 3241 τούτου
962 3186 1165 3259 τυχὼν,
1198 3186 1274 3250 ὡς
1307 3188 1579 3258 μαρτυρεῖ
1615 3186 1643 3238 ὁ
1665 3186 1797 3257 Προ-

1911 3189 2094 3245 sisset.
2136 3188 2295 3255 Quod
2342 3188 2418 3241 ait
2459 3202 2589 3258 ergo
2633 3188 2925 3258 Apostolus
2964 3206 2979 3242 :
3019 3206 3037 3239 t
3071 3186 3182 3242 lloc
3228 3186 3492 3255 intelligat

219 3280 397 3351 φήτης
438 3278 642 3347 λέγων*
683 3276 1030 3347 Ἡγάπησας
1076 3275 1492 3342 δικαιοσύνην,
1548 3273 1647 3327 καὶ
1688 3273 1835 3343 ἐμέο,

219 3388 423 3439 σησας
463 3371 737 3441 ἀνομίαν,
766 3368 863 3422 διὰ
901 3369 1075 3423 τοῦτο
1125 3367 1332 3438 ἐχρισέ
1382 3383 1457 3421 σε
1493 3369 1526 3421 ὁ
1576 3365 1739 3432 Θεὸς,
1773 3369 1807 3421 ὁ

221 3466 370 3531 Θεός
385 3480 501 3519 σου
521 3466 727 3517 ἔλαιον
744 3460 1157 3531 ἀγαλλιάσεως
1179 3458 1335 3529 παρὰ
1354 3458 1494 3524 τοὺς
1511 3458 1806 3527 μετόχους

220 3574 358 3613 σου.
400 3557 645 3626 Ἔπρεπε
694 3555 750 3609 δὲ
798 3555 886 3607 τὸν
938 3553 1200 3624 μηδέποτε
1251 3551 1652 3624 κεχωρισμένον
1706 3550 1802 3604 τοῦ

221 3645 559 3714 Μονογενοῦς
589 3642 1029 3715 συγχρηματξσαι
1060 3641 1138 3712 τῷ
1165 3642 1459 3709 Μονογενεῖ
1490 3641 1583 3693 καὶ
1623 3639 1805 3694 συνδο-

222 3740 484 3810 ξασϐῆναι
534 3737 703 3808 αὐτῷ.
748 3757 765 3789 ι
799 3738 1003 3791 l-lcirco
1033 3744 1088 3789 et
1120 3736 1283 3789 homo
1325 3736 1499 3789 factus
1529 3743 1615 3789 est
1653 3735 1806 3789 Citri-

220 3842 360 3893 sms,
390 3844 488 3884 suo
524 3830 714 3882 merito
744 3829 843 3882 hoc
875 3826 1120 3891 sortitus,
1156 3836 1211 3878 ut
1246 3825 1515 3894 Propheta
1550 3836 1799 3891 testatur,

221 3922 517 3990 inquiens:
552 3919 795 3975 Diiexisti
820 3920 1122 3988 justitiam,
1162 3928 1211 3973 et
1250 3920 1407 3973 odisti
1449 3919 1800 3988 iniquitatem,

220 4022 498 4082 propterea
526 4014 675 4066 unxit
701 4022 751 4065 te
781 4011 939 4077 Deus,
970 4010 1113 4065 Deus
1147 4020 1289 4075 tuus,
1326 4009 1436 4063 oleo
1469 4007 1663 4063 lwtitite
1692 4025 1803 4077 pra:

220 4105 561 4174 participibus
589 4106 692 4157 tuis
718 4103 784 4157 ⁸⁷.
810 4102 1041 4156 Docebat
1066 4101 1330 4169 siquidem
1367 4100 1512 4154 illum
1544 4100 1634 4169 qui
1667 4115 1805 4153 nun-

220 4214 385 4270 quam
420 4200 486 4253 ab
512 4196 798 4268 Unigenito
822 4204 1102 4265 separatus
1124 4202 1225 4258 est,
1247 4193 1576 4248 coexsistere
1604 4191 1803 4263 Unige-

222 4293 366 4351 nito.
389 4301 440 4345 et
473 4306 576 4345 una
612 4305 734 4345 cum
774 4289 890 4358 ipso
924 4286 1374 4356 congloriﬁcari.»

299 4383 405 4438 VII.
448 4383 602 4449 Quod
640 4382 685 4436 si
738 4382 859 4451 quis
911 4378 1062 4435 falsis
1103 4379 1207 4433 illis
1242 4378 1493 4449 Origenis
1543 4376 1803 4432 assertio-

219 4478 385 4533 nibus
413 4484 783 4531 commovetur
824 4472 1216 4536 vehementius,
1245 4471 1324 4526 sic
1358 4471 1639 4540 praefatum
1677 4485 1800 4525 eum

1908 3282 2279 3350 unusquisque
2312 3281 2362 3335 in
2399 3280 2577 3345 nobis,
2614 3283 2756 3349 quod
2784 3291 2837 3336 et
2871 3281 2922 3334 in
2954 3279 3172 3335 Christo
3191 3277 3351 3344 Jesu;
3393 3278 3488 3347 qui

1905 3387 2027 3427 cum
2072 3373 2125 3426 in
2166 3372 2341 3427 forma
2376 3372 2469 3427 Dei
2519 3382 2699 3438 esset,
2750 3389 2856 3427 non
2895 3373 3142 3441 rapinam
3194 3372 3489 3425 arbitratus

1905 3474 1991 3519 est
2023 3479 2144 3519 esse
2170 3479 2230 3520 se
2259 3464 2526 3535 aequalem
2576 3464 2707 3531 Deo,
2751 3466 2847 3519 sed
2900 3464 3252 3532 semetipsum
3298 3462 3490 3516 exina-

1906 3555 2047 3610 nivit
2079 3555 2309 3610 formam
2341 3556 2482 3611 servi
2533 3556 2833 3627 accipiens,
2862 3575 2881 3608 ι
2933 3556 3079 3611 facili
3127 3556 3344 3625 negotio
3390 3570 3489 3610 ex-

1905 3648 2136 3718 plicatur
2179 3649 2247 3702 ad
2284 3658 2518 3703 mentem
2548 3646 2822 3719 Origenis.
2851 3647 3124 3703 Christum
3171 3648 3247 3701 ait
3290 3646 3489 3702 Paulus

1905 3755 2025 3795 cum
2055 3741 2107 3795 in
2140 3739 2315 3794 forma
2352 3741 2445 3796 Dei
2480 3752 2643 3807 esset,
2669 3739 2889 3810 Deoque
2922 3740 3166 3811 aequalis,
3199 3754 3303 3794 non
3331 3740 3487 3809 juxta

1903 3831 2327 3899 humanitatem,
2356 3834 2450 3888 sed
2472 3831 2625 3899 juxta
2657 3845 2904 3887 naturam
2934 3849 3087 3889 suam
3112 3833 3371 3899 divinam,
3400 3848 3488 3889 se-

1905 3923 2075 3994 ipsum
2103 3926 2488 3991 exinanivisse,
2517 3935 2571 3982 et
2600 3928 2744 3980 servi
2778 3926 3009 3980 formam
3046 3927 3343 3995 accepisse,
3377 3939 3487 3983 non

1899 4017 2053 4087 juxta
2087 4018 2427 4073 divinitatem
2462 4034 2638 4086 suam,
2681 4018 2777 4075 sed
2818 4019 2974 4088 juxta
3006 4020 3297 4074 humanam
3328 4028 3487 4074 natu-

1903 4124 2043 4176 ram,
2071 4108 2225 4179 cujus
2265 4111 2499 4180 priorem
2544 4113 2722 4166 anima
2758 4111 2934 4167 locum
2981 4120 3146 4166 tenet.
3186 4110 3304 4178 Quo
3344 4111 3487 4165 refe-

1903 4203 2129 4258 rendum
2161 4202 2292 4258 illud
2325 4202 2524 4259 Christi
2553 4218 2569 4257 :
2614 4222 2634 4255 ι
2667 4203 2861 4259 Tristis
2894 4211 2981 4259 est
3017 4203 3198 4257 anima
3242 4218 3359 4257 mea
3395 4218 3485 4258 us-

1903 4310 2007 4365 que
2036 4297 2101 4350 ad
2151 4305 2379 4351 mortem
2405 4295 2471 4349 ⁸⁸.
2501 4314 2520 4348 ι
2563 4294 2660 4350 His
2701 4296 2754 4351 in
2801 4296 3211 4350 accommodum
3259 4310 3481 4351 sensum

1904 4391 1980 4445 ita
2016 4390 2239 4445 deﬂexis
2287 4390 2598 4444 retunditur
2642 4388 2926 4459 TbeOphili
2964 4389 3314 4459 Oppugnatio,
3356 4405 3481 4444 cum

1904 4483 2207 4551 praesertim
2235 4485 2366 4537 satis
2401 4482 2617 4537 aliunde
2644 4490 2855 4537 constet
2898 4496 2998 4550 pro
3024 4491 3179 4535 certo
3227 4479 3484 4536 habuisse

218 4571 391 4625 fuisse
420 4568 556 4623 sciat
586 4567 679 4622 lib.
708 4584 742 4622 II
771 4567 908 4635 napi
944 4564 1166 4635 ἀρχῶν,
1200 4579 1319 4633 cap.
1349 4563 1402 4629 6,
1438 4579 1588 4618 num.
1611 4562 1669 4627 2,
1700 4579 1797 4617 an-

1903 4574 2190 4643 Origenem
2241 4573 2485 4630 Verbum
2535 4574 2631 4629 Dei
2684 4588 2907 4629 carnem
2952 4574 3004 4626 in
3049 4570 3269 4626 Christo
3315 4570 3484 4626 fuisse

216 4670 441 4728 teqnam
493 4660 559 4713 ad
607 4658 984 4725 explicandum
1039 4656 1429 4710 lncarnationis
1479 4656 1797 4725 mysterium

218 4752 546 4806 accederet:
580 4770 599 4803 ι
626 4751 755 4817 Qua:
800 4750 1017 4819 quidem
1069 4750 1120 4802 in
1158 4762 1316 4803 aures
1360 4748 1625 4801 humanas
1668 4762 1797 4816 pro-

219 4846 391 4909 ferre,
420 4856 473 4898 et
511 4844 849 4899 sermonibus
886 4840 1180 4911 explicare,
1211 4839 1367 4906 longe
1399 4840 1544 4895 vires
1572 4839 1655 4894 vel
1686 4855 1799 4893 me-

219 4938 318 4994 riti
350 4938 538 5001 nostri,
563 4936 645 4992 vel
680 4936 878 5005 ingenii
910 4950 974 4989 ac
1004 4933 1268 4989 sermonis
1293 4933 1522 4988 excedit.
1552 4932 1799 4987 Arbitror

220 5042 408 5087 autem
457 5032 579 5099 quia
626 5030 789 5085 etiam
838 5037 1149 5083 sanctorum
1182 5026 1548 5096 apostolorum
1599 5038 1791 5094 super-

220 5125 504 5197 grediatur
551 5136 856 5177 mensuram
886 5140 897 5174 :
934 5119 1176 5189 quinimo
1210 5118 1373 5171 etiam
1412 5116 1658 5171 fortassis
1707 5125 1792 5170 to—

226 5220 340 5273 tius
386 5225 649 5272 creatura:
682 5213 984 5270 caelestium
1038 5212 1295 5264 virtutum
1348 5210 1670 5263 eminentior
1713 5218 1798 5264 est

225 5310 552 5366 sacramenti
589 5310 743 5363 istius
771 5303 1095 5377 explanatio.
1133 5301 1206 5356 De
1230 5316 1337 5371 quo
1366 5316 1461 5354 nos
1494 5314 1596 5353 non
1628 5309 1797 5355 teme-

225 5404 391 5459 ritate
420 5402 618 5473 aliqua,
667 5401 758 5455 sed
802 5398 1071 5469 quomodo
1109 5395 1241 5448 ordo
1276 5394 1376 5449 loci
1425 5393 1701 5463 deposcit,
1729 5410 1794 5448 ea

226 5496 400 5565 magis
443 5509 564 5564 qua:
602 5492 734 5547 ﬁdes
783 5502 967 5546 nostra
1018 5490 1292 5551 continet,
1338 5502 1497 5555 quam
1550 5486 1796 5541 humanae

228 5588 457 5644 rationis
488 5586 715 5641 assertio
756 5584 1033 5639 vindicare
1067 5582 1219 5646 solet,
1259 5595 1419 5651 quam
1451 5578 1795 5649 paucissimis

301 5766 343 5797 "
387 5763 523 5820 Psal.
580 5780 722 5831 thv,
770 5763 822 5819 8.
899 5764 942 5795 “
985 5761 1147 5819 Marc.
1196 5759 1421 5827 xlv,54.

1898 4666 2124 4723 factum.
2155 4666 2380 4722 Millium
2416 4668 2588 4723 instar
2617 4668 2722 4722 erit
2766 4682 2933 4722 unum
2969 4665 3022 4720 id
3068 4664 3185 4733 ejus
3234 4664 3480 4719 testimo-

1898 4758 2045 4812 nium
2071 4775 2102 4813 e
2128 4761 2392 4828 prommio
2419 4761 2472 4815 in
2504 4760 2598 4816 lib.
2630 4760 2703 4815 Dc
2727 4761 2979 4830 princip.,
3007 4774 3157 4814 num.
3182 4757 3219 4813 4
3251 4780 3261 4813 ;
3303 4775 3323 4809 ι
3352 4757 3491 4829 Speo,

1905 4851 2019 4905 cies
2054 4866 2186 4906 vero
2232 4867 2422 4908 eorum
2450 4867 2572 4922 quas
2615 4867 2713 4923 per
2745 4850 3183 4922 praedicationem
3225 4850 3483 4919 apostoli-

1897 4956 2014 4996 cam
2050 4943 2335 5001 manifeste
2374 4946 2681 5009 traduntur,
2715 4945 2831 5000 istae
2871 4951 3015 4999 sunt.
3040 4983 3055 4997 .
3078 4980 3129 4997 ..
3157 4943 3284 5012 quia
3323 4938 3482 4998 Jesus

1896 5035 2144 5092 Christus
2196 5037 2309 5106 ipse
2361 5036 2453 5108 qui
2493 5037 2673 5103 venit,
2723 5044 2849 5091 ante
2898 5049 3116 5090 omnem
3172 5043 3480 5088 creaturam

1898 5137 2060 5182 natus
2090 5144 2155 5183 ex
2192 5129 2350 5185 Patre
2379 5138 2481 5187 est.
2509 5129 2612 5197 Qui
2646 5145 2769 5185 cum
2800 5129 2854 5183 in
2885 5130 3126 5183 omnium
3170 5126 3480 5181 conditione

1898 5219 2046 5274 Patri
2086 5223 2445 5278 ministrasset
2507 5226 2631 5293 (per
2676 5222 2849 5292 ipsum
2903 5222 3044 5274 enim
3109 5220 3284 5289 omnia
3336 5216 3479 5286 facta

1898 5322 2019 5366 sunt
2046 5313 2135 5380 θ’),
2161 5315 2467 5370 novissimis
2501 5315 2828 5387 temporibus
2854 5313 3093 5383 seipsum
3138 5311 3475 5372 exinaniens,

1900 5404 2066 5460 homo
2107 5405 2284 5462 factus
2338 5408 2651 5463 incarnatus
2714 5416 2798 5463 est
2849 5422 2971 5461 cum
3019 5404 3159 5459 Deus
3207 5412 3377 5466 esset,
3424 5409 3481 5455 et

1900 5494 2059 5551 homo
2112 5497 2284 5551 factus
2323 5499 2525 5553 mansit
2575 5500 2718 5567 quod
2770 5506 2889 5552 erat
2947 5497 3120 5558 Deus,
3148 5512 3167 5544 ι
3200 5501 3333 5556 etc.;
3370 5488 3475 5543 nisi

1898 5588 2018 5656 Quis
2068 5588 2203 5646 forte
2250 5590 2362 5647 haec
2408 5606 2439 5644 a
2492 5588 2688 5646 Ruﬁno
2732 5590 3021 5660 depravata
3072 5592 3345 5643 causetur.
3382 5579 3477 5635 llis

1515 5760 1557 5794 ⁶⁹
1599 5759 1752 5818 Joan.
1797 5760 1924 5828 1,3.
