3860 6230
364 273 469 329 807

1626 264 1686 318 P.
1730 262 2043 318 DANIEHS
2076 260 2311 316 liUETll

3524 265 3655 323 808

354 395 633 451 subnectit
672 389 1023 459 Theophilus.
1067 405 1188 444 cum
1237 388 1434 444 dixerit
1467 388 1726 459 Origenes
1767 389 1945 458 ψυχὴν
1975 394 2020 448 Α
2050 384 2100 436 in
2149 383 2319 448 prima
2377 380 2662 443 Pascha/1',
2701 388 2756 436 ct
2798 381 2937 449 apud
2970 366 3367 435 Theodoretum
3422 381 3478 435 in
3514 383 3657 435 dia-

362 491 562 543 dictam
594 486 702 540 ἀπὸ
743 485 837 539 τοῦ
882 484 1095 554 ψύχειν,
1134 485 1275 551 quod
1324 482 1625 536 animarum
1688 497 1839 536 amor
1884 484 1937 535 iu

368 580 535 635 Demn
578 590 632 632 et
687 577 930 646 charitas
980 575 1274 636 refrixerit,
1310 588 1623 643 persuasum
1655 574 1701 627 ei
1750 588 1941 627 consc-

356 676 596 737 quenter
644 666 808 720 fuisse
856 664 1050 716 animae
1096 662 1292 716 Christi
1334 661 1616 730 pristinum
1671 661 1942 715 remisisse

360 760 568 812 amoris
625 758 676 811 in
737 756 902 810 Deum
962 754 1246 807 fervorem.
1304 752 1498 807 Futilis
1539 766 1603 805 ac
1657 752 1941 820 nugatoria

362 849 603 904 hominis
649 847 954 917 impotentis
996 845 1288 900 cavillatio.
1334 843 1434 898 Cui
1481 844 1813 897 consimilem
1860 842 1940 896 al-

364 953 539 997 teram
580 943 740 997 habet
784 940 958 997 Guido
991 939 1279 994 Carmelita
1327 940 1379 993 in
1421 937 1644 993 Summa
1674 938 1737 990 de
1783 937 1937 1001 ham,

365 1038 422 1091 in
458 1039 649 1091 haeres.
686 1037 998 1106 Origenist.,
1029 1034 1223 1102 cuique
1267 1041 1489 1087 assonat
1534 1031 1633 1083 ista
1682 1029 1940 1098 Paganini

365 1124 652 1177 Caudentii
690 1123 1027 1177 ratiocinatio
1056 1123 1109 1175 in
1155 1121 1246 1177 lib.
1286 1120 1363 1173 De
1406 1119 1798 1186 comparatione
1845 1120 1944 1172 do-

368 1222 530 1280 gmat.
564 1211 806 1282 Origenis
853 1228 972 1265 cum
1016 1210 1340 1280 philosophia
1370 1207 1632 1271 Platonis,
1680 1224 1799 1276 cap.
1830 1209 1940 1264 55:

374 1328 393 1357 ‹
427 1306 638 1360 Anima:
677 1316 894 1374 propter
920 1312 1163 1371 peccata,
1205 1303 1353 1371 juxta
1377 1301 1685 1371 Origenent,
1717 1316 1941 1370 corpora

369 1400 630 1463 subeunt;
656 1399 832 1451 anima
865 1411 994 1464 ergo
1011 1395 1212 1449 Christi
1247 1404 1522 1463 peccatum
1553 1395 1788 1448 admisit.
1824 1414 1842 1447 ι
1868 1396 1945 1447 Ac

368 1490 415 1542 si
457 1490 578 1557 quis
607 1489 736 1543 illud
773 1486 1072 1555 Prophetas,
1114 1503 1134 1536 ε
1165 1486 1352 1541 Omnis
1391 1486 1548 1539 homo
1578 1485 1807 1538 mendax
1836 1484 1937 1550 ⁷⁰,ι

368 1588 715 1648 usurpantem
749 1592 890 1631 nunc
920 1575 1150 1643 aliquem
1199 1574 1343 1628 velut
1395 1573 1715 1642 sacrilegum
1761 1573 1944 1627 redar-

369 1678 515 1738 guat,
543 1668 682 1738 quod
707 1667 953 1722 Christus
985 1671 1144 1722 homo
1172 1666 1261 1726 sit,
1289 1680 1352 1718 ac
1385 1665 1696 1718 mendacem
1721 1664 1945 1731 proinde

2048 476 2167 545 Iugo
2196 474 2282 528 cui
2333 472 2516 527 titulus
2559 472 2961 540 Ἀσὺγχυτος,
3014 474 3296 527 censuisse
3336 473 3649 543 Origenem

2046 568 2279 621 animam
2308 581 2467 634 quam
2510 566 2803 631 assumpsit
2838 565 3011 621 Filius
3061 566 3191 629 Dei,
3234 575 3287 620 et
3323 566 3500 635 ipsum
3538 566 3649 620 Dei

2044 656 2239 711 Filium
2275 672 2439 709 unum
2474 669 2629 720 esse,
2660 656 3111 723 quemadmodum
3161 656 3316 711 Pater
3356 669 3414 712 et
3458 658 3650 713 Filius

2051 765 2217 804 unum
2254 762 2399 804 sunt.
2447 748 2584 802 Hinc
2635 748 2707 802 illi
2752 750 3035 803 commoda
3078 751 3304 803 vexandi
3342 766 3439 819 pro
3482 767 3651 806 more

2049 858 2147 895 suo
2180 840 2431 911 Origenis
2461 855 2612 904 ansa,
2638 855 2798 909 quam
2831 841 2930 910 ipsi
2957 849 3135 895 tamen
3162 845 3644 911 extorquebimus.

2045 932 2181 987 Nam
2208 934 2439 1002 primum
2469 932 2715 1002 agnoscit
2743 931 2940 985 ibidem
2974 931 3304 1001 Theophilus
3334 934 3400 987 de
3425 936 3643 989 anima:

2047 1025 2246 1081 Christi
2280 1027 2541 1096 dignitate
2569 1040 2716 1082 recte
2747 1026 3037 1094 aliquando
3055 1028 3289 1081 sensisse
3310 1027 3636 1099 Origenem,

2048 1133 2276 1186 eamque
2306 1117 2415 1172 Deo
2448 1118 2623 1172 Verbo
2664 1118 2976 1173 inferiorem
3009 1120 3325 1175 credidisse.
3352 1120 3636 1175 Praeterea

2053 1223 2174 1262 cum
2206 1208 2442 1260 animam
2472 1207 2671 1262 Christi
2700 1217 2754 1261 et
2788 1207 3026 1261 Verbum
3067 1221 3232 1260 unum
3262 1222 3383 1262 esse
3415 1207 3629 1273 docuit,

2048 1298 2503 1366 quemadmodum
2550 1298 2713 1351 Pater
2764 1309 2818 1353 et
2862 1298 3032 1352 Filius
3083 1313 3249 1352 unum
3298 1308 3469 1365 sunt;
3521 1314 3633 1353 non

2049 1405 2213 1444 unum
2256 1403 2378 1444 esse
2430 1389 2598 1443 voluit
2659 1391 2847 1444 eadem
2901 1392 3110 1447 unitate
3156 1392 3209 1445 in
3251 1390 3473 1458 specie,
3532 1391 3633 1445 sed

2049 1487 2236 1539 eadem
2287 1484 2497 1538 unitate
2542 1482 2597 1536 in
2640 1498 2855 1553 genere.
2908 1482 3099 1539 Unitas
3148 1485 3294 1538 enim
3348 1482 3531 1537 Patris
3578 1492 3635 1538 et

2050 1576 2172 1630 Filii
2224 1577 2275 1629 in
2330 1591 2395 1631 eo
2440 1576 2693 1631 convenit
2718 1591 2837 1629 cum
2870 1576 3077 1630 unitate
3109 1576 3269 1629 Verbi
3304 1585 3360 1630 et
3410 1576 3633 1641 animae,

2051 1668 2192 1736 quod
2226 1668 2294 1722 ad
2340 1667 2478 1721 idem
2517 1683 2705 1738 genus,
2736 1670 2997 1723 unitatem
3035 1682 3245 1736 nempe,
3283 1678 3515 1734 utraque
3546 1682 3635 1721 re-

371 1761 585 1814 dixerit.
616 1760 694 1813 Ac
733 1761 778 1813 si
821 1773 926 1812 non
956 1759 1165 1827 aliquas
1206 1758 1367 1811 etiam
1416 1755 1624 1809 animas
1667 1756 1733 1808 ad
1778 1754 1948 1810 oﬂicia
1984 1760 2025 1816 Β
2060 1758 2305 1813 feratur:
2338 1758 2389 1812 in
2413 1772 2480 1811 eo
2512 1768 2693 1813 autem
2726 1757 3013 1825 dim-runt,
3057 1759 3200 1827 quod
3231 1758 3411 1812 unitas
3448 1758 3636 1811 Patris

369 1852 678 1906 hominibus
708 1851 1007 1905 exhibenda
1033 1850 1319 1917 deputasse
1350 1848 1515 1901 Deum
1544 1847 1804 1918 Origenes
1837 1848 1939 1901 sibi

372 1945 611 2009 tinxerit,
660 1954 717 1997 ut
772 1943 997 1996 inferius
1043 1939 1575 1995 demonstrabimus.
1609 1937 1946 1993 Justinianus

371 2050 502 2089 vero
532 2037 634 2089 hoc
669 2035 841 2103 ipsum
872 2033 1122 2103 Origenis
1148 2031 1394 2087 delirium
1429 2031 1712 2099 exagitans
1743 2032 1796 2083 in
1830 2032 1948 2099 epi-

373 2127 507 2181 stola
537 2127 604 2179 ad
636 2125 868 2189 Menam,
910 2126 995 2179 his
1024 2124 1301 2178 Athanasii
1340 2122 1507 2176 utitur
1544 2123 1722 2175 verbis
1751 2141 1763 2176 :
1791 2122 1947 2174 Εἰκό-

371 2234 479 2281 τως
507 2215 939 2284 καταγνώσονται
980 2214 1157 2285 ἑαυτῴ
1187 2214 1387 2278 πάντες
1416 2216 1461 2267 οἱ
1490 2211 1801 2285 νομίζοντες
1842 2213 1947 2284 πρὸ

372 2309 471 2379 τῆς
518 2308 734 2379 Μαρίας
780 2304 918 2360 εἶναι
961 2306 1059 2376 τὴν
1106 2306 1164 2373 ἐξ
1209 2306 1379 2375 αὐτῆς
1426 2305 1638 2377 σάρκα,
1694 2306 1785 2357 καὶ
1841 2305 1946 2374 πρὸ

372 2399 577 2469 ταύτης
640 2397 928 2468 ἐσχηκέναι
995 2397 1172 2468 ψυχὴν
1239 2396 1604 2467 ἀνθρωπίνην,
1662 2395 1752 2448 τὸν
1815 2395 1947 2449 Θεὸν

372 2491 563 2558 Λόγον,
608 2490 701 2542 κα)⁸
750 2491 807 2541 ὲν
851 2490 985 2558 αὐτῇ
1037 2488 1141 2559 πρὸ
1170 2486 1269 2557 τῆς
1322 2488 1615 2560 ἐπιδημίας
1657 2488 1743 2542 ἀεὶ
1789 2507 1949 2559 γεγε-

373 2581 588 2652 νῆσθαι.
628 2600 645 2632 t
676 2579 864 2634 Merito
895 2595 1015 2633 sese
1041 2579 1374 2632 damnabunt
1405 2595 1594 2633 omnes
1624 2584 1713 2651 qui
1764 2582 1951 2635 existi-

378 2683 528 2724 mant
558 2681 683 2725 ante
722 2671 943 2725 Mariam
987 2687 1110 2726 esse
1141 2685 1357 2724 carnem
1394 2686 1513 2740 quae
1542 2686 1607 2726 ex
1644 2688 1707 2727 ea
1742 2682 1851 2740 est;
1886 2690 1951 2729 ac

376 2774 503 2817 ante
544 2779 663 2818 eam
695 2764 949 2818 habuisse
1000 2767 1236 2817 animam
1277 2764 1565 2817 humanam
1610 2763 1774 2819 Deum
1826 2766 1954 2820 Ver-

377 2856 525 2923 bum,
566 2867 620 2911 et
673 2858 725 2912 in
777 2873 837 2913 ea
900 2868 1025 2913 ante
1088 2858 1377 2911 adventum
1443 2871 1656 2926 semper
1713 2857 1945 2913 fuisse.»

381 2947 591 3011 Quibus
619 2963 723 3001 nun
764 2957 871 3002 tam
910 2948 1203 3018 perstringi
1244 2948 1457 3001 videtur
1486 2944 1765 3016 Origenes,
1791 2962 1950 3017 quam

377 3039 609 3107 Apelles,
640 3040 839 3108 aliique
864 3041 956 3109 qui
986 3040 1259 3096 Christum
1293 3041 1356 3095 de
1384 3039 1523 3094 cmlo
1550 3054 1767 3094 carnem
1800 3042 1952 3094 detu-

2052 1858 2108 1903 et
2148 1848 2270 1903 Filii
2316 1849 2387 1902 sit
2415 1850 2592 1903 unitas
2636 1858 2862 1913 naturai,
2901 1851 3085 1903 unitas
3130 1849 3416 1914 essentia;
3448 1850 3639 1901 unitas

2049 1955 2174 1994 vero
2209 1940 2370 1995 Verbi
2398 1948 2461 1994 et”
2497 1942 2709 2005 animm,
2744 1941 2815 1996 sit
2851 1941 3030 1995 unitas
3055 1940 3420 2011 hypostatica,
3455 1940 3641 1993 unitas

2046 2045 2309 2101 personae.
2329 2030 2793 2097 Quemadmodum
2824 2031 2966 2084 enim
2986 2046 3109 2085 cum
3142 2030 3308 2085 solem
3341 2032 3635 2099 pulchrum

2051 2121 2191 2184 dico,
2209 2130 2261 2175 et
2282 2121 2499 2175 domum
2527 2121 2825 2192 pulchram,
2851 2124 3131 2192 utriusque
3160 2122 3626 2192 pulchritudinem

2048 2213 2292 2267 eamdem
2346 2214 2467 2267 dico
2517 2228 2750 2281 genere,
2801 2214 3200 2283 discrepantem
3253 2216 3469 2283 specie;
3521 2215 3634 2269 alia

2048 2305 2248 2373 quippe
2288 2315 2372 2359 eSt
2401 2307 2593 2360 domus
2624 2305 2968 2375 pulchritudo
2990 2349 3005 2372 ,
3036 2306 3137 2360 alia
3171 2307 3300 2362 solis
3339 2327 3351 2360 :
3395 2308 3639 2377 pessime

2052 2398 2327 2452 enimvero
2359 2412 2568 2451 mecum
2599 2401 2795 2470 egerit,
2836 2402 2880 2454 si
2913 2402 3035 2469 quis
3058 2400 3180 2455 inde
3215 2414 3301 2454 me
3331 2399 3510 2453 lumen
3542 2400 3641 2453 do-

2054 2487 2163 2540 mui
2202 2487 2459 2543 tribuisse
2488 2527 2504 2554 ,
2553 2488 2651 2543 soli
2702 2489 3132 2557 fundamentum,
3175 2490 3639 2557 contignationes,

2048 2586 2101 2631 et
2132 2575 2405 2647 fastigium
2440 2579 2822 2635 calumnietur.
2855 2580 2969 2635 Nec
3003 2580 3244 2634 lictitiam
3287 2595 3408 2635 esse
3437 2592 3491 2635 et
3528 2581 3639 2635 fri-

2048 2670 2226 2724 volam
2270 2673 2408 2726 hanc
2449 2673 2853 2728 distinctionem
2901 2675 3137 2729 ostendit
3185 2672 3313 2728 illud
3347 2674 3637 2729 Athanasii

2051 2759 2103 2812 in
2135 2758 2428 2830 Symbolo:
2462 2781 2481 2813 ι
2524 2762 2679 2817 Sicut
2707 2764 2884 2817 anima
2916 2763 3197 2818 rationalis
3244 2772 3299 2816 et
3328 2778 3459 2817 caro
3494 2779 3642 2818 unus

2050 2862 2135 2908 est
2178 2855 2372 2919 homo,
2417 2854 2489 2909 ita
2538 2855 2676 2909 Deus
2721 2864 2777 2910 et
2806 2856 2969 2909 homo
3004 2870 3143 2908 unus
3186 2864 3271 2908 est
3300 2852 3574 2908 Christus.
3617 2872 3635 2905 ι

2051 2943 2186 2998 Nam
2222 2960 2347 3000 cum
2382 2948 2561 3001 anima
2597 2959 2805 3003 constet
2835 2949 2996 3002 homo
3030 2956 3086 3001 et
3112 2932 3345 3015 corpore
3377 2956 3639 3015 tanquam

2052 3038 2304 3107 partibus
2332 3055 2497 3094 unum
2526 3042 2731 3112 aliquid
2762 3039 3120 3097 clﬁcientibus
3150 3079 3166 3107 ,
3204 3038 3345 3093 Deus
3372 3048 3551 3091 autem
3584 3050 3645 3091 et

380 3128 505 3182 lisse
535 3131 845 3187 censebant.
886 3129 943 3184 In
978 3130 1243 3186 nefarium
1290 3144 1467 3188 autem
1505 3130 1774 3202 Origenis,
1810 3129 1951 3200 quod
1979 3117 2021 3173 (ἶ
2057 3134 2250 3192 homo,
2291 3148 2399 3187 non
2456 3144 2711 3202 tanquam
2760 3146 2943 3203 partes
2978 3133 3251 3189 Christum
3303 3136 3645 3190 constituant

378 3220 761 3286 exposuimus,
810 3222 1005 3291 dogma
1083 3226 1379 3279 secundum
1425 3238 1581 3279 suum
1630 3229 1687 3277 et
1733 3222 1951 3276 tertium

385 3313 617 3363 intentat
674 3313 1191 3368 anathematismum
1253 3313 1589 3370 Justinianus
1638 3312 1702 3367 ad
1752 3311 1954 3367 calcem

376 3404 620 3472 epistolae
648 3403 889 3475 ejusdem
925 3406 991 3458 ad
1022 3404 1255 3461 Menam.
1284 3404 1435 3472 Quod
1478 3406 1544 3461 ad
1574 3405 1718 3460 illam
1749 3411 1957 3474 spectat

376 3496 683 3550 animarum
731 3494 1091 3568 προῦπαρξιν,
1137 3498 1279 3552 unde
1311 3500 1428 3553 haec
1474 3496 1728 3567 Origenis
1771 3509 1957 3549 mana-

381 3596 575 3643 verunt
620 3588 689 3643 de
723 3590 898 3642 anima
949 3589 1151 3645 Christi
1203 3597 1544 3654 commenta,
1591 3590 1657 3644 de
1706 3604 1769 3644 ea
1818 3588 1955 3643 infra

381 3679 791 3749 disputabimus.
832 3679 960 3735 Inde
997 3695 1128 3735 sane
1169 3680 1481 3751 pestiferam
1522 3682 1771 3736 haeresim
1806 3694 1956 3735 suam

379 3769 646 3826 conﬂasse
707 3772 959 3827 videntur
1024 3772 1340 3827 Theodorus
1399 3771 1846 3843 Mopsuestenus,
1901 3781 1957 3825 et

383 3874 505 3932 post
536 3880 659 3919 eum
705 3864 1031 3921 Nestorius:
1074 3867 1199 3921 inde
1237 3874 1292 3920 et
1331 3865 1618 3920 adductum
1666 3865 1958 3935 Eutychem

382 3954 652 4024 coniectat
680 3954 788 4011 Leo
831 3971 967 4025 papa
1011 3957 1064 4009 in
1105 3955 1332 4026 epistola
1369 3956 1437 4009 ad
1471 3954 1743 4010 lulianum
1783 3954 1961 4009 Coeu-

384 4063 535 4113 sem,
584 4058 643 4102 ut
688 4049 954 4119 duplicem
1006 4047 1209 4103 Christi
1268 4058 1516 4103 naturam
1561 4048 1668 4121 πρὸ
1720 4049 1820 4119 τῆς
1868 4048 1957 4100 ὲν-

381 4138 571 4204 ὠσεως
601 4140 765 4195 fuisse
781 4139 1091 4206 afﬁrmaret,
1115 4140 1269 4211 quasi
1299 4142 1536 4195 animam
1564 4141 1707 4194 illius
1742 4152 1870 4194 tunc
1909 4141 1960 4193 in

385 4233 527 4289 caelo
556 4232 869 4288 crediderit.

457 4345 825 4403 Ollensionem
863 4354 1041 4401 autem
1091 4358 1198 4399 non
1229 4346 1457 4401 haberet
1489 4344 1630 4415 quod
1662 4342 1811 4403 {dixit
1839 4342 1964 4399 Ori-

2057 3223 2200 3295 (fieri
2236 3226 2378 3279 enim
2411 3239 2515 3278 non
2558 3234 2732 3295 potest
2759 3225 2926 3281 Deum
2962 3242 3081 3283 esse
3116 3239 3321 3297 partem
3347 3227 3507 3280 totius
3539 3224 3645 3279 ali-

2057 3317 2269 3387 cujus);
2303 3316 2494 3371 falsum
2538 3316 2643 3371 erit
2680 3317 2847 3371 Deum
2897 3326 2954 3373 et
3001 3319 3274 3376 hominem
3315 3337 3481 3376 unum
3517 3335 3645 3377 esse

2056 3407 2360 3472 Christum,
2391 3408 2532 3463 sicut
2579 3407 2759 3462 anima
2813 3410 3091 3465 rationalis
3135 3420 3191 3467 et
3224 3427 3354 3468 caro
3387 3428 3526 3467 unus
3555 3424 3646 3467 est

2056 3500 2238 3565 homo,
2266 3500 2370 3554 nisi
2425 3499 2671 3554 eamdem
2703 3509 3012 3570 repetamus
3044 3502 3445 3560 distinctionem
3473 3520 3643 3574 quam

2056 3605 2219 3659 supra
2263 3590 2633 3655 adhibuimus,
2690 3591 2856 3645 Deum
2886 3600 2941 3646 et
2985 3591 3259 3648 hominem
3305 3610 3468 3649 unum
3516 3611 3645 3652 esse

2059 3683 2300 3737 dicentes
2346 3682 2621 3736 Christum
2662 3682 2852 3737 eadem
2906 3684 3115 3738 unitate
3161 3684 3214 3739 in
3271 3700 3500 3756 genere,
3533 3703 3645 3756 qua

2059 3774 2240 3827 anima
2262 3772 2546 3827 rationalis
2572 3782 2628 3828 et
2658 3788 2853 3843 corpus
2882 3783 2966 3828 est
2994 3774 3156 3830 homo
3181 3792 3197 3840 ;
3233 3788 3289 3830 at
3317 3792 3421 3832 non
3447 3778 3647 3833 eadem

2060 3867 2270 3921 unitate
2307 3866 2360 3919 in
2392 3866 2594 3935 specie.

2133 4001 2199 4055 Χ.
2237 4000 2547 4057 Gennadius
2602 4000 2954 4059 Massiliensis
3002 4003 3054 4057 in
3101 4002 3242 4058 libro
3273 4002 3351 4057 De
3379 4003 3650 4073 dogmati-

2064 4095 2197 4158 bus,
2241 4108 2399 4163 quem
2451 4094 2753 4164 Augustino
2798 4094 3017 4163 quidam
3068 4092 3207 4149 falso
3252 4095 3646 4162 ascripserunt,

2069 4199 2189 4252 cap.
2213 4184 2285 4251 2,
2317 4185 2396 4239 sic
2439 4184 2623 4239 scribit
2654 4202 2668 4238 :
2703 4201 2725 4236 ί
2768 4182 2936 4238 Natus
2977 4191 3060 4238 est
3083 4199 3213 4254 ergo
3242 4183 3331 4238 Dei
3376 4182 3549 4238 Filius
3578 4199 3648 4239 ex

2072 4275 2322 4343 homine,
2361 4284 2416 4329 et
2445 4289 2552 4329 non
2599 4288 2699 4345 per
2730 4275 3047 4341 hominem;
3077 4274 3131 4329 id
3161 4282 3268 4341 est,
3304 4289 3409 4329 non
3444 4289 3514 4329 ex
3544 4276 3649 4330 viri

2066 4369 2209 4423 coitu
2237 4409 2254 4435 ,
2289 4369 2429 4424 sicut
2458 4367 2628 4423 Ebion
2681 4367 2815 4423 dicit
2851 4385 2867 4434 ;
2900 4367 2993 4423 sed
3028 4381 3246 4422 carnem
3292 4381 3359 4421 ex
3406 4365 3650 4435 Virginis

388 4453 579 4506 genes,
605 4438 1061 4508 quemadmodum
1099 4439 1261 4493 homo
1289 4437 1401 4500 ille,
1434 4437 1526 4508 qui
1551 4434 1729 4491 Verbo
1756 4435 1810 4529 in
1854 4452 1957 4529 una
1995 4474 2036 4529 ο
2066 4434 2294 4529 comam
2342 4460 2587 4523 trahens,
2623 4467 2678 4513 et
2722 4473 2828 4513 non
2883 4460 2949 4513 de
2978 4457 3121 4513 εωιο
3154 4471 3337 4512 secum
3388 4434 3648 4521 agello”,

388 4546 614 4602 persona
657 4530 979 4601 conjunctus
1028 4540 1115 4585 est
1141 4573 1155 4597 ,
1190 4530 1358 4585 Deum
1394 4530 1447 4583 in
1499 4543 1559 4585 se
1595 4528 1856 4598 suscepit,
1882 4528 1960 4582 ita

389 4636 489 4676 nos
524 4637 737 4691 quoque
763 4637 862 4689 pro
892 4631 1006 4677 rata
1046 4636 1169 4677 esse
1202 4637 1363 4691 posse
1393 4620 1485 4676 Dei
1535 4619 1835 4689 participes
1859 4659 1875 4684 ,
1919 4618 1963 4672 si

391 4716 578 4782 gratiae
610 4714 737 4768 illud
766 4714 962 4769 divina:
985 4755 998 4781 ,
1035 4729 1141 4769 non
1180 4712 1415 4784 pr0priis
1448 4711 1657 4766 meritis
1686 4721 1963 4779 acceptum

392 4805 705 4859 retulisset:
739 4804 817 4858 sic
842 4804 988 4859 enim
1014 4803 1349 4875 Augustinus
1376 4802 1468 4858 lib.
1506 4802 1582 4856 De
1621 4801 1966 4872 prwdeslina-

392 4896 534 4950 tione
560 4905 884 4962 sanctorum,
925 4912 1046 4967 cap.
1078 4897 1182 4951 15:
1216 4914 1234 4948 ι
1271 4895 1428 4951 Sicut
1452 4910 1581 4965 ergo
1615 4893 1970 4963 praedestina-

396 4996 481 5041 tus
512 4996 595 5042 est
621 4988 707 5042 ille
732 5003 891 5056 unus,
919 4998 979 5041 ut
1008 4998 1169 5059 caput
1197 4999 1442 5043 nostrum
1484 4995 1669 5050 esset,
1707 4986 1780 5040 ita
1810 4985 1963 5041 multi

391 5081 760 5151 prmdestinati
807 5096 996 5138 sumus
1022 5124 1037 5149 ,
1071 5091 1129 5136 ut
1177 5082 1418 5137 membra
1466 5080 1583 5150 ejus
1627 5096 1897 5137 essemus.
1940 5100 1959 5134 ο

338 5188 343 5199 *
396 5174 527 5229 Item
572 5191 587 5228 :
655 5192 675 5225 ί
726 5174 798 5228 Ea
837 5176 1011 5244 gratia
1063 5175 1121 5229 fit
1172 5174 1238 5230 ab
1293 5174 1449 5228 initio
1496 5173 1621 5227 ﬁdei
1663 5189 1772 5228 sua:
1807 5175 1966 5229 homo

390 5264 706 5334 quicunque
751 5264 1127 5331 Christianus,
1159 5279 1261 5336 qua
1314 5264 1485 5334 gratia
1538 5263 1698 5318 humo
1753 5262 1841 5318 ille
1899 5264 1966 5320 ab

393 5356 552 5412 initio
581 5354 759 5413 factus
786 5366 870 5411 est
900 5357 1172 5413 Christus.
1218 5376 1237 5409 ι

470 5468 562 5524 IX.
593 5468 866 5527 Memoriae
902 5468 1141 5540 prodidit
1190 5468 1524 5540 Theophilus
1573 5466 1971 5525 Alexandrinus

468 5695 520 5728 ’θ
568 5694 709 5751 Psal.
740 5711 863 5763 cxv,
912 5697 1000 5753 Η.

2065 4553 2205 4606 sicut
2235 4550 2471 4606 Mareion
2493 4591 2506 4616 ,
2533 4549 2793 4621 Origenes
2822 4558 2876 4605 et
2911 4550 3080 4605 Ebion
3122 4549 3414 4603 allirmant.
3461 4567 3482 4601 ι
3513 4549 3649 4616 Quae

2064 4642 2107 4695 si
2140 4641 2207 4695 ad
2237 4655 2462 4695 examen
2511 4655 2851 4704 revocemus,
2891 4640 3046 4695 fidem
3101 4640 3373 4693 amittent.
3425 4637 3649 4692 Falsum

2066 4733 2263 4803 quippe
2288 4743 2372 4789 est
2403 4733 2722 4788 arbitratum
2759 4732 3092 4787 Marcionem
3134 4746 3355 4787 carnem
3405 4732 3473 4787 de
3510 4732 3653 4785 coelo

2066 4824 2344 4877 Christum
2369 4822 2641 4879 attulisse.
2666 4822 2851 4877 Sensit
2881 4823 2970 4878 ille
2989 4822 3233 4893 quidem,
3257 4831 3650 4892 praeceptorem

2072 4933 2229 4973 suum
2257 4917 2558 4973 Cerdonem
2588 4924 2911 4983 assectatus,
2939 4917 3204 4988 quidquid
3236 4924 3419 4971 actum
3448 4915 3503 4970 in
3536 4926 3652 4969 ter-

2072 5011 2146 5065 ris
2180 5026 2210 5064 a
2244 5009 2483 5075 Christo,
2504 5018 2558 5064 et
2590 5009 3030 5064 administratum
3060 5019 3179 5075 est,
3208 5009 3391 5077 specie
3417 5016 3649 5073 tantum,

2072 5116 2179 5156 non
2229 5115 2286 5155 re
2326 5116 2455 5156 vera
2506 5111 2716 5171 gestum
2764 5101 2978 5168 fuisse;
3028 5116 3132 5155 nec
3186 5114 3371 5154 veram
3409 5098 3655 5154 induisse

2073 5208 2315 5259 carnem,
2338 5193 2433 5249 sed
2454 5203 2821 5264 apparentem.
2839 5192 3009 5260 Quem
3042 5207 3285 5249 errorem
3310 5192 3362 5247 in
3399 5190 3651 5261 proxime

2074 5287 2427 5357 sequentibus
2460 5302 2585 5341 cum
2609 5286 2925 5342 Gennadius
2952 5286 3070 5357 ipse
3100 5284 3379 5348 confutet,
3407 5283 3498 5338 hic
3521 5292 3655 5337 vero

2077 5378 2342 5434 intactum
2376 5380 2773 5448 praetermittat,
2808 5379 3075 5435 intellexit
3106 5378 3249 5434 haud
3278 5376 3441 5433 dubie
3464 5389 3653 5431 verum

2078 5484 2143 5526 ac
2175 5468 2408 5527 solidum
2434 5483 2631 5540 corpus
2664 5469 2886 5527 Christo
2917 5486 2944 5524 a
2977 5468 3250 5526 Marcione
3285 5467 3451 5524 fuisse
3480 5465 3659 5521 tribu-
