3860 6230
148 310 255 368 809

964 307 1542 368 ORIGENIANORUM
1582 307 1710 363 LIB.
1753 306 1818 373 ll,
1860 304 2013 363 CAP.
2054 304 2120 371 ll,
2157 305 2441 374 QUAEST.
2481 306 2571 362 lll.

3295 310 3419 366 810'

152 443 268 486 tum
294 471 310 497 ,
340 430 780 487 contradicturus
815 430 1054 500 alioquin
1100 433 1203 486 hoc
1251 445 1465 501 quoque
1494 429 1648 495 loco,
1678 429 1724 484 si
1756 433 1800 491 Α
1827 428 1948 493 hat,
1982 441 2047 481 ac
2091 441 2186 496 per
2217 424 2440 478 Mariam
2473 423 2619 477 velut
2668 438 2767 493 per
2803 425 3049 482 canalem
3100 426 3406 496 transiisse,

151 521 353 577 falsum
382 536 579 591 corpus
614 521 833 577 Christo
856 522 1177 590 ascripsisse
1211 521 1387 591 ipsum
1414 520 1727 577 existimas-

152 623 259 668 set.
286 613 481 668 Simile
503 612 783 684 quidpiam
819 613 883 667 de
908 612 1183 667 Marciane
1217 612 1480 681 scriptum
1513 612 1731 681 reliquit

150 702 381 774 Vigilius
412 703 504 759 lib.
535 720 594 758 ιιι
622 712 807 758 contra
831 701 1118 774 Eutychem
1141 720 1160 759 :
1198 723 1216 756 ι
1258 703 1591 775 Eutychiana
1623 704 1731 758 hae-

149 797 291 849 resis
326 796 377 850 in
410 796 464 850 id
499 795 794 865 impietatis
845 795 1098 865 prolapsa
1146 806 1230 851 est
1274 810 1484 862 errore,
1536 804 1596 849 ut
1625 811 1727 850 non

151 890 329 943 solum
357 888 519 945 Verbi
566 897 623 944 et
662 890 847 945 carnis
876 905 1037 943 unam
1070 889 1259 945 credat
1297 904 1420 944 esse
1455 898 1726 955 naturam,

150 994 341 1034 verum
374 980 535 1035 etiam
582 981 723 1035 hanc
757 981 1001 1036 eamdem
1037 996 1257 1037 carnem
1314 998 1418 1037 non
1470 984 1537 1039 de
1575 999 1731 1039 sacro

156 1070 336 1126 Mariae
364 1070 602 1143 Virginis
640 1086 866 1140 corpore
906 1080 1277 1142 assumptam,
1328 1072 1423 1128 sed
1470 1073 1538 1130 de
1590 1074 1731 1129 cmlo

154 1165 328 1230 dicat,
368 1166 526 1236 juxta
557 1165 837 1221 infandum
868 1165 1138 1221 Valentini
1169 1176 1225 1222 et
1258 1166 1547 1222 Marcionis
1576 1183 1728 1223 erro-
1760 1241 1765 1246 .

155 1272 295 1322 rem,
328 1256 492 1312 fuisse
514 1258 824 1312 deductam.
853 1259 933 1311 Ila
957 1257 1306 1327 pertinaciter
1336 1258 1575 1312 Verbum
1606 1274 1730 1314 car-

156 1364 284 1404 nem
314 1364 566 1405 asserens
595 1349 819 1413 factum,
863 1360 920 1404 ut
947 1365 1041 1420 per
1074 1350 1351 1421 Virginem
1375 1389 1388 1414 ,
1415 1364 1479 1405 ac
1510 1352 1554 1407 si
1586 1366 1728 1422 aqua

154 1455 258 1510 per
290 1439 525 1495 ﬁstulam
562 1441 826 1497 transisse
870 1441 1156 1506 videatur;
1196 1458 1302 1496 non
1353 1453 1528 1498 tamen
1580 1454 1637 1499 ut
1664 1445 1732 1500 de

160 1530 383 1599 Virgine
398 1531 603 1600 aliquid
632 1531 773 1600 quod
802 1531 975 1587 nostri
1005 1532 1077 1587 sit
1099 1533 1338 1603 generis,
1373 1535 1733 1603 assumpsisse

153 1622 425 1677 videatur.
465 1642 489 1676 ι
524 1623 594 1678 Αι
621 1622 814 1679 falsum
837 1636 957 1677 esse
985 1638 1203 1680 carnem
1228 1627 1457 1681 solidam
1484 1626 1537 1682 in
1568 1626 1729 1682 Chri-

157 1723 245 1769 sto
296 1714 625 1770 Marcionem
684 1716 973 1787 agnovisse
1039 1717 1320 1773 declarant
1365 1718 1731 1774 Tertullianus

155 1801 257 1856 lib.
287 1817 349 1857 ιιι
379 1814 561 1858 contra
592 1803 761 1859 Marc.
783 1844 800 1873 ,
826 1819 947 1874 cap.
985 1804 1045 1859 H
1070 1846 1084 1869 ,
1110 1816 1163 1861 et
1194 1816 1304 1861 toto
1346 1807 1442 1863 lib.
1471 1807 1550 1863 De
1575 1826 1731 1863 carne

154 1895 400 1960 Christi,
439 1906 494 1951 et
542 1898 785 1966 passim,
846 1907 901 1953 et
965 1898 1285 1955 Philastrius
1319 1900 1452 1954 haer.
1492 1916 1615 1955 κων
1678 1908 1733 1956 et

155 2004 299 2054 xcv;
327 1989 658 2059 Epiphanius
675 1992 807 2046 haar.
833 2007 945 2059 xu,
971 2007 1088 2062 cap.
1117 1993 1167 2058 1,
1201 2003 1256 2047 et
1284 1993 1415 2048 haer.
1444 2008 1575 2058 mn,
1608 2009 1728 2065 cap.

154 2080 195 2135 2
218 2121 234 2147 ,
266 2091 319 2135 et
348 2081 721 2137 Theodoretus
767 2081 919 2137 Ilwr.
964 2083 1075 2150 fab.
1102 2084 1225 2149 ilib.
1263 2099 1322 2151 ι,
1350 2099 1470 2154 cap.
1501 2085 1594 2141 24.
1620 2085 1732 2142 Nec

156 2176 341 2230 verius
368 2183 451 2229 est
484 2189 802 2243 persuasum
848 2174 976 2229 illud
1010 2174 1177 2231 fuisse
1211 2175 1431 2246 Origeni
1452 2216 1467 2243 ,
1499 2178 1643 2247 quod
1681 2178 1731 2232 ei

159 2266 365 2338 afﬁngit
411 2265 762 2333 Gennadius;
790 2268 975 2336 bverba
1013 2268 1278 2338 siquidem
1308 2268 1428 2339 ejus
1462 2270 1576 2325 haec
1606 2280 1735 2325 sunt

157 2360 345 2415 homil.
380 2358 446 2413 14
473 2360 528 2414 in
561 2359 690 2414 Luc.
717 2372 738 2413 :
774 2376 796 2411 ‹
829 2358 982 2425 Quod
1014 2359 1230 2429 quidem
1262 2370 1317 2415 et
1347 2362 1605 2417 adversus
1637 2376 1733 2418 eos

158 2449 313 2515 facit,
346 2451 437 2520 qui
471 2461 665 2522 negant
711 2450 1001 2505 Dominum
1033 2460 1278 2506 nostrum
1305 2454 1598 2509 humanum
1638 2457 1734 2511 ha-

158 2542 345 2597 buisse
372 2556 587 2613 corpus,
606 2541 701 2597 sed
731 2541 1071 2608 coelestibus,
1090 2552 1145 2597 et
1169 2544 1538 2614 spiritualibus
1565 2546 1733 2603 fuisse

156 2643 494 2690 contextum.
533 2635 590 2690 Si
629 2635 773 2690 enim
818 2636 886 2691 de
931 2636 1259 2703 coelestibus,
1293 2648 1349 2693 et
1378 2648 1439 2693 ut
1473 2640 1547 2694 illi
1595 2640 1733 2696 falso

159 2734 453 2793 asserunt,
484 2727 548 2782 de
574 2726 865 2793 sideribus,
911 2738 967 2783 et
991 2727 1097 2781 alia
1125 2730 1362 2797 quadam
1410 2729 1743 2799 sublimiori,

161 2819 499 2890 spiritalique
530 2829 721 2874 natura
756 2836 953 2891 corpus
981 2821 1096 2888 ejus
1126 2820 1323 2886 fuerit,
1370 2824 1734 2892 respondeant

160 2923 352 2978 quare,
389 2927 409 2961 ι
443 2918 549 2964 etc.
582 2908 812 2965 Homilia
846 2926 1063 2981 quoque
1096 2911 1160 2966 17
1190 2912 1247 2967 in
1293 2914 1541 2969 eumdem
1571 2929 1736 2970 evan-

155 3001 438 3072 gelistam,
464 3003 531 3058 ad
560 3003 613 3058 id
640 3004 783 3073 quod
811 3004 1043 3059 habetur
1067 3021 1189 3077 cap.
1219 3024 1293 3073 ιι,
1329 3022 1472 3064 vers.
1502 3009 1572 3063 54
1612 3029 1624 3066 :
1663 3008 1732 3063 Et

156 3095 216 3146 in
253 3094 459 3163 signum
489 3096 575 3148 cui
612 3096 1005 3151 contradicetur
1027 3111 1047 3151 :
1079 3114 1098 3147 ι
1130 3096 1396 3154 Omnibus
1444 3114 1563 3170 quae
1604 3116 1728 3155 nar-

159 3194 249 3240 rat
272 3186 498 3243 historia
526 3187 592 3242 de
613 3186 912 3253 Salvatore,
935 3190 1353 3246 contradicitur.
1378 3189 1543 3263 Virgo
1560 3203 1733 3247 mater

159 3288 283 3343 cst;
314 3278 522 3349 signum
546 3288 629 3335 est
657 3280 742 3334 cui
765 3281 1174 3337 contradicitur.
1207 3282 1567 3340 Marcionistaa
1605 3300 1734 3341 con-

164 3370 441 3425 Iradicunt
476 3370 601 3426 huic
633 3371 787 3440 signo
815 3411 831 3435 ,
860 3379 915 3427 et
948 3373 1101 3429 aiunt
1127 3376 1344 3445 penitus
1372 3391 1492 3431 eum
1524 3378 1589 3431 de
1613 3394 1735 3433 mu-

160 3460 298 3515 liere
351 3476 455 3516 non
509 3476 628 3516 esse
661 3472 1017 3532 generatum;
1055 3466 1316 3523 Ebionitaa
1359 3469 1734 3524 contradicunt

160 3554 321 3625 signo
345 3594 361 3621 ,
398 3554 637 3609 dicentes
676 3569 744 3609 ex
776 3555 892 3611 viro
923 3565 978 3612 et
1022 3557 1248 3615 muliere
1281 3561 1351 3615 ita
1380 3572 1563 3615 natum
1589 3576 1731 3627 esse,

161 3655 225 3700 ut
256 3660 352 3700 nos
378 3660 587 3716 quoque
611 3647 905 3702 nascimur.
940 3648 1142 3704 Habuit
1166 3666 1365 3721 corpus
1394 3653 1728 3720 humanum;

159 3743 220 3789 et
250 3734 352 3789 hoc
377 3736 587 3805 signum
635 3744 717 3791 est
745 3736 828 3790 cui
859 3738 1249 3792 contradicitur
1269 3778 1284 3803 ,
1324 3739 1415 3805 alii
1467 3740 1612 3794 enim
1648 3740 1733 3793 di-

159 3834 293 3880 cunt
318 3840 438 3880 eum
470 3827 684 3881 venisse
720 3827 786 3881 de
811 3828 983 3883 ccelis.
1020 3846 1039 3879 ι
1072 3828 1183 3884 lloc
1224 3844 1350 3884 vero
1371 3845 1555 3886 errore
1582 3831 1733 3900 peni-

146 3928 253 3973 ”Ius
287 3918 617 3988 implicatum
651 3920 817 3977 fuisse
854 3922 1151 3993 Eutychem
1183 3921 1468 3977 confirmat
1496 3922 1730 3988 Fulgen-

164 4010 275 4065 tius
304 4025 549 4079 respons.
581 4012 615 4066 4
654 4013 721 4065 ad
748 4013 1086 4067 Ferrandum
1125 4014 1339 4069 diacon.
1373 4014 1510 4068 Huic
1538 4015 1734 4085 praelu-

157 4108 312 4154 serat
339 4102 573 4169 Apelles,
592 4101 744 4168 cujus
769 4104 1039 4157 insaniam
1075 4104 1223 4158 illam
1248 4107 1471 4174 exponit
1495 4105 1734 4175 Epipha-

161 4196 291 4250 nius
314 4196 443 4251 haer.
480 4212 634 4259 xmv,
666 4212 789 4265 cap.
816 4197 851 4250 2
872 4235 889 4260 ,
932 4207 987 4252 et
1016 4196 1389 4254 Theodoretus
1419 4198 1512 4253 lib.
1541 4214 1557 4252 ι
1592 4196 1729 4251 Fab.

159 4289 297 4342 hazr.
324 4328 339 4355 ,
368 4304 486 4358 cap.
520 4288 613 4344 25.
645 4290 903 4357 Apellitas
953 4300 1134 4346 autem
1168 4303 1378 4345 veneno
1407 4304 1506 4345 suo
1542 4288 1735 4345 Orien-

162 4392 274 4436 tem
309 4383 604 4438 inficientes
630 4386 872 4439 coercuit
910 4385 1202 4455 Origenes,
1238 4385 1314 4439 uti
1362 4384 1416 4439 in
1466 4383 1581 4453 ejus
1624 4386 1732 4439 vita

158 4473 558 4531 declarat-imus
581 4514 597 4539 ,
638 4479 836 4533 nedum
870 4481 953 4547 in
991 4492 1179 4533 eorum
1228 4477 1541 4533 vecordiam
1600 4491 1731 4532 con-
1764 4510 1808 4565 ι)

158 4567 355 4622 sensit.

234 4659 327 4716 ΣΙ.
356 4660 572 4732 Origeni
605 4678 819 4735 quoque
850 4664 1120 4735 objectum
1154 4672 1271 4728 est,
1306 4662 1476 4719 fuisse
1506 4676 1732 4732 persua-

160 4767 284 4808 sum
309 4754 386 4807 illi
420 4757 741 4810 ementitum
776 4771 974 4827 corpus
1008 4768 1062 4812 ct
1088 4757 1269 4827 specie
1294 4766 1447 4811 tenus
1469 4770 1733 4825 apparens

161 4856 407 4917 gestasse
428 4848 728 4915 Christum,
758 4865 863 4905 non
888 4865 1076 4905 verum
1104 4869 1118 4917 ;
1143 4860 1198 4906 et
1224 4850 1374 4907 falsis
1407 4852 1732 4922 imaginibus

160 4937 479 4993 illudentem
509 4940 704 5005 oculis,
730 4941 983 4997 inanibus
1019 4942 1422 5006 miraculorum,
1454 4943 1728 5007 laborum,

162 5039 668 5100 tormentorumque
682 5033 888 5088 umbris
901 5034 1147 5089 credulos
1171 5034 1418 5088 homines
1440 5034 1731 5088 inescasse.

159 5120 448 5189 Proprium
484 5122 538 5177 id
568 5122 673 5177 fuit
713 5125 1092 5180 haereticorum
1134 5127 1344 5180 illorum
1381 5125 1607 5195 dogma,
1642 5126 1735 5195 qui

160 5229 235 5269 ex
268 5229 333 5269 eo
357 5217 752 5284 φαντασιασταὶ
781 5228 835 5272 et
858 5218 1083 5289 δοκηταὶ
1111 5219 1212 5273 dici
1238 5226 1585 5273 meruerunt:
1617 5229 1738 5287 post

159 5319 396 5373 quorum
446 5306 765 5375 signiferum
802 5308 1080 5363 Simonem
1140 5309 1353 5380 Magum
1403 5309 1563 5380 primi
1612 5325 1736 5379 pro-

160 5405 472 5463 pugnarunt
501 5395 632 5450 illud
664 5396 928 5452 Basilides
947 5436 963 5461 ,
994 5397 1338 5463 Valentinus,
1368 5397 1565 5460 Cerdo,
1598 5396 1737 5450 Mar-

160 5486 251 5539 cio
297 5495 353 5539 et
408 5485 756 5543 Manicheus.
797 5486 942 5543 Inter
978 5503 1116 5559 quos
1151 5486 1468 5544 Valentinus
1496 5488 1739 5558 spiritale

161 5578 435 5649 quoddam
470 5594 671 5651 corpus
716 5594 749 5636 e
793 5582 935 5638 coelo
976 5581 1252 5637 Christum
1295 5580 1556 5639 detulisse
1588 5580 1735 5638 vole-

274 5758 321 5791 "
372 5759 391 5813 ι
439 5759 565 5816 Cor.
601 5776 669 5815 xv
696 5802 710 5822 .
742 5760 829 5815 Π.
909 5762 953 5792 τ’
982 5760 1154 5815 Zach.
1184 5775 1265 5826 ιιι,
1292 5760 1345 5815 5.

568 5858 841 5921 Ρηιιοι..
875 5858 990 5920 Gn.
1027 5856 1226 5920 XVII.

1831 518 1963 573 nihil
1998 519 2119 571 inde
2151 525 2470 570 sumentem.
2520 514 2677 569 Falsa
2709 530 2836 582 eos,
2886 517 2931 570 si
2974 516 3103 586 quid
3150 517 3408 584 conjicio,

1831 608 1936 665 loci
1970 609 2130 678 hujus
2161 607 2544 677 interpretatio
2570 606 2765 661 delusit
2792 625 2806 662 :
2849 626 2867 659 ι
2904 608 3119 663 Primus
3148 609 3312 665 homo
3339 610 3406 665 de

1834 712 1999 766 terra,
2035 711 2323 768 terrenus;
2370 699 2639 755 secundus
2691 699 2852 755 homo
2894 700 2961 754 de
3016 701 3188 765 ctelo,
3241 702 3407 756 coeie-

1833 792 1931 848 stis
1953 793 2023 848 ".
2059 811 2077 844 ι
2112 793 2325 862 Apelles
2355 801 2534 846 autem
2574 810 2593 843 ι
2629 790 2904 846 Christum
2942 810 3115 864 neque
3145 793 3409 867 in'rpltan-

1835 892 2065 939 tasmate
2090 884 2221 939 dicit
2245 883 2413 940 fuisse
2452 885 2592 939 sicut
2640 883 2919 951 Marcion,
2960 902 3134 956 neque
3184 864 3248 941 inv
3281 864 3408 942 sub-
3442 910 3443 915 π

1831 976 2025 1030 stantia
2062 977 2171 1030 veri
2206 976 2450 1045 corporis
2476 1016 2489 1039 ,
2524 984 2583 1029 ut
2617 974 2965 1043 Evangelium
2996 978 3189 1033 docet:
3222 980 3317 1034 sed
3353 980 3407 1035 in

1832 1084 1899 1125 eo
1928 1071 2073 1140 quod
2102 1084 2133 1124 e
2165 1070 2536 1139 superioribus
2578 1071 2824 1141 partibus
2867 1071 3255 1138 descenderet,
3291 1073 3408 1143 ipso

1832 1162 2094 1217 descensu
2153 1163 2418 1216 sideream
2486 1162 2586 1217 sibi
2631 1178 2847 1217 carnem
2904 1171 2959 1217 et
3007 1177 3219 1218 aeream
3273 1179 3405 1219 con-

1834 1255 2088 1309 texuisse.
2112 1272 2131 1305 ι
2157 1252 2332 1310 Verba
2365 1263 2490 1308 sunt
2517 1254 2833 1309 Tertulliani
2866 1254 2963 1309 lib.
2989 1254 3063 1308 De
3085 1257 3407 1325 prcescript.,

1832 1362 1954 1416 cap.
1987 1345 2077 1400 51.
2112 1345 2256 1401 Idem
2285 1360 2500 1416 quoque
2538 1348 2604 1400 de
2642 1346 2938 1415 Apollinari
2972 1349 3198 1402 adnotat
3228 1347 3404 1403 Theo-

1832 1439 2115 1510 phylactus
2143 1440 2194 1493 in
2226 1454 2290 1494 ιιι
2318 1439 2478 1493 Joan.
2503 1437 2655 1494 Unde
2676 1453 2705 1492 a
2728 1437 3011 1495 Valentino
3038 1454 3142 1494 non
3178 1440 3405 1495 multum

1835 1528 2099 1584 ablusisse
2128 1537 2423 1599 utrumque
2442 1529 2659 1600 planum
2691 1539 2794 1586 est.
2822 1529 2956 1586 Tres
2980 1531 3053 1585 illi
3089 1541 3266 1595 tamen
3296 1535 3408 1598 τοῖς

1834 1620 2258 1687 φαντασιασταίς
2286 1619 2562 1673 accenseri
2597 1629 2857 1688 possunt,
2885 1621 2967 1674 ὅτι
3001 1620 3063 1675 τὸ
3104 1620 3237 1675 αὐτό
3268 1623 3406 1687 ἐστι,

1835 1710 2008 1780 inquit
2035 1710 2268 1765 lrenmus
2286 1750 2300 1775 ,
2327 1710 2544 1781 δοκήσει
2571 1709 2748 1778 λέγειν
2773 1712 3102 1782 πεφηνέναι,
3136 1714 3227 1766 καὶ
3258 1713 3410 1767 οὐδὲν

1764 1782 1805 1837 Β
1834 1805 1898 1856 ὲκ
1922 1802 2021 1874 τῆς
2039 1802 2256 1874 Μαρίας
2285 1802 2579 1873 εἰληφέναι.
2610 1803 2742 1856 Οὐδὲ
2762 1803 2869 1876 γὰρ
2896 1799 2962 1874 ἦν
2991 1803 3202 1876 ἀληθῶς
3232 1805 3411 1877 σάρκα

1834 1895 1929 1949 καὶ
1958 1888 2096 1966 αἷμα.
2125 1892 2392 1967 ὲσχηξεὼς,
2426 1894 2491 1947 δι’
2538 1888 2613 1949 ὧν
2640 1896 2790 1966 ἡμᾶς
2821 1896 3186 1967 ὲξηγοράσατο
3204 1935 3219 1961 ,
3248 1898 3297 1950 εἰ
3332 1897 3431 1970 μὴ,

1832 1989 1930 2061 τὴν
1962 1987 2195 2060 ἀρχαίαν
2242 1987 2435 2043 πλάσιν
2464 1987 2557 2043 τοῦ
2602 1990 2775 2061 Ἀδὰμ
2806 1990 2885 2053 εἰς
2917 1989 3105 2043 ἑαυτὸν
3136 1990 3408 2061 ἁνεκεφα-

1834 2079 2122 2133 λαιώσατο.
2162 2096 2182 2129 ι
2219 2077 2354 2146 Quia
2392 2079 2534 2134 idem
2560 2088 2642 2135 est
2669 2080 2849 2136 dicere
2882 2082 3060 2151 specie
3090 2096 3212 2137 eum
3238 2097 3408 2153 appa-

1834 2172 2029 2236 ruisse,
2061 2180 2117 2225 et
2162 2170 2294 2225 nihil
2333 2170 2398 2226 de
2448 2169 2613 2227 Maria
2667 2172 2986 2240 sumpsisse.
3034 2171 3221 2243 Neque
3260 2178 3406 2230 enim

1835 2278 1964 2319 vere
1992 2278 2214 2319 carnem
2244 2272 2298 2318 et
2332 2265 2652 2333 sanguinem
2684 2264 2996 2331 habuisset,
3038 2282 3137 2333 per
3162 2282 3284 2336 quae
3308 2284 3410 2324 nos

1835 2358 2088 2421 redemit,
2121 2358 2225 2412 nisi
2257 2366 2415 2413 vetus
2440 2357 2635 2413 Adami
2665 2356 2981 2429 figmentum
3010 2358 3066 2414 in
3094 2373 3214 2414 sese
3237 2358 3407 2413 colle-

1834 2451 2021 2520 gisset.
2072 2468 2091 2501 I
2137 2449 2527 2506 [hereticorum
2573 2466 2735 2521 porro
2781 2450 2996 2506 illorum
3055 2451 3409 2522 nequissimis

1834 2556 2071 2597 consona
2093 2541 2294 2597 dixisse
2322 2541 2613 2614 Origenem
2641 2545 2939 2599 adversarii
2965 2545 3084 2611 ejus
3107 2544 3410 2602 calumnia-

1832 2635 2050 2689 bantur.
2078 2650 2097 2685 ι
2128 2635 2326 2702 Quarta
2355 2635 2712 2707 (criminatio)
2734 2648 2852 2706 post
2884 2637 3016 2693 istas
3042 2645 3146 2702 est,
3169 2656 3189 2689 ι
3227 2639 3405 2708 inquit

1834 2726 2149 2797 Pamphilus
2178 2727 2231 2781 in
2261 2726 2548 2799 Apologia,
2583 2746 2603 2781 ι
2637 2744 2757 2799 quae
2786 2729 2908 2785 istis
2932 2731 3181 2786 omnibus
3210 2731 3406 2785 adver—

1833 2830 1982 2875 satur
2008 2818 2169 2889 (caeca
2196 2819 2341 2874 enim
2371 2829 2453 2875 est
2487 2820 2735 2891 malitia),
2763 2822 2907 2889 quod
2938 2823 3123 2878 dicunt
3146 2837 3269 2878 eum
3320 2824 3407 2877 di-

1834 2926 1957 2967 cere
1988 2913 2226 2984 δοκήσει,
2256 2912 2309 2967 id
2340 2920 2445 2979 est,
2472 2913 2709 2982 putative
2745 2922 2974 2979 tantum,
3003 2924 3059 2968 et
3086 2929 3185 2984 per
3210 2913 3409 2985 allego-

1835 3006 1973 3060 riam
1996 3047 2013 3070 ,
2062 3022 2168 3061 non
2204 3006 2367 3062 etiam
2397 3006 2695 3060 secundum
2727 3021 2789 3060 ea
2837 3021 2955 3075 qum
2990 3020 3087 3075 per
3120 3006 3405 3061 historiam

1837 3095 2336 3168 referuntur,gesta
2367 3112 2487 3152 esse
2517 3097 2697 3151 omnia
2727 3112 2847 3166 quae
2876 3113 2904 3150 a
2940 3097 3222 3154 Salvatore
3252 3108 3408 3169 gesta

1834 3198 1979 3244 sunt.
2030 3209 2049 3243 ι
2106 3189 2345 3245 Zonaras
2382 3204 2599 3260 quoque
2647 3190 2740 3245 lib.
2791 3204 2830 3243 ιι
2877 3187 3164 3259 Origenem
3216 3192 3407 3245 existi-

1835 3296 2014 3336 masse
2062 3290 2223 3351 negat
2267 3281 2545 3337 Christum
2601 3282 2667 3337 de
2716 3282 2926 3352 virgine
2965 3281 3135 3336 Maria
3190 3297 3410 3338 carnem

1834 3372 2149 3441 sumpsisse.
2171 3372 2323 3429 Hanc
2346 3383 2529 3428 autem
2551 3373 2881 3429 calumniam
2910 3374 3025 3443 ipse
3051 3388 3081 3429 a
3108 3389 3167 3429 se
3194 3376 3412 3444 egregie

1834 3464 2051 3533 depellit
2081 3463 2345 3535 Origenes
2381 3465 2448 3521 iis
2480 3467 2662 3522 verbis
2688 3482 2809 3537 quae
2835 3467 2888 3522 in
2922 3467 3110 3522 eodem
3140 3467 3414 3538 Apologia:

1834 3554 1954 3611 loco
1984 3557 2302 3623 recitantur,
2331 3559 2635 3629 probatque
2667 3575 2732 3614 ex
2778 3559 3077 3630 Scripturis
3108 3560 3313 3615 sanctis
3342 3560 3415 3615 de

1834 3648 2040 3702 semine
2068 3648 2342 3704 Abraham
2369 3659 2423 3704 et
2452 3650 2619 3707 David
2660 3666 2786 3708 vere
2831 3663 3016 3707 natum
3051 3652 3216 3708 fuisse
3246 3652 3411 3709 Chri-

1834 3750 1975 3793 stum
2000 3779 2016 3806 ,
2064 3755 2237 3810 neque
2270 3760 2290 3795 ‹
2330 3743 2609 3812 putative,
2652 3753 2705 3798 et
2737 3759 2833 3814 per
2868 3746 3204 3815 phantasiam
3245 3765 3265 3799 ι
3322 3760 3437 3801 ηε

1834 3848 1961 3890 suas
1984 3836 2258 3903 gessisse;
2287 3850 2463 3905 neque
2497 3836 2740 3906 spiritale
2766 3851 2988 3905 corpus,
3020 3836 3116 3892 sed
3153 3852 3409 3892 carneum

1833 3935 1888 3979 et
1929 3936 2204 3982 terrenum
2255 3928 2699 3995 circumtulisse;
2754 3942 2855 3984 nec
2902 3928 3103 3983 factum
3141 3943 3266 3983 eum
3316 3944 3441 3997 per-

1836 4015 2139 4085 mulierem,
2170 4018 2265 4073 sed
2297 4033 2366 4074 ex
2395 4019 2642 4075 muliere.
2678 4019 2906 4075 Faciunt
2935 4030 2991 4075 et
3034 4036 3099 4076 ea
3150 4036 3247 4090 pro
3293 4022 3411 4090 ipso

1836 4126 1955 4180 qua:
1981 4114 2199 4183 scripsit
2241 4114 2428 4170 homil.
2457 4116 2485 4171 1
2516 4116 2572 4168 in
2598 4114 2813 4180 Exeo/1.,
2844 4133 2970 4169 num
3001 4117 3035 4170 4
3064 4136 3075 4170 ;
3118 4134 3138 4167 ι
3170 4116 3412 4185 Respon-

1836 4203 1996 4259 deant
2024 4206 2156 4260 mihi
2191 4207 2454 4271 haeretici,
2485 4208 2575 4277 qui
2621 4208 2956 4262 nativitatem
2992 4208 3134 4262 illius
3162 4207 3410 4279 (Christi)

1835 4307 1893 4351 ut
1922 4297 2243 4367 phantasma
2268 4300 2512 4365 eludunt,
2545 4314 2713 4369 quare
2746 4298 2997 4355 Christus
3029 4299 3197 4353 Filius
3230 4298 3410 4352 homi-

1835 4390 1919 4442 nis
1947 4390 2280 4460 appellatur;
2315 4409 2333 4443 ι
2364 4400 2421 4445 et
2446 4406 2567 4457 qua:
2597 4400 2753 4445 tract.
2784 4407 2929 4445 xxxv
2953 4394 3008 4445 in
3028 4389 3241 4453 ΜαιιΙι..
3262 4406 3408 4444 ιιιιιιι.

1835 4481 1924 4549 92,
1953 4498 2073 4553 pag.
2092 4483 2225 4552 902;
2264 4502 2282 4535 ι
2318 4483 2631 4553 Suscipiens
2662 4486 2805 4539 enim
2835 4484 3126 4555 (Christus)
3158 4493 3408 4537 naturam

1838 4576 2014 4629 carnis
2038 4576 2303 4642 humanae,
2323 4591 2510 4633 omnes
2540 4578 2900 4647 proprietates
2927 4577 3188 4643 implevit,
3212 4586 3270 4629 ut
3305 4589 3410 4629 non

1840 4664 1893 4718 in
1929 4667 2210 4735 phantasia
2246 4667 2501 4724 habuisse
2545 4684 2770 4725 carnem
2830 4671 3263 4733 existimaretur,
3316 4667 3409 4722 scd

1838 4758 1891 4811 in
1922 4758 2189 4827 veritate;
2229 4779 2247 4811 ι
2281 4772 2335 4815 et
2363 4761 2553 4815 homil.
2584 4762 2652 4816 M
2697 4763 2751 4815 in
2776 4761 2909 4816 Luc.
2930 4778 2949 4816 :
2992 4762 3148 4816 Jesus
3177 4769 3287 4814 erat
3327 4760 3411 4811 in-

1837 4850 1995 4903 dutus
2022 4852 2242 4905 vestibus
2270 4854 2501 4907 sordidis
2532 4854 2601 4908 ⁷⁸.
2642 4873 2659 4905 ι
2698 4853 2853 4921 Quod
2882 4853 3101 4924 quidem
3133 4865 3186 4907 ct
3214 4853 3410 4905 adver-

1837 4954 1929 4995 Sus
1955 4956 2048 4996 eos
2077 4941 2207 4997 facit
2235 4944 2325 5012 qui
2368 4953 2568 5015 negant
2597 4946 2881 5000 Dominum
2932 4956 3177 5002 nostrum
3222 4946 3411 4998 Imma-

1838 5048 1965 5086 num
1996 5033 2249 5089 habuisse
2275 5050 2493 5105 corpus,
2524 5038 2617 5091 sed
2652 5037 2966 5092 caelestibus
2997 5047 3051 5092 et
3077 5037 3411 5107 spiritalibus

1838 5122 2002 5180 fuisse
2028 5134 2360 5183 contextum.
2392 5125 2448 5181 Si
2494 5128 2637 5181 enim
2669 5129 2734 5183 de
2762 5128 3096 5193 coelestibus,
3128 5136 3185 5183 et
3236 5136 3296 5180 ut
3329 5126 3405 5179 illi

1839 5212 1972 5272 falso
1998 5226 2271 5281 asserunt,
2308 5217 2376 5272 de
2412 5218 2702 5284 sideribus,
2733 5229 2788 5274 et
2821 5220 2928 5273 alia
2957 5219 3189 5291 quadam
3240 5217 3410 5273 subli-

1839 5308 1993 5363 miori
2021 5308 2361 5379 spiritalique
2394 5319 2587 5365 natura
2617 5326 2815 5381 corpus
2835 5311 2955 5381 ejus
2985 5312 3167 5374 fuerit,
3189 5323 3414 5378 respon-

1844 5400 2005 5454 deant
2020 5414 2190 5469 quare
2209 5402 2447 5471 potuerit
2468 5402 2710 5472 spiritale
2732 5417 2933 5474 corpus
2953 5416 3074 5457 esse
3099 5401 3372 5457 sordidum
3393 5414 3410 5460 ;

1844 5500 1936 5544 aut
1974 5494 2246 5560 quomodo
2291 5494 2396 5549 hoc
2421 5495 2846 5564 interpretentur
2875 5493 3016 5564 quod
3068 5490 3353 5563 posuimus
3396 5506 3409 5542 :

1843 5581 2125 5655 hauserat
2161 5585 2379 5642 indutus
2403 5588 2623 5643 vestibus
2661 5587 2929 5643 sordidis?
2956 5604 2977 5640 ι
2998 5593 3049 5642 et
3080 5584 3175 5640 lib.
3208 5600 3243 5638 ιι
3276 5581 3414 5652 Περὶ

3020 5851 3097 5912 ἓβ
