3836 6236
451 345 557 405 ’ΒΗ

1708 342 1780 400 Ρ.
1823 344 2136 402 DANIELIS
2175 340 2409 401 HUETII

3606 350 3712 405 812

450 465 681 537 ἀρχῶν,
711 477 828 535 cap.
855 462 915 529 6,
948 476 1097 517 num.
1126 460 1199 515 9.:
1238 459 1514 532 «Propter
1545 462 1687 533 quod
1722 477 1843 518 cum
1875 465 2022 519 omni
2051 472 2100 529 Α
2197 465 2361 520 Trahi
2392 478 2603 537 quoque
2632 464 2757 520 illud
2785 472 2957 536 potest
2988 464 3041 520 in
3071 465 3392 521 calumniam
3420 467 3574 535 quod
3606 470 3708 521 ha-

457 568 602 614 tnetu
634 565 688 612 et
729 555 1030 613 reverentia
1074 553 1542 623 contemplandum
1583 562 1699 623 est,
1734 564 1794 609 ut
1835 554 1887 610 in
1919 571 2025 611 uno

453 651 753 719 eodemque
779 647 853 702 ita
883 647 1166 716 utriusque
1205 654 1409 701 natura:
1436 646 1639 702 veritas
1686 648 2025 703 demonstre-

453 752 546 798 tur
570 783 586 808 ,
622 751 684 797 ut
718 755 892 810 neque
925 738 1127 809 aliquid
1170 738 1446 810 indignum
1474 746 1530 794 et
1572 738 1826 795 indecens
1856 740 1908 794 in
1942 740 2023 795 di-

451 835 579 889 vina
633 833 726 888 illa
774 841 830 888 et
871 828 1126 886 ineﬂ‘abili
1173 827 1472 884 substantia
1522 831 1805 899 sentiatur,
1850 845 2024 901 neque

453 940 671 981 rursum
698 939 817 994 qua:
841 932 991 995 gesta
1024 929 1151 976 sunt
1183 920 1334 976 falsis
1364 921 1519 975 illusa
1552 922 1879 991 imaginibus
1907 923 2023 977 exi-

452 1020 742 1075 stimentur
767 1035 782 1084 ;
828 1034 849 1069 ι
881 1024 936 1071 et
965 1015 1060 1069 lib.
1093 1028 1125 1066 v
1158 1014 1215 1067 in
1242 1012 1412 1082 Epist.
1442 1015 1513 1068 ad
1541 1012 1717 1079 Rom.,
1766 1030 1915 1071 num.
1944 1015 1978 1070 9
2005 1032 2018 1069 :

462 1129 484 1163 ε
519 1111 626 1166 Sed
670 1110 773 1165 hoc
807 1124 913 1163 non
954 1107 1310 1177 intelligentes
1348 1106 1568 1176 quidam
1624 1106 2020 1169 haereticorum,

453 1204 634 1260 conati
682 1213 811 1259 sunt
850 1216 916 1258 ex
969 1201 1074 1256 hoc
1114 1200 1356 1269 Apostoli
1405 1198 1522 1254 loco
1552 1198 1735 1268 (Rom.
1770 1211 1843 1263 vt,
1879 1198 1935 1265 5.,
1966 1197 2022 1269 6)

453 1311 702 1353 asserere
745 1296 888 1365 quod
933 1293 1182 1350 Christus
1228 1308 1333 1348 non
1374 1306 1502 1347 vere
1533 1298 1778 1345 mortuus
1805 1290 1896 1358 sit,
1928 1291 2022 1345 sed

450 1388 863 1445 similitudinem
909 1386 1102 1441 mortis
1134 1385 1406 1451 habuerit,
1452 1393 1507 1439 et
1537 1384 1687 1438 visus
1724 1383 1797 1439 sit
1848 1383 2021 1453 magis

451 1483 633 1546 mori,
660 1496 821 1551 quam
853 1493 980 1534 vere
1017 1488 1264 1534 mortuus
1312 1478 1401 1532 sit.
1444 1476 1652 1543 Quibus
1698 1476 2022 1545 respondere

440 1574 710 1645 quoniam
736 1571 992 1643 perfacile
1017 1581 1122 1634 est,
1143 1586 1248 1626 non
1271 1578 1399 1642 puto
1426 1569 1793 1625 necessarium
1820 1582 1885 1623 ex
1920 1582 2024 1622 cae-

444 1669 587 1725 teris
601 1668 682 1723 vel
711 1666 979 1736 Apostoli,
1003 1667 1088 1722 vel
1114 1664 1531 1736 Evangeliorum
1556 1662 1744 1723 dictis,
1770 1660 1860 1716 ubi
1892 1660 2023 1715 sim-

446 1759 660 1830 pliciter
691 1771 836 1812 mors
868 1755 1004 1825 ejus,
1038 1765 1094 1812 et
1127 1771 1232 1810 non
1268 1751 1565 1809 similitudo
1595 1753 1788 1806 mortis
1823 1751 2019 1805 scribi-

450 1858 563 1913 tur,
592 1846 1024 1901 testimoniorum
1055 1845 1265 1915 pondus
1294 1842 1569 1906 adhibere,
1599 1855 1722 1895 cum
1752 1840 2018 1909 possimus

449 1938 517 1994 ad
540 1953 634 1996 eos
662 1938 843 1994 dicere
869 1955 884 1992 :
914 1937 972 1993 Si
997 1936 1291 1992 similitudo
1321 1936 1515 1991 mortis
1532 1934 1731 2003 fuit,‘et
1761 1949 1864 1990 non
1894 1950 2016 1990 vera

448 2031 803 2097 resurrectio,
824 2039 880 2086 et
911 2046 1007 2085 nos
1026 2044 1156 2100 ergo
1177 2029 1479 2084 videbimur
1506 2042 1809 2099 resurgere,
1836 2036 1889 2081 et
1912 2041 2017 2081 non

448 2136 822 2192 resurgemus:
850 2129 905 2176 et
925 2120 1228 2175 videbimur
1253 2119 1389 2174 mori
1412 2126 1651 2189 peccato,
1677 2126 1731 2173 et
1761 2132 1867 2179 non
1894 2131 2018 2171 vere

448 2216 784 2269 moriemur:
813 2222 869 2269 et
892 2228 1054 2269 omne
1077 2226 1206 2283 ergo
1234 2211 1375 2282 quod
1406 2220 1613 2281 gestum
1644 2219 1750 2276 est,
1784 2217 1838 2264 et
1869 2208 2019 2278 geri-

449 2319 560 2372 tur,
586 2308 763 2361 visum
793 2316 877 2362 est
904 2304 1054 2377 geri,
1084 2304 1179 2359 sed
1228 2318 1335 2358 non
1375 2312 1457 2358 est
1489 2311 1721 2373 gestum.
1761 2299 2020 2370 Superest

448 2400 614 2469 igitur
641 2408 699 2453 ut
727 2408 782 2454 et
806 2399 949 2469 quod
989 2396 1182 2453 salvati
1228 2410 1437 2461 sumus,
1466 2395 1569 2450 visi
1601 2395 1771 2449 simus
1796 2392 2014 2458 salvari,

447 2492 545 2545 sed
571 2506 673 2544 non
701 2504 827 2544 vere
861 2487 1050 2543 salvati
1077 2487 1262 2541 simus.
1288 2484 1440 2541 Unde
1467 2485 1720 2554 quoniam
1756 2483 1868 2537 haec
1911 2492 2016 2536 tam

447 2584 680 2639 absurda
722 2590 870 2651 sunt,
906 2591 963 2637 ut
988 2596 1093 2637 non
1139 2580 1418 2649 indigeant
1461 2575 1888 2649 probationibus,
1922 2589 2018 2629 nos

446 2676 517 2731 ad
542 2674 974 2745 explanationem
1001 2687 1189 2728 eorum
1217 2687 1337 2743 qua:
1365 2671 1631 2726 habentur
1658 2670 1709 2723 in
1746 2668 2020 2738 sequenti-

446 2784 548 2825 Lus
573 2778 988 2833 convertamur;
1027 2786 1049 2819 ι
1078 2775 1133 2822 et
1193 2767 1288 2822 lib.
1322 2782 1360 2819 ιι
1405 2774 1584 2819 contra
1636 2761 1773 2817 Cels.
1799 2802 1811 2823 ,
1866 2776 2014 2815 num.

448 2861 539 2929 £6,
587 2877 708 2932 pag.
742 2859 888 2914 402:
936 2857 1133 2912 Ἔλαθε
1163 2857 1224 2911 δὲ
1265 2856 1425 2910 αὑτὸν
1469 2855 1530 2908 τὸ
1574 2854 1853 2926 εἰρηκέναι
1897 2850 2019 2905 τι,νὰ

445 2955 555 3009 τῶν
580 2956 637 3007 έν
660 2955 778 3017 ταῖς
805 2951 1066 3025 αἰρέσεσι,
1096 2951 1314 3022 δοκήσει
1354 2948 1445 3002 τὸν
1485 2946 1690 3018 Ἰησοῦν
1714 2944 1885 2999 ταῦτα
1918 2962 2018 2998 πε-

446 3045 722 3110 πονθέναι,
750 3046 809 3099 οὐ
844 3043 1165 3097 πεπονθότα.
1202 3042 1276 3096 Οὐ
1309 3040 1417 3113 γὰρ
1478 3039 1733 3108 ἐγνωκὼς
1758 3034 1875 3091 εἰπε
1916 3036 1979 3089 τό
2000 3052 2014 3066 ·

445 3140 569 3193 οὐδὲ
594 3138 701 3210 γὰρ
724 3138 881 3192 τοῦτο
917 3136 1131 3201 εῐπετε,
1157 3135 1240 3188 ὅτι
1266 3133 1437 3187 ἐδόκει
1489 3133 1586 3204 μὲν
1614 3135 1728 3196 τοῖς
1773 3130 2019 3185 ἀσεϐέσιν

444 3227 752 3299 ἀνθρώποις
783 3226 955 3280 ταῦτα
988 3227 1236 3295 πάσχειν,
1261 3225 1360 3277 οὐκ
1381 3223 1584 3294 ἔπασχε
1612 3222 1695 3276 δέ·
1728 3220 1841 3275 ἀλλ’
1869 3222 2016 3275 ἄντι-

446 3339 585 3393 λρυς
614 3321 808 3374 παθεῖν
846 3319 1184 3391 ὁμολογεῖται
1208 3334 1222 3347 ο
1258 3316 1376 3369 ἀλλ’
1416 3318 1579 3387 ἡμεῖς
1622 3315 1683 3367 τὸ
1720 3314 1894 3367 δοκεῖν
1926 3314 2019 3366 ἐπὶ

445 3412 539 3466 τοῦ
572 3412 760 3466 παθεῖν
785 3410 845 3464 οὒ
874 3412 1174 3481 τάσσομεν,
1213 3409 1297 3462 ἵνα
1336 3408 1408 3480 μὴ
1442 3406 1641 3479 ψευδὴς
1678 3405 1841 3458 αὐτοῦ
1864 3405 2014 3477 καὶὴ

444 3504 739 3566 ἀνάστασις
770 3497 827 3573 ᾗ,
852 3500 966 3555 ἀλλ’
997 3499 1222 3571 ἀληθής.
1258 3498 1315 3553 'O
1345 3498 1454 3569 γάρ
1476 3496 1688 3569 ἀληθῶς
1713 3493 2015 3559 ἀποθανὼν,

446 3597 497 3649 εἰ
536 3594 732 3665 ἀνέστη
753 3633 768 3658 ,
797 3592 1010 3665 ἀληθῶς
1032 3592 1253 3663 ἀνέστη.
1298 3590 1358 3645 '0
1383 3590 1439 3643 δὲ
1470 3588 1642 3643 δοκῶν
1679 3587 2015 3658 τεθνηκέναι,

446 3686 549 3740 οὐκ
582 3683 803 3756 ἀληθῶς
830 3685 1051 3755 ἀνέστη.
1080 3683 1216 3739 Hinc
1246 3682 1390 3737 illius
1421 3681 1472 3737 in
1516 3679 1874 3735 Marcionistis
1900 3678 2018 3748 opi-

446 3777 627 3832 nionis
658 3778 976 3831 damnanda}
1018 3791 1081 3832 ac
1108 3773 1446 3829 coni'utanda:
1472 3781 1652 3841 partes
1694 3770 2018 3825 Adamantio

446 3875 596 3922 recte
631 3866 820 3921 tribuit
849 3876 1040 3921 auctor
1074 3864 1270 3935 dialogi
1315 3862 1392 3918 De
1432 3870 1574 3917 recta
1608 3863 1664 3916 in
1690 3859 1859 3915 Deum
1888 3860 2016 3928 ﬁde,

447 3968 580 4015 sect.
606 3958 661 4013 4.

518 4050 631 4105 XII.
666 4049 797 4117 Qua:
828 4064 952 4104 cum
984 4049 1054 4102 ita
1081 4048 1223 4112 sint,
1259 4046 1457 4101 mirum
1482 4043 1650 4099 videri
1676 4044 1864 4114 possit,
1890 4042 2018 4113 quid

447 4140 519 4194 sit
564 4156 661 4194 cur
707 4139 889 4194 homil.
926 4139 987 4193 I7
1026 4140 1079 4192 in
1110 4135 1239 4190 Luc.
1283 4138 1355 4191 ita
1403 4136 1685 4205 scripserit
1718 4134 2014 4205 Origenes:

451 4249 472 4284 ι
513 4231 709 4287 Habuit
738 4246 934 4301 corpus
957 4228 1563 4301 humanum(Christus)
1597 4236 1652 4282 et
1676 4228 1781 4281 hoc
1808 4228 2016 4296 signum

445 4332 530 4378 est
562 4324 645 4378 cui
682 4322 1091 4377 contradicitur.
1120 4320 1227 4375 Alii
1257 4320 1401 4375 enim
1440 4322 1625 4374 dicunt
1648 4333 1775 4373 eum
1806 4318 2020 4373 venisse

445 4415 515 4469 de
539 4414 732 4479 ccelis;
766 4412 857 4467 alii
904 4412 1008 4467 tale
1052 4414 1212 4482 quale
1258 4428 1355 4468 nos
1398 4427 1594 4482 corpus
1642 4411 1933 4475 habuisse,
1963 4418 2021 4464 ut

2046 3181 2089 3239 C

2125 558 2218 613 bet
2238 556 2496 629 Origenes
2526 558 2576 612 in
2604 558 2855 627 Apologia
2881 557 3141 629 Pamphili
3168 573 3231 614 ex
3258 560 3350 614 lib.
3386 575 3403 615 ι
3434 561 3493 615 in
3524 559 3705 631 Epist.

2126 650 2195 703 ad
2230 647 2404 704 Galat.
2432 663 2451 701 :
2484 669 2503 703 ι
2540 647 2645 704 Sed
2673 660 2725 705 et
2753 650 3179 706 circumcisinnis
3203 651 3319 722 ejus
3354 653 3496 708 ratio
3544 654 3709 709 nobis

2125 742 2344 811 quidem
2389 757 2495 797 non
2542 742 2821 812 generabit
2863 743 3165 812 angustiam
3189 782 3204 807 ,
3234 744 3544 800 dicentibus
3580 762 3705 800 eum

2124 842 2521 901 consequenter
2537 830 2779 887 humano
2804 845 3033 901 corpore
3052 841 3107 887 et
3139 833 3524 888 circumcisum
3556 850 3703 898 esse,

2125 935 2181 979 et
2206 923 2525 992 prteputium
2557 921 2672 991 ejus
2707 930 2864 976 terra:
2896 923 3211 977 mandatum
3249 923 3497 979 fortassis
3527 940 3705 995 usque

2124 1017 2191 1070 ad
2238 1026 2486 1088 tempus;
2522 1023 2614 1070 aut
2647 1015 2692 1071 si
2738 1014 2897 1069 aliter
2924 1024 3008 1070 est
3031 1056 3047 1080 ,
3082 1015 3137 1070 in
3170 1017 3274 1072 alia
3324 1018 3703 1088 disputatione

2126 1110 2450 1179 requiretur.
2482 1106 2609 1163 ﬂare
2632 1116 2809 1165 tamen
2838 1108 2955 1180 ejus
2983 1109 3327 1165 circumcisio
3355 1111 3495 1166 satis
3529 1127 3701 1165 coan-

2124 1202 2364 1273 gustabit
2395 1215 2488 1256 eos
2528 1200 2621 1271 qui
2663 1214 2730 1258 ex
2779 1200 2991 1257 diverso
3042 1212 3167 1258 sunt
3197 1202 3273 1275 (id
3313 1211 3418 1268 est,
3446 1203 3697 1275 ἑτεροδό⁴

2124 1296 2266 1363 ξους,
2302 1311 2408 1366 qua
2454 1296 2673 1351 notione
2711 1295 2899 1351 eadem
2943 1296 3143 1352 locutio
3169 1296 3293 1352 alibi
3336 1298 3691 1369 usurpatur);

2122 1389 2365 1459 spiritale
2403 1386 2546 1443 enim
2582 1401 2777 1456 corpus
2814 1388 3083 1458 quomodo
3126 1397 3339 1458 poterat
3366 1389 3697 1461 circumcidi

2124 1480 2270 1535 ferro
2294 1488 2508 1534 terreno
2529 1479 2551 1531 ?
2571 1476 2793 1548 Propter
2815 1479 2954 1547 quod
2984 1494 3088 1533 non
3112 1480 3448 1535 erubuerunt
3471 1482 3694 1551 quidam

2122 1580 2188 1620 es
2219 1566 2350 1636 ipsis
2376 1566 2441 1621 de
2484 1567 2743 1637 praeputio
2780 1565 3212 1623 circumcisionis
3244 1569 3360 1639 ejus
3410 1570 3581 1625 etiam
3630 1571 3695 1624 li-

2122 1657 2250 1714 bros
2285 1659 2481 1720 edere,
2513 1658 2710 1728 quibus
2759 1658 3043 1713 ostendere
3080 1668 3409 1715 conarentur
3450 1664 3597 1731 quod
3642 1664 3691 1717 in

2125 1749 2481 1804 substantiam
2513 1748 2740 1803 cesserit
2782 1749 3102 1817 spiritalem.
3132 1748 3243 1803 Non
3294 1751 3476 1805 minus
3505 1762 3690 1808 autem

2053 1827 2096 1883 Β
2125 1842 2553 1911 angustabuntur
2580 1841 2742 1895 etiam
2776 1839 2850 1893 illi
2883 1840 2975 1909 qui
3012 1840 3245 1896 animale
3270 1857 3473 1911 corpus
3505 1843 3696 1897 dicunt

2122 1945 2243 1987 esse
2271 1944 2463 2000 corpus
2494 1928 2715 1985 Christi.
2757 1949 2775 1982 ι
2811 1931 2954 2000 Ergo
2985 1930 3214 1985 animale
3251 1945 3452 2000 corpus
3478 1931 3697 1987 Christo

2123 2022 2425 2090 abjudicat;
2476 2022 2571 2077 sed
2622 2030 2678 2077 et
2728 2022 3046 2087 humanum,
3078 2020 3368 2075 humanum
3423 2022 3695 2092 siquidem

2128 2130 2147 2164 ι
2181 2126 2379 2182 corpus
2418 2111 2649 2167 animale
2686 2131 2705 2165 ι
2749 2113 2901 2181 juxta
2930 2112 3243 2183 Apostolum
3277 2114 3296 2168 l
3326 2113 3455 2169 Cor.
3494 2132 3599 2180 xv,
3629 2115 3697 2170 46

2123 2212 2177 2257 et
2206 2217 2320 2272 seq.
2350 2200 2553 2265 Verum
2580 2217 2669 2258 res
2698 2203 2855 2258 aliter
2876 2205 3110 2272 putanda
3145 2213 3247 2261 est.
3278 2204 3695 2260 Valentiuianos

2123 2294 2385 2364 siquidem
2440 2295 2791 2366 perstringit,
2846 2296 2939 2364 qui
2990 2310 3113 2349 cum
3168 2295 3360 2365 triplex
3409 2296 3695 2351 hominum

2124 2399 2292 2455 genus
2322 2398 2440 2439 esse
2468 2384 2786 2449 sciscerent,
2818 2383 2926 2438 τῶν
2959 2383 3370 2454 πνευματικῶν,
3400 2385 3511 2437 τῶν
3532 2385 3695 2456 ψυχι-

2123 2477 2257 2543 κῶν,
2304 2486 2360 2533 et
2389 2476 2494 2529 τῶν
2527 2477 2725 2547 χοϊκῶν
2757 2479 2849 2547 qui
2895 2488 2949 2534 et
2994 2478 3199 2543 ὑλικοὶ,
3235 2485 3290 2532 et
3341 2479 3601 2548 σαρκικεὶ
3646 2488 3698 2533 et

2122 2570 2301 2641 γήϊνοι
2339 2566 2407 2621 ab
2436 2569 2541 2623 illis
2585 2568 2902 2622 dicebantur
2927 2609 2943 2635 ,
2980 2577 3035 2624 et
3078 2569 3257 2638 priora
3306 2569 3412 2623 duo
3458 2569 3695 2625 salutem

2123 2671 2377 2715 aeternam
2408 2661 2623 2728 assequi
2650 2674 2827 2728 posse.
2854 2661 3119 2730 posterius
3147 2662 3464 2729 neutiquam
3492 2677 3507 2725 ;
3534 2661 3697 2716 Chri-

2126 2762 2268 2806 Stum
2292 2765 2398 2806 non
2420 2749 2791 2822 πνευματικὴν
2808 2752 3000 2815 solum,
3032 2751 3125 2806 sed
3144 2750 3378 2822 ψυχικὴν
3411 2751 3579 2805 etiam
3606 2769 3700 2804 na-

2126 2854 2299 2898 turam
2331 2845 2687 2912 assumpsisse
2718 2843 3066 2899 deﬁniebant.
3108 2842 3320 2899 Testem
3369 2843 3563 2899 damus
3595 2844 3700 2897 Iro-

2126 2951 2297 2990 meum
2324 2935 2462 3005 apud
2499 2936 2854 3006 Epiphaniam
2884 2937 3012 2991 har.
3043 2952 3207 3004 κιαι,
3259 2951 3379 3005 cap.
3423 2935 3498 2989 20
3542 2954 3557 2991 :
3607 2937 3699 2990 Διὸ

2124 3030 2218 3083 καὶ
2248 3029 2450 3099 κόσμον
2474 3029 2906 3084 κατεσκευάσθαι
2933 3029 3177 3097 λέγουσι,
3219 3030 3312 3082 καὶ
3344 3030 3435 3082 τὸν
3463 3030 3699 3101 Σωτῆρα

2124 3120 2181 3173 δὲ
2210 3122 2302 3175 ἐπὶ
2328 3120 2485 3175 τοῦτο
2506 3122 2934 3193 παραγεγονέναι
2964 3122 3025 3174 τὸ
3051 3121 3297 3192 ψυχικὸν,
3330 3121 3451 3173 ἐπεὶ
3480 3122 3579 3174 καὶ
3605 3123 3673 3175 αὐ

2120 3212 2389 3279 τεξούσιόν
2433 3215 2601 3278 ἐστιν,
2647 3215 2795 3278 ὅπως
2835 3213 2965 3267 αὐτὸ
3004 3212 3175 3286 σώσῃ.
3209 3208 3309 3266 Ὧν
3361 3214 3473 3284 γὰρ
3502 3213 3697 3285 ἔμελλε

2090 3303 2349 3379 οσώξειν,
2394 3304 2494 3369 τὰς
2534 3305 2785 3376 ἀπαρχὰς
2832 3305 3010 3359 αὐτῶν
3059 3306 3336 3376 εἰληφέναι
3367 3307 3698 3374 φάσκουσιν,

2118 3397 2226 3451 ἀπὸ
2258 3397 2356 3468 μὲν
2396 3399 2496 3469 τῆς
2533 3397 2778 3468 Ἁχαμὼθ
2817 3398 2877 3451 τὺ
2911 3399 3304 3468 πνευματικὸν,
3353 3400 3465 3452 ἀπὸ
3498 3400 3557 3452 δὲ
3605 3399 3699 3454 τοῦ

2117 3489 2460 3561 Δημιουργοῦ
2494 3490 2797 3545 ἐνδεδύσθαι
2827 3491 2889 3543 τὸ
2924 3492 3151 3561 ψυχικὸν
3186 3490 3454 3562 Χριστὸν,
3485 3492 3600 3546 ἀπὸ
3643 3493 3699 3545 δὲ

2117 3582 2216 3652 τῆς
2242 3582 2551 3652 οἰκονομίας
2572 3583 2967 3654 περιτεθείσθαι
2999 3583 3155 3653 σῶμα
3182 3582 3415 3652 ψυχικὴν
3452 3582 3579 3653 ἕχον
3608 3585 3702 3636 οὐ.

2119 3671 2259 3735 σίαν,
2304 3673 2807 3742 κατεσκευασμένον
2851 3672 2909 3725 δὲ
2950 3674 3175 3745 ἀρρήτῳ
3214 3674 3376 3744 τέχνῃ
3403 3715 3415 3737 ,
3452 3673 3596 3744 πρὸς
3638 3674 3701 3727 τδ

2117 3765 2213 3818 καὶ
2255 3764 2467 3837 ὁρατὸν,
2514 3766 2606 3819 καὶ
2651 3764 2987 3836 ψηλαφητδν,
3038 3767 3133 3821 καὶ
3179 3766 3417 3838 παθητὸν
3461 3768 3700 3836 γεγενῆ-

2118 3855 2263 3909 σθαι.
2317 3857 2425 3910 Καὶ
2477 3855 2658 3909 ὑλικὸν
2698 3857 2756 3909 δὲ
2809 3858 2915 3910 οὐδ’
2957 3856 3133 3910 ὁτιοῦν
3178 3858 3455 3927 εἰληφέναι
3507 3857 3698 3925 λέγου-

2119 3966 2205 4003 σιν
2241 3948 2423 4005 αὐτόν.
2460 3948 2553 4019 Μὴ
2589 3949 2699 4021 γάρ
2752 3944 2889 4002 εἶναι
2927 3949 3025 4019 τὴν
3060 3948 3193 4019 ὕλην
3226 3949 3481 4019 δεκτικὴν
3520 3966 3700 4021 σωτη-

2120 4040 2261 4111 ρίας.
2301 4058 2320 4091 ι
2353 4039 2614 4107 Quocirca
2639 4048 2693 4093 et
2728 4040 2983 4093 mundum
3015 4042 3292 4096 conditum
3322 4055 3446 4096 esse
3479 4044 3691 4105 dicunt.

2119 4140 2173 4185 et
2196 4132 2540 4186 Senatorem
2571 4130 2638 4185 ad
2676 4128 2907 4184 animale
2939 4129 3070 4185 illud
3098 4133 3401 4196 devenisse,
3428 4134 3691 4202 quoniam

2120 4222 2370 4278 libertate
2397 4223 2606 4278 arbitrii
2635 4221 2817 4292 pollet,
2842 4229 2903 4275 ut
2930 4222 2983 4276 id
3015 4233 3279 4278 servaret.
3304 4223 3520 4290 Quibus
3549 4225 3693 4279 enim

2119 4316 2344 4371 salutem
2380 4326 2793 4386 comparaturus
2821 4326 3004 4381 esset,
3049 4330 3239 4371 eorum
3283 4318 3561 4387 primitias
3609 4334 3696 4371 as—

2120 4406 2415 4475 sumpsisse
2457 4406 2681 4474 dicunt;
2714 4412 2782 4462 ab
2811 4407 3119 4463 Achamoth
3166 4407 3383 4477 quidem
3417 4410 3689 4478 spiritale,

445 4520 544 4575 per
586 4504 993 4560 similitudinem
1034 4504 1278 4572 corporis
1339 4503 1501 4558 etiam
1552 4509 1734 4556 nostra
1792 4514 2017 4570 corpora
2048 4526 2093 4581 Ι)
2120 4497 2189 4551 ab
2211 4496 2416 4566 Opiﬁce
2445 4511 2579 4551 vero
2604 4497 2838 4551 animale
2858 4496 3132 4553 Christum
3161 4500 3403 4553 induisse
3429 4518 3443 4553 :
3479 4512 3697 4570 propter

445 4596 738 4651 redimeret
763 4610 793 4649 a
838 4593 1096 4664 peccatis,
1134 4603 1190 4648 et
1221 4594 1374 4647 daret
1404 4592 1559 4649 nobis
1591 4606 1740 4661 spem
1773 4605 2015 4646 resurre-

444 4687 666 4741 ctionis.
706 4704 725 4737 ›
767 4684 1137 4755 Reprehendit
1180 4697 1273 4738 eos
1305 4681 1569 4753 Origenes
1614 4684 1708 4750 qui
1739 4682 2013 4737 Christum

445 4776 634 4830 dicunt
666 4793 685 4825 ι
726 4773 832 4829 tale
882 4773 1043 4843 quale
1086 4786 1185 4827 nos
1237 4787 1433 4841 corpus
1486 4771 1775 4837 habuisse;
1817 4788 1835 4819 ο
1887 4784 2016 4840 ergo

447 4879 643 4933 corpus
672 4863 842 4917 nostri
886 4863 1143 4917 dissimile
1164 4872 1404 4935 gestasse
1431 4861 1657 4931 putavit.
1690 4860 1745 4914 in
1779 4875 1887 4931 quo
1918 4876 2016 4913 au-

449 4964 557 5008 tem
589 4956 761 5023 posita
806 4953 969 5009 fuerit
995 4969 1058 5009 ea
1093 4954 1501 5020 dissimilitudo,
1526 4954 1641 5022 ipse
1691 4954 1939 5008 edisserit
1963 4956 2014 5006 in

446 5046 715 5114 prommio
748 5042 1007 5101 librorum
1046 5044 1189 5114 Περί
1216 5044 1452 5113 ἀρχῶν,
1489 5059 1637 5097 num.
1670 5043 1743 5098 ιε
1783 5064 1801 5095 ι
1837 5044 2018 5099 lncar—

449 5147 609 5191 natus
641 5146 722 5192 est
750 5136 1040 5208 (Christus)
1074 5153 1196 5193 cum
1228 5139 1370 5190 Deus
1393 5146 1558 5201 esset,
1588 5145 1644 5191 et
1674 5137 1833 5190 homo
1862 5151 2015 5190 man-

448 5229 519 5283 sit
550 5228 693 5299 quod
738 5229 882 5285 Deus
915 5240 1053 5286 erat.
1086 5230 1291 5300 Corpus
1340 5228 1633 5297 assumpsit
1676 5237 1861 5282 nostro
1893 5236 2039 5282 cor-'

446 5322 565 5392 pori
595 5320 792 5385 simile,
823 5336 888 5376 eo
914 5323 1033 5378 solo
1064 5322 1317 5376 diil'erens
1340 5320 1483 5390 quod
1507 5330 1690 5373 natum
1712 5334 1775 5372 ex
1801 5319 2020 5389 Virgine

449 5413 517 5468 de
550 5412 754 5482 Spiritu
782 5423 971 5469 sancto
1000 5423 1107 5469 est.
1138 5412 1204 5466 Et
1238 5412 1491 5481 quoniam
1532 5411 1630 5479 (hic
1670 5407 1826 5465 Jesus
1863 5410 2019 5465 Chri-

448 5515 566 5557 SltlS
612 5513 768 5559 natus
814 5514 869 5557 et
919 5518 1109 5574 passus
1158 5510 1241 5556 est
1290 5502 1343 5555 in
1388 5507 1636 5564 veritate,
1674 5511 1728 5554 et
1772 5515 1877 5554 non
1925 5515 2020 5568 per

449 5596 791 5663 phantasiam
847 5607 1189 5649 communem
1245 5593 1384 5647 hanc
1442 5602 1669 5647 mortem
1742 5592 2021 5656 sustinuit,

450 5700 578 5738 vere
624 5695 869 5741 mortuus
916 5694 999 5743 est
1042 5704 1059 5741 :
1112 5685 1434 5758 veregenim
1484 5702 1515 5742 a
1561 5686 1788 5742 mortuis
1841 5699 2022 5741 resur-

452 5775 611 5841 rexit,
644 5792 664 5826 ι
693 5783 801 5830 etc.

2122 4588 2647 4643 administrationem
2710 4598 2889 4644 autem
2950 4605 3100 4646 suam
3148 4591 3601 4660 circumpositum
3648 4593 3693 4644 ei

2121 4680 2289 4735 fuisse
2323 4694 2519 4749 corpus
2567 4678 2782 4733 animali
2832 4691 3026 4735 natura
3075 4683 3359 4751 prmditum
3388 4721 3404 4745 ,
3438 4681 3697 4736 ineﬂ‘abili

2120 4784 2254 4826 vero
2279 4781 2396 4826 arte
2417 4781 2813 4837 constructum,
2842 4784 2898 4828 ut
2920 4775 3115 4839 videri,
3149 4776 3294 4843 tangi
3322 4784 3379 4826 et
3426 4777 3545 4840 pati
3581 4791 3698 4843 pos-

2123 4871 2229 4917 set.
2257 4863 2401 4917 Nihil
2433 4875 2610 4918 autem
2644 4869 2869 4920 materia
2900 4876 3155 4921 constans
3202 4866 3356 4919 illum
3389 4868 3698 4934 suscepisse

2123 4955 2307 5009 dicunt
2342 4972 2358 5021 ;
2405 4957 2686 5011 materiam
2736 4960 2935 5031 quippe
2984 4959 3178 5014 salutis
3216 4957 3541 5027 neutiquam
3583 4973 3697 5012 esse

2125 5061 2402 5117 capacem.
2440 5067 2459 5100 ι

2195 5138 2331 5195 XIII.
2372 5141 2448 5196 Ac
2487 5142 2747 5212 cogitanti
2779 5144 2909 5198 mihi
2941 5144 3083 5199 unde
3116 5143 3258 5197 hanc
3283 5142 3349 5196 de
3385 5157 3446 5197 se
3482 5142 3698 5195 violata:

2126 5231 2478 5286 humanitatis
2505 5232 2729 5300 Christi,
2761 5236 2917 5303 eique
2951 5235 3067 5289 falsi
3116 5233 3277 5287 aﬂicti
3315 5235 3573 5302 corporis
3613 5248 3699 5285 su-

2124 5324 2420 5392 spicionem
2443 5326 2799 5380 commoverit
2823 5325 3106 5394 Origenes,
3132 5326 3312 5378 locum
3353 5340 3527 5378 unum
3561 5339 3697 5393 prauo

2126 5419 2212 5465 ter
2236 5413 2542 5482 superiores
2577 5413 2716 5468 duos
2761 5416 2991 5481 reperio,
3021 5414 3161 5467 unde
3191 5414 3307 5467 haec
3356 5414 3539 5481 potuit
3569 5411 3695 5466 oriri

2125 5502 2452 5558 criminatio.
2486 5503 2536 5558 ls
2570 5504 2800 5559 habetur
2829 5514 2987 5559 tract.
3016 5519 3161 5558 xxxv
3196 5505 3250 5557 in
3282 5502 3507 5565 Μαιιιιη
3553 5519 3694 5556 num.

2126 5595 2251 5659 100,
2275 5611 2395 5666 pag.
2427 5596 2531 5650 906
2558 5615 2571 5651 :
2606 5615 2624 5647 ι
2649 5595 2811 5651 Venit
2843 5607 3021 5652 autem
3068 5594 3288 5650 traditio
3320 5595 3442 5649 talis
3486 5596 3555 5649 ad
3605 5607 3698 5649 nos

2125 5687 2192 5739 de
2216 5700 2303 5751 eo,
2326 5688 2577 5755 quoniam
2601 5702 2707 5743 non
2731 5686 2905 5743 solum
2929 5689 3046 5743 dua:
3068 5687 3257 5743 formae
3278 5686 3420 5739 ineo
3444 5685 3693 5740 fuerunt:

2129 5793 2232 5832 una
2262 5780 2476 5848 quidem
2519 5780 2815 5837 secundum
2856 5794 3017 5850 quam
3043 5793 3232 5836 omnes
3251 5792 3378 5835 eum
3404 5779 3692 5842 videbant;
