3836 6236
256 290 362 345 815

1064 288 1637 347 ORICENIANORUM
1675 292 1804 350 LIB.
1847 293 1911 359 ll,
1952 296 2103 351 CAP.
2146 296 2211 366 ll,
2251 297 2529 366 QUAZST.
2570 299 2658 356 111.

3393 305 3496 359 814

255 413 429 467 altera
478 419 658 466 autem
709 410 1001 466 secundum
1055 420 1213 482 quam
1262 415 1679 486 transfiguratus
1749 426 1833 471 est
1861 423 1906 479 Α
1939 420 2277 486 tellexerant,
2324 423 2457 477 adeo
2484 431 2543 476 ut
2585 422 2729 477 aliud
2782 422 3032 492 aliudque
3067 422 3294 492 singulis
3333 439 3498 494 appa-

255 520 441 560 coram
471 505 753 574 discipulis
779 504 892 559 suis
931 505 982 558 in
1011 517 1212 574 monte,
1235 514 1449 578 quando
1479 520 1532 565 et
1579 511 1823 581 reSplen-

256 599 372 652 duit
408 598 576 651 facies
618 596 734 665 ejus
771 606 1026 669 tanquam
1056 600 1159 662 sol.
1191 602 1283 655 sed
1337 603 1499 656 etiam
1536 602 1825 672 unicuique

252 690 550 757 apparebat
587 689 885 743 secundum
933 691 1073 758 quod
1126 690 1301 744 fuerat
1346 691 1560 760 dignus.
1591 690 1656 744 Et
1703 707 1825 745 cum

254 779 446 834 fuisset
480 780 616 850 ipse,
649 780 802 849 quasi
850 795 954 835 non
1013 782 1127 850 ipse
1162 781 1413 837 omnibus
1467 783 1772 837 videbatur.
1804 802 1822 835 ι

255 871 326 925 Et
377 871 538 941 paulo
591 881 757 940 post:
796 888 814 921 ι
839 870 906 925 Ει
934 886 1039 924 non
1072 872 1203 926 mihi
1242 873 1452 927 videtur
1496 874 1831 929 incredibilis

251 978 377 1018 esse
408 963 629 1018 traditio
674 964 808 1028 haec,
841 963 954 1019 sive
1009 964 1370 1034 corporaliter
1401 975 1623 1036 propter
1654 968 1827 1036 ipsum

252 1053 464 1119 Jesum,
497 1063 554 1109 ut
586 1054 691 1107 alio
719 1063 774 1107 et
806 1054 915 1108 alio
958 1055 1117 1110 modo
1158 1055 1435 1110 videretur
1484 1057 1827 1123 hominibus;

252 1146 375 1201 sive
404 1156 622 1216 propter
668 1144 839 1213 ipsam
873 1144 1036 1200 Verbi
1081 1155 1325 1200 naturam
1367 1148 1507 1215 quod
1544 1163 1648 1202 non
1680 1146 1830 1202 simi-

254 1236 381 1290 liter
420 1238 628 1291 cnnctis
663 1244 908 1305 apparet.
965 1236 1022 1291 Si
1068 1246 1248 1291 autem
1297 1239 1400 1293 hoc
1435 1240 1506 1293 ita
1544 1254 1602 1294 se
1646 1239 1827 1305 habet,

249 1328 511 1397 possibile
552 1338 634 1382 est
685 1328 1006 1383 solutionem
1030 1329 1148 1396 ejus
1183 1330 1425 1386 invenire
1465 1332 1603 1400 quod
1634 1330 1831 1401 quaeri-

257 1430 370 1473 tur.
405 1420 669 1487 Quoniam
707 1420 811 1475 etsi
866 1418 1179 1488 frequenter
1216 1434 1339 1474 eum
1382 1420 1633 1475 viderunt
1658 1423 1829 1476 turbae

250 1512 540 1565 venientes
576 1526 696 1566 cum
745 1509 903 1575 Juda,
952 1510 1303 1567 nihilominus
1348 1526 1485 1580 opus
1532 1512 1826 1577 habebant,

252 1616 480 1675 propter
509 1602 1022 1659 transformationes
1050 1601 1189 1672 ejus,
1223 1602 1314 1671 qui
1353 1617 1476 1658 eum
1520 1603 1830 1657 ostenderet

248 1700 359 1763 eis,
390 1697 592 1751 habens
624 1696 870 1750 notitiam
897 1694 1015 1765 ejus
1047 1694 1454 1749 familiariorem
1488 1710 1583 1765 per
1607 1696 1827 1751 multam

1935 521 2098 572 reret.
2132 514 2370 580 proclive
2394 513 2460 567 iis
2486 514 2587 568 fuit
2609 514 2924 569 existimare
2947 515 3311 571 mutuatitium
3347 518 3495 583 illud,

1929 612 1989 656 et
2035 604 2270 658 ascititia
2328 604 2616 659 conflatum
2666 606 2993 673 substantia,
3040 623 3145 662 non
3191 611 3494 679 proprium,

1930 709 2031 748 nec
2066 697 2229 749 nostri
2262 696 2456 760 simile,
2483 698 2728 753 eumdem
2761 700 3075 755 credidisse.
3124 701 3178 754 Si
3215 716 3370 771 quem
3398 719 3496 754 au-

1932 795 2036 837 tem
2067 784 2290 841 offendit
2316 797 2682 841 commentum
2713 786 2866 847 illud,
2893 788 3069 841 varias
3102 787 3377 843 Christum
3410 788 3499 841 in-

1934 875 2114 929 duisse
2166 874 2391 939 formas,
2437 885 2492 930 et
2533 892 2655 931 sese
2699 892 2793 947 pro
2830 878 2986 931 liliitu
3043 878 3384 947 versipellem
3420 878 3499 933 fe-

1931 967 2101 1026 cisse;
2132 975 2281 1019 notet
2313 966 2403 1021 ille
2437 967 2771 1035 propositum
2809 967 2978 1024 fuisse
3010 968 3114 1022 hoc
3152 968 3218 1023 ab
3243 968 3495 1040 Origene,

1935 1068 2191 1127 tanquam
2227 1056 2294 1111 ab
2317 1057 2436 1112 aliis
2463 1057 2563 1112 sibi
2610 1058 2883 1123 traditum,
2920 1072 3025 1112 non
3053 1058 3201 1113 velut
3228 1073 3256 1112 a
3287 1074 3346 1113 se
3374 1074 3496 1113 con-

1934 1148 2147 1213 ﬁctum;
2182 1159 2240 1203 ut
2298 1164 2408 1203 rem
2463 1150 2685 1205 minime
2736 1150 3107 1207 incredibilem
3137 1192 3153 1217 ,
3194 1166 3300 1206 non
3342 1152 3495 1221 quasi

1935 1251 2270 1310 compertam
2294 1282 2307 1303 ,
2333 1243 2647 1306 dubitando,
2679 1258 2783 1295 non
2813 1243 3123 1298 asserendo.

2006 1332 2143 1388 XIV.
2188 1334 2333 1387 Inter
2376 1349 2568 1388 novem
2624 1334 3033 1389 criminationes
3093 1350 3227 1404 quas
3276 1332 3494 1404 Origeni

1938 1425 2162 1495 impingi
2198 1425 2388 1479 solitas
2419 1424 2623 1479 refutat
2648 1424 2959 1493 Pamphilus
2986 1425 3040 1479 in
3074 1423 3351 1494 Apologia,
3386 1433 3496 1479 ter-

1934 1518 2003 1570 tia
2042 1516 2127 1569 illa
2154 1525 2259 1580 est,
2294 1534 2313 1567 ι
2342 1517 2484 1585 quod
2528 1516 2709 1570 dicunt
2744 1530 2866 1569 eum
2894 1514 3190 1569 secundum
3237 1516 3495 1569 Arteman

1936 1608 2023 1662 vel
2048 1608 2270 1663 Paulum
2301 1607 2735 1669 Samosatenum,
2764 1621 2957 1676 purum
2984 1606 3281 1671 hominem,
3315 1605 3367 1659 id
3390 1614 3493 1669 est,

1936 1716 2043 1754 non
2072 1701 2234 1753 etiam
2263 1699 2434 1752 Deum
2459 1699 2641 1754 dicere
2670 1698 2939 1754 Christum
2972 1698 3168 1753 Filium
3199 1697 3312 1751 Dei.
3348 1717 3366 1750 ι
3398 1695 3495 1751 Ni-

250 1785 740 1840 commorationem
762 1800 887 1840 cum
911 1800 999 1849 eo,
1026 1793 1084 1838 ut
1115 1782 1441 1854 intelligeret
1471 1784 1828 1839 transforma—
1858 1799 1901 1853 Β
1931 1792 2200 1859 cephorus
2247 1790 2466 1859 quidem
2517 1790 2610 1843 lib.
2643 1804 2776 1853 xvii,
2811 1805 2931 1858 cap.
2965 1789 3057 1852 27,
3080 1787 3147 1843 de
3173 1787 3390 1844 Christo
3417 1787 3496 1842 di-

250 1877 435 1931 tiones
461 1874 579 1944 ejus
617 1875 915 1931 secundum
964 1890 1103 1946 quas
1143 1875 1258 1931 suis
1288 1889 1549 1946 apparere
1595 1875 1823 1933 solebat.

248 1966 372 2022 Hoc
414 1967 552 2021 idem
589 1966 927 2038 signiﬁcatur
959 1968 1121 2022 etiam
1154 1982 1250 2037 per
1284 1966 1549 2022 Joannem
1592 1982 1827 2037 evange-

249 2057 459 2123 listam,
488 2056 580 2111 ubi
613 2058 792 2112 sciens
813 2056 973 2112 Jesus
1001 2073 1121 2126 qua:
1145 2065 1531 2127 superventura
1558 2067 1714 2111 erant
1742 2058 1817 2124 ei,

247 2146 559 2217 procedens
581 2145 724 2201 foras
738 2146 872 2202 dixit
900 2164 913 2202 :
940 2164 958 2197 ι
990 2146 1159 2213 Quem
1186 2146 1464 2216 quatritis?
1487 2151 1556 2202 At
1574 2147 1648 2200 illi
1666 2146 1816 2201 dixe-

250 2250 406 2305 runt,
442 2236 625 2294 Jesum
664 2237 1039 2299 ,Nazarenum.
1099 2237 1165 2293 Et
1199 2238 1342 2293 dixit“
1372 2239 1450 2293 eis
1479 2256 1492 2292 :
1524 2238 1636 2306 Ego
1669 2253 1823 2304 sum;

247 2338 312 2384 et
343 2329 615 2395 abierunt,
642 2338 697 2385 et
725 2330 1044 2385 ceciderunt
1077 2340 1373 2385 retrorsum
1396 2330 1463 2383 ⁷³.
1492 2329 1681 2384 iVides
1700 2330 1823 2398 quia

251 2438 363 2477 non
392 2436 515 2476 eum
557 2423 989 2492 cognoscebant,
1022 2438 1143 2477 cum
1198 2422 1517 2492 frequenter
1541 2422 1825 2485 vidissent,

248 2526 475 2587 propter
523 2514 1024 2586 transiigurationes
1087 2516 1274 2585 ipsius.
1322 2535 1341 2568 ι
1402 2514 1528 2570 Haec
1584 2525 1827 2584 repetere

249 2622 539 2663 necessum
582 2607 889 2673 habuimus,
920 2607 1141 2677 nequid
1170 2609 1234 2662 de
1269 2607 1536 2663 sententia
1577 2607 1824 2677 Origenis

246 2702 659 2771 decerperetur.
690 2700 791 2769 Qui
825 2705 976 2771 ergo)
1000 2699 1345 2769 frequentem
1374 2699 1670 2753 formarum
1699 2714 1819 2752 mu-

248 2793 513 2849 tationem
559 2792 764 2849 Cbristi
818 2792 1033 2862 corpori
1072 2791 1387 2864 assignasse
1425 2791 1711 2861 Origenem
1739 2790 1821 2844 in-

328 2909 375 2941 "
407 2908 564 2963 Joan.
597 2924 749 2974 xvtu,
788 2907 921 2963 4-6.

1933 1881 2080 1935 xisse
2126 1879 2408 1951 Origenem
2452 1878 2636 1940 tradit,
2681 1879 2762 1932 ὅτι
2789 1878 2942 1948 ψιλὸς
2971 1878 3253 1949 ἄνθρωπος
3274 1873 3360 1950 ἦν.
3390 1878 3498 1952 Cy-

1932 1971 2113 2025 riacus
2133 1985 2367 2040 quoque,
2403 1970 2542 2038 apud
2575 1970 2882 2025 Simeonem
2916 1968 3327 2039 Metaphrastem
3365 1967 3495 2024 Vitae

1930 2060 2051 2130 ejus
2080 2058 2429 2130 scriptorem,
2460 2058 2797 2129 Origenistas
2826 2056 3165 2115 Palaestinam
3212 2072 3368 2117 sexto
3391 2075 3496 2115 sae-

1930 2152 2052 2207 culo
2089 2151 2386 2206 insidentes
2418 2149 2621 2206 dixisse
2641 2149 2869 2205 affirmat
2898 2168 2919 2203 ι
2938 2150 3213 2207 Christum
3243 2166 3350 2207 non
3374 2164 3497 2207 esse

1931 2258 2094 2297 unum
2127 2258 2193 2297 ex
2223 2242 2506 2296 Trinitate.
2534 2260 2552 2293 ι
2591 2240 2741 2298 Hanc
2774 2242 3210 2297 criminationem
3245 2243 3366 2298 aliis
3399 2258 3493 2298 suo

1930 2335 2112 2405 perius
2155 2349 2185 2388 a
2235 2347 2293 2388 se
2338 2333 2783 2389 commemoratis
2820 2333 2976 2389 valde
3011 2334 3340 2390 contrariam
3372 2350 3495 2391 esse

1928 2426 2061 2481 dicit
2086 2424 2423 2495 Pamphilus,
2449 2424 2542 2479 sed
2576 2426 2744 2479 multo
2776 2426 2946 2494 magis
2977 2426 3141 2480 etiam
3177 2436 3383 2497 quarta
3406 2443 3496 2483 re-

1930 2528 2155 2587 pugnat,
2184 2532 2347 2587 quam
2396 2516 2448 2570 in
2502 2516 2749 2586 proxime
2791 2517 3215 2587 praecedentibus
3255 2518 3493 2574 examini

1931 2621 2119 2663 nostro
2165 2608 2525 2676 subjecimus;
2559 2608 2699 2662 unde
2727 2607 3045 2664 alterutrius
3077 2610 3289 2665 falsitas
3316 2611 3489 2665 mani-

1928 2701 2062 2756 feste
2088 2701 2294 2765 elucet;
2326 2698 2437 2772 (9.5)
2456 2702 2546 2755 sed
2566 2700 2765 2755 clarius
2795 2702 2954 2755 etiam
2989 2703 3142 2757 tertia
3168 2703 3253 2756 illa
3278 2704 3498 2759 convel-

1931 2794 2059 2848 litur
2094 2808 2158 2847 ex
2186 2794 2460 2849 sexcentis
2500 2790 2748 2863 Origenis
2798 2792 3057 2849 adversus
3105 2795 3386 2861 Ebionein,
3411 2796 3499 2851 vel

332 3026 439 3101 (23)
474 3028 577 3101 Sed
622 3028 824 3101 clarius
878 3028 1037 3083 etiam
1083 3038 1236 3084 tertia
1288 3031 1385 3084 ttla
1430 3032 1734 3087 convellitur
1760 3048 1825 3087 ea:
1850 3036 1896 3099 ο
1929 3040 2010 3085 tra
2045 3030 2299 3101 ethnicos;
2322 3028 2655 3101 defensione,
2688 3029 2730 3101 si
2763 3038 2820 3082 ut
2850 3029 2915 3083 ad
2956 3028 3184 3101 tollenda
3210 3043 3495 3097 pomorum

244 3098 532 3170 sescentis,
559 3106 664 3170 etc.
706 3098 865 3170 Clare
898 3101 1061 3153 etiam
1096 3101 1418 3155 convellitur
1457 3117 1522 3155 ex
1578 3102 1825 3170 plurimis

248 3181 445 3239 contra,
486 3168 695 3239 Celsunt
748 3168 902 3233 locis,
936 3184 1055 3239 qua:
1101 3170 1317 3236 collegit
1354 3168 1700 3226 doctissimus
1731 3188 1827 3225 no-

249 3250 370 3291 ster
418 3238 646 3291 domnus
673 3237 993 3293 Prudentius
1024 3240 1206 3293 Maran
1241 3243 1292 3294 in
1328 3256 1424 3295 suo
1460 3241 1533 3295 De
1557 3243 1827 3295 divinitate

252 3308 461 3380 Christi
510 3307 647 3362 lihro
694 3323 802 3380 ttt,_
828 3323 949 3380 cap.
994 3310 1050 3371 5.
1088 3326 1239 3362 ιιιιιιι.
1270 3310 1306 3363 2
1344 3322 1400 3380 et
1451 3326 1589 3380 seq.,
1618 3323 1675 3365 et
1708 3326 1829 3379 quae

253 3378 346 3450 hic
384 3377 590 3450 referre
632 3394 742 3433 non
791 3378 983 3450 inutile
1008 3381 1277 3450 ducimus.
1310 3399 1328 3431 ι
1361 3379 1483 3435 Non
1510 3377 1825 3450 effugit.'inn

252 3448 395 3517 quit,
436 3448 1468 3531 Celsus‘reprehensionenLQrigenis,
1509 3448 1827 3531 quqtiesjn

251 3514 574 3586 exponenda
638 3514 946 3571 Judaeorum
1005 3530 1060 3572 et
1105 3514 1543 3574 Christianorum
1584 3520 1831 3575 doctrina

251 3588 560 3654 claudicat;
589 3587 735 3641 velut.
773 3602 896 3641 cum
938 3587 1177 3643 Judaeum
1221 3590 1273 3643 in
1321 3590 1581 3645 miracula
1627 3598 1682 3644 et
1714 3591 1829 3644 visa

252 3658 474 3711 caelitus
498 3658 703 3719 oblata,
756 3658 805 3710 iu
851 3660 1226 3725 praedictiones
1249 3668 1305 3713 et
1342 3660 1597 3713 vaticinia
1643 3659 1833 3724 iocan-

256 3737 386 3789 tem,
419 3737 515 3779 aut
548 3727 615 3782 de
677 3725 885 3782 Messias
926 3727 1091 3782 futuri
1134 3729 1425 3794 divinitate
1483 3728 1829 3783 confitentem

254 3798 484 3860 inducit,
520 3795 635 3918 ﬁlib.
667 3812 708 3859 ι,
768 3812 918 3851 num.
954 3799 1024 3851 45
1055 3807 1108 3852 et
1132 3798 1221 3867 «59)
1255 3808 1483 3854 autcum
1516 3798 1682 3853 Deum
1709 3814 1831 3853 cor-

256 3867 521 3918 noreumi
549 3869 736 3918 ib.vn.
768 3884 820 3918 ιι.
848 3868 959 3918 561.
984 3868 1257 3918 Christum
1286 3869 1543 3918 Creatore
1572 3869 1830 3918 maiorem

256 3880 484 3938 porcum
505 3867 820 3938 (iib.Vll,ill.
848 3868 959 3938 56),
984 3868 1257 3923 Christum
1286 3869 1543 3924 Creatore
1572 3869 1830 3936 majorem

254 3952 286 3988 a
338 3936 673 4008 Christianis
733 3937 857 4006 litigi
903 3936 1111 3991 dictitat
1155 3940 1271 4008 (lib.
1322 3954 1436 4004 vttt,
1480 3954 1536 3992 n.
1572 3938 1684 4008 15).
1725 3938 1830 3992 Sed

251 4021 383 4060 eum
421 4006 562 4059 idem
593 4007 784 4061 Celsus
816 4009 1011 4076 quaerit
1045 4024 1141 4062 cur
1166 4006 1318 4063 Deus
1354 4011 1421 4064 ad
1467 4006 1713 4063 homines
1737 4024 1832 4062 ve-

260 4076 412 4147 nerit
455 4076 575 4145 (lib.
603 4093 679 4140 iv,
713 4094 767 4129 ιι.
808 4078 883 4147 5),
918 4092 1039 4131 cum
1064 4079 1242 4131 omnia
1270 4080 1451 4132 divina
1487 4082 1686 4132 virtute
1714 4094 1836 4131 cor-

258 4146 438 4218 rige_re
481 4154 699 4218 posset:
729 4146 851 4218 cum
887 4148 1189 4218 fieriposse
1214 4150 1513 4218 negat(lib.
1554 4165 1627 4213 vt,
1656 4165 1707 4200 ιι.
1743 4149 1832 4215 75)

258 4163 438 4212 rigere
481 4163 699 4215 posset:
729 4163 851 4200 cum
887 4163 1000 4201 neri
1067 4163 1189 4203 osse
1214 4163 1513 4218 negatum.
1554 4165 1627 4213 vi,
1656 4165 1707 4200 ιι.
1744 4163 1832 4215 ⁷ιο)

254 4225 320 4269 ιιι
361 4214 501 4289 Deus
529 4216 846 4282 descendat,
883 4228 975 4270 aut
1022 4163 1214 4272 gilium
1259 4233 1324 4272 ac
1355 4218 1835 4289 propriumSpiri-

258 4286 617 4358 tunigmitta};
648 4301 906 4358 cuiunon
932 4289 1108 4342 minus
1138 4286 1440 4357 repugnare
1458 4286 1539 4342 ait
1584 4286 1833 4358 (libivtt,

256 4371 314 4409 ιι.
341 4355 431 4426 15)
466 4364 521 4434 ιιι
547 4354 687 4409 Deus
708 4356 925 4410 ovillam
958 4368 1013 4411 et
1040 4358 1105 4411 fel
1132 4354 1398 4424 edat,'aut
1427 4354 1826 4434 acetu‘mhibat,
1863 4378 1908 4434 ι)

251 4440 419 4494 quam
450 4433 508 4479 ut
541 4437 781 4479 stercore
830 4437 1106 4493 vescatur;
1142 4444 1249 4482 non
1293 4430 1540 4497 queritur
1569 4429 1831 4497 Origenes

252 4498 450 4549 falsam
496 4497 812 4567 opinionem
858 4497 1203 4567 Christianis
1247 4498 1448 4567 attingi.
1481 4500 1608 4551 Erat
1651 4510 1827 4551 tamen

250 4568 465 4637 griana
493 4565 747 4637 haeresis,
783 4566 939 4637 cujus
982 4568 1316 4623 architectus
1339 4565 1397 4622 et
1424 4583 1622 4637 parens
1657 4568 1829 4621 fuisse

252 4635 502 4707 fingitur,
551 4636 615 4687 ad
668 4635 990 4707 refellendos
1041 4637 1183 4691 Celsi
1234 4638 1385 4707 jncos
1424 4635 1826 4707 percommoda.

251 4704 509 4758 Ruebant
533 4706 722 4776 omnia
753 4708 872 4776 ejus
904 4708 1151 4776 dicteria,
1179 4704 1250 4761 δι’
1272 4723 1376 4761 non
1409 4704 1643 4761 aeternus
1671 4717 1725 4759 et
1749 4722 1831 4760 tn-

251 4784 474 4828 ereatus
528 4775 670 4828 Deus
716 4775 879 4830 homo
920 4775 1095 4831 factus
1142 4779 1357 4842 fuisset,
1399 4789 1493 4830 aut
1525 4780 1570 4831 si
1618 4792 1722 4831 non
1756 4778 1829 4830 ita

250 4854 408 4918 arcte
446 4859 568 4899 cum
617 4844 956 4901 humanitate
1005 4850 1347 4918 eonjunctus,
1374 4859 1432 4900 ut
1460 4848 1640 4903 edisse
1670 4857 1725 4900 et
1750 4848 1831 4901 hi-

251 4916 402 4985 liisse
442 4925 494 4968 et
542 4929 734 4985 passus
774 4932 894 4971 esse
941 4916 1136 4973 merito
1172 4918 1458 4971 diceretur.
1496 4919 1611 4971 Non
1642 4919 1687 4969 is
1713 4925 1832 4971 erat

250 4982 519 5057 Origenes
542 4982 643 5057 qui
688 5001 792 5038 non
820 4988 1025 5040 videret
1059 5000 1319 5056 quantum
1352 4988 1493 5040 inter
1523 4987 1828 5057 lmjusmodi

253 5055 428 5107 Deum
460 5055 694 5121 intersit,
724 5066 779 5108 et
815 5072 937 5111 eum
976 5055 1315 5124 quinomine
1356 5067 1510 5111 tenus
1539 5055 1679 5111 Deus
1722 5058 1825 5119 sit;

248 5132 351 5176 aut
396 5126 509 5193 qui,
553 5125 599 5178 si
653 5127 780 5194 quid
820 5138 1015 5192 praeter
1051 5143 1391 5181 communem
1433 5127 1691 5181 Ecclesiae
1735 5131 1829 5179 do-

246 5194 489 5265 ctrinam
518 5197 768 5265 sentiret,
805 5209 913 5250 tam
942 5200 1197 5265 praeclara
1218 5198 1470 5250 facultate
1500 5198 1679 5251 oblata
1717 5197 1813 5251 dis-

246 5264 562 5318 simularet.
594 5264 708 5319 Non
744 5269 814 5321 ita
846 5282 905 5321 se
938 5264 1125 5336 gerere
1165 5270 1322 5321 solet.
1362 5266 1515 5331 Quod
1548 5269 1692 5320 enim
1727 5266 1826 5320 sibi

249 5337 638 5403 intemperanti
690 5338 922 5406 quadam
979 5338 1180 5405 pietate
1230 5338 1481 5400 tinxerat,
1535 5336 1828 5390 inferorum

250 5418 445 5471 pinnas
476 5421 581 5459 non
623 5407 689 5459 ad
724 5418 982 5461 aeternam
1022 5408 1300 5469 ultionem,
1331 5410 1423 5460 sed
1455 5406 1522 5461 ad
1552 5407 1827 5475 purganda

246 5486 308 5525 et
329 5481 679 5547 excoquenda
714 5479 841 5531 vitia
869 5480 1141 5546 pertinere
1170 5492 1352 5547 (quam
1384 5492 1528 5546 saepe
1554 5476 1655 5531 hoc
1682 5492 1829 5530 com-

252 5556 499 5597 mentum
555 5546 795 5601 insinuat
822 5563 943 5601 cum
980 5546 1354 5601 haereticorum
1386 5548 1547 5614 impia
1577 5550 1629 5601 in
1664 5548 1828 5601 Crea-

254 5614 394 5667 toris
451 5618 795 5671 severitatem
859 5617 1104 5670 convicia
1154 5616 1371 5686 refellit)
1414 5619 1591 5670 nullus
1632 5617 1822 5670 dubito

251 5688 385 5753 quin
419 5686 559 5740 idem
593 5689 835 5743 facturus
868 5687 1078 5754 l'uisSet,
1112 5699 1358 5756 suscepta
1400 5689 1671 5757 religionis
1700 5702 1827 5743 con-

1928 3101 2250 3156 aeternitatis
2289 3098 2651 3165 incommoda,
2704 3099 2776 3152 ita
2825 3102 2988 3152 etiam
3031 3099 3098 3151 ad
3145 3101 3494 3153 minuendum

1932 3172 2024 3225 Dei
2054 3170 2320 3225 incarnati
2364 3170 2703 3238 mysterium,
2742 3171 2883 3237 quod
2917 3169 3084 3222 multo
3124 3169 3494 3224 incredibilius

1929 3242 2239 3303 videbatur,
2276 3240 2513 3307 aliquam
2550 3240 2689 3292 viam
2731 3238 3044 3293 invenisset.
3079 3240 3149 3291 At
3197 3253 3304 3304 quo
3354 3240 3494 3293 stul-

1933 3311 2038 3365 tius
2064 3310 2273 3363 videtur
2302 3309 2461 3369 Celso
2498 3310 2659 3363 Deum
2704 3309 2975 3362 hominem
3024 3307 3163 3371 ﬁeri,
3197 3322 3263 3362 eo
3312 3311 3496 3363 acrius

1930 3381 2033 3435 hoc
2061 3380 2375 3450 mysterium
2419 3388 2597 3432 tuetur
2629 3378 2909 3447 Origenes,
2938 3394 3050 3450 nec_
3082 3378 3243 3450 aliam
3275 3378 3496 3433 adhibet

1932 3452 2007 3504 rei
2042 3447 2376 3517 explicandae
2416 3450 2706 3510 rationem,
2740 3464 2904 3517 quam
2954 3462 2983 3500 a
3021 3447 3276 3501 Patrihus
3309 3460 3497 3502 contra

1930 3520 2160 3573 Arianos
2198 3518 2466 3583 adhibita;
2504 3533 2601 3571 nec
2650 3519 2754 3571 alia
2799 3524 3138 3588 argumenta,
3168 3532 3329 3586 quam
3378 3533 3499 3588 quae

1934 3591 2091 3642 fidem
2123 3589 2254 3642 tanti
2292 3588 2531 3656 mysterii
2568 3588 2749 3641 facere
2777 3587 3006 3656 possint.

2008 3678 2025 3709 ι
2053 3658 2107 3711 In
2141 3654 2359 3711 duobus
2377 3656 2565 3725 primis
2595 3658 2747 3711 libris
2780 3654 3047 3711 refellitur
3073 3654 3316 3722 Judmus,
3337 3670 3498 3726 quem

1932 3727 2123 3782 Celsus
2156 3727 2459 3796 loquentem
2490 3727 2695 3780 inducit
2728 3745 2741 3780 :
2774 3737 2828 3781 et
2858 3742 2963 3795 quo
2995 3727 3366 3795 impudentius
3398 3728 3500 3780 iste

1935 3800 1985 3850 in
2009 3799 2207 3852 Christi
2232 3796 2568 3850 divinitatem
2594 3796 2828 3863 jocatur,
2863 3812 2928 3849 eu
2964 3797 3143 3849 acrius
3167 3811 3285 3849 eam
3322 3807 3501 3848 tuetur

1933 3868 2212 3936 Origenes.
2255 3865 2597 3919 Demonstrat
2626 3867 2718 3920 lib.
2756 3882 2794 3928 ι,
2837 3882 2986 3919 ιιιιιιι.
3030 3865 3120 3936 54,
3149 3881 3180 3920 a
3220 3867 3499 3936 prophetis

1932 3934 2252 4006 praedictum
2283 3949 2405 4006 esse
2440 3936 2775 3989 nasciturum
2796 3951 2861 3990 ex
2910 3954 2926 3988 ι
2960 3935 3204 4006 Virgine,
3236 3936 3327 3988 τὸν
3357 3934 3503 4006 ἐπώ-

1933 4004 2098 4078 ιουμον
2129 4004 2220 4060 τοῦ
2261 4005 2605 4078 πράγματος,
2632 4022 2751 4078 eum
2802 4006 2892 4074 qui
2936 4021 3001 4059 ea:
3025 4004 3081 4078 re
3108 4021 3294 4058 nomen
3309 4005 3498 4078 habet,

1935 4075 2058 4147 quia
2095 4093 2159 4131 eo
2186 4075 2315 4147 nato
2343 4076 2618 4147 uobiscum
2647 4075 2860 4130 futurus
2890 4084 3005 4147 erat
3042 4077 3259 4147 Deus.)
3292 4076 3503 4143 Quibus

1936 4144 2115 4202 verbis
2156 4146 2396 4200 declarat
2432 4146 2730 4205 Christum,
2764 4147 2867 4201 etsi
2917 4144 3232 4199 Enunanuel
3274 4154 3501 4200 vocatus

1936 4233 2042 4271 non
2090 4218 2181 4279 sit,
2217 4232 2274 4270 re
2304 4226 2482 4270 tamen
2513 4224 2567 4269 et
2593 4216 2861 4270 sententia
2907 4215 3309 4270 Emmanuelem
3340 4231 3499 4272 esse:

1937 4300 1988 4341 et
2019 4288 2376 4357 prepltetiam,
2418 4300 2539 4353 qua:
2594 4285 3002 4357 Eiiintanuelem
3048 4285 3500 4357 illuin__vocatum

1941 4358 2001 4409 iri
2023 4354 2305 4425 praedixit,
2354 4371 2459 4409 non
2502 4357 2694 4417 verbo,
2729 4356 2823 4410 sed
2873 4354 3496 4425 sensudijudicandam.

1934 4423 2212 4480 Christum
2247 4425 2411 4478 Deum
2442 4439 2564 4479 esse
2594 4425 2789 4494 probat
2814 4440 2962 4479 num.
2992 4423 3061 4477 56
3090 4439 3156 4494 ex
3181 4425 3267 4477 his
3308 4423 3498 4492 psalmi

1932 4499 2154 4550 verbis:
2189 4513 2207 4545 ι
2240 4495 2409 4549 Sedes
2459 4505 2570 4559 tua,
2598 4492 2791 4559 'Deus,
2833 4496 2887 4548 in
2941 4492 3200 4548 stnculum
3266 4494 3445 4546 saeculi
3479 4511 3496 4559 ;

1932 4568 2087 4620 unxit
2125 4577 2177 4619 te
2219 4566 2384 4627 Deus,
2422 4564 2564 4619 Deus
2607 4573 2729 4619 tuus
2762 4567 2815 4618 in
2846 4574 3104 4617 aeternum
3140 4560 3315 4633 (Ptol.
3340 4578 3498 4633 xciv,

1929 4635 1986 4698 7,
2019 4639 2095 4701 8),
2130 4655 2148 4686 ι
2192 4636 2451 4702 additque
2483 4636 2584 4689 hoc
2616 4634 2824 4702 psalmo
2857 4649 3008 4687 usum
3063 4647 3123 4686 se
3153 4632 3284 4687 ’oliin
3330 4632 3499 4687 fuisse

1931 4716 2120 4760 contra
2155 4704 2397 4759 Judaeum
2438 4708 2752 4773 quemdam,
2779 4706 2897 4775 qui,
2932 4719 3053 4775 cum
3083 4705 3367 4775 pedemex
3397 4705 3500 4757 hoc

1932 4778 2049 4829 loco
2080 4777 2285 4830 referre
2322 4787 2427 4827 n0n
2458 4772 2688 4844 posset,
2734 4772 2860 4830 illuc
2902 4774 3101 4837 evasit,
3132 4773 3292 4844 utad
3328 4772 3494 4827 Deum

1932 4848 2309 4901 universorum
2335 4840 2527 4899 referri
2559 4846 2756 4900 debere
2777 4844 3146 4901 contenderet.
3171 4840 3340 4898 Nemo
3366 4858 3498 4897 sane

1931 4921 2130 4971 dixerit
2156 4918 2443 4984 Origenem
2470 4925 2620 4969 tanto
2650 4927 2781 4970 aestu
2811 4931 2932 4970 cum
2962 4910 3167 4984 Iudaeis
3209 4914 3497 4968 decertan-

1932 4998 2065 5054 tem,
2100 4986 2244 5039 aliud
2263 4983 2413 5038 nihil
2447 4986 2515 5039 ab
2548 4988 2627 5039 eis
2664 4987 2972 5054 exprimere
3005 4983 3260 5049 voluisse,
3292 4984 3394 5038 nisi
3439 4995 3498 5037 ut

1930 5056 2205 5110 Christum
2236 5070 2373 5108 VOce
2414 5065 2568 5109 tenus
2600 5056 2902 5110 faterentur
2932 5057 3119 5108 Deum.

2006 5145 2025 5178 ι
2059 5126 2271 5181 Ridenti
2296 5123 2502 5190 Iudaeo,
2544 5141 2691 5180 num.
2719 5126 2788 5181 58
2829 5134 2883 5179 et
2914 5124 3003 5189 60,
3028 5123 3169 5187 quod
3198 5122 3431 5177 Chaldaei
3464 5138 3495 5177 a

1930 5197 2056 5252 Jesu
2083 5199 2162 5267 .ad
2209 5212 2330 5267 eum
2377 5194 2639 5249 infantem
2677 5194 3013 5267 adorandum
3046 5194 3225 5267 tracti
3249 5196 3498 5248 diceren-

1932 5280 2051 5333 tur;
2084 5263 2386 5335 respondet
2428 5281 2613 5335 magos
2658 5267 2778 5321 illos
2806 5275 2862 5320 et
2898 5263 3065 5319 stella;
3104 5263 3346 5320 novitate
3372 5279 3496 5332 per-

1931 5340 2132 5403 culsos,
2164 5348 2217 5389 et
2245 5336 2464 5390 Balaam
2509 5338 2717 5392 oraculi
2752 5350 3023 5390 memores
3052 5349 3116 5403 ac
3153 5336 3295 5388 forte
3330 5336 3495 5389 etiam

1938 5412 2073 5463 artis
2098 5424 2209 5463 suae
2243 5408 2508 5461 inanitate
2536 5416 2813 5475 perspecta
2857 5405 3061 5459 nullum
3093 5402 3223 5475 jam,
3248 5405 3499 5459 habentis

1930 5481 2157 5542 exitum,
2192 5480 2406 5531 venisse
2442 5478 2494 5530 in
2536 5472 2805 5542 'Judaeam,
2835 5486 2890 5530 et
2934 5472 3121 5529 aurum
3168 5472 3384 5529 Christo
3442 5487 3501 5530 ut

1932 5552 2070 5621 regi,
2102 5548 2376 5621 myrrham
2404 5560 2475 5621 ut”
2500 5549 2782 5612 morituro,
2813 5549 2954 5621 thus_
2979 5552 3041 5598 ut
3080 5546 3196 5621 Deo
3214 5546 3496 5621 obtulisse.

1930 5615 2115 5688 Addit,
2148 5615 2403 5689 Quoniam
2446 5618 2585 5673 Deus
2618 5627 2739 5672 erat
2767 5621 2835 5682 is,
2863 5615 2957 5686 qui
2994 5616 3267 5689 potentior
3292 5619 3501 5689 angelis

1933 5684 2190 5749 Servatur
2228 5690 2446 5747 humani
2480 5692 2698 5761 generis
2740 5684 3269 5757 venerat,'angelum
3309 5684 3501 5755 pietati
