3860 6230
254 379 359 434 817

1063 367 1636 429 ORICENIANORUM
1677 368 1806 426 LIB.
1848 369 1913 435 li,
1953 368 2105 424 CAP.
2150 368 2213 433 ll,
2255 368 2526 436 QUIEST.
2567 368 2656 424 Ill.

254 490 385 558 cipit
410 489 464 543 in
496 487 710 541 laudata
748 486 906 541 toties
935 486 1224 555 Apologia:
1280 502 1299 535 ‹
1357 485 1556 551 Quinta
1585 483 1671 538 illa
1709 483 1819 539 cri-
1848 502 1895 555 Α
1923 482 2269 551 agnoscentis
2308 499 2325 549 ;
2377 484 2616 537 futurum
2662 482 2920 547 alterum,
2963 480 3017 537 in
3064 479 3274 538 Iudaici
3317 491 3491 545 status

254 582 482 638 minatio
512 587 615 642 est,
646 593 751 647 qua
786 586 1038 632 asserunt
1072 592 1193 631 eum
1239 576 1377 630 duos
1410 574 1655 630 Christos
1682 590 1818 644 prae-

251 675 456 730 dicare.
491 690 510 724 i
549 670 671 724 Fuit
695 685 756 724 ea
788 685 889 724 vox
935 668 1168 739 improbi
1218 669 1455 736 primum
1506 666 1814 731 Marcionis,

253 765 481 820 aiterum
540 762 816 818 Christum
888 760 1192 816 Tiberianis
1248 770 1427 816 ortum
1485 760 1819 831 temporibus

253 937 359 992 alia
410 945 747 1006 argumenta,
794 934 898 989 nisi
948 948 1069 1006 quae
1110 934 1175 988 ad
1213 933 1374 988 tidem
1428 941 1535 989 tam
1569 934 1817 1005 stupendi

254 1005 495 1080 mysterii
526 1008 827 1080 faciendam
860 1005 1144 1071 pertinent.

328 1098 347 1129 ι
385 1078 653 1147 Posquam
705 1075 919 1132 Iudaeus
966 1075 1261 1143 peroravit,
1321 1089 1493 1147 novus
1546 1074 1812 1143 quodam-

252 1149 412 1203 modo
464 1144 652 1203 Celsus
702 1161 932 1215 pugnam
985 1160 1082 1196 suo
1111 1146 1327 1197 nomine
1360 1144 1707 1211 redintegrat,
1750 1161 1813 1200 ac

253 1234 359 1271 non
405 1220 577 1272 solum
626 1218 679 1269 in
718 1216 883 1269 Deum
919 1215 1238 1268 crucifixum
1261 1215 1495 1282 jocatur,
1526 1216 1620 1267 sed
1646 1216 1810 1268 etiam

253 1300 496 1342 evertere
542 1295 769 1340 conatur
818 1300 938 1353 qum
986 1283 1276 1338 Christiani
1327 1285 1392 1337 ad
1445 1284 1808 1338 defensionem

248 1356 410 1426 hujus
447 1356 687 1429 mysterii
727 1355 1059 1429 aliereba_nt._
1082 1353 1340 1429 hliriticus
1386 1353 1646 1429 Origenes
1668 1354 1813 1429 etin

248 1424 568 1497 exponendo
589 1426 845 1497 mysterio
868 1433 922 1479 et
951 1425 1002 1477 in
1031 1424 1383 1497 delendendo.
1424 1424 1637 1478 Ridenti
1658 1424 1814 1479 Celso

245 1494 391 1566 quod
417 1494 706 1551 Christiani
740 1496 906 1549 Deum
939 1509 1026 1566 ex_
1049 1494 1277 1566 mortali
1291 1508 1520 1562 corpore
1550 1503 1813 1548 constan-

250 1563 357 1620 tem
398 1568 703 1627 crederent,
735 1567 787 1619 id
815 1578 933 1633 quae
979 1564 1063 1632 pie
1105 1564 1206 1618 sibi
1254 1563 1435 1617 facere
1474 1565 1809 1631 viderentur,

249 1638 330 1690 sic
366 1639 653 1705 respondet
701 1636 794 1689 lib.
847 1651 931 1696 Ill,
961 1650 1107 1705 num.
1141 1634 1200 1686 41
1238 1654 1250 1688 :
1280 1635 1546 1705 Ἰστῳσαν
1562 1634 1615 1705 oi
1645 1635 1813 1703 ἐγκα-

242 1703 467 1777 λοῦντεζ
494 1708 573 1760 ὅτι
606 1708 667 1759 ὃν
707 1704 1124 1777 μὲνίγφμίςομεν
1156 1705 1248 1777 δεαὶ
1278 1703 1619 1777 πεπεξσμεθα
1640 1705 1813 1775 ἀρχῆ-

243 1775 337 1831 θεν
369 1768 504 1832 εἷνὰι
524 1777 654 1829 Θεὸν
682 1768 777 1830 δέαὶ
810 1768 937 1828 Υἱδν
960 1768 1113 1838 Θεὸῦ,
1144 1768 1297 1837 οὗτος
1324 1776 1351 1827 ὁ
1378 1768 1813 1842 Αὑτόλόγος’έξςτι

244 1850 341 1901 καὶ
380 1852 413 1920 ἡ
460 1847 791 1920 σῷτεοεδόφξοι,Δ
821 1848 914 1920 κα)
1025 1844 1502 1920 αὑτοαλήβεια.-Τρ
1543 1845 1600 1920 es
1625 1845 1815 1920 θνητὸν

244 1913 412 1973 αὑτοῦ
440 1919 599 1988 σῶμα
628 1913 722 1971 xei.
743 1913 841 1987 τὴν
876 1913 1225 1988 ἀνθρωπίνην
1358 1913 1513 1988 αὐτῷ
1537 1913 1719 1988 tituth
1745 1919 1811 1988 τῇ

241 1990 383 2060 πρὸς
404 1984 697 2060 ὲκεῖύονλού
734 1984 898 2060 μόνον
917 1984 1188 2056 κοὶνωνίᾳζ
1206 1984 1340 2060 me
1363 1985 1459 2060 xa‘t
1497 1984 1685 2060 ὲνώὰερ
1721 1984 1815 2060 xei.

242 2054 545 2131 ἁῆακράσει
576 2058 645 2112 τὰ
680 2054 909 2128 μέγιστά
924 2073 1101 2137 agape?
1134 2054 1554 2177 apocatlrypévat
1591 2057 1685 2109 καὶ
1715 2058 1814 2127 τῆς

242 2130 447 2177 ἐκείνου
470 2130 723 2177 Θεότητοε
756 2126 1182 2177 κεκοινωνηκότα
1208 2128 1286 2177 εἰς
1305 2126 1375 2177 Θε
1408 2143 1435 2177 ν
1461 2126 1814 2177 μεταϐεϐηκέ-

238 2126 447 2185 ὲκείνόυ
470 2126 723 2201 θεότητρς
756 2126 1188 2201 κεκοικεωνηὶὁτα
1208 2128 1286 2189 εἰς
1305 2126 1435 2178 Θεὸν
1455 2126 1819 2201 μεταϐεϐηκέ-

236 2218 355 2258 ναι.
368 2220 384 2252 ς
398 2201 583 2256 Sciant
601 2198 761 2270 igitur
775 2199 1149 2270 criminatores
1167 2212 1323 2270 quem
1341 2198 1814 2270 credimusetper-

238 2286 466 2327 suasum
492 2264 752 2325 haheinus
768 2283 889 2324 esse
917 2267 985 2321 ab
1014 2264 1365 2322 initio’Deum
1390 2276 1442 2320 et
1464 2265 1556 2320 Dei
1588 2264 1809 2334 Filium,

244 2358 369 2395 eum
402 2342 575 2410 ipsum
610 2340 840 2410 Verbum
867 2352 1006 2403 esse,
1040 2338 1211 2410 ipsam
1249 2335 1595 2410 sapientiam,
1634 2338 1804 2410 ipsam

239 2408 521 2467 veritatem
550 2428 565 2465 :
584 2409 699 2477 ejus
723 2421 899 2463 autem
913 2408 1429 2477 mortalecorpus,et
1451 2408 1735 2477 humanam
1755 2408 1806 2461 in

238 2498 307 2536 eo
328 2482 580 2546 animam,
611 2475 714 2535 non
748 2480 918 2534 solum
954 2476 1443 2532 communicatione
1472 2492 1591 2530 cum
1609 2475 1804 2542 Verbo,

238 2553 333 2607 sed
362 2552 524 2605 etiam
564 2550 759 2604 unione
800 2558 854 2604 et
893 2547 1277 2617 permistione,
1309 2546 1808 2617 maximadicimus

236 2622 534 2704 accepisse,
564 2631 618 2704 et
654 2620 771 2686 ejus
798 2615 1607 2704 divinitatem‘participantia‘in
1637 2615 1803 2704 Deum

234 2685 496 2747 evasisse.
521 2709 539 2742 ι
574 2685 865 2745 Contendit
910 2690 1072 2757 igitur
1110 2687 1368 2757 Origenes
1414 2685 1546 2739 ttihil
1580 2688 1805 2757 mortale

235 2772 333 2816 aut
359 2772 598 2816 creatum
630 2777 658 2814 a
689 2756 1012 2815 Christianis
1058 2757 1181 2820 coli,
1216 2756 1311 2811 sed
1340 2765 1600 2810 aeternum
1635 2756 1801 2810 Deum

234 2841 295 2887 et
324 2833 413 2886 Dei
446 2830 638 2885 Filium
675 2846 688 2882 :
722 2840 883 2899 atque
936 2830 1077 2883 hunc
1108 2829 1273 2882 Deum
1328 2835 1385 2878 et
1436 2824 1527 2899 Dei
1550 2896 1560 2899 _
1584 2824 1799 2891 Filium,

236 2918 347 2955 non
380 2910 439 2955 ut
474 2916 560 2955 res
585 2896 821 2964 creatas,
854 2899 1170 2969 participem
1219 2911 1337 2969 esse
1369 2896 1600 2969 rationis
1624 2904 1677 2948 et
1710 2910 1798 2950 sa-

234 2972 452 3039 pientizB
507 2980 562 3025 et
618 2966 867 3024 veritatis
884 2970 1020 3035 ,sed
1050 2966 1189 3039 esse
1244 2967 1419 3034 ipsam
1477 2966 1794 3035 Rationem,

234 3037 409 3112 ipsam
446 3041 798 3112 Sapientiam,
825 3040 1007 3112 ipsam
1049 3037 1366 3112 Veritatem.

313 3132 332 3165 ι
364 3112 495 3168 Cum
523 3106 714 3165 autem
747 3106 935 3165 Celsus
967 3109 1033 3162 de
1066 3107 1266 3162 Christi
1298 3120 1463 3161 carne
1505 3106 1791 3163 admodum

233 3182 526 3237 inhoneste
554 3181 887 3249 loqueretur,
922 3178 1142 3233 minime
1174 3177 1449 3249 mirum__si
1476 3192 1599 3249 eam
1639 3192 1790 3249 com-

234 3254 459 3307 mendat
486 3244 745 3321 Origenes
778 3266 845 3305 ex
872 3250 1177 3305 arctissima
1208 3263 1330 3321 cum
1350 3244 1544 3321 _Verho
1571 3248 1796 3321 conjun-

230 3324 436 3377 ctione.
494 3315 611 3376 Sed
659 3321 944 3375 molestum
978 3332 1099 3374 esse
1145 3332 1248 3371 non
1278 3315 1438 3370 debet
1466 3317 1611 3385 quod
1658 3315 1797 3373 hanc

230 3391 665 3460 coniunctionem
716 3391 953 3460 appellat
1009 3387 1435 3460 permistionem.
1491 3385 1622 3460 haec
1653 3390 1793 3442 enim

232 3456 490 3532 loquendi
523 3463 660 3515 ratio
692 3456 874 3515 multis
908 3456 1044 3532 aliis?
1075 3457 1451 3532 scriptoribus,
1490 3456 1666 3532 iisque
1700 3473 1795 3511 ac-

231 3525 592 3587 curatissimis
623 3541 902 3602 usurpata,
932 3540 991 3602 ut
1017 3525 1351 3602 demonstrat
1371 3525 1639 3602 Petavius.
1656 3537 1790 3581 tom.

230 3602 300 3657 Ill
329 3602 519 3671 Dogm.
572 3596 915 3671 tlteol.:Nam
945 3601 989 3653 si
1018 3596 1793 3671 pcr_illan_i_necessitudinem,

227 3689 353 3740 qua:
384 3664 539 3726 nbbis
575 3687 694 3725 cum
736 3670 874 3725 Filio
907 3671 999 3724 Dei
1018 3664 1086 3723 et
1111 3667 1230 3740 Deo
1264 3664 1438 3719 Verbo
1483 3666 1791 3740 intercedit,

234 3736 329 3797 tilii
364 3742 456 3795 Dei
489 3740 751 3795 eﬂicimur
772 3783 787 3805 ,
816 3743 860 3795 si
893 3751 1080 3793 natura
1110 3737 1365 3799 humana,
1402 3744 1458 3789 ut
1488 3736 1647 3790 docet
1670 3736 1798 3790 Ori-

227 3827 399 3884 genes
428 3814 521 3866 lib.
549 3828 632 3884 tu,
662 3827 809 3866 num.
846 3812 946 3884 28,
966 3812 1018 3865 iii
1049 3808 1258 3884 iis_Lq_ui
1310 3809 1470 3859 vitam
1498 3813 1563 3859 ad
1596 3806 1797 3884 Christi

230 3876 501 3953 praecepta
534 3883 792 3949 dirigunt,
844 3882 1025 3935 divina
1076 3876 1575 3953 elﬁcitttriquanto
1628 3877 1797 3947 magis

231 3945 375 4008 idem
414 3945 505 4007 'de
556 3945 743 4007 natura
778 3945 1019 4006 humana
1072 3964 1194 4003 cum
1228 3946 1409 4001 Verbo
1459 3945 1799 4016 hyposmtice

229 4023 519 4091 conjuncta
544 4022 724 4075 dicere
750 4023 923 4090 potuit
952 4022 1067 4091 sine
1105 4018 1212 4071 ulla
1258 4016 1798 4091 naturarutnconfu-

228 4085 426 4149 sione?
457 4092 618 4162 Multa
652 4085 1010 4162 alia-proferri
1044 4097 1259 4160 possent
1288 4101 1353 4162 ex
1404 4086 1497 4162 his
1538 4085 1690 4162 lib_r_is
1732 4089 1797 4162 de

228 4164 533 4218 aeternitate
559 4161 745 4228 Verbi,
781 4156 1103 4231 'agqualita'te
1142 4168 1198 4212 et
1234 4156 1797 4231 substantiachidenti-

229 4245 344 4290 tate
369 4249 488 4287 cum
523 4232 683 4287 Patre
723 4226 874 4287 dicta
907 4231 1135 4285 mirilice
1164 4246 1176 4282 :
1208 4227 1301 4282 sed
1334 4228 1415 4280 his
1439 4229 1491 4279 in
1524 4226 1690 4281 alium
1720 4228 1797 4282 l0-

227 4320 354 4359 cum
384 4303 696 4369 reservatis,
726 4319 868 4356 nunc
897 4301 1180 4374 videndum
1199 4296 1797 4374 quemadtiLodutn_Ori-

226 4390 396 4445 genes
426 4367 915 4445 demonstrationes
945 4370 1105 4440 hujus
1139 4367 1380 4445 mysterii
1422 4367 1795 4445 {Christianis

227 4436 475 4498 adhiberi
524 4443 710 4498 solitas
730 4436 1039 4508 conﬁrmet,
1069 4436 1400 4494 ratiunculas
1444 4436 1586 4493 Celsi
1633 4439 1795 4493 refel-

226 4516 306 4569 lat
334 4516 432 4569 (ai.

307 4515 626 4639 «(golebant
651 4583 945 4639 Christiani
968 4582 1133 4636 Deum
1174 4580 1512 4635 incarnatum
1543 4592 1608 4632 ex
1632 4580 1797 4633 mira-

226 4656 366 4710 culis
392 4666 447 4708 et
491 4655 787 4724 prophetiis
819 4655 1197 4724 demonstrare
1218 4668 1232 4703 :
1256 4651 1527 4724 Christum
1558 4664 1796 4724 sua_vo-

227 4727 437 4779 luntate
465 4719 681 4789 p'ass'um
706 4739 825 4779 esse
849 4723 1125 4788 dicebant,
1149 4720 1310 4789 idque
1336 4723 1585 4775 humana:
1606 4719 1797 4775 salutis

223 4810 415 4849 causa.
465 4790 581 4849 Non
638 4796 742 4849 alia
780 4794 1122 4863 suppetebat,
1154 4792 1289 4863 tanti
1323 4790 1567 4861 mysterii
1600 4792 1788 4863 expli-

223 4868 387 4920 candi
442 4868 600 4921 ratio.
633 4864 758 4918 Haec
795 4860 979 4918 omnia
1029 4878 1061 4916 a
1085 4860 1244 4915 Celso
1272 4860 1542 4930 exagitata
1581 4860 1650 4930 in
1710 4861 1797 4917 his

224 4938 382 4989 libris
430 4938 669 4990 vindicat
717 4935 1000 5003 Origenes.
1064 4929 1437 5003 Cuthelsus
1504 4929 1797 4997 objecisset

223 5006 520 5060 Aristzeum
553 5000 977 5060 Proconnésium
998 5001 1353 5057 etAbaridem
1384 5000 1792 5071 Hyperboreum

225 5077 370 5129 mira
423 5074 637 5143 fecisse,
694 5091 795 5130 nec
835 5084 1012 5127 tamen
1050 5088 1146 5143 pro
1179 5073 1283 5143 diis
1302 5073 1524 5143 haberi;
1565 5074 1796 5140 opponit

221 5146 487 5216 Origenes
538 5140 632 5200 lib.
687 5162 767 5210 in,
822 5160 971 5198 num.
1003 5140 1092 5207 50,
1124 5140 1477 5216 hisfutilibus
1532 5143 1795 5216 prodigiis

225 5211 391 5270 tonus
418 5219 569 5272 orbis
602 5229 870 5271 terrarum
894 5230 923 5266 a
948 5211 1329 5282 superstitione
1372 5213 1439 5265 ad
1465 5224 1649 5282 verum
1697 5214 1793 5266 Dei

222 5288 427 5341 cultum
459 5288 889 5342 conversionem.
920 5280 1116 5337 Christi
1153 5284 1413 5336 adventus
1444 5292 1552 5334 tam
1600 5280 1793 5338 uberes

217 5356 434 5414 fructus
462 5356 761 5411 eliloruisse
800 5357 897 5420 ait,
926 5365 984 5407 ut
1012 5354 1302 5407 conciones
1352 5353 1493 5420 apud
1546 5353 1794 5408 ethnicos

220 5439 278 5481 et
308 5440 528 5482 senatus
575 5438 629 5482 et
685 5428 1052 5495 magiStratus,
1087 5424 1692 5495 simoresspectentur
1737 5434 1794 5478 et

221 5498 335 5551 Deo
362 5500 607 5567 placendi
638 5493 896 5559 studium,
925 5510 991 5549 ne
1022 5493 1491 5567 minimaquidem
1541 5506 1607 5546 ex
1636 5504 1794 5560 parte

219 5562 460 5623 conferri
508 5570 720 5637 possint
772 5582 895 5621 cum
953 5566 1216 5637 ecclesiis
1252 5562 1694 5637 Christianorum
1738 5575 1794 5618 et

220 5649 415 5695 senatu
441 5632 813 5695 ecclesiastico
837 5647 892 5692 et
921 5635 1325 5705 magistratibus
1354 5633 1624 5688 Ecclesiae.
1652 5632 1791 5691 Tutu

286 5832 355 5894 (ει)
392 5831 515 5883 Vide
540 5847 685 5895 supra
707 5840 807 5885 not.
833 5835 881 5886 in
904 5838 1076 5897 quaest.
1105 5835 1151 5897 2,
1171 5849 1286 5888 num
1310 5836 1339 5887 2
1362 5841 1414 5890 et
1436 5850 1541 5899 seq.

1924 574 2319 631 restitutionem
2376 577 2707 632 destinatum
2750 575 3051 639 censentis,
3104 576 3183 630 uti
3253 590 3491 633 comme-

1921 678 2100 722 morat
2125 668 2487 722 Tertullianus
2514 668 2609 723 lib.
2642 684 2697 723 tv
2747 676 2931 721 contra
2966 664 3256 732 Marciam,
3281 682 3401 735 cap.
3430 668 3488 724 6.

1922 761 2067 817 Nihil
2109 770 2288 817 autem
2337 761 2464 816 huic
2506 770 2929 817 consentaneum
2953 760 3037 815 vel
3091 760 3275 817 simile
3321 760 3488 818 luisse

1921 936 2000 1009 sic
2031 939 2297 1009 rationem
2319 936 2640 1009 concludit;
2671 935 2735 991 El
2767 935 2826 990 δὲ
2858 936 3487 1009 ίταῦθόὖτωςεχει,πῶς

1919 1008 2019 1060 οὐκ
2065 1006 2285 1079 εὕλοῖογ
2336 1008 2434 1077 μὲν
2464 1006 2723 1079 γνομίζειν
2752 1008 2880 1079 περὶ
2912 1007 3003 1061 τοῦ
3039 1008 3211 1079 Ἰησοῦ
3248 1006 3487 1079 τοσαῦτα

1921 1080 2183 1152 confricet
2209 1075 2592 1152 δεξυὺημὲνφὺ,
2614 1078 2695 1152 ὅτι
2714 1075 2877 1152 οὐχ’,ὴ
2904 1075 3139 1152 τυχοῦσα
3184 1078 3395 1152 θειότης
3416 1075 3487 1152 ἦν

1917 1149 1975 1201 ὲν
2005 1120 2172 1217 αὐτῷ.
2206 1166 2223 1199 t
2254 1120 2479 1213 Ωιιοᾶνεὶ
2512 1120 2623 1202 Ιιξέα
2657 1148 2728 1201 ita
2753 1120 2812 1201 38
2839 1120 3056 1212 h‘abeitt,
3084 1120 3484 1216 quomodo‘iio‘n

1918 1216 2561 1289 rationiconsentaneum
2589 1219 2655 1271 de
2678 1216 2827 1285 Jesu,
2856 1219 2949 1289 qui
2982 1228 3060 1271 tot
3090 1233 3154 1272 ae
3180 1228 3330 1272 tanta
3360 1235 3486 1289 per-

1921 1288 2084 1342 licere
2119 1288 2315 1359 potuit,
2349 1289 2663 1359 existimare
2696 1303 2801 1342 non
2831 1288 3261 1359 qualemcunque
3284 1288 3485 1348 divini-

1920 1366 2082 1412 tatem
2113 1359 2164 1411 in
2194 1373 2258 1411 eo
2289 1357 2452 1413 fuisse
2475 1358 2525 1410 *ἓν

1992 1447 2011 1479 ι
2044 1426 2137 1482 Sic
2163 1427 2499 1483 Christianos
2528 1428 2803 1494 loquentes
2830 1427 3034 1481 inducit
3067 1426 3259 1483 Celsus
3286 1428 3378 1485 lib.
3401 1444 3478 1494 vt,

1917 1513 2065 1553 num.
2099 1498 2186 1561 10,
2223 1500 2282 1552 Η
2328 1516 2341 1551 :
2377 1517 2396 1549 ι
2426 1497 2597 1553 Crede
2620 1497 2782 1561 hunc,
2827 1497 2894 1551 de
2918 1513 3025 1567 quo
3050 1506 3105 1553 te
3126 1499 3313 1565 doceo,
3357 1516 3481 1557 esse

1916 1567 2107 1623 Filium
2156 1568 2271 1623 Dei.
2313 1567 2507 1633 Crede,
2554 1569 2599 1621 si
2644 1569 2725 1622 vis
2775 1569 2953 1621 salvus
3002 1568 3143 1633 fieri,
3179 1579 3273 1623 aut
3306 1569 3416 1625 abi.
3452 1590 3473 1622 ι

1915 1636 2048 1692 Item
2096 1639 2191 1693 lib.
2226 1654 2322 1701 vit,
2358 1655 2508 1692 nnm.
2557 1638 2592 1691 2
2631 1656 2646 1691 :
2698 1656 2716 1689 ι
2762 1638 2835 1692 ita
2864 1642 3147 1706 Oportebat
3181 1638 3325 1702 ﬁeri;
3360 1640 3478 1694 haec

1921 1711 2063 1763 enim
2110 1708 2237 1762 olim
2283 1709 2558 1779 praedicta.
2590 1728 2608 1760 ι
2666 1709 3008 1763 Demonstrat
3051 1706 3310 1777 Origenes
3340 1711 3476 1764 nihil

1921 1778 2247 1833 Christianis
2286 1778 2631 1833 credendum
2690 1779 2914 1848 proponi
2987 1779 3105 1832 sine
3156 1780 3477 1835 certissimis

1846 1825 1888 1879 Β
1917 1850 2170 1904 credendi
2197 1850 2509 1910 momentis,
2529 1864 2629 1903 nec
2653 1825 2822 1903 lerven'i
2848 1862 3070 1917 operam
3092 1849 3145 1903 in
3177 1825 3471 1918 Simplicio:

1916 1919 2065 1973 ribus
2106 1918 2413 1973 erudiendis
2455 1920 2647 1973 insumi
2678 1918 2871 1973 solere.
2917 1918 3069 1985 Quod
3123 1929 3300 1972 autem
3347 1935 3472 1987 spe-

1915 1999 2025 2043 ctat
2044 1989 2107 2043 ad
2126 1990 2436 2058 prophetas,
2462 1989 2552 2056 qui
2571 1988 2764 2042 Filium
2792 1988 2880 2042 Dei
2911 1998 3192 2042 venturum
3218 1990 3476 2057 praedixe-

1915 2070 2070 2126 rant;
2099 2074 2287 2112 eorum
2318 2059 2559 2113 oraculis
2586 2070 2737 2113 certo
2777 2058 2924 2112 credi
2965 2058 3316 2124 demonstrat,
3356 2068 3472 2114 tum

1913 2131 2056 2197 quod
2115 2130 2392 2199 prophetat
2421 2130 2522 2183 viri
2559 2129 2715 2200 longe
2762 2128 3100 2200 sanctissimi
3139 2126 3361 2194 fuerint,
3402 2145 3468 2184 ac

1912 2200 2088 2254 omnis
2117 2197 2305 2253 eorum
2334 2214 2512 2253 sermo
2556 2200 2622 2253 ad
2657 2197 2857 2252 'verum
2896 2198 2987 2252 Dei
3016 2197 3242 2258 cultum.
3277 2203 3345 2253 ad
3372 2215 3468 2253 ve-

1910 2284 2028 2322 ram
2058 2270 2309 2338 pietatem
2338 2271 2645 2337 pertineat;
2681 2281 2791 2322 tum
2825 2268 3057 2322 maxime
3093 2268 3244 2338 quod
3280 2283 3469 2325 eorum

1910 2337 2321 2405 przedicationes
2352 2347 2547 2393 eventu
2574 2338 2907 2394 conﬁrmatae
2946 2338 3165 2391 fuerint.
3202 2337 3338 2394 Hinc
3372 2339 3470 2393 tir-

1910 2409 2205 2463 missimam
2231 2408 2658 2464 Christianorum
2692 2409 2850 2462 ﬁdem
2880 2408 3062 2461 multis
3085 2407 3220 2462 locis
3243 2410 3472 2463 demon—

1907 2486 2062 2542 strat,
2091 2479 2236 2532 velut
2264 2493 2382 2532 cum
2411 2481 2485 2533 ait
2513 2497 2527 2533 :
2560 2479 2671 2532 Οὐκ
2701 2478 2766 2549 ἂν
2797 2478 3189 2549 μεταπείσηταί
3220 2496 3301 2542 τις
3324 2479 3473 2549 ἡμᾶς

1906 2549 1987 2601 ὅτι
2014 2549 2110 2619 οὐχ
2144 2549 2271 2612 Υἱὸς
2286 2550 2321 2619 Ῠὸ
2357 2549 2595 2613 τοιοῦτος
2631 2548 2723 2603 τοῦ
2751 2548 3205 2619 ἀγεννήτουίΘεοῦ
3236 2548 3471 2602 ἐστικαὶ

1904 2618 2141 2690 ῌατρός.
2204 2637 2222 2669 ι
2254 2618 2420 2674 Nemo
2459 2621 2615 2675 nobis
2668 2618 2997 2690 persuaserit
3055 2618 3200 2690 hunc
3244 2619 3469 2689 ingeniti

1903 2689 1997 2743 Dei
2025 2688 2275 2744 etPatris
2309 2690 2502 2760 Filium
2534 2704 2639 2760 non
2669 2704 2868 2760 esse.)
2903 2688 2966 2742 Et
2986 2703 3141 2741 num.
3166 2689 3258 2752 75,
3292 2690 3465 2760 magi-

1904 2768 2107 2813 stratus
2122 2759 2702 2829 aitapudChristianos
2732 2760 2798 2812 ad
2824 2759 2945 2829 hocﬁ
2963 2772 3158 2812 munus
3180 2759 3471 2829 capessen-

1902 2830 2027 2883 dum
2069 2830 2262 2884 invitos
2292 2831 2410 2900 cogi
2436 2831 2673 2900 instante
2704 2844 2898 2900 magno
2920 2828 3274 2900 Regeaqnetn
3304 2848 3323 2880 ι
3347 2843 3471 2899 per-

1901 2914 2121 2954 suasum
2178 2897 2461 2962 habem'us,
2505 2899 2717 2967 inquit,
2757 2898 2948 2967 Filium
3019 2897 3111 2951 Dei
3142 2914 3263 2953 esse
3296 2897 3477 2954 Deum

1897 2969 2172 3092 gegbum:
2214 2988 2233 3021 ι
2275 2972 2372 3024 Ὃν
2414 2964 2758 3040 narrate-pelia
2801 2964 2939 3023 εἶναι
2974 2966 3102 3024 Υἱὺν
3131 2969 3269 3024 Θεοῦ
3295 2970 3473 3039 Λόγον

1943 3069 1967 3091 ς.
2000 3056 2049 3092 ν.

1943 3056 2049 3092 εον.

1976 3129 1995 3162 ι
2035 3109 2300 3165 Similiter
2332 3109 2628 3164 vindicata
2660 3108 2802 3166 Celsi
2837 3111 3118 3166 cachinnis
3144 3110 3286 3180 quod
3310 3109 3469 3180 Chri-

1821 3165 1863 3223 (ἶ
1898 3180 2060 3235 stiani
2089 3181 2272 3235 dicere
2305 3180 2572 3244 solebant,
2604 3165 2880 3235 Christum
2914 3165 3125 3236 summa
3151 3165 3247 3236 sua
3274 3179 3469 3235 volun-

1900 3259 2011 3305 tate
2050 3259 2107 3303 et
2150 3260 2347 3306 nostrai
2394 3249 2585 3305 salutis
2625 3266 2791 3306 causa
2860 3266 3078 3319 passum
3131 3267 3272 3306 esse.
3308 3271 3327 3302 ι
3365 3250 3468 3317 Qui

1898 3321 2255 3391 quorumdam
2292 3330 2683 3391 praeceptorum
2736 3336 2901 3375 causa
2937 3322 3159 3375 miserat
3192 3322 3408 3383 Filium,
3440 3339 3461 3372 ι

1898 3391 2073 3459 inquit
2105 3390 2311 3456 Celsus,
2336 3391 2571 3457 Iib.vnt,
2595 3405 2743 3444 num.
2771 3391 2861 3456 M,
2891 3410 2911 3441 ι
2932 3393 3182 3459 permisit
3210 3406 3329 3446 eum
3357 3400 3465 3443 tam

1898 3461 2187 3531 crudeliter
2226 3477 2330 3515 una
2383 3474 2518 3531 cum,
2556 3461 2671 3515 suis
2718 3463 3000 3531 prarceptis
3038 3464 3241 3526 perire,
3288 3470 3342 3515 et
3386 3467 3465 3513 tot

1892 3529 2004 3597 iam
2055 3531 2266 3585 sacculis
2304 3546 2417 3585 rem
2467 3529 2819 3586 dissimulat?
2864 3531 2998 3596 Quis
3036 3532 3197 3586 Pater
3220 3540 3305 3587 est
3350 3538 3464 3584 tam

1897 3600 2140 3669 impius?
2166 3601 2320 3671 Dices
2353 3601 2502 3654 illum
2534 3616 2778 3671 passum,
2808 3602 3047 3671 quiaisic
3078 3603 3267 3657 voluit.
3301 3619 3321 3652 ι
3360 3602 3465 3655 De-

1897 3680 2163 3724 monstrat
2196 3670 2457 3741 Origenes
2489 3670 2639 3724 num.
2675 3670 2765 3735 45,
2794 3688 2894 3727 nec
2938 3670 3245 3726 Judceorum
3286 3671 3464 3741 scelus

1897 3741 2219 3809 impunitum
2255 3739 2441 3813 fuisse,
2478 3756 2576 3796 nec
2592 3742 2877 3813 mandata,
2922 3753 3139 3811 propter
3160 3756 3280 3813 quae
3305 3739 3467 3813 Chri-

1897 3820 2014 3864 stus
2057 3820 2302 3876 venerat,
2344 3809 2394 3863 id
2436 3822 2537 3875 est,
2589 3811 2876 3881 imaginem
2923 3809 3051 3865 cum
3092 3809 3463 3881 eo'periisse.

1897 3883 1991 3934 sed
2020 3881 2197 3951 pctius
2240 3883 2307 3934 ad
2353 3881 2444 3934 illa
2488 3882 2862 3951 cognoscenda
2898 3882 3146 3936 homines
3175 3881 3242 3936 ab
3273 3896 3339 3935 eo
3367 3884 3464 3936 ad.

1898 3950 2320 4022 ductosfuisse;
2349 3960 2460 4005 tum
2488 3952 2567 4005 sic
2605 3950 2917 4022 concludit;
2955 3970 2974 4003 ι
3001 3951 3190 4022 itaque
3218 3951 3338 4021 pius
3380 3958 3467 4006 est

1896 4018 2059 4092 Pater
2088 4018 2215 4075 Jesu
2246 4020 2426 4087 Pater,
2479 4022 2570 4091 qui
2619 4022 2835 4092 proprio
2865 4021 3004 4076 Filio
3049 4018 3153 4077 non
3191 4018 3459 4092 pepercit,

1897 4089 1992 4144 sed
2031 4106 2128 4164 pro
2157 4092 2312 4146 nobis
2342 4089 2592 4146 omnibus
2622 4089 2772 4164 itlum
2815 4094 3000 4157 tradit,
3032 4089 3245 4164 Agnuin
3268 4089 3464 4156 suum,

1898 4170 1957 4214 ut
1985 4162 2136 4215 tollat
2163 4174 2444 4231 peccatum
2476 4161 2659 4215 mundi
2682 4175 2779 4227 pro
2808 4170 2920 4217 toto
2947 4161 3148 4216 mundo
3175 4171 3423 4217 mortuus
3442 4178 3460 4215 :

1897 4244 2232 4302 quapropter
2265 4248 2370 4287 non
2404 4241 2648 4302 coactus,
2679 4231 2773 4285 sed
2804 4232 2978 4287 libens
3004 4232 3224 4302 pertulit
3264 4232 3464 4302 illatas

1896 4301 2001 4354 sibi
2050 4301 2298 4371 injurias.
2331 4321 2351 4353 ι
2410 4300 2942 4372 Nihillrequentius
2969 4300 3210 4372 exagitat
3246 4301 3460 4368 Celsus,

1897 4385 2059 4439 quam
2096 4370 2238 4440 quod
2292 4370 2590 4427 Christiani
2630 4371 2810 4426 dicere
2853 4370 3120 4436 solebant,
3177 4374 3344 4426 Deum
3406 4372 3463 4426 in

1899 4440 2044 4495 hunc
2076 4442 2333 4496 mundum
2366 4441 2581 4495 venisse
2615 4444 2862 4496 humana:
2896 4443 3086 4497 salutis
3116 4456 3301 4509 causa,
3343 4458 3364 4493 ι
3399 4456 3465 4497 ac

1826 4510 1873 4566 D
1903 4512 2001 4579 ipsi
2039 4512 2255 4582 quidem
2286 4512 2394 4568 Deo
2422 4526 2555 4579 opus
2582 4526 2689 4565 non
2720 4510 2890 4583 fuisse
2918 4514 3191 4583 cognosci,
3211 4515 3306 4567 sed
3337 4526 3465 4583 prof

1898 4593 2021 4651 pter
2080 4591 2322 4637 nostram
2379 4584 2609 4662 salutem
2671 4582 2903 4662 voluisse
2960 4582 3464 4662 cognitionem_sui

1900 4662 2192 4720 praestare;
2247 4662 2307 4706 ut
2355 4652 2449 4722 qui
2482 4667 2601 4705 eam
2652 4655 2979 4722 receperint,
3025 4652 3135 4722 jam
3170 4653 3294 4706 boni
3332 4652 3462 4708 facti

1899 4726 2216 4777 salventur:
2252 4724 2343 4792 qui
2374 4736 2502 4776 vero
2531 4736 2638 4776 non
2678 4726 3002 4791 receperint,
3032 4724 3289 4792 nequitia:
3330 4738 3465 4779 con-

1899 4794 2024 4846 victi
2055 4794 2394 4860 puniantur.)
2429 4792 2544 4859 (lib.
2582 4807 2658 4856 tv,
2690 4807 2837 4847 num.
2877 4795 2954 4863 7.)
2997 4795 3259 4848 Nimirum
3304 4793 3465 4849 Celso

1899 4864 2180 4917 videbatur
2208 4864 2485 4917 hominum
2521 4864 2687 4928 salus,
2745 4878 2881 4931 quos
2934 4865 3205 4919 vermibus
3229 4874 3283 4919 et
3314 4865 3463 4918 ranis

1897 4946 2153 5006 praestare
2176 4946 2333 5006 negat
2365 4949 2515 4987 num.
2543 4934 2636 5000 9.5,
2662 4934 2856 5006 egilius
2886 4935 3163 5006 quidpiam
3191 4946 3248 5006 et
3279 4937 3457 4989 minu-

1899 5004 2023 5067 tius,
2040 5019 2197 5071 quam
2217 5014 2275 5057 ut
2295 5003 2405 5059 Deo
2419 5016 2639 5059 causam
2662 5003 2878 5059 aﬂ'erret
2894 5003 3252 5060 descendendi
3278 5021 3309 5060 e
3324 5006 3464 5059 caelo

1896 5083 1949 5125 et
1977 5076 2152 5144 carnis
2185 5076 2556 5143 suscipiendae.
2587 5074 2691 5128 Sed
2724 5088 2831 5143 quo
2858 5076 3030 5144 magis
3065 5079 3179 5129 haec
3236 5076 3464 5131 ridicula

1896 5143 2052 5216 Celso
2107 5145 2376 5209 videntur,
2432 5160 2497 5200 eo
2546 5144 2805 5198 libentius
2874 5143 3132 5216 praedicat
3174 5146 3459 5216 Origenes.

1898 5213 2098 5285 [frteter
2140 5231 2203 5285 ea
2254 5231 2372 5285 quae
2404 5216 2515 5285 jam
2567 5215 2744 5285 attuli,
2793 5213 2888 5268 sic'
2916 5217 3151 5285 loquitur
3196 5213 3345 5270 num.
3381 5215 3459 5274 9:

1894 5278 2096 5338 Ἦλθεν
2124 5282 2236 5349 οὖν,
2258 5278 2361 5337 ἐᾶν
2498 5278 2751 5357 βούληται
2794 5278 3020 5349 Κέλσοξ,
3072 5286 3207 5356 μετὰ
3236 5286 3464 5349 πολλοὺς

1894 5358 2199 5475 ἔτρυφήτας,
2230 5356 2727 5440 ὲπξνορθορμένους
2751 5358 2821 5409 τὰ
2846 5358 2941 5409 τοῦ
2986 5357 3199 5445 Ἰσραὴλ
3230 5358 3459 5419 ἐκείνου,

1927 5427 2272 5500 παγορθωτὴς
2294 5442 2412 5479 οΑου
2434 5444 2526 5480 του
2558 5428 2761 5498 κόσμου
2787 5431 2815 5481 ὁ
2848 5428 3079 5500 Χριστὸς
3112 5445 3185 5499 μη
3212 5428 3463 5500 δεόμενος

2247 5458 2270 5490 5
2294 5458 2412 5479 unuu
2434 5458 2526 5480 'ouu
2560 5458 2761 5490 Λυυμυυ
2787 5458 2815 5481 υ
2848 5458 3077 5490 Λμιυνιυε
3112 5458 3185 5490 μη
3212 5458 3267 5480 ue

1895 5498 2032 5551 κατὰ
2067 5498 2165 5569 τὴν
2210 5500 2477 5569 προτέραν
2527 5500 2834 5570 οἱκφνομίαν
2881 5498 2980 5569 τῆς
3017 5501 3136 5552 κατ’
3161 5498 3463 5570 ἀνθρώπων

1895 5568 2468 5659 mammas,
2506 5572 2597 5659 κε
2619 5568 2956 5659 mare
2987 5568 3459 5659 acamas;

1926 5638 2071 5710 ιιρχε
2105 5638 2212 5711 γὰρ
2245 5642 2278 5710 ἡ
2321 5640 2655 5695 ἄδασκαλία.
2716 5638 2733 5695 i
2783 5639 2940 5697 Venit
2985 5638 3168 5711 igitur,
3214 5638 3467 5711 quamvis
