3860 6230
202 307 306 362 8!!

1007 295 1574 356 ORIGENIANORUM
1613 292 1736 348 LIB.
1781 291 1843 357 ll,
1879 289 2028 346 CAP.
2073 288 2138 350 ll,
2179 285 2456 354 QUEST.
2497 284 2585 340 ill.

3317 275 3424 340 83.3

200 445 324 501 pag.
356 426 481 491 852,
519 424 859 481 continetur:
895 442 913 475 ι
951 423 1176 490 Quidam
1205 429 1383 476 autem
1417 419 1482 474 de
1529 416 1754 487 publicis
1783 468 1786 475 ,

1874 414 1928 466 Γὺ
1965 412 2020 464 δὲ
2055 408 2265 480 θνητὸν,
2305 408 2478 477 inquit
2505 407 2598 460 lib.
2629 421 2711 468 ut,
2748 419 2895 459 num.
2926 404 3018 470 Η,
3047 404 3211 460 αὑτοῦ
3239 404 3420 475 σῶμα,

198 538 235 591 q
263 520 416 574 .idem
448 529 503 574 et
537 517 835 574 manifestis
868 515 1120 584 capitulis
1146 529 1250 566 non
1299 507 1664 570 dissentiunt;
1701 513 1760 558 ut

202 617 354 677 pata,
381 607 448 662 de
479 622 584 660 uno
613 606 740 671 Deo,
770 604 861 673 qui
906 604 1074 671 legem
1105 612 1158 656 et
1185 599 1528 668 Evangelinm
1580 595 1757 658 dedit;

202 708 296 749 aut
317 697 384 752 de
419 698 632 752 Christo
660 695 784 750 Jesu
807 694 1162 765 primogenito
1187 691 1450 745 universae
1479 696 1757 752 creaturae,

203 791 296 858 qui
331 791 382 843 in
410 791 513 843 line
551 789 730 844 saeculi
757 789 1049 841 secundum
1089 783 1502 854 praedicationes
1530 779 1760 848 prophe-

204 893 381 936 tarum
411 882 558 936 venit
607 882 658 934 in
699 879 980 944 mundum,
1031 890 1084 931 et
1127 875 1363 944 suscepit
1412 874 1463 926 in
1495 887 1552 926 se
1577 885 1758 925 veram

205 972 453 1025 humanae
484 970 662 1022 carnis
693 978 960 1028 naturam,
984 975 1040 1020 ut
1075 967 1236 1021 etiam
1265 965 1595 1018 nativitatem
1629 961 1758 1015 sub-

203 1063 310 1117 iret
355 1078 422 1116 ex
479 1061 715 1130 Virgine,
769 1067 823 1113 et
897 1067 1126 1112 mortem
1182 1055 1362 1110 erucis
1399 1052 1653 1122 suscepit,
1706 1059 1761 1104 et
1808 1074 1812 1078 -

205 1155 444 1210 surrexit
473 1170 502 1208 a
539 1154 785 1217 mortuis,
827 1162 882 1206 et
932 1149 1206 1205 deificavit
1257 1162 1415 1216 quam
1450 1151 1763 1213 susceperat

205 1252 496 1304 humanam
524 1256 792 1300 naturam.
835 1264 852 1296 ι
895 1242 1013 1310 Quo
1035 1257 1196 1296 sensu
1225 1239 1522 1306 dei/icatam
1552 1253 1580 1290 a
1605 1235 1764 1290 Chri-

202 1351 290 1394 sto
347 1348 592 1392 naturain
655 1335 943 1389 humanam
989 1331 1207 1393 dixerit,
1266 1326 1497 1382 dubitari
1545 1332 1760 1391 potest:

205 1443 329 1481 nam
364 1430 408 1481 si
435 1439 621 1480 vocem
649 1425 792 1477 illam
843 1421 1089 1488 dei/icore
1134 1421 1204 1472 ita
1242 1417 1569 1484 accipiamus
1609 1413 1764 1482 quasi

209 1518 441 1574 Verbum
468 1517 518 1570 in
554 1527 801 1570 naturam
835 1515 1127 1568 humanam
1161 1523 1508 1572 conversum,
1561 1517 1616 1560 et
1668 1520 1766 1559 na-

205 1620 382 1664 turam
435 1607 656 1676 proinde
687 1619 1001 1673 corpoream
1025 1603 1078 1656 in
1120 1603 1282 1655 Deum
1330 1614 1452 1653 esse
1479 1605 1760 1660 mutatam,

201 1699 556 1766 ejusdemque
608 1709 730 1750 esse
774 1709 838 1747 ac
881 1693 1114 1748 Verbum
1169 1690 1483 1745 substantia:
1532 1688 1765 1742 voluerit

1857 505 1950 558 καὶ
1977 503 2075 572 τὴν
2101 500 2442 571 ἀνθρωπίνην
2476 501 2532 552 ἐν
2557 496 2702 567 αὐτῷ
2723 496 2917 568 ψυχὴν,
2948 498 3011 566 τῇ
3050 496 3183 566 πρὸς
3215 497 3421 548 ἐκεῖνον

1855 599 1917 650 οὺ
1955 595 2109 665 μόνον
2159 591 2429 663 κοινωνίᾳ,
2453 589 2589 643 ἀλλὰ
2629 590 2722 643 καὶ
2755 587 2967 652 ἑνώσει,
3005 589 3099 642 καὶ
3123 586 3421 658 ἀνακράσει

1855 689 1924 742 τὰ
1967 685 2195 758 μέγιστά
2249 701 2426 754 φαμεν
2475 681 2914 754 προσειληφέναι,
2949 680 3043 734 καὶ
3081 681 3179 750 τῆς
3216 678 3422 731 ἐκείνου

1857 777 2130 845 θειότητος
2183 773 2613 844 κεκοινωνηκότα
2663 773 2743 834 είς
2785 770 2916 823 Θεὸν
2969 768 3421 839 μεταϐεϐηκέναι.

1858 867 1994 922 Tum
2037 866 2236 921 Christi
2267 879 2467 932 corpus
2497 879 2621 917 cum
2656 863 2883 916 materia
2914 861 3151 925 confert,
3179 861 3424 914 omnium

1857 975 1956 1029 per
1997 973 2056 1013 se
2110 957 2434 1027 qualitatum
2483 963 2725 1023 experte,
2769 967 2863 1008 eas
2917 968 3049 1007 vero
3108 951 3421 1020 recipiente,

1859 1065 2204 1120 quascunque
2231 1048 2279 1102 ei
2301 1047 2478 1117 epifex
2511 1061 2692 1100 rerum
2725 1046 2910 1101 indere
2937 1045 3200 1103 voluerit;
3231 1043 3426 1098 deinde

1861 1145 2044 1197 addit:
2073 1143 2137 1195 Τί
2167 1140 2474 1212 θαυμαστὸν
2504 1140 2600 1210 τὴν
2627 1139 2886 1210 ποιότητα
2917 1137 3010 1191 τοῦ
3045 1135 3238 1206 θνητοῦ
3283 1133 3426 1188 κατά

1859 1235 1950 1287 τὸν
1991 1233 2195 1305 Ἰησοῦν
2228 1232 2474 1301 σώματος
2503 1232 2728 1302 προνοίᾳ
2758 1230 2893 1283 Θεοῦ
2928 1229 3292 1300 βουληθέντος,
3325 1244 3426 1298 με·

1861 1324 2110 1378 ταϐαλεῖν
2154 1327 2231 1387 εἰς
2269 1323 2506 1395 αἰθέριον
2541 1324 2633 1376 καὶ
2669 1323 2818 1376 θείαν
2851 1323 3128 1392 ποιότητα.
3171 1322 3236 1373 Et
3269 1317 3426 1386 paulo

1861 1425 2002 1484 post,
2041 1430 2189 1468 num.
2220 1413 2321 1466 42:
2353 1413 2542 1482 Ὅμως
2584 1412 2640 1463 δὲ
2681 1411 2773 1465 καὶ
2811 1410 2945 1481 πρὸς
2993 1409 3148 1462 τοῦτο
3182 1409 3434 1478 φήσομεν

1860 1507 1943 1560 ὅτι
1975 1506 2130 1576 είπερ
2158 1504 2376 1558 δυνατὸν
2408 1503 2653 1574 ἀμείϐειν
2687 1503 2973 1571 ποιότητας
3009 1501 3105 1571 τὴν
3137 1499 3428 1568 ὑποκειμέ-

1860 1615 1958 1668 νην
2000 1597 2199 1659 πάσαις
2247 1595 2522 1666 ποιότησιν
2545 1594 2700 1665 ὓλην,
2743 1594 2859 1656 πῶς
2888 1594 2946 1646 οὐ
2973 1592 3192 1645 δυνατὸν
3215 1591 3309 1644 καὶ
3329 1590 3426 1660 τὴν

1865 1693 2042 1762 σάρκα
2079 1689 2168 1743 τοῦ
2229 1687 2402 1758 Ἰησοῦ
2455 1688 2762 1759 ἀμείψασαν
2813 1687 3099 1758 ποιότητας
3147 1685 3426 1754 γεγονέναι

200 1785 487 1855 Origenes,
521 1784 842 1838 manifestus
868 1781 975 1836 erit
1001 1781 1185 1850 utique
1215 1779 1459 1848 capitalis
1502 1777 1646 1833 illius
1675 1792 1764 1832 er-

1874 1779 2137 1849 τοιαύτην,
2194 1778 2382 1831 ὁποίαν
2411 1777 2576 1848 ἐχρῆν
2609 1773 2858 1846 εἶναιτὴν
2886 1777 2944 1827 ὲν
2978 1774 3175 1843 αἰθέρι,
3201 1775 3427 1836 καὶτοῖς

206 1877 373 1939 roris,
407 1891 564 1944 quem
594 1873 920 1943 Apollinaris
973 1874 1026 1926 in
1080 1871 1374 1926 Ecelesiam
1420 1869 1652 1932 invexit;
1685 1869 1766 1922 vel

205 1965 364 2034 hujus
395 1967 498 2019 erit
525 1966 702 2033 potius
729 1963 919 2031 ﬂagitii
953 1975 1097 2024 reus,
1137 1960 1281 2029 quod
1311 1960 1363 2014 in
1392 1974 1452 2012 se
1475 1957 1768 2028 Eutychia-

205 2071 400 2110 uorum
460 2064 607 2110 secta
665 2055 909 2123 quaedam
960 2051 1242 2119 concepit,
1300 2048 1425 2102 dum
1479 2048 1766 2101 humanam

201 2148 403 2203 Christi
455 2155 701 2199 naturam
755 2146 807 2198 in
866 2143 1104 2197 divinam
1141 2150 1265 2211 post
1307 2147 1537 2193 mortem
1570 2135 1684 2204 ejus
1715 2144 1769 2191 et

203 2218 660 2294 resurrectionem
695 2235 962 2289 transisse
1006 2235 1348 2288 decerneret.
1397 2230 1468 2284 At
1495 2228 1540 2283 si
1573 2227 1768 2281 buma-

203 2347 330 2385 nam
361 2327 565 2384 Christi
602 2335 872 2390 naturam,
901 2334 1061 2380 exuta
1110 2331 1234 2394 post
1281 2331 1508 2376 mortem
1539 2317 1765 2372 inﬁrmi-

203 2433 336 2487 tate,
371 2421 602 2476 divinam
625 2420 915 2489 quamdam
937 2417 1239 2485 suscepisse
1268 2413 1584 2482 qualitatem
1612 2410 1770 2463 modo

202 2516 552 2584 signiﬁcavit,
599 2512 794 2581 ecquid
843 2509 1098 2564 invidiam
1144 2506 1222 2561 illi
1269 2504 1358 2560 vel
1411 2502 1768 2565 movebimus,

202 2609 292 2662 vel
330 2607 534 2661 moveri
567 2605 670 2659 hoc
705 2602 927 2657 nomine
969 2599 1241 2669 patiemur
1279 2597 1303 2650 ἰ
1349 2595 1524 2663 Atque
1556 2608 1620 2648 eo
1648 2607 1772 2662 pro-

205 2702 330 2769 pius
361 2706 610 2766 spectant
643 2697 807 2748 verba
861 2691 1132 2761 Origenis.
1159 2687 1471 2744 Verisimile
1516 2701 1646 2741 sane
1688 2692 1773 2738 est

203 2799 447 2843 veterem
477 2785 786 2855 Origeniani
838 2786 894 2837 in
943 2782 1253 2837 Matt/neum
1293 2777 1773 2834 Commentariiin-

205 2891 504 2950 terpretem
559 2892 744 2934 vocem
807 2879 966 2940 hanc,
1019 2874 1306 2943 deiﬁcavit,
1360 2886 1465 2942 qua
1516 2870 1709 2934 utitur,
1742 2882 1773 2923 e

202 2974 395 3026 Cresco
425 2970 622 3023 ἐθέωσε
659 2969 739 3024 vel
768 2967 1084 3038 ὲθεοποίησε
1118 2965 1438 3020 reddidisse.
1481 2962 1642 3032 Atqui
1668 2962 1774 3016 hu-

205 3081 427 3119 manam
462 3075 711 3118 naturam
739 3064 790 3116 in
825 3062 1041 3116 Christo
1074 3060 1255 3115 statim
1301 3068 1424 3128 post
1449 3063 1768 3125 conceptum

203 3157 515 3227 θεωθῆναι,
589 3167 644 3210 et
693 3150 1073 3225 θεοποιηθῆναι
1148 3151 1451 3220 complures
1517 3148 1772 3203 Ecclesia:

205 3253 399 3306 Patres
428 3249 866 3321 pronuntiarunt.
896 3246 1188 3315 Gregorius
1238 3243 1509 3314 Nyssenus
1545 3243 1597 3296 in
1629 3239 1773 3295 lam-

208 3343 387 3396 Dicis:

279 3433 434 3487 υῦτω
467 3431 528 3484 τὸ
555 3431 783 3493 seem,
813 3430 907 3483 καὶ
943 3429 1162 3492 θεωθὲν,
1187 3423 1267 3491 εἷς
1299 3428 1451 3492 Θεός.

211 3537 296 3581 ,ια
324 3526 462 3594 quod
498 3524 786 3592 dei/icavit,
817 3533 862 3577 et
885 3524 1022 3592 quod
1051 3523 1352 3591 deiﬁcatum
1395 3532 1494 3587 est,
1529 3538 1662 3577 unus
1695 3532 1771 3577 est

914 3616 1074 3670 Deus.

205 3713 634 3782 Chrysostomus
689 3709 910 3764 homilia
973 3708 1009 3761 2
1055 3706 1129 3759 De
1189 3705 1517 3768 ascensione,
1573 3704 1624 3758 in
1669 3717 1774 3773 qua

205 3804 483 3860 Christum
509 3803 638 3858 dicit
673 3802 808 3870 πρὸς
840 3802 986 3871 ἡμᾶς
1023 3799 1215 3864 ἐλθεῖν,
1255 3797 1348 3850 καὶ
1397 3795 1550 3867 ἡμῶν
1615 3796 1774 3865 φύσιν

207 3895 520 3960 ἀναλαϐεῖν,
573 3895 667 3948 καὶ
703 3892 924 3946 θεῶσαι.
983 3910 1002 3943 t
1042 3890 1271 3947 Venisse
1322 3889 1388 3942 ad
1431 3903 1555 3955 nos,
1596 3898 1652 3944 et
1681 3904 1777 3943 n0-

208 3998 381 4043 stram
418 3998 666 4041 naturam
697 3984 1053 4052 assumpsisse
1081 3999 1144 4037 ac
1175 3982 1474 4036 deificasse.
1503 4000 1522 4033 ι
1543 3979 1776 4036 Joannes

211 4093 428 4147 quoque
456 4077 823 4131 Damascenus
853 4077 946 4131 lib.
971 4091 1030 4129 ιιι
1070 4075 1144 4127 De
1173 4074 1278 4142 ﬁde
1305 4071 1536 4135 orthod.,
1559 4088 1656 4142 cap
1685 4074 1774 4140 l2,

209 4172 394 4242 σάρκα
447 4171 551 4224 ὑπὸ
609 4169 699 4224 τοῦ
757 4169 914 4238 λόγου
973 4167 1237 4236 θεωθῆναι
1304 4165 1524 4219 asserit.
1578 4164 1775 4220 Vocem

211 4264 596 4335 θεοποιηθῆναι
627 4263 813 4317 eadem
852 4261 1077 4315 notione
1118 4258 1402 4326 ursurpavit
1445 4258 1775 4310 Athanasius

209 4366 356 4412 orat.
385 4357 441 4423 4,
470 4371 590 4410 cum
619 4353 1002 4426 θεοποιηθῆναι
1039 4351 1322 4423 ἄνθρωπον
1360 4350 1411 4403 in
1451 4348 1693 4409 Christo,
1724 4357 1780 4400 et

1866 1871 2118 1943 ἀνωτέρω
2148 1869 2312 1922 αὑτοῦ
2352 1869 2537 1932 τόποις
2569 1866 3008 1938 πολιτευομένην,
3058 1864 3241 1918 οὐκέτι
3276 1864 3429 1935 ἔχου.

1870 1981 1968 2018 σαν
2000 1962 2070 2016 τὰ
2093 1966 2189 2034 τῆς
2218 1961 2482 2032 σαρκικῆς
2510 1959 2790 2023 ἀσθενείας
2818 1959 2948 2011 ἴδια.

1937 2053 2120 2109 XVlll.
2163 2055 2257 2109 Est
2314 2055 2452 2123 apud
2501 2051 2886 2121 Hieronymum
2948 2049 3004 2103 in
3048 2047 3243 2103 Jerem.
3290 2062 3427 2110 χιιι,

1867 2145 2182 2203 Jecheniam
2233 2147 2400 2200 lilium
2436 2144 2702 2208 Joachim,
2751 2144 2843 2213 qui
2894 2140 3092 2195 annulo
3143 2154 3429 2209 compara-

1869 2251 1979 2305 tur,
2006 2248 2060 2295 et
2083 2253 2178 2294 vas
2217 2237 2530 2300 contritum,
2562 2251 2625 2290 ac
2657 2235 2741 2289 vir
2771 2234 2975 2288 sterilis
3009 2233 3329 2302 appellatur,
3359 2231 3429 2287 ad

1868 2331 2141 2386 Christum
2182 2328 2428 2384 retulisse
2473 2326 2756 2396 Origenem
2789 2327 2884 2380 lib.
2934 2341 2966 2379 v
3005 2325 3282 2389 Stromat.,
3309 2339 3431 2388 qua

1870 2423 2283 2478 interciderunt.
2316 2419 2531 2490 Optime
2559 2421 2745 2474 Sixtus
2774 2418 3032 2473 Senensis
3051 2418 3148 2472 lib.
3174 2432 3207 2470 ν
3261 2414 3430 2481 Bibl.,

1870 2514 2052 2569 adnot.
2075 2513 2224 2568 254:
2264 2530 2282 2564 ι
2316 2511 2582 2567 Credibile
2608 2527 2638 2567 e
2683 2511 2837 2566 libris
2872 2511 2962 2580 qui
3025 2518 3268 2572 exstant,
3304 2507 3431 2563 Ori-

1870 2621 2060 2677 genem
2095 2606 2209 2660 haec
2236 2612 2420 2673 utpote
2443 2604 2729 2673 allegorice
2761 2613 3124 2671 exponentem
3144 2601 3436 2672 protulisse

1873 2701 1938 2754 de
1959 2697 2197 2762 Christo,
2233 2710 2298 2750 eo
2328 2711 2488 2751 sensu
2541 2712 2648 2765 quo
2687 2695 2886 2750 Paulus
2911 2710 3075 2749 ausus
3126 2702 3212 2749 est
3251 2693 3447 2748 dicere-

1871 2790 2142 2845 Christum
2177 2788 2375 2843 factum
2403 2803 2498 2858 pro
2533 2788 2686 2843 nobis
2720 2798 3023 2856 peccatum,
3058 2786 3428 2848 maledictum,

1872 2881 2330 2945 exsecrationem,
2365 2880 2467 2935 hoc
2509 2889 2614 2944 est,
2661 2879 2990 2934 oblationem
3037 2894 3136 2948 pro
3181 2886 3428 2948 peccato,

1873 2981 1928 3028 et
1973 2972 2402 3027 maledictionem
2451 2971 2540 3026 cui
2585 2985 2801 3026 eramus
2858 2971 3096 3027 obnoxii.
3137 2988 3156 3022 ι
3194 2970 3345 3037 Quod
3384 2970 3430 3024 si

1876 3065 1995 3134 quis
2026 3075 2283 3132 praeterea
2310 3065 2423 3118 haec
2451 3062 2699 3118 Jeremite
2723 3064 2786 3117 ad
2818 3061 2971 3117 Isaize
2998 3061 3201 3128 1.11,“,
3226 3073 3281 3118 et
3310 3077 3427 3128 LIII,

1874 3157 1930 3221 2,
1955 3159 2009 3222 5,
2035 3156 2369 3224 expenderit,
2401 3154 2649 3226 Origenis
2681 3156 3185 3226 interpretationem
3212 3158 3433 3213 minime

1875 3250 2177 3305 mirabitur.

1944 3342 2088 3396 XIX.
2110 3341 2240 3395 Cum
2265 3339 2487 3395 Patrum
2511 3341 2718 3411 aliquot
2747 3340 3074 3396 testimoniis
3101 3355 3220 3395 sese
3242 3349 3432 3395 tuean-

1875 3445 1963 3489 tur
1996 3433 2316 3502 Ubiquistae,
2341 3448 2568 3502 quorum
2603 3433 2763 3488 verba
2792 3433 2876 3486 vel
2911 3431 3048 3485 male
3089 3430 3433 3501 intelligendo

1875 3535 2214 3599 pervertunt,
2255 3525 2340 3581 vel
2395 3526 2535 3579 male
2580 3525 2992 3595 interpretando
3034 3531 3430 3592 corrumpunt;

1874 3621 1991 3692 pari
2044 3633 2259 3690 quoque
2307 3618 2429 3688 jure
2480 3617 2730 3688 Origenis
2761 3615 3120 3686 patrocinium
3165 3615 3435 3668 asciscere

1875 3718 2144 3782 poterant,
2195 3725 2302 3779 quo
2354 3719 2566 3764 tractat.
2597 3724 2761 3762 xxxrv
2801 3710 2854 3760 in
2911 3707 3128 3772 Matth,
3155 3723 3301 3760 num.
3344 3705 3432 3769 70,

1875 3819 1997 3876 pag.
2041 3803 2167 3868 887,
2213 3802 2472 3872 scriptum
2507 3802 2558 3855 id
2603 3801 2854 3870 reliquit:
2898 3818 2918 3852 ι
2964 3800 3080 3854 Non
3110 3799 3289 3869 aliquo
3315 3799 3436 3867 qui-

1877 3899 1995 3952 dem
2025 3896 2142 3950 loco
2175 3893 2455 3964 apparebit
2479 3893 2648 3948 Filius
2676 3893 2790 3957 Dei,
2825 3907 2948 3946 cum
2977 3893 3188 3945 venerit
3234 3893 3285 3944 in
3320 3890 3436 3960 glo-

1879 3989 1958 4042 ria
1989 4002 2108 4050 sua,
2135 3986 2189 4040 iu
2223 3986 2395 4041 altero
2435 3993 2615 4040 autem
2671 3999 2776 4039 non
2823 3984 3138 4054 apparebit;
3174 3985 3266 4039 sed
3297 3985 3437 4037 sicut

1879 4081 1992 4149 ipse
2035 4080 2330 4136 secundum
2393 4079 2852 4148 comparationem
2900 4077 3130 4147 fulguris
3187 4077 3437 4132 exeuntis

1878 4171 2164 4225 adventum
2201 4185 2357 4224 suum
2405 4171 2574 4224 voluit
2615 4170 2993 4224 demonstrare
3052 4170 3238 4224 dicens
3301 4187 3316 4222 :
3372 4167 3436 4222 Si

1877 4262 2107 4315 dixerint
2138 4261 2275 4314 vobis
2306 4276 2325 4313 :
2367 4259 2502 4313 Ecce
2528 4262 2581 4313 in
2617 4260 2843 4323 deserto,
2885 4259 3045 4313 nolite
3085 4259 3272 4322 exire;
3322 4274 3438 4311 ecce

1879 4355 1935 4405 in
1964 4353 2138 4413 domo,
2164 4351 2320 4404 nolite
2341 4353 2568 4405 credere.
2597 4349 2744 4405 Sicut
2771 4350 2911 4404 enim
2961 4349 3142 4419 fulgur
3171 4350 3438 4419 egreditur

209 4447 415 4502 Christi
443 4446 553 4515 jam
584 4446 913 4516 resurgentis
944 4441 1348 4514 θεοποιηθεῖσαν
1379 4455 1595 4494 carnem
1623 4439 1775 4492 dixit.
1808 4435 1854 4490 υ
1881 4445 1945 4497 ab
1972 4445 2185 4505 oriente,
2210 4452 2258 4495 et
2291 4453 2502 4511 apparet
2554 4459 2715 4508 usque
2748 4442 2816 4494 ad
2848 4441 3190 4502 occidentem,
3218 4442 3292 4493 sic
3337 4441 3438 4492 erit

208 4542 392 4606 Atque
421 4536 550 4590 illud
577 4546 660 4590 est
687 4537 831 4605 quod
863 4537 962 4591 sibi
995 4534 1108 4587 vult
1136 4534 1469 4602 Augustinus
1497 4533 1606 4598 ,lib.
1641 4529 1780 4585 Con-

211 4644 300 4685 tra
329 4647 554 4685 sermon.
588 4631 928 4693 Arianorum,
961 4643 1080 4696 cap.
1114 4626 1170 4692 8,
1201 4641 1322 4680 cum
1358 4625 1470 4678 ait:
1509 4641 1528 4674 ι
1562 4623 1704 4691 Ergo
1726 4631 1781 4676 et

210 4727 320 4780 ista
359 4723 666 4779 humanitas
718 4723 863 4776 illius
904 4719 1206 4776 divinitatis
1253 4733 1448 4773 nomen
1506 4716 1718 4786 accipit.
1754 4735 1773 4767 ι

211 4818 357 4873 Huic
406 4817 506 4885 ipsi
564 4815 730 4884 igitur
760 4824 1013 4878 naturae,
1063 4827 1184 4880 qua:
1231 4809 1516 4876 θεωθεῖσα,
1566 4818 1620 4863 et
1661 4807 1779 4860 θεο-

209 4908 522 4980 ποιηθεῖσα,
553 4908 712 4962 simul
741 4915 798 4960 ut
822 4923 939 4961 eam
969 4903 1286 4974 assumpsit,
1316 4913 1369 4956 et
1401 4904 1452 4955 in
1482 4901 1642 4956 terris
1665 4915 1783 4955 ver-

213 5013 369 5057 satus
401 5010 483 5056 est
527 5000 800 5063 Christus,
847 4999 988 5053 dicta
1046 5009 1151 5060 eSt,
1205 4996 1382 5065 aptius
1417 4995 1580 5049 etiam
1621 5009 1782 5048 voces

216 5097 338 5150 ista:
364 5093 716 5156 conveniunt,
750 5102 1036 5161 postquam
1069 5098 1287 5143 mortem
1335 5088 1505 5140 crucis
1532 5085 1778 5152 suscepit,

212 5199 265 5244 et
300 5187 527 5242 surrexit
552 5203 584 5238 a
612 5186 856 5239 mortuis.
891 5182 1024 5236 Nam
1066 5197 1160 5250 per
1190 5188 1421 5234 mortem
1473 5175 1778 5231 mortalium

214 5295 511 5350 corporum
550 5275 974 5332 imbecillitatem
1007 5271 1259 5343 deposuit
1289 5269 1456 5340 ipsius
1482 5281 1698 5336 corpus,
1725 5273 1780 5319 et

216 5375 476 5426 virtutem
511 5370 802 5440 quamdam
833 5369 1072 5422 divinam
1101 5363 1359 5433 suscepit.
1406 5359 1556 5414 lianc
1593 5357 1780 5428 Orige-

219 5465 366 5519 niani
412 5465 540 5528 loci,
586 5477 746 5530 quam
789 5463 1004 5524 damus,
1058 5457 1446 5528 expositionem
1495 5451 1781 5508 confirmat

220 5559 390 5628 ipsius
436 5556 684 5626 Origenis
730 5554 797 5609 ad
844 5553 986 5610 Celsi
1032 5551 1401 5609 cavillationes
1449 5545 1778 5618 responsio:

293 5739 338 5772 ’*
363 5738 548 5794 Matth.
581 5750 726 5802 xxiv,
753 5733 823 5790 26
858 5747 972 5803 seq.

1883 4537 2133 4589 adventus
2172 4533 2305 4587 Filii
2343 4535 2566 4588 hominis
2601 4534 2667 4586 7‘.
2715 4533 2868 4587 Sicut
2921 4546 3051 4600 ergo
3077 4531 3257 4600 fulgur
3284 4545 3440 4599 egre-

1882 4628 2039 4682 diens
2073 4627 2140 4680 ab
2174 4627 2406 4689 oriente,
2443 4634 2498 4680 et
2543 4635 2830 4694 propterea
2866 4624 3008 4693 quod
3040 4623 3222 4678 omnia
3257 4622 3441 4691 implet

1883 4727 2105 4787 apparet
2144 4732 2315 4787 usque
2370 4718 2438 4771 ad
2481 4717 2819 4772 occidentem
2863 4732 2878 4781 ;
2934 4715 3012 4770 sic
3061 4730 3183 4769 cum
3231 4712 3442 4767 venerit

1882 4810 2133 4864 Christus
2162 4810 2212 4862 in
2244 4809 2412 4878 gloria
2451 4824 2568 4872 sua,
2603 4820 2820 4879 propter
2869 4810 3013 4879 quod
3056 4809 3251 4878 ubique
3298 4808 3442 4860 futu-

1887 4918 1978 4957 rus
2002 4912 2106 4967 est,
2139 4912 2192 4956 et
2217 4902 2328 4970 ipse
2356 4904 2409 4956 in
2444 4913 2738 4971 conspectu
2772 4902 3014 4957 omnium
3067 4902 3175 4956 erit
3217 4899 3438 4969 ubique,

1885 5004 1941 5050 et
1969 5010 2159 5050 omnes
2195 4996 2393 5065 ubique
2442 4996 2682 5049 eruntin
2718 5003 3010 5064 conspectu
3051 4993 3238 5062 ipsius,
3276 5001 3332 5046 et
3360 4991 3440 5048 sic

1887 5088 2284 5142 constituentur
2306 5097 2430 5143 ante
2463 5088 2644 5143 sedem
2675 5088 2858 5158 gloriae
2882 5085 3018 5154 ejus,
3051 5085 3153 5140 hoc
3180 5095 3284 5151 est,
3315 5095 3441 5139 ante

1889 5195 2110 5249 regnum
2152 5178 2268 5247 ejus
2319 5188 2374 5235 et
2418 5188 2737 5248 potestatem
2775 5176 3156 5232 dominationis
3187 5175 3374 5244 ipsius.
3414 5192 3435 5225 ι

1887 5272 1942 5325 Id
1970 5272 2180 5327 solvere
2210 5287 2268 5326 se
2293 5281 2442 5342 putat
2469 5271 2867 5334 Genebrardns,
2893 5283 2986 5324 seu
3009 5267 3252 5337 quisquis
3278 5265 3441 5320 verba

1887 5363 2103 5435 bteclad
2149 5379 2299 5419 oram
2345 5364 2605 5419 attexuit:
2647 5381 2666 5414 ι
2715 5361 2926 5431 Ubique
2973 5359 3188 5416 futurus
3237 5359 3439 5413 Christi

1889 5458 2179 5524 adventus,
2234 5457 2327 5513 sed
2382 5456 2708 5513 successive.
2742 5473 2762 5507 ι
2813 5459 2882 5509 At
2910 5462 3172 5525 repugnat
3218 5451 3442 5519 fulguris

1886 5549 2216 5622 exemplum,
2253 5549 2396 5622 quod
2429 5564 2534 5606 non
2563 5550 2890 5618 successive,
2915 5549 3010 5606 sed
3039 5546 3225 5603 eodem
3270 5542 3442 5599 ferme
