3860 6230
418 225 529 287 823

1704 224 1764 283 Ρ.
1805 226 2120 281 DANIELIS
2156 225 2391 284 llUETll

3575 234 3673 293 82}

418 354 622 420 puncto
658 346 919 417 temporis
947 346 1212 402 orientem
1244 352 1297 400 et
1321 342 1663 399 occidentem
1685 344 1993 409 collustrat,
2024 352 2071 407 Α
2101 362 2362 418 ronymus
2400 347 2622 418 Apolog.
2660 348 2907 404 adversus
2932 345 3207 418 Ruﬁnum,
3238 348 3334 407 lib.
3363 364 3407 416 ι,
3448 365 3581 421 cap.
3624 355 3672 407 5.

425 458 443 489 σ
480 446 768 509 propterea
813 439 959 508 quod
1006 437 1191 495 omnia
1249 434 1456 506 implet.
1488 453 1508 488 ι
1568 435 1681 508 Ego
1724 450 1853 489 vero
1888 449 1992 490 non

417 530 777 586 humanitatis
826 531 1031 586 Christi
1087 528 1366 596 corporeis
1420 527 1747 597 usurpandae
1799 526 1993 591 oculis,

418 622 511 677 sed
545 622 847 678 divinitatis
875 622 1043 677 menti
1079 622 1409 691 apparitura:
1437 619 1787 690 praesentiam
1826 619 1995 688 signi-

418 713 573 768 ﬁcari
604 729 825 769 censeo.
877 714 1108 769 Faciunt
1158 714 1316 768 tidem
1362 727 1485 782 quae
1514 711 1762 782 proxime
1791 723 1994 781 praece-

419 807 583 861 dunt:
626 825 644 859 ε
674 807 887 874 Quanto
930 807 1103 876 magis
1132 814 1280 860 recte
1309 804 1566 859 dicuntur
1588 817 1777 858 omnes
1805 810 1998 872 gentes

419 907 547 951 ante
586 914 710 954 eum
755 900 1148 969 congregandae
1178 906 1235 952 et
1282 896 1680 951 constituendae
1705 937 1720 962 ,
1773 894 1997 965 quando

418 988 595 1058 palam
629 991 887 1045 omnibus
923 1000 1030 1045 tam
1065 992 1223 1045 bonis
1249 1005 1409 1059 quam
1442 989 1623 1055 malis,
1670 999 1782 1043 tam
1820 987 1995 1042 ﬁdeli-

418 1084 521 1137 bus
574 1098 737 1151 qttam
772 1083 1077 1139 inﬁdelibus
1106 1082 1274 1138 fuerit
1302 1082 1479 1137 factus
1498 1081 1840 1146 manifestus,
1868 1087 1998 1134 ante

420 1174 607 1228 oculos
637 1174 835 1230 mentis
871 1190 1058 1229 eorum
1099 1174 1211 1242 jam
1257 1190 1364 1229 non
1401 1173 1527 1229 ﬁdei
1570 1183 1665 1228 aut
1705 1172 1997 1244 diligentiae

424 1262 659 1335 alicujus
698 1267 1049 1335 inquisitione
1082 1268 1657 1337 repertus,sedipsius
1702 1267 1997 1322 divinitatis

422 1371 532 1411 suae
569 1357 1007 1416 manifestatione
1038 1360 1313 1423 praelatus.
1346 1377 1366 1411 ι
1422 1358 1613 1415 Fidem
1660 1373 1877 1429 quoque
1912 1357 1995 1411 fa-

422 1450 594 1511 ciunt.
626 1466 744 1518 qua?
784 1460 1016 1508 tractatu
1048 1454 1103 1506 in
1132 1452 1443 1508 Matthwum
1478 1452 1769 1523 superiore
1819 1450 1999 1520 legun-

427 1554 531 1604 tur,
582 1559 731 1598 num.
777 1543 867 1609 65,
913 1560 1035 1615 pag.
1089 1544 1214 1610 882,
1251 1544 1377 1611 883,
1410 1546 1464 1600 in
1491 1559 1599 1616 quo
1658 1544 1995 1608 edisserens,

424 1632 601 1687 "ante
626 1637 839 1704 quidam
867 1654 1077 1709 peregre
1100 1638 1462 1706 proﬁciscens,
1493 1650 1625 1705 etc.,
1660 1639 1855 1709 quaerit
1902 1639 1993 1708 qui

422 1727 755 1796 peregrinari
780 1730 883 1785 dici
913 1730 1085 1799 possit
1112 1730 1392 1796 Christus,
1444 1746 1604 1802 quem
1641 1732 1846 1802 ubique
1868 1745 1992 1787 esse

420 1819 618 1876 litterae
652 1838 821 1878 sacra:
855 1826 1263 1893 demonstrant;
1288 1834 1401 1881 tum
1429 1827 1649 1897 subjicit
1695 1828 1993 1891 Christum,

421 1931 528 1983 qua
560 1924 643 1971 est
672 1917 813 1974 Deus
836 1918 1096 1984 Verbum,
1127 1925 1182 1972 et
1212 1915 1516 1987 Sapientia,
1561 1926 1616 1974 et
1664 1917 1909 1982 Justitia,
1942 1925 1999 1972 et

421 2006 659 2074 Veritas,
691 2026 955 2080 corporeo
988 2010 1196 2065 ambitu
1236 2025 1344 2065 non
1396 2011 1774 2077 circumcludi,
1809 2021 1863 2067 et
1906 2024 1996 2066 se-

420 2103 655 2157 cundum
692 2104 1033 2158 divinitatem
1061 2118 1214 2158 suam
1242 2117 1306 2157 ac
1338 2103 1595 2158 virtutem
1626 2103 1994 2173 ubique-esse,

422 2195 517 2249 sed
553 2212 572 2246 ι
603 2197 899 2250 secundum
927 2196 1392 2263 dispensationem
1420 2196 1669 2265 corporis
1695 2196 1838 2265 quod
1875 2211 1998 2251 sus-

421 2286 590 2355 cepit,
647 2305 669 2340 ι
733 2286 1094 2356 peregrinari.
1145 2285 1292 2342 ldem
1344 2286 1543 2341 astruit
1600 2286 1790 2342 homil.
1841 2286 1876 2342 6
1943 2287 1996 2340 in

421 2373 581 2441 Luc.,
615 2386 672 2430 et
697 2376 998 2442 Christum,
1030 2393 1136 2446 qua
1172 2378 1346 2433 virtus
1375 2386 1460 2433 est
1500 2376 1618 2443 Dei,
1656 2377 1839 2432 omnia
1871 2393 1995 2448 per-

424 2469 623 2524 vadere
668 2469 848 2537 docet,
886 2470 1152 2537 cmlestia,
1193 2471 1475 2527 terrestria
1528 2481 1585 2527 et
1634 2470 1872 2526 inferna.
1931 2472 1997 2526 Et

426 2561 519 2616 lib.
564 2578 660 2617 vut
716 2564 771 2617 in
834 2562 1011 2633 Epist.
1052 2566 1120 2617 ad
1150 2563 1332 2629 Rom.,
1386 2580 1537 2619 num.
1588 2564 1645 2630 2,
1690 2580 1816 2635 pag.
1870 2565 1996 2633 622,

424 2664 713 2725 postquam
739 2656 1011 2711 Christum
1041 2673 1148 2712 non
1179 2656 1410 2726 alicujus
1458 2658 1561 2713 loci
1605 2660 1852 2716 terminis
1885 2660 1999 2715 cir-

423 2748 737 2815 omnscribi,
771 2749 864 2804 sed
896 2750 1097 2819 ubique
1127 2761 1436 2820 penetrare,
1473 2760 1526 2806 et
1559 2765 1655 2819 per
1684 2753 1869 2807 omnia
1898 2753 1998 2807 dii-

422 2838 577 2894 fundi
610 2841 944 2905 declaravit;
988 2860 1007 2895 ι
1053 2842 1147 2898 sed
1184 2843 1281 2907 ita,
1331 2842 1529 2912 inquit,
1574 2845 1741 2900 debes
1790 2845 1999 2902 sentire

425 2931 493 2987 de
522 2931 1045 3004 Christo,'tanquam
1078 2937 1144 2990 de
1174 2934 1377 3002 Verbo,
1412 2946 1470 2993 et
1493 2935 1758 3002 Veritate,
1798 2946 1854 2993 et
1890 2938 1992 2993 Sa-

2100 458 2119 491 t
2163 437 2384 510 Origeni
2419 449 2534 503 tuo,
2566 441 2764 510 inquit,
2813 440 2940 497 licet
2980 441 3256 498 Christum
3300 445 3491 501 dicere
3538 460 3675 513 sape

2093 547 2339 602 passum,
2362 542 2418 587 et
2441 533 2636 602 saepius
2655 548 2964 603 passurum,
2993 543 3053 587 ut
3080 535 3223 602 quod
3244 535 3415 591 semel
3444 536 3672 607 proluit,

2096 640 2312 697 semper
2344 626 2517 694 prosit
2546 636 2882 695 assumptum
2914 643 2929 691 ;
2973 646 2993 679 ι
3025 638 3080 682 et
3110 629 3269 699 epist.
3297 628 3390 696 61,
3418 632 3490 684 ad
3518 634 3671 686 Avil.

2097 733 2217 786 cap.
2258 717 2292 770 4
2315 733 2329 769 :
2354 736 2372 770 t
2398 717 2643 785 Cumque
2665 716 2892 771 dixisset
2921 715 3227 789 (Origenes)
3246 720 3413 789 juxta
3442 717 3677 777 Joannis

2094 807 2501 878 Apocalypsim,
2572 806 2920 878 Evangelium
2975 808 3365 878 sempiternum
3397 850 3413 877 ,
3465 812 3521 865 id
3571 821 3675 875 est,

2097 900 2338 955 futurum
2371 901 2426 953 in
2460 898 2640 966 ctelis,
2674 908 2880 954 tantum
2932 901 3239 968 praecedere
3277 901 3386 957 hoc
3426 912 3675 958 nostrum

2098 991 2476 1062 Evangelium,
2511 1000 2779 1060 quantum
2826 991 3031 1046 Christi
3072 992 3389 1061 praedicatio
3416 992 3562 1061 legis
3586 1009 3677 1048 ver

2099 1084 2235 1138 teris
2280 1092 2664 1149 sacramenta;
2717 1084 2786 1137 ad
2832 1093 3139 1138 extremum
3192 1083 3373 1138 intulit
3419 1084 3597 1153 (quod
3627 1094 3680 1141 et

2098 1174 2371 1245 cogitasse
2428 1174 2751 1244 sacrilegum
2807 1172 2915 1246 est)
2976 1189 3073 1244 pro
3128 1175 3303 1231 salute
3363 1176 3676 1232 daemonum

2098 1266 2378 1322 Christum
2411 1268 2575 1321 etiam
2629 1266 2683 1320 in
2714 1280 2841 1320 aere
2879 1275 2935 1321 et
2981 1266 3035 1320 in
3074 1271 3327 1337 supernis
3356 1267 3520 1325 Slocis
3560 1285 3678 1325 esse

2096 1373 2405 1429 passurum.
2457 1357 2523 1413 Et
2572 1358 2705 1413 licet
2755 1358 2844 1412 ille
2894 1373 3004 1412 nou
3060 1359 3279 1425 dixerit,
3319 1372 3507 1416 tamen
3536 1363 3675 1431 quod

2094 1465 2444 1522 consequens
2491 1451 2563 1506 sit
2620 1450 2956 1521 intelligitur
2997 1466 3014 1505 :
3052 1452 3191 1507 sicut
3218 1466 3318 1522 pro
3362 1452 3677 1508 hominibus

2099 1547 2259 1602 homo
2300 1545 2475 1601 factus
2504 1555 2611 1612 est,
2638 1555 2698 1600 ut
2728 1546 2979 1600 homines
3022 1545 3326 1612 liberaret;
3373 1547 3460 1601 sic
3497 1558 3552 1601 et
3585 1564 3678 1616 pro

2100 1638 2274 1695 salute
2321 1639 2624 1693 daemonum
2676 1637 2841 1693 Deum
2878 1636 3117 1691 futurum
3155 1639 3298 1707 quod
3341 1648 3479 1693 sunt
3505 1640 3585 1703 hi,
3616 1640 3677 1693 ad

2096 1748 2234 1802 quos
2278 1741 2543 1787 venturus
2582 1740 2666 1785 est
2716 1730 3048 1785 liberandos.
3085 1748 3105 1782 ι
3163 1729 3297 1784 Tum
3340 1730 3518 1784 verba
3568 1730 3677 1799 ipsa

2097 1823 2352 1896 Origenis
2384 1824 2625 1891 exhibet,
2662 1824 2806 1877 unde
2836 1822 3173 1877 accusationi
3221 1837 3334 1878 sua:
3385 1824 3565 1877 robur
3589 1823 3681 1877 ad-

2096 1920 2210 1986 dat,
2240 1927 2295 1973 et
2332 1933 2431 1972 nos
2458 1932 2522 1973 ea
2550 1930 2769 1987 quoque
2816 1914 2959 1969 infra
3007 1913 3329 1969 referemus.
3366 1914 3679 1971 Notandum

2097 2010 2316 2065 interim
2359 2010 2560 2065 diserte
2603 2007 2879 2063 afﬁrmare
2928 2005 3323 2078 Hieronymum
3358 2008 3679 2075 neutiquam

2098 2105 2300 2160 dixisse
2347 2103 2639 2173 Origenem
2688 2102 2968 2158 Christum
3009 2116 3107 2171 pro
3159 2101 3334 2156 salute
3368 2102 3679 2156 daemonum

2100 2200 2397 2252 daemonem
2438 2196 2703 2260 futurum,
2742 2195 2886 2264 quod
2917 2210 3091 2266 neque
3119 2195 3259 2265 apud
3289 2195 3444 2249 illum
3477 2195 3679 2265 legerat

2101 2289 2434 2359 TheOpbilus
2464 2305 2480 2356 ;
2518 2288 2613 2344 sed
2643 2303 2711 2344 ex
2752 2287 3004 2359 Origenis
3043 2289 3204 2344 dictis
3235 2288 3288 2343 id
3330 2298 3578 2358 uterque
3600 2302 3682 2341 ra-

2102 2379 2419 2436 tiocinando
2460 2378 2681 2448 collegit
2714 2394 2731 2445 ;
2764 2393 2888 2434 cum
2927 2380 3203 2436 Christum
3234 2391 3417 2435 tamen
3476 2380 3683 2451 angelis

2102 2485 2157 2528 et
2197 2471 2511 2528 coelestibus
2548 2472 2849 2530 virtutibus
2911 2474 2965 2527 in
3014 2488 3113 2528 sua
3152 2472 3463 2542 quibusque
3510 2472 3683 2526 forma

2104 2564 2417 2634 apparuisse
2468 2564 2774 2635 scripserit,
2818 2574 2881 2619 ut
2930 2564 3277 2620 ostendemus
3322 2563 3493 2632 paulo
3541 2572 3681 2633 post.

2101 2655 2458 2724 Superiorem
2498 2656 2665 2711 etiam
2693 2655 2889 2711 similis
2924 2667 3009 2711 est
3045 2654 3225 2712 Orosii
3255 2657 3397 2724 apud
3426 2655 3686 2724 Augusti.

2101 2764 2230 2803 num
2270 2748 2531 2803 adversus
2578 2748 2922 2814 Origenistas
2963 2746 3286 2819 conquestio
3322 2748 3377 2801 in
3426 2744 3684 2801 Commo-

2102 2840 2320 2905 nitoria,
2360 2841 2503 2910 quod
2530 2842 2671 2896 inter
2697 2840 2989 2912 Augustini
3028 2838 3227 2910 Opera,
3258 2840 3311 2893 in
3352 2838 3539 2907 capite
3560 2836 3686 2891 libri

2100 2943 2283 2985 contra
2316 2929 2761 2988 Priscillianistas
2789 2943 2837 2987 et
2871 2931 3199 3003 Origenistas
3231 2931 3316 2987 edi
3351 2930 3535 2986 solet:
3566 2947 3585 2981 ε
3614 2929 3687 2983 De

427 3026 654 3093 pientia,
692 3034 747 3080 et
776 3024 998 3081 Justitia
1036 3028 1151 3082 Dei.
1189 3027 1314 3084 Haec
1350 3038 1531 3085 autem
1581 3030 1764 3085 omnia
1798 3045 1904 3086 non
1941 3033 1992 3085 in
2025 3040 2066 3097 c
2100 3037 2331 3092 corpore
2367 3038 2499 3079 vero
2552 3023 2767 3080 Domini
2821 3024 2902 3079 sic
2958 3023 3324 3086 tradiderunt.
3373 3023 3507 3092 quia
3561 3037 3688 3077 cum

422 3115 543 3171 loco
573 3127 909 3187 qumrtntur,
957 3118 1054 3175 sed
1097 3119 1298 3190 ubique
1345 3122 1561 3186 adsunt,
1608 3136 1788 3192 neque
1820 3123 1888 3178 ab
1917 3122 1996 3177 in-

426 3209 595 3265 fernis
613 3212 747 3267 locis
771 3221 1093 3277 evocantur,
1117 3214 1209 3268 sed
1234 3223 1415 3269 mente
1445 3213 1558 3269 sola
1608 3214 1996 3285 intellectuque

422 3305 734 3371 capiuntur.
789 3322 809 3356 ›
865 3305 1042 3374 Atque
1102 3304 1176 3358 ita
1235 3303 1622 3375 intelligendus
1668 3315 1800 3361 tom.
1850 3322 1889 3361 ιι
1942 3308 1999 3361 in

419 3394 606 3461 Joan.,
641 3411 792 3450 num.
825 3395 914 3459 29,
946 3412 1068 3452 cum
1109 3397 1184 3451 ait
1211 3417 1222 3451 :
1251 3397 1406 3451 Μετὰ
1434 3396 1490 3450 δὲ
1507 3396 1681 3451 ταῦτα
1702 3398 1834 3471 ἄλλη
1860 3416 1999 3470 μαρ-

422 3487 580 3553 τυρία
634 3488 727 3541 τοῦ
791 3488 955 3541 αὑτοῦ
1026 3489 1329 3543 Βαπτιστοῦ
1395 3491 1522 3562 περὶ
1571 3491 1808 3562 Χριστοῦ
1858 3494 1998 3556 ἐστι,

421 3578 519 3651 τὴν
563 3580 981 3652 προηγουμένην
1010 3581 1175 3636 αὐτοῦ
1206 3582 1503 3637 ὑπόστασιν
1531 3584 1611 3637 ἔτι
1644 3585 1992 3649 διδάσκουσα,

420 3670 712 3741 διήκουσαν
750 3671 844 3725 ἐπὶ
887 3673 1064 3726 πάντα
1096 3674 1188 3725 τὸν
1220 3673 1443 3743 κόσμον,
1487 3674 1631 3728 κατὰ
1676 3674 1774 3739 τὰς
1823 3676 1999 3747 ψυχὰς

421 3763 520 3824 τὰς
561 3763 804 3832 λογικὰς,
856 3765 945 3818 ὅτε
992 3766 1153 3835 φησί·
1204 3764 1407 3830 Μέσος
1433 3764 1602 3835 ὑμῶν
1639 3766 1898 3835 ἔστηκεν
1927 3768 2001 3822 ὃν

421 3855 591 3925 ὑμεῖς
623 3858 735 3910 οὐκ
763 3856 982 3918 οἴδατε,
1013 3858 1209 3911 ὀπίσω
1223 3875 1343 3927 μου
1369 3857 1709 3927 ἐρχόμενος.

494 3945 615 4001 XX.
653 3947 910 4017 Sequitur
944 3948 1201 4016 placitum
1246 3948 1391 4001 aliud
1434 3948 1684 4018 Origenis
1722 3951 1791 4004 de
1824 3958 2002 4004 morte

424 4037 653 4105 Christi,
681 4054 789 4093 non
818 4038 1132 4094 hominibus
1168 4039 1513 4095 solummodo
1535 4041 1674 4105 utili,
1703 4042 1802 4096 sed
1830 4056 2000 4112 ange-

424 4130 492 4186 lis
542 4131 731 4196 etiant,
775 4140 831 4185 et
872 4132 1162 4195 sideribus,
1204 4146 1270 4186 ac
1314 4136 1476 4188 rebus
1523 4135 1726 4189 creatis
1773 4134 2001 4203 quibus-

423 4239 662 4296 cunque.
688 4227 770 4281 Ab
799 4242 862 4282 eo
906 4226 950 4280 si
978 4227 1098 4295 quis
1125 4229 1361 4285 alienum
1419 4228 1637 4296 penitus
1678 4226 1847 4282 fuisse
1873 4226 2000 4283 Ori-

426 4333 616 4387 genem
660 4318 983 4387 pertendere
1032 4319 1185 4384 velit,
1231 4320 1523 4375 candorem
1565 4320 1657 4374 ille
1688 4334 1903 4373 omnem
1937 4336 2001 4375 ac

2102 3130 2274 3185 usque
2312 3118 2380 3171 ad
2421 3132 2521 3173 nos
2554 3119 2779 3173 veniens
2801 3116 2974 3172 Filius
3001 3116 3096 3171 Dei
3126 3124 3245 3184 post
3273 3124 3351 3169 tot
3385 3113 3566 3167 millia
3591 3128 3687 3168 an-

2099 3224 2291 3264 norum
2316 3210 2527 3265 otiosus
2560 3224 2627 3265 eo
2657 3222 2832 3278 usque
2862 3223 2968 3264 non
2996 3206 3182 3271 fuerit,
3229 3206 3324 3261 sed
3375 3206 3689 3274 praedicans

2101 3302 2480 3356 remissionem
2518 3300 2749 3371 angelis,
2779 3300 3143 3368 potestatibus
3197 3306 3362 3368 atque
3403 3298 3690 3353 universis

2099 3394 2491 3463 superioribus,
2545 3407 2670 3448 cum
2710 3391 3031 3462 qualitatem
3070 3389 3261 3446 formae
3296 3404 3495 3444 eorum
3549 3404 3692 3459 quos

2098 3487 2340 3541 visitaret
2371 3494 2701 3551 assumeret,
2741 3499 2913 3555 usque
2945 3485 3013 3539 ad
3046 3483 3476 3554 palpabilitatem
3498 3485 3688 3538 carnis

2100 3577 2490 3647 assumptionis
2523 3577 2705 3647 specie
2744 3577 3082 3631 transivisse.
3125 3594 3145 3629 ι
3201 3575 3281 3630 Ex
3339 3589 3410 3629 eo
3458 3589 3692 3643 quoque

2100 3671 2441 3741 potissimum
2484 3667 2705 3741 Origeni
2757 3668 3024 3724 conﬂasse
3072 3669 3331 3723 invidiam
3383 3665 3694 3739 Egyptios

2099 3763 2389 3833 episcopos
2426 3762 2594 3817 relert
2624 3760 3045 3817 Posthumianus
3076 3760 3215 3830 apud
3244 3759 3555 3828 Sulpicium
3586 3759 3693 3814 Se-

2102 3871 2289 3911 verum
2332 3854 2542 3923 Dialog.
2569 3869 2606 3917 I,
2647 3869 2779 3925 cap.
2804 3854 2859 3919 '5,
2889 3854 3033 3924 quod
3083 3854 3137 3908 iu
3185 3850 3301 3921 ejus
3335 3852 3495 3907 libris
3535 3852 3691 3922 lege-

2103 3958 2271 4014 retur,
2337 3964 2367 3998 ι.
2412 3946 2537 4015 quia
2598 3946 2857 4001 Dominus
2921 3943 3102 4009 Jesus,
3142 3944 3284 4000 sicut
3319 3958 3421 4014 pro
3460 3945 3693 4000 redem-

2102 4039 2289 4108 ptione
2315 4039 2554 4093 hominis
2580 4039 2632 4092 in
2673 4052 2838 4092 carne
2869 4038 3132 4102 venisset,
3174 4052 3389 4092 crucem
3435 4052 3539 4107 pro
3582 4038 3692 4092 ho-

2102 4129 2269 4185 minis
2318 4129 2493 4185 salute
2524 4145 2739 4199 passus,
2802 4139 3033 4185 mortem
3060 4144 3158 4198 pro
3190 4129 3429 4184 hominis
3457 4131 3691 4185 πιθηιὶ-

2106 4230 2220 4277 tate
2257 4230 2550 4292 gustasset,
2602 4222 2678 4276 ita
2718 4232 2863 4277 esset
2915 4221 3105 4276 eodem
3162 4221 3353 4276 ordine
3408 4224 3695 4291 passionis

2103 4315 2269 4369 etiam
2299 4315 2575 4369 diabolum
2612 4314 3031 4384 redempturus:
3061 4315 3186 4383 quia
3226 4315 3327 4369 hoc
3354 4315 3597 4371 bonitati
3622 4317 3693 4369 il-

430 4386 686 4476 pudorem
722 4410 1219 4480 projiciatnecesse
1243 4422 1351 4479 est,
1387 4428 1509 4467 cum
1536 4414 1677 4467 hanc
1708 4414 1760 4466 in
1785 4426 1850 4467 eo
1874 4427 2000 4467 sen-
2031 4386 2078 4446 θ
2106 4406 2237 4472 lius,
2268 4407 2569 4476 pietatique
2592 4416 2939 4476 congrueret,
2980 4415 3040 4462 ut
3067 4408 3157 4476 qui
3199 4408 3469 4478 perditum
3503 4409 3691 4465 homi-

428 4505 651 4557 tentiam
696 4504 969 4575 eaStigent
997 4520 1062 4560 ac
1100 4518 1401 4577 coarguant
1422 4514 1634 4559 veteres
1659 4505 1923 4574 plerique,
1943 4514 1999 4559 et

425 4610 545 4648 eam
580 4595 747 4650 claris
782 4613 844 4651 ac
879 4599 1089 4653 iteratis
1123 4600 1447 4655 testimoniis
1470 4599 1840 4668 consignatum
1867 4596 1997 4651 reli-

426 4690 627 4759 querit.
660 4689 764 4745 Sed
799 4692 1055 4761 quoniam
1088 4708 1176 4747 res
1210 4694 1461 4748 intricata
1493 4700 1578 4746 est
1606 4700 1673 4755 et
1721 4691 1995 4760 perplexa,

429 4781 736 4834 accuratius
762 4782 977 4835 videtur
1005 4783 1417 4849 perscrutanda.

502 4868 644 4925 XXI.
684 4889 703 4921 ι
738 4870 1069 4940 Theophilus
1113 4872 1336 4940 epistola
1390 4870 1637 4925 Paschal.
1670 4871 1728 4933 2,
1763 4870 2001 4925 sensisse

432 4978 553 5017 eum
591 4964 839 5030 queritur
873 4982 891 5013 ι
926 4963 1205 5017 Christum
1251 4978 1348 5032 pro
1376 4963 1711 5018 dazmonibus
1736 4978 1799 5017 ac
1834 4963 1998 5031 spiri—

434 5052 672 5106 tualibus
704 5053 962 5120 nequitiis
989 5055 1129 5123 apud
1160 5070 1383 5123 supr-ros
1410 5053 1733 5121 alligendum
1761 5056 1944 5120 cruci;
1978 5074 1995 5107 ι

434 5155 599 5213 atque
654 5146 767 5199 hmc
816 5147 1047 5200 dicendo
1100 5146 1295 5199 deinde
1349 5147 1684 5214 ampliﬁcans
1719 5161 1817 5214 pro
1852 5160 2002 5201 more

429 5249 527 5288 suo
573 5244 627 5288 et
669 5236 989 5298 extendens,
1032 5235 1197 5288 multa
1253 5235 1377 5288 inde
1438 5236 1692 5304 pestifera
1746 5236 2001 5305 consequi

431 5328 690 5381 ostendit.
730 5327 806 5382 Ac
843 5327 1001 5396 hujus
1051 5327 1246 5382 deinde
1280 5328 1603 5382 auctoritate
1633 5337 1687 5383 et
1716 5328 1896 5382 verbis
1934 5330 1999 5383 ad

431 5420 680 5475 eumdem
716 5417 1106 5489 proﬂigandum
1136 5434 1376 5474 errorem
1411 5436 1541 5474 usus
1568 5429 1647 5474 est
1678 5419 1999 5475 Iliucmarus

431 5512 488 5567 in
521 5512 616 5566 lib.
643 5510 717 5565 De
754 5512 1239 5581 prwdestinatione,
1268 5526 1391 5581 cap.
1426 5510 1515 5566 27.
1542 5510 1660 5569 Non
1692 5511 1849 5569 aliter
1874 5512 1999 5570 Hie-

511 5680 554 5712 "
583 5680 728 5735 Psal.
758 5696 953 5748 LXXIII,
982 5680 1065 5740 l2.
1143 5683 1189 5714 ⁷⁸
1215 5682 1376 5738 Rom.
1412 5697 1484 5749 vt,
1523 5682 1575 5737 9.

2106 4514 2230 4553 nem
2282 4497 2657 4563 reformasset,
2705 4499 3012 4568 prolapsum
3061 4516 3277 4571 quoque
3324 4502 3579 4570 angelum
3616 4502 3688 4558 li-

2104 4591 2341 4646 beraret.
2382 4609 2402 4642 ›
2457 4589 2595 4646 Hinc
2655 4590 2964 4647 Bernardus
3016 4607 3182 4648 serm.
3230 4593 3303 4647 44
3360 4594 3415 4647 in
3459 4593 3687 4651 Cantica

2106 4683 2369 4737 canticor.
2396 4698 2414 4736 :
2471 4701 2489 4733 ι
2522 4682 2785 4752 Denique,
2808 4684 2999 4754 inquit,
3032 4696 3291 4755 operatus
3329 4696 3415 4741 est
3448 4689 3685 4743 salutem

2106 4776 2159 4828 in
2218 4774 2396 4831 medio
2437 4784 2597 4830 terrae
2639 4775 2687 4806 ⁷⁵
2727 4792 2741 4829 :
2800 4776 3044 4846 nunquid
3079 4786 3134 4831 et
3180 4778 3232 4831 in
3270 4779 3451 4833 medio
3489 4782 3685 4835 aeris?

2107 4867 2221 4922 Hoc
2275 4869 2557 4922 adversum
2613 4865 2922 4938 Origenem,
2981 4870 3071 4939 qui
3113 4870 3167 4923 in
3208 4885 3336 4925 aere
3390 4871 3683 4927 Dominum

2105 4962 2293 5031 gloria:
2332 4961 2511 5015 denuo
2551 4975 2650 5030 pro
2699 4961 3034 5017 daemonibus
3076 4964 3369 5032 impudenti
3409 4966 3688 5035 crttciiigit

2111 5053 2433 5120 mendacio;
2503 5069 2627 5108 cum
2670 5052 2829 5120 hujus
2867 5055 3123 5109 conscius
3175 5056 3420 5124 mysterii
3480 5054 3686 5113 Paulus

2107 5144 2363 5211 aﬂirutct,
2404 5147 2549 5215 quod
2586 5162 2861 5216 resurgens
2891 5163 2956 5200 ea:
2993 5149 3214 5200 mortuis
3236 5148 3353 5215 jam
3380 5165 3483 5202 non
3517 5152 3689 5203 mori-

2109 5245 2233 5300 tur;
2264 5254 2406 5292 mors
2441 5238 2521 5291 illi
2550 5238 2692 5292 ultra
2718 5256 2821 5292 non
2848 5240 3203 5292 dominabitur
3230 5240 3313 5304 7‘;
3340 5259 3361 5293 ι
3400 5250 3458 5295 et
3488 5240 3689 5295 Alher-

2112 5339 2199 5385 tus
2239 5330 2467 5400 Magnus
2518 5332 2571 5384 in
2623 5331 2894 5400 epistolam
2924 5330 2958 5384 8
2995 5330 3233 5401 Dionysii
3275 5348 3293 5385 :
3323 5352 3340 5382 ι
3373 5332 3491 5388 Non
3540 5337 3687 5403 quod

2109 5421 2358 5477 futurum
2402 5423 2473 5478 sit
2511 5424 2790 5479 Christum
2822 5422 3016 5476 iterum
3052 5424 3185 5491 pati,
3220 5428 3514 5479 secundum
3564 5426 3689 5481 Orio

2106 5516 2559 5599 genisvervrorem.
2594 5535 2615 5569 ι
2652 5515 2813 5587 Pejus
2840 5516 2965 5587 quid
3005 5531 3071 5573 ex
3111 5516 3245 5587 ipsis
3274 5515 3523 5587 Origenis
3560 5532 3685 5572 ver-
