3836 6236
203 300 303 360 8‘25

996 291 1572 353 OBIGENIANORUM
1611 290 1741 346 LIB.
1784 286 1851 353 ll,
1890 288 2045 346 CAP.
2084 289 2151 358 ll,
2186 288 2467 357 QUIEST.
2508 288 2600 345 lli.

3343 286 3448 344 826

203 422 282 477 his
334 425 685 489 repraesentat
729 415 1073 473 Justinianus
1123 417 1422 487 imperator
1452 416 1505 471 in
1529 412 1760 484 epistola
1792 413 1841 473 Δ
1871 412 2072 468 ﬁnibus
2103 413 2298 469 mortis
2326 412 2528 468 Christi
2563 410 2796 482 pretium
2835 420 2892 467 et
2931 411 3170 468 valorem
3205 411 3448 468 circnm—

202 512 263 565 ad
301 510 525 574 Menam,
553 509 793 564 futurum
826 525 1019 580 nempe
1050 518 1111 563 ut
1148 524 1248 581 pro
1274 508 1614 565 daemonibus
1636 522 1765 561 cru-

201 602 436 669 ciﬁgatur
464 601 736 667 Christus,
779 602 941 671 idque
992 615 1363 671 saepenumero
1412 614 1508 669 per
1563 597 1763 653 saecula

204 695 393 749 futura.
421 694 557 749 Tum
597 696 648 748 in
690 695 953 764 subjectis
990 695 1117 750 huic
1160 692 1406 764 epistola!
1444 691 1769 747 anathema-

203 789 369 844 tismis
396 788 688 858 Origenem
729 790 922 858 tangit,
961 803 1085 844 cum
1125 804 1221 843 eos
1240 788 1465 843 damnat
1492 786 1581 855 qui
1612 785 1765 840 dixe-

199 881 303 935 rint
330 878 565 934 Verbum
604 879 989 950 Seraphimum
1010 880 1210 935 factum
1241 895 1364 936 esse
1399 878 1765 949 Seraphiniis,

200 980 252 1025 et
277 970 508 1026 similem
546 971 770 1041 reliquis
808 971 931 1027 coeli
973 972 1265 1027 virtutibus
1308 990 1323 1039 ;
1364 980 1575 1025 etcum
1618 969 1768 1023 addit

200 1065 479 1119 anathema
512 1080 639 1120 esse
675 1066 767 1136 qui
806 1065 1011 1119 dixerit
1039 1065 1315 1119 Christum
1353 1064 1407 1118 in
1443 1063 1640 1117 saeculo
1682 1061 1768 1115 fu-

203 1163 319 1210 turo
361 1157 687 1211 cruciﬁxum
728 1157 794 1210 iri
840 1172 937 1225 pro
978 1157 1335 1220 daemonibus,
1392 1155 1535 1210 sicut
1574 1164 1629 1207 et
1668 1169 1765 1221 pro

202 1249 528 1304 hominibus.
595 1248 747 1305 Unde
786 1248 1123 1319 Nicephorus
1175 1249 1268 1303 lib.
1317 1263 1451 1311 xvn,
1502 1262 1623 1317 cap.
1672 1246 1764 1312 27,

203 1342 343 1395 inter
391 1342 628 1395 hzereses
675 1340 896 1411 Origeni
946 1342 1212 1411 ascriptas
1258 1340 1573 1395 damnatam
1620 1340 1765 1393 illam

201 1432 360 1487 fuisse
404 1432 571 1487 refert
605 1450 622 1487 :
654 1434 776 1487 ’Ότι
814 1433 952 1504 ὑπὲρ
972 1433 1240 1505 δαιμόνων
1284 1432 1361 1485 δεῖ
1410 1432 1501 1485 τὸν
1536 1430 1767 1503 Χριστὸν

202 1524 594 1596 σταυρωθῆναι,
654 1526 747 1577 καὶ
813 1524 1073 1587 πολλάκις
1138 1524 1297 1577 τοῦτο
1349 1525 1429 1587 είς
1478 1523 1768 1593 ἐσομένους

201 1614 393 1678 αἰῶνας
451 1615 644 1669 παθεῖν
679 1614 783 1667 ὑπὸ
836 1614 945 1667 τῶν
983 1616 1310 1685 πνευμάτων
1352 1614 1451 1684 τῆς
1504 1612 1767 1684 πονηρίας

200 1706 300 1759 τῶν
318 1709 375 1760 ὲν
392 1710 501 1771 τοῖς
526 1706 886 1778 ἐπουρανίοις.
910 1723 931 1757 t
954 1706 1216 1775 Oporlere
1237 1705 1505 1760 Christum
1525 1705 1763 1774 crnciﬁgi

200 1812 295 1865 pro
324 1775 678 1863 daemonibus,
718 1807 773 1851 et
813 1797 1009 1865 saepius
1050 1797 1103 1850 in
1138 1795 1335 1850 futuris
1379 1796 1589 1851 szeculis
1629 1797 1765 1849 idem
1802 1775 1846 1831 Β

199 1889 399 1957 perpeti
419 1904 447 1941 a
472 1887 753 1957 spiritibus
780 1888 1034 1958 nequitiae
1052 1887 1141 1955 qui
1170 1895 1295 1942 sunt
1319 1886 1372 1941 in
1396 1886 1763 1941 caelestibus.)

204 1979 468 2036 llorribile
508 1996 639 2035 vero
679 1988 764 2034 est
811 1988 865 2034 et
915 1980 1309 2036 exsecrandum
1341 1980 1485 2048 quod
1534 1977 1770 2033 Joannes

200 2067 566 2124 Damascenus
601 2070 653 2123 in
690 2069 832 2124 libro
864 2067 941 2124 De
968 2069 1255 2124 Ita’resibus
1285 2068 1505 2139 Origeni
1543 2084 1772 2138 persna-

200 2174 311 2213 sum
352 2159 517 2215 fuisse
558 2162 656 2228 ait,
703 2176 897 2230 nempe
953 2179 973 2214 ι
1023 2160 1301 2215 Christum
1342 2176 1447 2213 una
1491 2175 1613 2215 cum
1651 2160 1773 2213 dia-

205 2252 325 2305 bolo
372 2270 401 2306 a
442 2251 590 2323 Rege
618 2254 977 2323 gubernatum
1033 2253 1125 2316 iri,
1181 2267 1416 2321 eumque
1467 2252 1521 2306 in
1553 2266 1769 2307 crucem

202 2352 376 2397 actum
418 2344 759 2399 dzemonibus
784 2344 921 2400 falsa
962 2343 1426 2400 denuntiaturum.
1462 2361 1482 2396 ι

265 2434 426 2491 XXII.
467 2436 644 2501 Nunc,
685 2438 818 2493 rivis
855 2438 1102 2502 omissis,
1152 2453 1222 2492 ex
1268 2438 1386 2506 ipso
1428 2436 1578 2492 fonte
1639 2436 1774 2491 hau-

202 2527 419 2582 riamus.
459 2529 727 2596 Origenes
769 2527 958 2583 homil.
1000 2529 1143 2583 10in
1188 2524 1320 2580 Luc.
1353 2542 1418 2582 ex
1465 2541 1531 2581 eo
1580 2527 1774 2596 probat

200 2612 319 2669 Jesn
354 2616 559 2671 Christi
595 2618 888 2672 adventum
917 2615 1131 2672 Veteris
1160 2617 1491 2672 Testamenti
1520 2617 1774 2672 Patribus

201 2706 487 2775 profuisse,
522 2710 663 2778 quod
692 2709 1012 2765 cmlestibus
1034 2709 1323 2777 profuerit,
1347 2712 1499 2780 juxta
1542 2714 1774 2781 Aposto-

202 2797 303 2851 lum
329 2798 542 2854 Coloss.
579 2816 618 2865 ι,
648 2799 737 2853 20.
778 2798 897 2866 Quo
936 2800 1086 2855 Pauli
1138 2802 1257 2857 loco
1283 2803 1337 2857 in
1368 2803 1615 2857 eamdem
1648 2804 1775 2857 abu-

204 2888 328 2941 titur
353 2890 683 2944 sententiam
710 2890 853 2945 hom.
887 2891 980 2944 tiu
1014 2889 1370 2956 Levit.,num.
1407 2893 1461 2958 5,
1501 2902 1556 2946 et
1604 2892 1697 2946 lib.
1742 2908 1773 2944 v

201 2980 253 3033 in
285 2979 451 3050 Epist.
478 2983 549 3036 ad
582 2981 763 3050 Rom.;
792 2998 945 3037 num.
988 2982 1079 3049 Nl,
1120 2999 1241 3054 pag.
1281 2984 1407 3040 568.
1438 2983 1552 3040 Hoc
1592 2993 1773 3039 autem

202 3077 501 3133 caelestium
536 3079 776 3145 nomine,
813 3093 920 3132 non
961 3077 1279 3150 angelorum
1323 3081 1484 3135 modo
1527 3080 1768 3145 ordines,

202 3169 289 3223 sed
314 3169 489 3225 sidera
529 3184 746 3238 quoque
784 3168 1018 3234 notavit,
1061 3177 1245 3240 utpote
1283 3185 1404 3240 qua:
1453 3183 1556 3223 non
1591 3171 1770 3223 anima

204 3260 375 3326 modo,
406 3262 503 3317 sed
544 3264 757 3317 ratione
794 3263 959 3317 etiam
1002 3263 1228 3331 prtedita
1264 3262 1560 3319 censuerit.
1613 3260 1775 3328 Qua:-

203 3367 409 3424 cunque
441 3364 627 3410 autem
671 3355 882 3409 ratione
908 3354 1134 3423 pollent,
1184 3366 1410 3424 peccato
1447 3370 1570 3409 esse
1605 3358 1777 3408 obno-

205 3447 309 3512 xia,
345 3463 409 3500 ac
440 3448 672 3518 proinde
705 3448 1021 3517 purgatione
1047 3447 1288 3518 indigere
1322 3446 1625 3501 arbitratus
1650 3456 1772 3513 est;

201 3540 540 3608 purgationis
598 3554 727 3594 vero
779 3539 1013 3595 cilicium
1059 3539 1168 3594 illis
1232 3550 1409 3596 morte
1468 3555 1567 3594 sua
1620 3540 1777 3593 exhi-

203 3628 397 3697 buisse,
437 3634 1127 3705 salutemqueprocurasse
1156 3632 1462 3698 Christum,
1489 3632 1773 3704 ἀπροσδεῆ

203 3724 399 3788 παντὸς
430 3725 764 3787 οὑτινοσοῦν,
809 3725 946 3797 πλὴν
1001 3725 1099 3796 τῆς
1142 3724 1444 3797 ἀνθρώπων
1482 3725 1774 3797 σωτηρίας.

201 3813 294 3866 rat
328 3815 531 3880 παντὸς
560 3814 803 3884 λογικοῦ.
837 3813 931 3869 Sic
972 3829 1129 3868 error
1158 3815 1334 3868 errori
1369 3814 1628 3868 colueret.
1663 3812 1775 3865 Ra-

203 3903 414 3961 tionalia
436 3922 603 3975 porro
623 3921 956 3961 enumerans
985 3915 1113 3960 tom.
1149 3920 1166 3959 1
1211 3905 1266 3957 in
1310 3902 1499 3967 Jaan.,
1528 3901 1775 3967 num.54,

201 3998 421 4065 angelos
462 4000 518 4054 in
584 3999 675 4062 iis,
723 4000 971 4054 homines
1018 4012 1083 4053 ac
1139 3998 1416 4052 daemones
1465 3995 1773 4051 collocavit.

201 4090 377 4147 Astris
416 4102 601 4147 autem
641 4092 877 4147 animam
918 4090 1149 4155 addidit,
1181 4105 1213 4144 e
1239 4089 1490 4160 supernis
1520 4088 1775 4142 nimirum

203 4185 442 4241 coalitum
475 4186 760 4241 ordinibus
793 4186 1189 4254 depromptam,
1226 4186 1292 4237 ad
1322 4197 1485 4251 quam
1529 4195 1779 4249 peraeque

203 4280 394 4332 mortis
443 4277 648 4333 Christi
708 4277 1032 4333 beneﬁcium
1076 4274 1425 4345 pertinuerit.
1460 4270 1777 4327 Commenta

205 4366 293 4421 illa
324 4370 504 4437 palam
536 4368 745 4437 profert
779 4378 909 4424 tom.
936 4383 975 4435 ι,
1007 4383 1161 4421 num.
1186 4366 1257 4421 40
1289 4368 1343 4420 in
1390 4363 1581 4428 Joan.,
1623 4363 1781 4418 Chri-

1872 506 2163 575 scripsisse
2188 509 2339 561 visus
2361 513 2470 571 est,
2505 503 2599 559 sed
2627 503 2693 558 ad
2724 518 2811 558 res
2845 513 3059 559 creatas
3098 520 3290 559 omnes
3319 520 3449 574 por-

1874 600 2122 654 rexisse:
2169 598 2247 653 ait
2296 598 2443 651 enim
2488 606 2621 654 tom.
2665 611 2763 649 xm
2810 596 2866 649 in
2929 595 3151 660 Matth.,
3211 612 3364 651 num.
3390 597 3447 659 8,

1873 691 2148 747 Christum
2180 705 2397 759 passum
2447 689 2587 760 ὑπὲρ
2628 687 2951 760 ἀνθρώπων,
2986 688 3017 761 ἢ
3060 690 3153 743 καὶ
3182 690 3305 743 ὅλου
3353 688 3447 743 τοῦ

1876 783 2109 854 κόσμου,
2146 791 2200 835 et
2228 792 2357 835 tum.
2385 796 2423 836 tt
2455 781 2509 833 in
2534 780 2722 847 Joan.,
2759 796 2907 835 nutu.
2940 780 2973 835 6
3005 798 3018 835 :
3056 784 3125 835 "H
3159 783 3297 853 τάχα
3330 784 3448 837 ἐστὶ

1874 878 1967 931 καὶ
1994 876 2151 929 τοῦτο
2172 878 2367 939 εἰπεῖν,
2395 875 2477 927 ὅτι
2503 874 2672 927 ἐδεῖτο
2704 876 2737 945 ἡ
2775 874 2953 938 κτίσις
2982 875 3121 948 ὑπὲρ
3155 877 3248 929 τοῦ
3292 877 3445 931 ἐλευ-

1876 969 2181 1042 θερωθῆναι
2214 968 2322 1020 ἀπὸ
2366 968 2468 1038 τῆς
2503 967 2748 1031 δουλείας
2789 968 2891 1037 τῆς
2929 967 3153 1039 φθορᾶς,
3188 969 3323 1023 ἀλλὰ
3354 971 3449 1025 καὶ

1873 1061 1934 1115 τὸ
1965 1061 2074 1114 τῶν
2124 1058 2426 1131 ἀνθρώπων
2470 1060 2647 1129 γένος,
2685 1060 2958 1133 μακαρίας
2986 1062 3080 1114 καὶ
3106 1061 3255 1126 θείας
3286 1063 3446 1116 δυνά·

1878 1168 2025 1223 μεως
2063 1150 2541 1223 ὲνανθρωπούσης,
2575 1152 2698 1222 ἥτις
2731 1151 3084 1223 διορθώσεται
3117 1154 3211 1207 καὶ¹
3253 1153 3324 1207 τὰ
3355 1152 3449 1209 ἐπὶ

1870 1245 1971 1315 τῆς
1993 1245 2117 1315 γῆςι

1947 1337 2131 1392 ΧΧΙΙΙ.
2162 1335 2279 1392 Νοη
2312 1336 2451 1391 satis
2479 1350 2609 1391 vero
2643 1336 2760 1406 ipse
2788 1336 2891 1392 sibi
2924 1338 3140 1393 videtur
3173 1348 3447 1406 constare,

1874 1438 1995 1479 eum
2025 1426 2289 1479 rationem
2330 1426 2655 1495 modumque
2674 1426 2951 1494 explanat,
2972 1442 3079 1495 quo
3104 1444 3191 1483 res
3220 1431 3449 1486 rationis

1873 1528 2152 1587 compotes
2197 1533 2227 1572 a
2276 1517 2646 1585 corruptionis
2674 1519 2935 1573 servitute
2964 1518 3215 1577 Christus
3247 1522 3448 1578 libera-

1873 1612 1970 1665 vit.
2010 1609 2145 1664 Nam
2175 1608 2404 1680 singulis
2434 1609 2745 1679 angelorum
2771 1610 3078 1675 ordinibus,
3114 1612 3167 1666 in
3199 1629 3295 1668 sua
3323 1614 3449 1668 uni-

1874 1703 2073 1772 cuique
2108 1702 2280 1756 forma
2320 1702 2665 1772 apparuisse,
2695 1701 3047 1772 Evangelium
3101 1704 3447 1774 praedicasse,

1872 1805 1926 1849 et
1958 1795 2011 1849 in
2037 1795 2178 1850 caelo
2200 1794 2436 1864 denique
2464 1806 2696 1849 mortem
2745 1810 2845 1863 pro
2891 1795 2959 1849 iis
2981 1798 3185 1852 obiisse
3215 1799 3451 1855 sciscere

1873 1888 2087 1942 videtur
2116 1888 2429 1958 aliquando.
2453 1889 2609 1944 Velut
2641 1905 2762 1943 cum
2788 1891 2865 1943 ait
2895 1890 3039 1944 hom.
3069 1889 3102 1943 8
3152 1891 3208 1943 in
3232 1888 3448 1955 Genes.,

1874 1995 2024 2034 num.
2067 1978 2137 2033 8:
2190 1980 2708 2034 «Considerandum
2759 1988 2844 2034 est
2881 1982 3006 2048 quia
3061 1982 3288 2049 angelus
3334 1982 3450 2037 haec

1873 2070 2115 2125 refertur
2145 2070 2211 2125 ad
2248 2071 2522 2125 Abraham
2574 2070 2810 2135 locutus,
2868 2082 2922 2126 et
2969 2073 3098 2141 quia
3155 2073 3208 2127 in
3255 2088 3449 2129 conse-

1872 2163 2161 2233 quentibus
2187 2162 2469 2218 evidenter
2499 2164 2588 2218 hic
2635 2164 2862 2233 angelus
2894 2164 3154 2220 Dominus
3196 2167 3446 2221 ostendi-

1875 2264 1984 2309 tur.
2012 2253 2168 2309 Unde
2220 2264 2350 2324 puto
2402 2256 2546 2324 quod
2582 2255 2726 2310 sicut
2776 2256 2918 2311 inter
2946 2271 3045 2311 nos
3072 2258 3319 2314 homines
3354 2259 3451 2313 ha-

1871 2346 1987 2400 bitu
2050 2356 2297 2415 repertus
2347 2357 2433 2402 est
2488 2356 2547 2402 ut
2585 2348 2768 2413 homo,
2821 2348 2893 2403 ita
2943 2358 3002 2404 et
3046 2349 3187 2405 inter
3230 2350 3449 2421 angelus

1872 2439 2057 2493 habitu
2083 2450 2168 2494 est
2193 2448 2439 2508 repertus
2470 2449 2527 2493 ut
2560 2440 2801 2509 angelus.
2836 2460 2855 2493 ι
2905 2440 2970 2496 Et
3016 2455 3138 2496 cum
3179 2450 3326 2497 tomo
3377 2458 3449 2497 xv

1872 2534 1927 2587 in
1952 2531 2175 2597 Hatth.,
2210 2548 2361 2587 num.
2390 2532 2444 2597 7,
2473 2533 2696 2603 angelos
2753 2532 2954 2588 Christi
2998 2533 3294 2600 discipulos
3345 2548 3444 2602 ap-

1873 2624 2062 2693 pellari
2097 2639 2262 2693 posse
2321 2624 2521 2678 asserit
2562 2638 2577 2678 :
2624 2624 2852 2679 Φθάνειν
2898 2624 3007 2696 γὰρ
3053 2626 3149 2679 ἐπὶ
3193 2625 3449 2691 τοιαύτας

1872 2715 2132 2786 δυνάμεις
2181 2714 2242 2769 τὸ
2294 2715 2402 2770 τῶν
2443 2716 2703 2789 μαθητῶν
2763 2716 2937 2787 Ἰησοῦ
2984 2716 3156 2789 ὄνομα
3205 2716 3448 2787 εὔλογον,

1873 2807 1961 2860 ἵνα
1994 2806 2068 2877 μὴ
2105 2806 2264 2877 μόνον
2286 2810 2335 2861 οἱ
2368 2807 2646 2880 ἄνθρωποι
2670 2807 2821 2879 αὐτῷ
2852 2807 3285 2881 μαθητεύωνται,
3314 2808 3450 2865 ἀλλὰ

1875 2898 1970 2949 καὶ
1994 2899 2044 2950 οἱ
2071 2897 2288 2966 ἄγγελοι
2326 2891 2407 2962 οἷς
2443 2897 2621 2969 ὤφθη,
2658 2900 2752 2953 καὶ
2785 2899 2841 2953 εἴ
2877 2918 2962 2964 τις
2993 2900 3143 2972 αὑτῷ
3171 2899 3451 2955 πιστεύειν

1876 2987 2123 3059 βούλεται
2176 2988 2284 3041 ἀπὸ
2337 2989 2534 3053 παντὸς
2592 2991 2853 3062 ὀνόματος
2907 2991 3329 3063 ὀνομαζομένου,
3386 2991 3450 3047 οὐ

1879 3079 2035 3149 μόνον
2061 3079 2118 3132 ὲν
2150 3078 2227 3149 τῷ
2259 3078 2416 3133 αἰῶνι
2445 3079 2639 3152 τούτῳ,
2688 3079 2823 3134 ἀλλὰ
2859 3081 2953 3135 καὶ
2988 3082 3045 3134 ὲν
3069 3078 3147 3151 τῷ
3181 3079 3448 3149 μέλλοντι.

1877 3171 1944 3224 Et
1977 3185 2097 3224 cum
2130 3178 2259 3225 tom.
2281 3186 2373 3226 Vill
2401 3179 2587 3225 contra
2611 3168 2774 3235 (λιιι,
2808 3170 3084 3226 Christum
3120 3171 3251 3225 dicit
3277 3167 3448 3241 πολλῇ

1875 3260 2101 3332 δυνάμει
2151 3262 2557 3334 ὲπεσπαρκέναι
2591 3261 2681 3314 τὸν
2716 3262 2975 3318 καθαρὸν.
3009 3264 3109 3333 τῆς
3143 3260 3450 3325 θεοσεὸείας

1876 3355 2032 3424 λόγον
2070 3357 2136 3426 τῇ
2169 3356 2317 3428 πάσῃ
2350 3356 2457 3409 τῶν
2504 3354 2806 3428 ἀνθρώπων
2849 3356 3142 3427 οἰκουμένῃ
3175 3372 3190 3386 ο
3223 3356 3285 3409 οὑ
3315 3353 3451 3425 ψεύ-

1879 3463 2042 3517 σομαι
2071 3447 2157 3519 δὴ,
2195 3449 2387 3517 inquit,
2425 3448 2737 3521 προστιθεὶς
2771 3449 2865 3502 καὶ
2890 3448 3085 3517 λέγων,
3116 3450 3202 3501 ὃτι
3222 3449 3315 3501 καὶ
3340 3446 3453 3502 τῶν

1876 3538 2050 3591 ἄλλων
2071 3538 2305 3607 λογικῶν
2339 3540 2434 3593 καὶ
2461 3540 2729 3611 δεομένων
2748 3540 3106 3611 διορθώσεως,
3142 3541 3237 3594 καὶ
3286 3539 3453 3612 θερα-

1878 3630 2060 3695 πείας,
2095 3630 2190 3684 καί⁵
2218 3629 2524 3701 μεταϐολῆς
2560 3631 2661 3702 τῆς
2691 3630 2799 3685 ἀπὸ
2824 3630 2924 3701 τῆς
2957 3630 3176 3694 κακίας.
3238 3630 3452 3684 Etcum

1878 3725 2056 3793 primo
2088 3724 2144 3777 in
2175 3724 2439 3779 Joannem
2472 3733 2639 3788 tomo,
2666 3738 2818 3779 num.
2848 3723 2940 3785 54,
2980 3722 3332 3778 Servatorem
3372 3723 3452 3777 ait

1878 3815 2082 3870 factum
2112 3815 2293 3869 omnia
2325 3816 2598 3879 omnibus,
2627 3826 2685 3868 ut
2717 3828 2909 3870 omnes
2941 3813 3306 3878 lucrifaceret,
3332 3813 3453 3883 qui-

1877 3921 2090 3977 cunque
2149 3907 2379 3961 salutem
2426 3907 2650 3977 adipisci
2704 3915 2979 3977 poterant,
3030 3907 3174 3975 quod
3225 3904 3456 3960 rationis

1878 4011 2064 4059 essent
2091 4000 2426 4071 participes;
2465 4008 2575 4053 tum
2606 4012 2695 4054 res
2720 4000 2931 4054 ratione
2960 3998 3223 4069 pollentes
3256 4010 3452 4052 recen-

1877 4105 1983 4159 set,
2015 4108 2317 4163 earumque
2349 4092 2618 4163 triplicem
2646 4090 2933 4147 constituit
2969 4091 3165 4145 seriem
3194 4104 3209 4155 ;
3240 4103 3305 4144 ac
3334 4088 3455 4159 pri-

1878 4202 2022 4240 mam
2053 4185 2262 4256 angelis
2292 4186 2553 4253 assignat,
2603 4192 2659 4237 et
2713 4181 2928 4237 dubitat
2968 4180 3163 4235 deinde
3188 4179 3465 4251 posterio—

1878 4293 2041 4333 resne
2068 4287 2250 4348 partes
2275 4277 2514 4332 ascribat
2546 4275 2880 4340 hominibus,
2918 4286 2988 4327 an
3037 4276 3149 4336 τοῖς
3190 4270 3459 4345 καταχθο-

1880 4371 2033 4435 νίοις,
2061 4385 2294 4440 quorum
2331 4383 2362 4423 e
2391 4383 2618 4423 numero
2650 4368 2941 4428 daemones,
2996 4366 3082 4421 vel
3114 4379 3325 4430 omnes,
3369 4362 3465 4417 vel

204 4471 453 4529 smulque
484 4461 687 4515 asserit
717 4475 969 4529 magnum
996 4473 1118 4513 esse
1153 4459 1489 4527 pontiﬁcem,
1538 4472 1646 4510 non
1682 4469 1780 4524 pro
1813 4474 1858 4529 ι)
1884 4464 2096 4532 aliquos
2126 4476 2249 4516 esse
2277 4470 2542 4515 autumat.
2570 4458 2776 4512 Etcum
2810 4459 2949 4513 libro
2979 4457 3153 4528 primo
3175 4456 3461 4511 Commen-

206 4551 515 4609 hominilms
547 4554 728 4617 modo,
756 4552 848 4606 sed
882 4567 977 4621 pro
1001 4551 1146 4605 omni
1179 4553 1343 4605 etiam
1375 4550 1518 4619 quod
1554 4548 1782 4602 rationis

203 4654 347 4698 esset
377 4660 548 4714 capax
577 4662 591 4709 ;
625 4654 790 4712 atque
819 4644 892 4696 ita
923 4643 1141 4696 demum
1174 4642 1455 4697 concludit
1486 4659 1499 4693 :
1533 4640 1644 4695 Καὶ
1671 4638 1781 4712 γὰρ

202 4737 399 4791 ἁτοπον
453 4738 597 4809 ὑπὲρ
637 4738 997 4808 ἀνθρωπίνων
1030 4740 1127 4809 μὲν
1158 4736 1318 4790 αὐτὸν
1346 4736 1575 4805 φάσκειν
1602 4736 1783 4805 ἁμαρ-

201 4828 462 4897 τημάτων
514 4829 813 4897 γεύσασθαι
859 4830 1107 4892 θανάτου,
1135 4826 1318 4881 οὐκέτι
1350 4826 1406 4878 δὲ
1437 4826 1579 4898 ὑπὲρ
1622 4826 1781 4879 ἄλλου

203 4922 346 4984 τινὸς
402 4922 553 4993 παρὰ
606 4923 696 4977 τὸν
744 4922 1028 4994 ἄνθρωπον
1072 4924 1128 4974 ἐν
1162 4921 1525 4991 ἁμαρτήμασι
1559 4936 1783 4989 γεγενη·

207 5014 389 5082 μένου,
428 5010 539 5068 οἷον
578 5016 717 5087 ὑπὲρ
756 5016 989 5085 ἄστρων,
1022 5013 1140 5065 οὐδὲ
1179 5011 1287 5065 τῶν
1319 5009 1533 5082 ἄστρων
1567 5010 1783 5073 πάντως

205 5106 461 5177 καθαρῶν
516 5108 681 5159 ὗντων
734 5104 963 5159 ἐνώπιον
990 5104 1083 5157 τοῦ
1133 5102 1293 5166 Θεοῦ,
1338 5102 1413 5167 ὡς
1456 5104 1513 5155 ὲν
1542 5102 1619 5172 τῷ
1660 5100 1781 5154 Ἰὼϐ

206 5200 548 5271 ἀνέγνωμεν·
574 5201 749 5271 ἄστρα
794 5200 850 5253 δὲ
891 5200 969 5252 οὐ·
987 5197 1204 5268 καθαρὰ
1230 5196 1460 5250 ἐνώπιον
1499 5196 1663 5250 αὑτοῦ
1684 5214 1696 5226 ·
1734 5196 1784 5248 εἰ

210 5291 282 5362 μὴ
314 5293 423 5365 ἄρα
455 5293 828 5364 ὑπερϐολικῶς
861 5292 1020 5345 τοῦτο
1039 5292 1275 5363 εἴρηται.
1328 5289 1514 5343 Simile
1549 5288 1676 5357 quid
1702 5287 1783 5342 in-

207 5384 321 5438 nuit
371 5396 503 5441 tom.
553 5402 589 5440 it
646 5387 702 5440 in
754 5384 948 5451 Joan.,
1002 5400 1151 5439 num.
1192 5382 1280 5448 16,
1322 5397 1445 5437 cum
1506 5380 1779 5435 Christum

209 5472 383 5531 lucem
407 5494 529 5534 esse
554 5479 649 5546 ait,
688 5495 793 5533 non
834 5478 1115 5534 hominum
1144 5478 1429 5541 duntaxat,
1466 5474 1559 5529 sed
1597 5481 1649 5528 et
1687 5486 1782 5526 eo-

209 5582 325 5623 rum
369 5572 615 5627 omuium
663 5573 758 5643 qui
806 5572 1038 5629 rationis
1083 5584 1310 5630 capaces
1356 5577 1499 5624 sunt.
1550 5565 1655 5623 Nec
1688 5566 1772 5622 his

282 5749 329 5782 "
357 5751 523 5821 Apoc.
564 5768 672 5821 xiv,
702 5753 757 5807 6.

1886 4554 2147 4607 tariorum
2194 4552 2247 4605 in
2297 4550 2600 4621 Epistulam
2637 4550 2706 4602 ad
2746 4547 2923 4614 Rom.,
2984 4563 3135 4604 num.
3176 4547 3231 4612 4,
3263 4552 3461 4617 quaerit

1885 4662 1952 4699 an
1976 4660 2080 4698 non
2108 4644 2360 4699 Christus
2390 4661 2410 4694 ε
2432 4640 2812 4697 manifestatus
2837 4640 2890 4693 in
2923 4654 3115 4703 carne,
3143 4654 3265 4695 cum
3291 4654 3461 4709 appa-

1887 4738 2061 4792 ruerit
2089 4735 2317 4807 angelis,
2343 4754 2362 4787 ι
2385 4734 2540 4802 juxta
2572 4734 2909 4804 Apostolum,
2934 4734 3012 4789 eis
3042 4735 3245 4803 absque
3277 4733 3463 4787 Evan-

1889 4830 2029 4901 gelio
2078 4845 2185 4885 non
2232 4827 2546 4898 apparuerit
2593 4845 2608 4881 :
2663 4836 2773 4880 tum
2815 4827 3035 4895 subjicit
3065 4827 3299 4882 deinde:
3344 4845 3362 4878 ι
3400 4824 3466 4881 Si

1888 4937 2018 4991 ergo
2042 4936 2165 4974 cum
2190 4919 2439 4989 apparuit
2468 4918 2625 4973 nobis
2656 4918 2987 4983 hominibus,
3015 4934 3120 4973 non
3145 4919 3261 4973 sine
3288 4918 3471 4973 Evam

1888 5012 2029 5082 gelio
2079 5011 2349 5081 apparuit,
2415 5009 2801 5077 consequentia
2870 5010 3087 5064 videtur
3137 5009 3467 5075 ostendere,

1890 5103 2035 5172 quod
2062 5102 2228 5154 etiam
2264 5100 2511 5171 angelico
2543 5100 2719 5155 ordini
2749 5116 2858 5154 non
2886 5100 3005 5155 sine
3038 5101 3334 5171 Evangelio
3364 5115 3464 5167 ap-

1893 5194 2159 5264 paruerit,
2196 5192 2287 5246 illo
2310 5191 2559 5247 fortassis
2590 5193 2733 5261 quod
2766 5202 3029 5248 aeternum
3062 5192 3464 5262 Evangeliuma

1889 5284 2097 5341 Joanne
2149 5293 2506 5338 memoratum
2556 5284 2602 5316 ⁷⁷
2662 5300 2825 5355 supra
2865 5285 3204 5341 edocuimus.
3244 5282 3301 5337 Si
3332 5295 3468 5335 vero

1889 5383 2052 5436 etiam
2078 5380 2134 5434 in
2171 5378 2399 5450 reliquis
2438 5380 2760 5437 caelestibus
2804 5379 3087 5434 ordinibus
3124 5378 3232 5433 tale
3261 5375 3463 5446 aliquid

1891 5485 2101 5545 gestum
2142 5487 2265 5528 esse
2310 5473 2379 5527 ah
2408 5489 2473 5528 eo
2504 5472 2887 5544 suspicandum
2922 5472 3017 5537 sit,
3046 5471 3099 5525 in
3125 5484 3186 5524 ea
3217 5483 3323 5537 qua
3352 5467 3465 5521 sin-

1898 5568 2007 5640 guli
2038 5568 2241 5639 quique
2273 5576 2399 5624 sunt
2422 5566 2595 5624 forma
2623 5580 2890 5639 apparens
2922 5565 3019 5634 eis,
3046 5571 3103 5619 et
3131 5560 3471 5619 annuntians
