3860 6230
161 334 268 392 839

974 320 1548 383 ORIGENIANORUM
1586 319 1714 375 LlB.
1757 319 1822 384 ll,
1862 318 2015 376 CAP.
2055 316 2127 383 11,
2158 314 2439 385 QUEST.
2480 316 2569 371 Ill.

3300 311 3413 365 850

166 452 410 510 matioue
450 446 770 505 saeculorum
801 445 825 499 ?
862 465 880 498 ι
924 443 1113 499 Potius
1143 450 1227 498 est
1270 450 1330 495 ut
1380 440 1624 494 dicamus
1657 436 1733 492 ιε·
1763 444 1808 497 Α
1838 435 2218 500 terrestribus,
2253 435 2346 490 sed
2381 433 2547 488 etiam
2581 444 2687 500 pro
2714 426 3028 483 ctelestibus
3068 424 3281 479 oblatus
3324 434 3410 479 est

166 548 423 613 gendum,
474 543 566 596 ἐπὶ
586 541 684 612 τῆς
716 539 1024 602 συντελείας
1065 536 1157 590 τοῦ
1196 534 1414 597 αἰῶνος,
1472 532 1616 586 facili
1647 531 1736 584 lit-

171 650 409 693 terarum
444 633 876 705 permutatione:
902 646 1025 684 nam
1055 639 1110 684 et
1134 628 1227 683 lib.
1286 643 1319 680 v
1374 628 1433 680 in
1467 624 1636 691 Epist.
1668 622 1737 676 ad

175 732 352 797 Rom.,
417 744 563 784 num.
625 724 716 791 10,
768 740 891 795 pag.
940 722 1065 787 568,
1123 722 1215 776 ubi
1272 720 1437 774 vertit
1485 716 1736 779 Ruﬁnus,

176 844 195 877 ι
224 824 413 878 mortis
437 822 616 890 hujus,
655 836 817 890 quam
854 821 905 873 in
933 816 1254 872 sasculorum
1293 815 1401 868 tine
1425 811 1688 881 suscepit,
1715 830 1735 862 ι

172 917 470 974 verisimile
495 925 580 972 est
608 914 898 981 scripsisse
932 911 1119 965 itidem
1147 908 1461 979 Origenem,
1512 906 1604 958 ἐπὶ
1643 907 1743 976 τῆς

178 1009 485 1073 συντελείας
528 1006 622 1060 τοῦ
674 1005 887 1067 αἰῶνος.
941 1002 998 1057 Id
1050 1002 1093 1056 si
1146 1002 1218 1054 ita
1262 1006 1365 1062 est,
1411 996 1742 1067 Origeniano

176 1104 301 1158 huic
332 1101 453 1157 loco
486 1101 684 1154 lemma
728 1093 1035 1164 hujusmodi
1079 1091 1421 1146 Justinianus
1471 1087 1745 1142 immerito

178 1192 472 1265 praeﬁxerit
496 1208 510 1244 :
537 1190 660 1241 Ὅτι
690 1188 783 1240 καὶ
807 1187 944 1257 ὑπὲρ
973 1184 1239 1255 δαιμόνων
1271 1182 1352 1235 δεῖ
1377 1181 1468 1233 τὸν
1512 1177 1747 1249 Χριστὸν

181 1285 579 1356 σταυρωθῆναι,
608 1283 703 1337 καὶ
727 1279 985 1342 πολλάκις
1011 1276 1167 1331 τοῦτο
1199 1276 1281 1338 εἰς
1299 1274 1426 1337 τοὺς
1457 1271 1746 1343 ἐσομένους

182 1378 401 1439 αἰῶνας.
435 1394 452 1427 ι
482 1373 747 1444 Oportere
786 1369 1061 1426 Christum
1095 1366 1259 1420 etiam
1286 1378 1386 1435 pro
1416 1361 1750 1418 daemonibus

182 1468 450 1538 cruciﬁgi,
481 1466 645 1534 idque
675 1462 871 1531 sapius
899 1459 951 1513 in
982 1457 1179 1512 futuris
1223 1454 1472 1511 saeculis:
1528 1470 1549 1505 ι
1601 1452 1748 1521 quod

184 1575 312 1616 cum
344 1568 499 1612 extra
533 1555 785 1609 ordinem
814 1553 868 1606 in
904 1549 1084 1605 fronte
1116 1546 1535 1603 describendum
1580 1552 1749 1607 esset,

182 1651 325 1708 male
357 1647 711 1718 sequentibus
731 1644 783 1697 in
812 1656 975 1696 unam
1001 1640 1197 1695 seriem
1232 1646 1493 1692 attextum
1530 1644 1635 1690 est.

254 1740 442 1798 XXIV.
483 1739 640 1794 Certe
667 1738 735 1790 de
778 1742 953 1789 morte
1002 1747 1033 1785 a
1067 1730 1286 1787 Christo
1315 1729 1549 1797 oppetita
1588 1726 1749 1781 aliter

1840 528 2018 584 hostia
2056 525 2235 592 Jesus,
2282 535 2337 581 et
2364 526 2454 580 hie
2499 521 2715 593 quidem
2757 534 2855 589 pro
2892 518 3203 574 hominibus
3237 518 3407 586 ipsam

1840 619 2174 688 corporalem
2217 617 2496 672 materiam
2530 614 2809 685 sanguinis
2837 613 2918 667 sui
2962 612 3134 665 fudit:
3163 610 3216 664 in
3247 610 3411 664 etule-

1841 712 2013 766 stnbus
2044 725 2176 766 vero
2198 710 2637 764 ministrantibus
2689 708 2772 776 (si
2809 705 2901 775 qui
2946 704 3021 757 illi
3072 703 3204 756 inibi
3247 698 3419 769 sunt)

1844 803 2246 867 sacerdotibus,
2277 802 2496 856 vitalem
2530 799 2774 870 corporis
2812 798 2894 852 sui
2929 796 3228 860 virtutem,
3267 792 3415 846 Velut

1842 893 2124 964 corporale
2162 894 2432 962 quoddam
2462 890 2813 955 sacriﬁcium,
2847 886 3169 942 immolavit.
3199 903 3217 936 ι
3252 884 3414 937 Addit

1843 987 2037 1042 deinde
2079 985 2347 1056 duplicem
2381 985 2432 1038 in
2469 998 2533 1038 eo
2566 982 2736 1037 fuisse
2780 982 3051 1045 hostiam,
3098 993 3259 1032 unam
3306 988 3417 1031 ter-

1846 1079 2111 1135 restribus
2162 1077 2597 1139 convenientem,
2631 1074 2792 1127 aliam
2836 1082 3019 1141 aptam
3062 1067 3417 1132 etelestibus;

1845 1180 2047 1226 etcum
2090 1168 2288 1247 duplici
2337 1168 2428 1221 illo
2479 1167 2779 1230 velamine,
2836 1165 2978 1234 quod
3030 1168 3421 1217 commemorat

1848 1261 2043 1316 Paulus
2071 1261 2123 1314 in
2168 1260 2407 1328 Epistola
2436 1260 2503 1313 ad
2537 1256 2796 1312 Hebratos
2827 1256 2896 1322 ⁸³,
2924 1269 3053 1309 caro
3085 1252 3311 1316 Christi,
3365 1258 3421 1304 et

1851 1354 2047 1409 coelum
2075 1352 2219 1423 quod
2254 1354 2370 1421 ipse
2410 1349 2740 1420 penetravit,
2776 1347 3180 1418 signiﬁcentur,
3225 1342 3420 1412 duplex

1849 1446 2079 1519 proinde
2126 1444 2534 1515 intelligendum
2586 1454 2708 1495 esse
2765 1438 3091 1494 sacriﬁcium
3138 1450 3233 1505 per
3276 1435 3421 1502 quod

1853 1538 2205 1594 terrestribus
2226 1545 2281 1591 et
2309 1534 2622 1591 etelestibus
2656 1532 2881 1588 salutem
2916 1527 3263 1599 compararit.
3300 1524 3425 1580 Haec

1854 1640 2057 1687 attente
2088 1639 2370 1700 perSpecta
2392 1626 2783 1696 expositionem
2807 1638 2928 1692 quae
2950 1622 3015 1675 ad
3049 1634 3200 1673 oram
3218 1618 3425 1687 adjecta

1855 1732 1965 1788 est,
2003 1719 2291 1776 manifesto
2321 1726 2606 1787 respuent,
2641 1732 2744 1786 qua
2781 1715 3004 1769 cteleste
3033 1710 3163 1764 illud
3217 1708 3430 1762 sacriﬁ-

184 1836 422 1893 sensisse
453 1830 741 1900 Origenem
793 1842 857 1881 ac
902 1826 1062 1895 vulgo
1105 1824 1155 1876 in
1207 1836 1326 1876 eum
1369 1821 1630 1891 jactatur,
1686 1832 1755 1871 ex
1791 1801 1831 1857 Β
1857 1816 1999 1871 cium
2031 1810 2430 1867 Eucharistiam
2461 1822 2605 1870 esse,
2666 1813 2925 1861 terrestre
2972 1816 3102 1855 vero
3145 1798 3430 1855 toleratam

183 1925 486 2000 perspectis
520 1929 727 1976 attenta
775 1916 1213 1973 consideratione
1252 1913 1370 1983 ejus
1414 1911 1599 1966 verbis
1628 1926 1757 1964 con-

182 2018 456 2088 jecturam
510 2015 703 2082 capio;
762 2023 937 2078 neque
991 2008 1133 2062 enim
1175 2001 1489 2075 persuaderi
1537 2016 1755 2070 possum

186 2118 397 2164 tantum
434 2108 486 2162 in
528 2120 593 2160 eo
626 2102 795 2158 fuisse
821 2101 1089 2157 vecordia:
1111 2140 1126 2164 ,
1158 2107 1217 2151 ut
1253 2098 1448 2151 iterata
1479 2094 1756 2150 Christum

185 2202 273 2257 vel
311 2213 559 2270 passum,
588 2194 675 2250 vel
711 2207 992 2263 passurum
1045 2204 1166 2244 esse
1201 2184 1758 2254 ercderetsupphcia,

186 2305 285 2350 aut
314 2296 367 2347 in
395 2291 558 2356 cmlo,
594 2297 687 2343 aut
715 2289 767 2341 in
805 2298 971 2347 aere;
1005 2281 1091 2336 vel
1133 2279 1343 2350 angeli,
1381 2278 1468 2335 vel
1502 2277 1761 2332 daemonis

188 2388 436 2442 indutum
466 2383 665 2437 forma.
706 2375 1001 2434 Calumniae
1049 2374 1177 2429 huic
1210 2370 1508 2439 praebuisse
1551 2368 1763 2422 videtur

188 2490 376 2531 ansam
409 2487 549 2527 unus
580 2471 668 2536 ille
692 2470 848 2524 locus
904 2477 1063 2534 quem
1089 2463 1389 2533 ,prol'erunt
1428 2458 1763 2514 Justinianus

189 2581 247 2625 et
278 2568 657 2637 llieronymus.
693 2562 827 2617 Nam
876 2559 1040 2613 alium
1076 2556 1277 2611 nullum
1331 2555 1606 2624 expressis
1660 2553 1766 2607 hae-

191 2675 383 2717 reseos
414 2659 573 2728 hujus
598 2656 741 2711 notis
781 2653 1048 2723 insignem
1083 2650 1220 2717 apud
1257 2662 1379 2701 eum
1413 2648 1646 2717 reperio,
1669 2660 1768 2719 nec

190 2755 334 2809 ullos
366 2752 417 2807 in
448 2752 515 2805 iis
546 2748 821 2804 exstitisse
851 2716 1319 2798 lucubrationibus
1360 2716 1770 2794 verisimileest

193 2860 316 2916 qua:
343 2842 734 2897 interciderunt
760 2854 776 2902 ;
808 2852 911 2892 nec
949 2849 1044 2890 eos
1080 2834 1279 2904 quippe
1311 2832 1546 2887 intactos
1577 2830 1770 2882 adver-

196 2937 331 2995 sarii
349 2936 465 3007 ejus
489 2931 988 3003 pratermisissent.
1014 2927 1084 2981 At
1106 2925 1281 2980 locum
1311 2923 1455 2979 hunc
1481 2919 1773 2977 Justiniani

198 3040 521 3098 corruptum
562 3026 729 3080 fuisse
760 3018 1276 3078 demonstravimus.
1325 3014 1476 3081 Quod
1507 3014 1552 3068 si
1582 3010 1776 3066 Hiero-

199 3121 354 3195 nymi
385 3115 818 3189 interpretationi
868 3113 1240 3167 adhaereamus
1263 3149 1280 3175 ,
1313 3122 1420 3162 non
1451 3114 1558 3159 tam
1593 3114 1775 3171 aperta

201 3210 618 3274 eritsententia,
652 3216 711 3262 ut
757 3205 882 3260 inde
924 3201 1187 3271 consequi
1221 3200 1411 3255 demus
1458 3198 1512 3252 id
1545 3196 1777 3251 voluisse

203 3307 313 3362 sibi
364 3304 692 3375 Origenem,
748 3296 1024 3354 Christum
1057 3308 1156 3363 pro
1205 3291 1541 3348 daemonibus
1581 3290 1777 3345 iterum

206 3408 441 3456 mortem
480 3395 871 3466 appetiturum.
929 3392 1218 3448 Maximam
1253 3395 1511 3455 praeterea
1547 3391 1602 3437 et
1644 3396 1781 3450 prte-

206 3493 422 3562 eipuam
475 3486 743 3558 dogmatis
797 3483 959 3555 hujus
1014 3490 1242 3551 partem,
1302 3490 1420 3547 quas
1461 3489 1560 3544 pro
1609 3472 1783 3527 salute

208 3588 514 3641 daemonum
534 3581 834 3635 daemonem
862 3579 1102 3631 futurum
1130 3571 1405 3627 Christum
1435 3567 1644 3630 statuit,
1679 3565 1785 3617 mi-

213 3679 361 3734 nime
387 3678 440 3731 in
476 3672 729 3743 Origenis
763 3678 979 3725 exstare
1010 3666 1164 3720 libris
1193 3663 1397 3717 fatetur
1424 3658 1787 3726 Hieronymus

212 3773 376 3842 epist.
400 3769 464 3823 61
496 3768 562 3822 ad
585 3767 765 3829 Avit.,
793 3776 914 3831 cap.
941 3760 999 3827 4,
1034 3758 1130 3813 sed
1164 3771 1229 3812 ex
1261 3754 1378 3824 ejus
1410 3760 1614 3807 tantum
1662 3762 1789 3818 pro-

212 3841 479 3920 nuntiatis
507 3855 810 3913 necessario
837 3851 1103 3922 proﬂuere
1124 3847 1425 3903 arbitratus
1459 3850 1576 3907 est;
1606 3841 1789 3894 itidem

215 3966 279 4011 ut
324 3950 728 4008 Alexandrinus
779 3945 870 4001 ille
913 3937 1281 4008 Theophilus,
1335 3931 1791 4005 quemadmodum

218 4046 357 4112 dixi,
386 4058 508 4099 eum
540 4053 729 4095 eorum
767 4032 1148 4090 accusationes
1191 4038 1555 4082 recenserem.
1591 4018 1796 4075 Genui-

217 4109 350 4195 nam
404 4149 534 4206 ergo
579 4133 646 4187 de
705 4136 880 4184 morte
938 4120 1144 4180 Christi
1196 4116 1496 4175 doctrinam
1547 4109 1797 4180 Origenis

222 4232 365 4287 hanc
384 4203 547 4281 fuisse
588 4236 817 4280 censeo:
844 4215 1012 4274 semel
1034 4210 1257 4269 omnino
1274 4208 1549 4265 Christum
1576 4203 1798 4265 obiisse,

226 4328 280 4382 in
311 4323 472 4379 terris
506 4318 782 4380 nimirum,
834 4327 958 4367 cum
995 4325 1025 4364 a
1058 4307 1252 4363 Pontio
1287 4302 1462 4358 Pilato
1496 4297 1658 4352 morti
1703 4295 1800 4349 ad—

225 4421 411 4475 dictus
448 4424 533 4470 est
568 4432 583 4467 :
620 4420 908 4483 postquam
939 4412 1116 4459 autem
1154 4406 1382 4454 cruento
1406 4394 1517 4448 illic
1540 4398 1803 4446 mactatus

227 4508 502 4566 sacrificio
533 4481 813 4561 hominum
850 4508 1071 4571 peccata
1101 4494 1232 4550 eluit
1258 4531 1273 4553 ,
1309 4485 1536 4559 spiritali
1568 4481 1796 4553 quodam

229 4601 500 4659 sacriﬁcio
528 4596 853 4657 caelestium,
888 4590 1228 4655 aliarumque
1252 4594 1430 4636 rerum
1452 4617 1467 4642 ,
1497 4590 1617 4646 quae
1644 4571 1808 4626 ratio-

1859 1906 1913 1962 in
1945 1920 2109 1961 cruce
2141 1912 2366 1957 mortem
2403 1900 2685 1956 asseritur.
2720 1898 2987 1950 Prmterea
3034 1907 3138 1946 non
3175 1906 3272 1959 pro
3298 1905 3425 1959 pec-

1860 2007 2002 2061 cato,
2047 1995 2140 2049 sed
2168 2008 2267 2062 pro
2338 2003 2560 2045 munere
2586 1987 2824 2041 oblatum
2877 1985 2929 2038 in
2984 1983 3123 2037 cosio
3155 1978 3432 2033 Christum

1860 2086 2172 2159 pronuntiat
2206 2087 2350 2139 hom.
2400 2096 2437 2136 ιι
2469 2082 2525 2133 in
2555 2078 2743 2144 Levit.,
2776 2089 2923 2129 num.
2950 2073 2985 2126 5
3017 2091 3031 2127 :
3068 2090 3087 2123 ι
3115 2071 3249 2125 Vide
3280 2084 3435 2137 ergo,

1864 2157 2059 2248 inquit,
2087 2193 2152 2232 ne
2185 2177 2325 2231 forte
2363 2172 2544 2233 Jesus,
2578 2186 2741 2240 quem
2779 2165 2977 2221 Paulus
3009 2164 3055 2196 ⁸³
3082 2162 3214 2216 dicit
3246 2157 3435 2229 pacili-

1864 2286 2017 2327 casse
2043 2286 2137 2338 per
2168 2268 2486 2336 sanguinem
2521 2278 2679 2317 suum
2709 2276 2813 2314 non
2841 2258 3016 2313 solum
3034 2270 3153 2325 qua:
3172 2254 3223 2307 in
3254 2252 3435 2312 terris,

1866 2367 1958 2420 sed
1986 2374 2041 2418 et
2073 2377 2194 2432 quae
2226 2362 2278 2415 in
2306 2358 2464 2414 cmlis
2498 2362 2646 2419 sunt,
2684 2352 2825 2407 idem
2860 2352 2973 2421 ipse
3002 2350 3073 2404 sit
3099 2345 3320 2412 vitulus,
3345 2345 3441 2414 qui

1866 2459 1921 2513 in
1961 2456 2114 2513 caalis
2147 2452 2363 2523 quidem
2396 2464 2504 2504 non
2532 2461 2627 2516 pro
2657 2452 2913 2513 peccato,
2960 2441 3051 2494 sed
3088 2452 3188 2505 pro
3217 2448 3443 2489 munere

1867 2548 2081 2602 oblatus
2112 2552 2236 2599 est:
2270 2542 2327 2595 in
2365 2538 2527 2595 terris
2553 2544 2731 2590 autem
2753 2572 2769 2598 ,
2810 2531 2900 2585 ubi
2950 2529 3019 2584 ab
3064 2526 3235 2582 Adam
3271 2538 3446 2594 usque

1870 2639 1935 2694 ad
1970 2637 2206 2707 Moysem
2254 2631 2500 2703 regnavit
2531 2636 2812 2699 peccatum
2863 2622 2931 2688 “,
2987 2620 3200 2675 oblatus
3232 2618 3306 2672 sit
3349 2631 3447 2684 pro

1871 2738 2096 2800 peccato
2124 2744 2140 2782 :
2172 2725 2357 2780 ethoc
2401 2729 2486 2775 est
2531 2731 2751 2789 passum
2810 2727 2932 2769 esse
2974 2720 3128 2765 extra
3184 2716 3389 2765 castra.
3423 2724 3443 2757 ι

1872 2820 2151 2889 Quomodo
2180 2827 2358 2871 autem
2384 2812 2676 2881 unicuique
2702 2809 2755 2864 in
2785 2822 2881 2862 sua
2915 2805 3088 2860 forma
3114 2799 3449 2870 apparuerit,

1874 2912 2096 2983 exponit
2125 2911 2243 2978 ipse
2271 2918 2400 2963 tom.
2439 2921 2457 2960 ι
2485 2905 2539 2957 in
2562 2901 2752 2966 Joan.,
2786 2913 2936 2954 num.
2965 2896 3058 2957 54,
3093 2902 3148 2948 et
3177 2890 3450 2946 hominem

1877 2982 2185 3062 hominibus
2222 3001 2423 3055 factum
2468 3009 2592 3051 esse
2623 2995 2799 3056 docet,
2834 2989 3048 3060 quando
3085 3005 3104 3038 ι
3138 2982 3452 3039 manifesta—

1881 3107 1967 3151 tus
1992 3102 2080 3149 est
2114 3092 2168 3146 in
2196 3103 2396 3153 carne;
2420 3084 2466 3117 "
2492 3103 2512 3138 ι
2555 3080 2816 3151 Angelum
2838 3077 3044 3146 angelis
3065 3114 3080 3139 ,
3106 3072 3322 3143 quando
3354 3084 3453 3138 pa-

1883 3182 2134 3241 triarchis
2156 3192 2210 3236 et
2238 3176 2517 3248 prophetis
2543 3174 2692 3227 visus
2724 3179 2827 3235 est,
2861 3167 3031 3239 Moysi
3064 3175 3190 3235 puta
3223 3163 3276 3217 in
3298 3161 3452 3220 rubo;

1881 3275 2070 3333 inieris
2099 3281 2308 3336 autem,
2353 3265 2568 3338 quando
2624 3280 2643 3313 ι
2675 3260 2874 3315 Factus
2920 3266 3004 3312 est
3045 3256 3185 3309 inter
3214 3260 3462 3305 mortuos

1881 3370 2021 3423 lber
2054 3366 2158 3419 ⁸⁸.»
2210 3360 2540 3416 Praedicasse
2590 3366 2802 3424 quoque
2830 3347 3037 3419 angelis
3077 3340 3459 3412 Evangelium,

1883 3461 1987 3516 dici
2018 3464 2214 3529 potest,
2246 3451 2463 3522 quando
2492 3449 2685 3503 futurae
2714 3438 3108 3498 lncarnationis
3142 3432 3458 3506 mysterium

1885 3524 2035 3622 ipsis—
2068 3546 2315 3617 aperuit;
2383 3536 2754 3598 subterraneis
2798 3548 2949 3597 vero,
2982 3528 3197 3599 quando
3243 3542 3263 3576 ι
3288 3524 3465 3578 Pene-

1889 3643 2052 3700 travit
2088 3613 2279 3697 otnnes
2342 3632 2629 3690 inferiores
2656 3637 2840 3697 partes
2889 3634 3070 3686 teme,
3126 3626 3183 3672 et
3232 3613 3469 3685 inspexit

1890 3749 2079 3793 omnes
2118 3728 2473 3789 dormientes,
2506 3731 2562 3777 et
2600 3714 2928 3776 illuminavit
2970 3726 3159 3767 omnes
3187 3715 3474 3778 sperantes

1891 3829 1946 3885 in
1994 3824 2218 3882 Domino
2260 3820 2394 3886 37;»
2466 3815 2681 3887 quando
2744 3828 2764 3862 ι
2834 3804 3194 3864 mortiﬁcalus
3250 3797 3469 3868 quidem

1894 3934 2074 3983 carne,
2116 3913 2417 3970 viviﬁcatus
2445 3918 2626 3963 autem
2653 3903 2873 3972 spiritu,
2930 3899 2984 3954 in
3033 3910 3101 3951 eo
3150 3893 3237 3948 his
3270 3889 3362 3960 qui
3416 3889 3473 3942 in

1897 3980 2117 4067 carcere
2160 4014 2321 4062 erant
2380 4000 2658 4073 spiritibus
2703 3994 2928 4050 veniens
2987 3985 3319 4061 praedicavit,
3378 3980 3470 4049 qui

1899 4101 2162 4160 increduli
2202 4099 2419 4154 fuerant
2442 4090 2775 4163 aliquando,
2809 4084 3030 4156 quando
3074 4078 3469 4148 exspectabant

1903 4195 1995 4250 Dei
2028 4189 2344 4263 patientiam
2371 4186 2425 4239 in
2457 4184 2645 4239 diebus
2676 4178 2788 4234 Noe
2818 4176 2902 4241 ⁸⁸;
2934 4193 2953 4227 ›
3006 4170 3221 4243 quando
3276 4186 3294 4219 ι
3328 4179 3476 4220 mor-

1904 4288 2010 4344 tuis
2035 4281 2464 4352 evangelizatum
2494 4285 2600 4341 est,
2625 4284 2683 4328 ut
2710 4270 3022 4342 judicentnr
3047 4263 3264 4334 quidem
3286 4273 3481 4312 secun-

1906 4382 2033 4436 dum
2071 4375 2318 4432 homines
2364 4370 2419 4424 iu
2470 4382 2658 4430 carne,
2714 4364 2901 4419 vivant
2953 4365 3131 4411 autem
3182 4349 3477 4407 secundum

1832 4479 1883 4538 ι)
1912 4474 2077 4527 Deum
2108 4468 2162 4522 in
2198 4465 2391 4536 spiritu
2412 4461 2481 4515 ”.
2512 4478 2532 4513 ›
2572 4456 2667 4512 Vel
2695 4465 2821 4509 tunc
2851 4451 3015 4507 etiam
3042 4445 3250 4517 angelis
3278 4439 3484 4494 doctri-

1906 4578 2029 4617 nam
2068 4573 2219 4613 suam
2257 4554 2590 4626 praedicasse
2613 4546 2869 4603 dicendus
2893 4550 3009 4605 est,
3053 4552 3177 4592 eum
3207 4533 3273 4588 ad
3308 4530 3486 4586 homi-

231 4624 500 4659 ιίιετιιιυιυ
528 4624 853 4657 υωιιτοιιυιιι,
888 4624 1228 4655 ηιιαιυιιιῚυυ
1255 4624 1430 4636 nu..."
1452 4624 1467 4642 ,
1501 4624 1615 4646 τ---
1645 4624 1657 4626 γ
1678 4624 1697 4625 η
2261 4624 2273 4626 _

231 4695 318 4749 nis
341 4698 619 4760 compotes
655 4692 870 4750 essent,
896 4692 1069 4736 noxas
1101 4672 1446 4730 abstersisse.
1487 4685 1507 4719 ι
1536 4663 1650 4718 Nisi
1680 4661 1805 4731 quia
1905 4670 2000 4710 nes
2027 4652 2189 4708 verba
2232 4647 2472 4710 faciens,
2525 4648 2819 4712 praesentes
2875 4645 3091 4703 quoque
3144 4624 3362 4695 angelos
3402 4629 3486 4675 est

1532 4756 1563 4760 -
1704 4753 1716 4760 ·
1939 4747 1969 4760 ··
2083 4753 2096 4760 -
2145 4758 2161 4760 μ
2244 4741 2259 4760 I
2286 4741 2298 4760 I
2351 4736 2527 4760 ε---ηει
2573 4732 2833 4760 Ληζηη..ηρ
2863 4723 3025 4760 Ιιηιιιίι
3111 4720 3182 4760 ΘΧ
3204 4720 3258 4760 in
3300 4714 3428 4760 Luc-
3464 4725 3486 4760 ἔ

234 4786 396 4848 forte,
430 4753 480 4835 »-
509 4779 687 4848 inquit
735 4778 881 4831 hom.
918 4773 942 4825 l
977 4772 1033 4824 in
1077 4767 1267 4832 Levit.,
1318 4776 1466 4816 num.
1531 4756 1588 4821 5,
1645 4772 1663 4804 ι
1704 4753 1805 4806 hoc

235 4843 464 4946 intelligi
494 4843 666 4926 voluit
706 4863 963 4941 (Moyses)
994 4860 1136 4931 quod
1158 4855 1379 4927 sanguis
1407 4850 1537 4906 Jesu
1571 4848 1622 4901 in
1650 4843 1809 4901 Jeru-

1903 4747 2187 4801 allocutus.
2244 4741 2301 4795 Id
2351 4736 2530 4793 innuit
2573 4732 2834 4801 Origenes
2863 4723 3047 4781 homil.
3111 4720 3182 4775 2'5
3204 4720 3259 4771 in
3300 4714 3428 4769 Luc.
3464 4725 3486 4763 :

1910 4858 1928 4890 ‹
1959 4837 2123 4891 Docet
2155 4833 2320 4903 igitur
2349 4828 2602 4884 Salvator
2638 4831 2845 4886 noster,
2895 4826 2950 4873 et
2984 4814 3222 4883 Spiritus
3250 4818 3475 4864 sanctus

235 4901 408 4934 tntum
452 4901 464 4927 I
498 4901 666 4926 vuruu
706 4901 813 4941 ιιιιυ
856 4901 941 4920 δυο
995 4901 1378 4931 ‘1‘IV\IUuI-D----
1410 4901 1535 4906 ---_
2180 4901 2197 4903 _

234 4901 635 5026 salemsel'fusus
660 4969 762 5022 est,
788 4901 877 5011 ubi
903 4901 1021 5008 erat
1053 4951 1247 5010 altare,
1290 4954 1346 5001 et
1384 4942 1528 4998 basis
1572 4938 1724 5009 ejus,
1754 4942 1811 4989 et
1906 4930 1997 5000 qui
2031 4929 2240 4982 locutus
2267 4930 2351 4978 est
2397 4920 2451 4973 in
2499 4915 2811 4987 prophetis,
2860 4925 2964 4965 nou
3001 4907 3170 4962 solum
3212 4901 3489 4963 homines,

1989 5020 2001 5026 -
2121 5017 2130 5026 ι
2425 5010 2460 5026 I,
2486 5025 2492 5026 ,
2592 5016 2633 5026 Α.
2701 5006 2932 5026 -.ε-...ιη’-
2981 4995 3282 5026 ἷηιπῖοἶιὶῖιδο
3302 5011 3315 5022 ο
3350 5011 3368 5026 ι
3437 4999 3489 5026 ρ.

239 5056 649 5117 tabernaculum
696 5045 1033 5111 testimonii;
1082 5041 1175 5096 sed
1225 5049 1277 5095 et
1321 5036 1465 5107 quod
1516 5042 1810 5101 supernmn

243 5157 417 5211 altare
442 5148 589 5221 quod
618 5145 775 5200 est-in
803 5140 977 5205 etelis,
1030 5135 1123 5189 ubi
1167 5142 1220 5186 et
1254 5127 1493 5185 Ecclesia
1519 5122 1815 5195 primitivo-

244 5262 362 5303 rum
387 5213 491 5307 est,
521 5242 661 5295 idem
690 5238 806 5305 ipse
836 5234 1057 5301 sanguis
1087 5223 1404 5296 asperserit,
1436 5219 1575 5274 sicut
1605 5213 1819 5282 etApo-

246 5339 417 5397 stolus
444 5304 617 5391 dicit:
655 5304 793 5395 Quia
824 5320 1117 5395 paciﬁcavit
1156 5332 1249 5379 per
1291 5311 1597 5383 sanguinem
1641 5304 1815 5359 crucis

252 5447 378 5497 suas,
416 5430 523 5483 sive
561 5440 676 5497 qua:
710 5423 934 5474 interra
960 5421 1101 5475 sunt,
1149 5409 1252 5463 sive
1294 5419 1412 5474 quae
1454 5402 1510 5454 in
1559 5397 1704 5453 caelis
1744 5396 1812 5449 “.

255 5485 421 5583 Recte
454 5485 584 5586 ergo
614 5510 855 5569 secundo
910 5502 1155 5559 nominat
1214 5498 1387 5551 altare
1407 5533 1423 5558 ,
1463 5490 1607 5561 quod
1638 5496 1721 5543 est
1751 5485 1819 5540 ad

252 5613 455 5671 ostium
493 5577 824 5661 tabernaculi
858 5588 1174 5657 testimonii,
1219 5584 1345 5658 quia
1377 5596 1485 5637 non
1516 5577 1691 5634 solum
1721 5588 1820 5645 pro

1250 5718 1329 5765 vt,
1381 5698 1491 5763 20;
1538 5713 1593 5754 κ,
1634 5693 1727 5747 20.

1888 5689 2193 5765 ϐοιῳιεέηι,
2234 5681 2359 5765 20.“
2405 5679 2453 5765 ξς
2485 5677 2644 5765 ltum.
2683 5688 2738 5765 χ,
2782 5670 2871 5765 li.
2895 5660 3380 5765 “:tnln'ritll.ll‘lll,
3418 5654 3509 5711 l6.

324 5730 368 5762 "
399 5724 603 5781 Coloss.
659 5736 699 5784 ι,
739 5716 831 5773 20.
943 5707 1140 5784 '{Qap

1909 5020 2003 5075 sed
2063 5017 2225 5072 etiam
2280 5010 2525 5081 angelos,
2584 5016 2639 5061 et
2701 5006 2935 5058 virtutes
2981 4995 3369 5060 invisibiles“
3437 4999 3494 5044 et

1910 5111 2151 5166 deinde:
2197 5125 2216 5157 ι
2254 5101 2415 5159 Venit
2461 5100 2606 5156 enim
2662 5112 2770 5150 non
2830 5092 3072 5147 Joannes
3111 5098 3166 5142 et
3218 5084 3495 5156 pr0pheta‘.

1916 5212 2146 5266 tantum,
2179 5197 2272 5253 sed
2304 5194 2470 5249 etiam
2504 5192 2619 5260 ipse
2649 5187 2900 5242 Salvator
2922 5224 2937 5248 ,
2976 5192 3032 5238 et
3062 5178 3375 5236 hominibus
3399 5214 3415 5239 ,
3443 5183 3493 5227 et

1922 5293 2146 5364 angelis,
2173 5299 2229 5345 et
2248 5285 2541 5341 virtutibus
2569 5278 2779 5336 caeteris
2808 5276 3099 5332 salutarem
3123 5267 3501 5342 paenitentiam

1923 5386 2241 5457 prazdicare,
2284 5388 2342 5433 ut
2373 5378 2429 5432 iu
2452 5373 2673 5430 nomine
2700 5368 2823 5425 Jesu
2864 5381 3025 5422 omne
3051 5378 3189 5435 genu
3220 5360 3498 5420 ﬂectatur,

1924 5477 2253 5540 ctelestium,
2290 5470 2627 5528 terrestrium
2663 5474 2717 5521 et
2752 5463 3086 5518 infernarum
3117 5457 3183 5512 ’°.
3211 5473 3230 5508 ι
3266 5450 3506 5522 Angelos

1926 5571 2126 5643 quippe
2148 5564 2389 5639 peccatis
2438 5557 2703 5617 obnoxios
2728 5570 2851 5611 esse
2880 5549 3091 5608 censuit
3117 5588 3133 5615 ,
3167 5554 3229 5600 ut
3257 5544 3509 5599 dicemus

324 5730 368 5762 "
399 5724 603 5781 Coloss.
659 5736 699 5784 ι,
739 5721 831 5773 20.
943 5721 988 5744 "
1029 5721 1196 5832 uapr.
1250 5721 1329 5765 vr,
1382 5721 1491 5763 zu;
1539 5721 1593 5754 ιι.
1639 5721 1727 5747 zu.

258 5804 305 5837 ⁸⁸
328 5799 467 5858 Psal.
496 5804 735 5858 Lxxxvtt,
758 5789 816 5855 5,
838 5784 891 5841 6.
966 5780 1009 5816 ⁸⁷
1036 5778 1139 5837 Ecc
1165 5778 1199 5832 i.
1224 5788 1371 5841 xxiv,
1400 5771 1489 5827 45.
1563 5766 1640 5821 ⁸⁸1
1667 5766 1788 5822 l’etr

2234 5721 2362 5807 εἶνὶι
2406 5721 2670 5814 peiéf'i'v',
2686 5721 2740 5799 ti:
2790 5721 2870 5776 τίον
2895 5737 3126 5808 Philipp.
3163 5749 3234 5801 tt,
3275 5721 3369 5786 l0.
