3836 6236
1750 282 1811 341 Ρ.
1853 286 2170 346 DANIELIS
2201 293 2437 353 HUETII

3637 326 3732 382 852

478 372 642 429 lnl'ra.
675 373 786 431 Nec
808 377 1090 437 Christum
1120 386 1404 461 duntaxat,
1432 397 1524 450 sed
1557 407 1612 452 et
1640 404 1961 471 prophetas,
1998 418 2054 463 et
2088 412 2125 469 Α
2152 420 2206 467 et
2260 417 2468 483 angelis
2526 418 2664 486 ejus,
2732 438 3007 495 nunquam
3047 438 3221 486 tamen
3278 432 3386 491 illis
3450 441 3731 500 restitutio

478 470 744 500 nnnnlnlnn
796 476 1112 500 -.....:..---__-
1134 496 1220 500 _,_.
1329 487 1339 500 .
1377 492 1388 500 .
1508 491 1518 500 .
1779 498 1785 500 Α

474 470 766 537 apostolos,
794 476 1230 549 quotiescunque
1273 487 1340 539 ad
1375 491 1624 548 homines
1645 498 1950 555 orationem
1986 505 2052 561 de

472 559 670 615 divinis
702 565 862 619 rebus
885 567 1209 637 habuerunt,
1231 576 1297 629 ad
1323 580 1543 648 angelos
1560 600 1772 657 quoque
1795 559 2051 653 habuisse

468 652 656 706 eadem
684 655 902 712 humilia
933 660 1259 720 declaravit.
1296 668 1372 722 Ita
1423 683 1603 731 autem
1632 690 1687 733 et
1716 685 1922 751 angelis
1946 727 1963 752 ,
1993 701 2048 744 et

468 743 880 814 subterraneis,
931 763 986 807 et
1037 755 1351 818 hominibus
1404 765 1680 824 Christum
1735 780 2047 844 apparuisse

465 836 694 900 putavit,
744 849 803 893 ut
852 844 1025 899 unicae
1068 862 1179 903 sua:
1204 856 1393 910 mortis
1446 858 1499 911 in
1536 876 1761 930 corpore
1810 868 2043 927 humano

465 924 704 983 tolerata:
734 930 1052 992 beneﬁcium
1084 941 1148 994 iis
1177 946 1489 1013 applicaret,
1518 968 1623 1008 non
1666 968 1722 1009 ut
1746 966 2041 1030 assumptis

463 1015 674 1072 illorum
705 1022 888 1080 formis
910 1045 1074 1084 novas
1100 1047 1301 1092 mortes
1328 1043 1638 1101 sustineret.
1671 1050 1827 1115 Quod
1856 1066 2035 1111 autem

460 1107 657 1165 alicubi
713 1120 916 1172 sentire
977 1124 1209 1191 videtur,
1253 1130 1532 1188 Christum
1577 1156 1680 1195 non
1731 1158 1829 1211 pro
1869 1149 2034 1204 rebus

459 1203 619 1258 modo
677 1208 889 1265 ratione
921 1217 1162 1282 praeditis
1202 1222 1403 1279 obiisse
1449 1240 1718 1297 mortem,
1786 1239 1879 1291 sed
1934 1257 2033 1310 pro

458 1299 658 1350 creatis
697 1300 856 1354 etiam
889 1306 1306 1381 quibuscunque
1332 1316 1490 1373 facile
1518 1299 1949 1397 explicabimus,
1985 1335 2028 1389 si

461 1386 867 1446 meminerimus
924 1396 1183 1470 refragari
1231 1404 1282 1457 id
1316 1408 1574 1466 doctrinae
1609 1413 1777 1483 ipsius
1804 1434 2030 1478 contex-

455 1474 529 1526 tni
566 1486 619 1528 et
649 1482 902 1548 sequelae,
941 1504 1063 1541 nam
1097 1493 1323 1549 rationis
1366 1501 1590 1567 capacia
1617 1508 1797 1560 omnia
1832 1526 2024 1582 perpe-

454 1573 603 1618 tnum
658 1570 859 1628 habere
917 1574 1182 1637 libertatis
1214 1601 1369 1641 usum
1425 1593 1675 1659 opinatus
1734 1609 1855 1666 est;
1905 1617 2025 1672 quae

447 1654 622 1713 libera
670 1673 880 1730 autem,
941 1685 1003 1723 ea
1046 1678 1283 1741 peccatis
1337 1680 1604 1750 obnoxia;
1644 1703 1763 1756 quae
1808 1698 2017 1760 peccati

448 1764 569 1814 rea,
598 1768 660 1806 ea
698 1761 1022 1827 purgatione
1062 1780 1255 1835 egere;
1302 1776 1674 1843 purgationem
1716 1798 1845 1839 vero
1886 1803 2017 1841 con-

447 1839 594 1897 ferre
622 1846 789 1900 solam
820 1852 1022 1907 Christi
1057 1868 1284 1913 mortem
1319 1866 1579 1930 pomisse.
1626 1870 1695 1923 At
1724 1888 1810 1928 res
1843 1878 2015 1932 ratio-

443 1935 528 1988 nis
555 1951 805 2006 expertes
833 1943 1082 2002 libertate
1121 1966 1311 2008 carere
1336 1998 1351 2022 ,
1386 1971 1451 2011 ac
1480 1962 1705 2028 proinde
1754 1982 1857 2020 non
1890 1984 2016 2037 pec-

438 2042 564 2083 care
598 2036 826 2098 censuit,
871 2053 968 2091 nec
1000 2041 1243 2113 indigere
1288 2054 1610 2117 purgatione
1636 2094 1650 2118 ,
1700 2070 2013 2126 propterea-

436 2134 543 2187 que
589 2126 781 2179 mortis
811 2127 1013 2185 Christi
1066 2134 1301 2191 fructum
1338 2143 1655 2212 neutiquam
1707 2152 2007 2219 percipere.

433 2205 539 2261 Per
592 2211 768 2266 κτίσιν
831 2217 1015 2284 igitur,
1090 2224 1301 2281 ratione
1354 2205 1577 2297 praedita
1636 2205 1728 2292 Dei

434 2300 772 2369 significasse
802 2308 976 2378 ipsum
1005 2314 1293 2372 dicendum
1331 2331 1433 2387 est,
1458 2327 1635 2394 posito
1671 2345 1869 2401 genere
1906 2351 2006 2405 pro

430 2405 632 2459 specie.

418 2858 596 2904 autem
625 2857 760 2922 ipsis
792 2858 1119 2918 beneﬁcium
1148 2879 1380 2925 mortem
1423 2875 1623 2932 Christi
1671 2886 1987 2944 contulisse.

417 2937 618 2995 Eodem
665 2944 839 3013 ipsum
887 2952 1230 3011 adduxerunt
1271 2961 1376 3015 duo
1411 2962 1560 3019 Pauli
1598 2968 1725 3037 loci,
1762 2937 1985 3033 alter-ev:-

413 3028 586 3099 Epist.
619 3036 685 3089 ad
709 3036 934 3107 Ephes.,
978 3060 1095 3115 cap.
1126 3063 1165 3113 ι,
1193 3064 1340 3107 vers.
1384 3055 1472 3120 l0,
1511 3057 1652 3114 alter
1696 3028 1762 3117 ex
1807 3028 1977 3134 Epist:

411 3124 477 3175 ad
507 3123 742 3195 Coloss.,
763 3145 881 3201 cap.
917 3150 965 3200 ι,
997 3152 1142 3196 vers.
1166 3142 1257 3207 20,
1279 3158 1441 3214 quem
1473 3164 1615 3219 saepe
1643 3155 1799 3210 nobis
1826 3123 1985 3230 ogge-

407 3212 504 3269 rit.
558 3214 710 3272 Hunc
762 3223 963 3280 rectius
1017 3232 1188 3288 multo
1233 3249 1298 3289 ac
1353 3240 1546 3295 melius
1596 3243 1983 3314 interpretatur

408 3304 595 3359 homil.
638 3309 673 3362 4
706 3311 760 3364 in
803 3313 990 3384 Levit.,
1028 3336 1177 3379 num.
1209 3325 1270 3379 4.
1326 3347 1345 3379 ι
1382 3328 1489 3384 Sed
1539 3341 1596 3387 et
1649 3304 1977 3407 sanctorum,

407 3400 604 3467 inquit,
652 3405 830 3461 socios
880 3424 981 3465 nos
1011 3414 1142 3469 dicit
1172 3418 1485 3489 Apostolus,
1523 3441 1622 3483 nec
1660 3430 1877 3487 mirum.
1919 3435 1975 3490 Si

401 3489 547 3542 enim
567 3507 688 3548 cum
713 3495 872 3555 Patre
898 3503 1108 3560 etFilio
1133 3508 1335 3566 dicitur
1372 3518 1528 3572 nobis
1550 3534 1672 3575 esse
1716 3528 1975 3595 societas,

402 3589 674 3647 quomodo
713 3606 818 3645 non
865 3606 919 3649 et
963 3614 1085 3654 cum
1138 3610 1369 3676 sanctis,
1418 3626 1523 3666 non
1572 3616 1745 3673 solum
1788 3624 1878 3689 qui
1919 3624 1972 3678 in

400 3680 545 3728 terra
564 3690 711 3744 sunt,
736 3686 828 3739 sed
861 3697 915 3741 et
952 3691 1041 3758 qui
1067 3692 1117 3745 in
1141 3696 1473 3769 ctelis?quia
1515 3718 1567 3759 et
1594 3680 1844 3767 Christus
1877 3730 1974 3783 per

397 3772 718 3839 sanguinem
759 3791 914 3833 suum
947 3785 1255 3849 paciﬁcavit
1284 3792 1550 3861 caelestia,
1580 3808 1633 3853 et
1666 3808 1967 3872 terrestria,

397 3869 458 3911 ut
487 3863 799 3921 coelestibus
837 3879 1053 3931 terrena
1093 3881 1330 3938 soeiaret
1372 3886 1438 3940 ".
1465 3907 1485 3940 ι
1522 3888 1651 3957 Quae
1677 3897 1858 3953 verior
1888 3912 1970 3955 est

395 3951 527 4007 dicti
576 3956 737 4027 hujus
808 3968 1091 4032 apostolici
1133 3978 1420 4047 expositio,
1458 3990 1514 4035 et
1571 3999 1730 4052 quam
1786 4000 1967 4049 tuetur

389 4042 725 4115 Augustinus
748 4052 798 4105 in
828 4052 1137 4117 Enchiridio
1168 4068 1234 4121 ad
1257 4042 1677 4147 Laurent.,cap.
1701 4042 1963 4152 6l.vl2uotl

390 4135 436 4187 si
483 4137 609 4192 olim
662 4155 877 4213 quoque
929 4165 1218 4219 passurum
1260 4159 1559 4232 Christum,
1613 4171 1825 4240 reipsa,
1884 4181 1960 4233 uti

388 4224 582 4296 fertur,
624 4239 924 4292 autumavit
956 4242 1240 4317 Origenes,
1274 4254 1585 4321 opinionem
1624 4277 1779 4318 suam
1832 4267 1957 4322 fun-

386 4318 595 4376 daverit
639 4340 804 4397 super
837 4331 1043 4390 dictum
1100 4340 1230 4397 illud
1282 4318 1523 4404 ’Ᾰνωθεν
1561 4353 1738 4424 μέλλω
1790 4318 1956 4416 στασ-

383 4412 634 4485 ροῠσθαι,
680 4422 823 4488 quod
859 4425 910 4478 in
944 4426 1089 4484 Actis
1126 4432 1278 4490 Pauli
1324 4412 1954 4517 Christo'tribuitnrput
1986 4441 2030 4497 Ῑ)

379 4516 444 4557 ex
477 4506 710 4579 Origene
747 4514 867 4585 ipso
896 4520 1156 4580 discimus
1193 4536 1340 4584 tomo
1379 4548 1448 4587 xx
1483 4535 1536 4590 in
1572 4537 1758 4606 Joan.,
1800 4561 1948 4604 num.

379 4596 467 4650 12.

450 4692 638 4752 XXVI.
679 4698 864 4770 Neque
906 4719 1037 4762 vero
1068 4708 1120 4763 iu
1153 4724 1218 4765 eo
1263 4715 1492 4782 primum
1532 4721 1644 4778 hare
1679 4727 1743 4781 de
1773 4743 1948 4787 morte

374 4781 571 4839 Christi
621 4790 871 4848 damnata
921 4806 1003 4851 est
1049 4802 1231 4869 opinio
1304 4809 1547 4865 confutat
1581 4828 1702 4870 eam
1735 4818 1946 4875 Tertul-

374 4872 549 4930 lianus
576 4879 666 4934 lib.
705 4882 780 4937 De
818 4890 1210 4962 carneC/zristi,
1271 4912 1391 4965 cap.
1439 4902 1552 4957 14:
1583 4924 1601 4957 ‹
1631 4907 1735 4963 Sed
1778 4872 1943 4983 an...

371 4963 506 5029 lum,
538 4969 706 5035 aiunt,
733 4980 965 5041 gestavit
986 4981 1257 5042 Christus.
1286 4990 1403 5057 Qua
1450 4998 1707 5053 ratione?
1738 5002 1853 5069 Qua
1885 5016 1940 5059 et

371 5058 668 5117 hominem.
722 5068 921 5124 Eadem
966 5090 1095 5143 ergo
1134 5092 1303 5138 estet
1346 5103 1531 5157 causa,
1574 5102 1632 5146 ut
1663 5095 1934 5154 hominem

368 5161 625 5216 gestaret.
659 5156 905 5218 Christus
945 5168 1090 5224 salus
1116 5172 1352 5231 hominis
1379 5180 1511 5245 fuit;
1544 5199 1706 5241 causa
1732 5191 1941 5248 scilicet

366 5243 433 5296 ad
487 5247 874 5305 restituendum
936 5263 1077 5323 quod
1132 5266 1389 5330 perierat.
1460 5271 1631 5327 Homo
1676 5280 1934 5350 perierat,

366 5330 509 5350 LW.
787 5341 798 5350 .
870 5342 882 5350 .

1676 5330 1688 5345 .
1722 5330 1934 5350 ρ--ν--ν

366 5330 638 5389 hominem
673 5341 884 5395 restitui
925 5359 1261 5414 Oportuerat.
1309 5356 1375 5411 Ut
1410 5363 1658 5430 angelum
1703 5379 1937 5437 gestaret

364 5419 643 5493 Christus,
696 5431 829 5484 nihil
869 5437 975 5490 tale
1002 5440 1067 5493 de
1091 5458 1250 5498 causa
1283 5459 1389 5513 est,
1442 5419 1565 5508 nam
1600 5419 1733 5513 etsio
1752 5466 1929 5532 angeli

362 5515 590 5579 perditio
638 5530 917 5588 reputatur
962 5529 1015 5583 in
1071 5532 1249 5602 ignem
1292 5554 1651 5614 praeparatum
1693 5515 1926 5624 diabolo,

430 5697 474 5729 ⁹¹
502 5699 712 5760 Coloss.
746 5722 788 5775 ι,
812 5708 901 5765 20.
980 5716 1025 5749 ’ί
1048 5715 1180 5772 ibid.

2157 508 2481 573 repromissa
2515 521 2618 565 est.
2648 512 2861 569 Nullum
2895 521 3206 577 mandatum
3247 524 3313 580 de
3346 528 3530 586 salute
3558 550 3723 606 ange-

2152 594 2321 650 lormn
2348 604 2586 673 suscepit
2613 605 2857 663 Christus
2889 624 2917 663 a
2957 609 3141 669 Patre.
3165 615 3317 682 Quod
3346 618 3513 677 Pater
3548 594 3726 696 nedue

2152 694 2479 757 repromisit,
2507 711 2681 765 neque
2709 702 2979 755 mandavit
2999 742 3013 765 ,
3050 703 3295 763 Christus
3328 694 3723 773 administrare

2148 796 2253 834 non
2307 787 2499 847 potuit.
2526 806 2546 838 ι
2598 789 2747 845 llanc
2782 800 2960 847 autem
3008 795 3257 865 Origenis
3294 808 3632 862 sententiam
3666 812 3719 865 in

2145 874 2568 934 Commentarios
2603 898 2726 937 suos
2776 886 2832 940 in
2864 888 3036 955 Epist.
3092 894 3160 946 ad
3201 892 3392 961 Ephes.
3434 904 3721 957 transtulit

2142 965 2520 1038 Hieronymus,
2569 976 2721 1043 cujus
2753 978 2866 1033 haec
2905 983 3066 1037 verba
3108 994 3231 1039 sunt
3271 986 3364 1042 lib.
3407 1005 3450 1053 ι,
3492 994 3550 1047 in
3593 1010 3712 1064 cap.

2140 1074 2181 1121 ι,
2222 1075 2365 1115 vers.
2409 1062 2480 1115 2'2
2520 1082 2533 1117 :
2573 1083 2591 1116 ι
2622 1067 2732 1121 Cur
2772 1080 2950 1125 autem
2989 1077 3209 1144 omnia,
3258 1079 3310 1133 id
3355 1092 3436 1136 est
3502 1088 3709 1153 angeli,

2139 1150 2343 1219 throni,
2385 1153 2809 1223 dominationes.
2859 1173 3155 1231 potestates
3216 1180 3272 1223 et
3316 1171 3557 1229 virtutes
3609 1193 3712 1233 w-

2137 1254 2287 1308 terre,
2327 1261 2449 1315 quas
2484 1264 2756 1320 nunquam
2795 1254 3017 1311 fuerunt
3060 1262 3347 1318 contraria
3385 1266 3529 1329 Deo,
3592 1271 3710 1339 ejus

2132 1337 2358 1404 pedibus
2418 1342 2799 1412 subjiciantur,
2863 1349 3081 1405 videtur
3127 1355 3445 1413 obscurum.
3518 1337 3708 1418 Potest

2129 1429 2312 1498 itaque
2357 1438 2675 1504 responderi
2725 1442 2867 1507 quod
2912 1444 3112 1513 absque
3142 1459 3366 1516 peccato
3403 1454 3591 1510 nullus
3614 1460 3701 1521 sit,

2127 1531 2182 1575 et
2201 1523 2381 1577 sidera
2409 1526 2521 1594 ipsa
2547 1544 2651 1583 non
2670 1531 2779 1585 sint
2814 1537 3011 1589 munda
3041 1553 3223 1593 coram
3248 1541 3381 1607 Deo,
3408 1551 3701 1619 omnisque

2125 1623 2376 1668 creatura
2410 1629 2603 1685 paveat
2640 1622 2918 1681 Creatoris
2947 1629 3255 1687 adventum.
3288 1633 3448 1690 Unde
3476 1648 3535 1693 et
3569 1656 3698 1696 crux

2124 1704 2425 1761 Salvatoris
2456 1723 2560 1764 non
2590 1712 2761 1767 solum
2782 1729 2844 1769 ea
2866 1732 2983 1786 quae
3013 1719 3066 1774 in
3108 1732 3273 1785 terra,
3311 1726 3407 1780 sed
3438 1730 3608 1784 etiam
3637 1748 3696 1787 ea

2120 1810 2240 1861 quae
2283 1797 2335 1850 in
2373 1800 2532 1856 caelis
2569 1815 2753 1869 erant,
2793 1822 3053 1879 purgasse
3094 1813 3446 1884 perhibetur;
3475 1839 3496 1872 ι
3543 1833 3601 1877 et
3644 1827 3696 1880 in

2117 1903 2237 1957 cap.
2277 1905 2337 1955 ll,
2392 1905 2539 1948 vers.
2604 1897 2670 1950 14
2704 1915 2721 1954 :
2760 1918 2777 1950 ι
2806 1901 3071 1957 Cancrum
3132 1908 3221 1974 qui
3280 1910 3411 1965 illud
3443 1915 3694 1983 Apostoli

2115 1978 2263 2049 legit,
2321 1983 2388 2036 de
2423 1984 2641 2043 Christo
2697 1997 3087 2053 memorantis:
3132 1998 3325 2058 Pacem
3360 2004 3575 2063 faciens
3596 2027 3693 2081 per

2112 2083 2431 2150 sanguinem
2474 2089 2655 2142 crucis
2694 2104 2807 2146 suae
2846 2093 2930 2149 his
2969 2110 3088 2165 qua:
3132 2098 3184 2153 in
3225 2110 3374 2157 terra
3405 2118 3610 2172 erant,
3640 2120 3691 2166 et

2109 2173 2195 2228 his
2219 2189 2337 2245 quae
2364 2177 2416 2231 in
2454 2180 2607 2235 caelis
2638 2183 2706 2236 ".
2732 2224 2745 2238 .
2771 2222 2785 2238 .
2806 2224 2820 2238 .
2856 2186 2995 2243 hanc
3053 2198 3219 2246 totam
3265 2196 3685 2269 intelligentiam

2107 2266 2173 2319 ad
2200 2270 2438 2338 angelos,
2461 2273 2795 2345 virtutesque
2825 2280 3091 2350 caelestes,
3122 2295 3175 2341 et
3201 2288 3266 2340 ad
3296 2291 3516 2348 animas
3548 2306 3685 2350 tem-

2104 2356 2312 2423 perabit
2365 2360 2791 2420 humanas....
2841 2379 3006 2439 atque
3056 2374 3126 2428 ita
3177 2376 3293 2432 ﬁeri
3334 2383 3570 2449 putabit,
3625 2398 3683 2441 ut

2102 2464 2233 2504 crux
2260 2452 2466 2508 Domini
2494 2471 2599 2510 non
2626 2458 2797 2513 solum
2817 2469 2994 2531 terra,
3017 2467 3110 2521 sed
3136 2477 3192 2521 et
3213 2471 3351 2525 caelo
3376 2475 3678 2543 profuerit’;

2100 2555 2206 2595 non
2254 2543 2428 2599 solum
2484 2548 2810 2615 hominibus,
2862 2556 2956 2609 sed
3004 2566 3058 2611 et
3112 2561 3341 2630 angelis,
3393 2574 3453 2619 et
3503 2571 3681 2625 omnis

2098 2643 2345 2691 creatura
2380 2637 2594 2695 Domini
2634 2644 2716 2697 sui
2745 2658 2939 2701 cruore
2966 2660 3189 2718 purgata
3215 2653 3324 2721 sit;
3354 2674 3374 2707 ι
3408 2666 3467 2713 et
3502 2658 3603 2713 lib.
3638 2676 3677 2717 ιι

2096 2721 2147 2775 in
2174 2725 2410 2793 ejusdem
2439 2728 2691 2799 Epistolaz
2728 2748 2848 2803 cap.
2881 2751 2976 2804 ιιι,
3004 2753 3144 2798 vers.
3191 2741 3279 2807 10,
3328 2759 3555 2802 crucem
3598 2751 3675 2806 ait

2091 2813 2314 2882 Christi,
2348 2834 2454 2873 non
2489 2822 2660 2877 solum
2679 2825 2854 2893 nobis,
2882 2830 2975 2884 sed
3002 2839 3054 2885 et
3083 2832 3308 2901 angelis,
3343 2840 3675 2910 cunctisque

2090 2906 2142 2960 in
2170 2910 2308 2964 ctelo
2334 2912 2623 2971 virtutibus
2648 2918 2917 2986 profuisse
2941 2964 2956 2989 ,
3001 2937 3098 2992 per
3134 2941 3253 2981 eam
3288 2931 3496 3000 quippe
3542 2906 3672 3001 illis,

2088 2999 2271 3055 itidem
2309 3014 2365 3057 ut
2393 3007 2570 3075 nobis,
2622 3010 2911 3068 revelatam
2945 3014 3112 3073 fuisse
3161 2999 3522 3092 multiplicem
3573 3029 3670 3084 Dei

2011 3106 2054 3164 α
2087 3092 2521 3163 s:ipientiam;et
2550 3101 2607 3155 in
2642 3117 2763 3173 cap.
2804 3121 2881 3172 iv,
2908 3122 3051 3164 vers.
3088 3109 3177 3176 10,
3214 3129 3234 3162 ι
3264 3112 3457 3185 Neque
3496 3120 3667 3186 enim,

2085 3182 2277 3253 inquit,
2315 3188 2458 3245 scire
2491 3206 2778 3259 possumus
2801 3239 2815 3263 ,
2846 3201 3113 3269 quomodo
3144 3209 3465 3277 etangelis,
3497 3223 3556 3267 et
3584 3214 3671 3269 his

2081 3276 2174 3343 qui
2218 3277 2271 3331 in
2322 3280 2535 3337 inferno
2581 3295 2738 3341 erant
2766 3291 2985 3359 sanguis
3030 3293 3229 3349 Christi
3261 3276 3557 3368 profuerit,
3613 3315 3669 3359 et

2082 3375 2262 3425 tamen
2296 3374 2423 3441 quin
2450 3376 2711 3443 profuerit
2741 3383 2953 3438 nescire
2997 3401 3102 3440 non
3121 3402 3433 3455 possumus.
3460 3413 3482 3448 ι
3535 3396 3668 3463 Qua:

2078 3463 2220 3529 quod
2254 3464 2459 3533 absque
2507 3470 2877 3528 confutatione
2914 3478 3223 3543 protulisset
3263 3480 3659 3557 Hieronymus,

2076 3568 2103 3603 a
2134 3550 2328 3610 Ruﬁno
2359 3563 2717 3625 reprehensus
2761 3577 2843 3621 est
2902 3568 2997 3625 lib.
3046 3586 3063 3625 t
3108 3571 3385 3642 Μεσσήνη
3448 3584 3549 3635 sed
3602 3584 3660 3638 in

2074 3645 2327 3716 Apologia
2353 3651 2697 3711 nihilominus
2722 3659 2898 3716 valide
2930 3676 2990 3716 se
3022 3671 3215 3718 tuetur.
3246 3667 3407 3723 Facit
3435 3686 3663 3744 quoque

2071 3741 2139 3790 ad
2176 3745 2580 3801 excusationem
2632 3748 2881 3821 Origenis
2913 3754 3272 3827 Cyrillusilib.
3306 3778 3360 3815 ix
3403 3763 3487 3818 De
3518 3741 3663 3822 ado-

2071 3828 2294 3897 ratione,
2341 3833 2432 3888 ubi
2487 3837 2567 3892 sic
2601 3838 3137 3917 ΙοᾳυὶιιιιεΧριστοῦ
3185 3849 3294 3921 γὰρ
3350 3854 3591 3927 μέτοχος
3619 3860 3658 3913 ιι

2069 3919 2218 3973 πᾶσά
2263 3924 2409 3977 ἐστιν
2432 3927 2625 4001 ὁρατὴ,
2662 3932 2757 3985 καὶ
2788 3934 3017 4006 ἀόρατος
3042 3940 3233 4004 κτίσις.
3263 3919 3546 4013 ῨἋῆνγελξξ
3571 3919 3657 4002 -τε

2065 4010 2193 4082 γὰρ,
2226 4014 2320 4066 καὶ
2361 4018 2708 4087 ἀρχάγγελοι,
2760 4027 2852 4078 καὶ
2892 4027 2961 4080 τὰ
3009 4028 3086 4082 ἔτι
3125 4032 3329 4086 τούτων
3362 4010 3654 4105 ἐξέκεινα,

2064 4103 2157 4155 καὶ
2190 4105 2329 4159 αὐτὰ
2363 4108 2419 4160 δὲ
2448 4110 2516 4164 τὰ
2549 4114 2834 4186 χερουόὶμ,
2866 4119 2962 4190 οὐχ
2993 4120 3191 4193 ἑτέρως
3220 4123 3353 4192 ἅγια
3394 4127 3543 4201 πλὴν
3567 4103 3653 4186 ὅτι

2059 4190 2148 4246 διὰ
2181 4196 2342 4265 μόνου
2374 4199 2609 4272 Χριστοῦ
2635 4207 2692 4259 ἐν
2724 4209 2863 4279 ἁγίῳ
2884 4190 3219 4284 Πνεύμστι.ς‹
3264 4190 3470 4274 Christi
3491 4190 3650 4278 enim

2059 4286 2329 4356 particeps
2360 4299 2442 4343 est
2466 4295 2640 4349 omnis
2670 4301 3034 4366 aspectabilis,
3064 4312 3118 4357 et
3142 4317 3246 4359 non
3285 4312 3651 4376 aspectabilis

2059 4387 2336 4434 creatura.
2359 4381 2548 4454 Angeli
2589 4388 2810 4458 quippe,
2841 4401 2896 4444 et
2920 4394 3250 4463 archangeli,
3288 4407 3342 4451 et
3376 4417 3647 4470 quaecun-

2058 4480 2163 4535 que
2190 4482 2451 4539 przeterea
2491 4488 2640 4545 sunt,
2665 4488 2718 4533 et
2759 4481 2872 4549 ipsa
2902 4498 3121 4554 quoque
3151 4488 3437 4545 cherubim
3461 4534 3479 4560 ,
3528 4512 3640 4551 non

2056 4559 2214 4616 aliter
2260 4577 2451 4622 sancta
2482 4579 2627 4634 sunt,
2672 4587 2833 4640 quam
2864 4590 2958 4643 per
3020 4592 3182 4633 unum
3230 4581 3517 4640 Christum
3584 4591 3639 4644 in

2054 4663 2238 4709 sancto
2267 4655 2491 4725 Spiritu.
2521 4678 2541 4712 ›
2575 4660 2641 4715 Et
2680 4663 3008 4732 Augustinus
3032 4668 3130 4723 lih.
3170 4687 3208 4737 ι,
3249 4672 3328 4727 De
3366 4693 3636 4735 consensu

2052 4746 2519 4814 evangelistarum,
2550 4766 2671 4821 cap.
2698 4752 2788 4817 55,
2823 4755 2911 4809 ubi
2950 4767 3153 4813 mentes
3175 4775 3365 4817 omnes
3396 4769 3633 4824 rationis

2051 4847 2347 4906 compotes,
2373 4840 2490 4894 sive
2512 4842 2849 4913 angelorum,
2892 4847 3005 4902 sive
3047 4849 3324 4908 hominum
3349 4895 3365 4917 ,
3406 4862 3629 4915 nonnisi

2049 4924 2279 4994 Christi,
2305 4931 2396 4999 qui
2431 4934 2697 5001 sapientia
2728 4947 2813 4990 est
2838 4977 2853 5001 ,
2889 4941 3298 5012 participatione
3345 4949 3629 5017 sapientes

2045 5032 2165 5073 esse
2196 5021 2403 5087 deﬁnit,
2434 5024 2818 5097 Christumque
2873 5046 3147 5103 «congrua
3196 5037 3355 5091 saluti
3417 5052 3625 5097 nostra:

2042 5109 2272 5166 dicendo
2294 5122 2349 5167 et
2372 5112 2617 5170 faciendo
2642 5135 2655 5183 ;
2686 5120 2936 5185 patiendo
2958 5132 3011 5176 et
3041 5127 3377 5193 sustinendo,
3409 5130 3620 5189 factum

2036 5211 2157 5253 esse
2178 5210 2230 5254 et
2266 5202 2513 5258 deorsum
2540 5206 2848 5265 hominibus
2877 5217 3176 5283 exemplum
3218 5221 3528 5290 redeundi,
3564 5236 3619 5281 et

2034 5288 2114 5342 eis
2152 5292 2242 5359 qui
2273 5307 2485 5350 sursum
2520 5308 2646 5353 sunt
2678 5302 2883 5369 angelis
2919 5308 3227 5377 exemplum
3264 5316 3547 5369 manendi.
3588 5334 3611 5367 ι

2032 5379 2284 5439 Ecclesiae
2334 5402 2468 5443 sane
2518 5391 2751 5448 decretis
2794 5398 3105 5465 neutiquam
3172 5415 3442 5474 repugnat
3491 5408 3614 5463 haec

2030 5476 2360 5543 propositio;
2414 5480 2639 5548 primam
2679 5490 2939 5555 gratiam
2980 5491 3222 5561 angelis,
3284 5509 3349 5549 ac
3410 5497 3613 5555 deinde

2038 5554 2456 5633 perseverantiae
2480 5572 2681 5630 donum
2716 5554 2995 5636 Christum
3031 5584 3297 5654 sanguine
3333 5603 3436 5645 suo
3478 5605 3612 5659 pro-
