3836 6236
133 314 233 371 835

934 319 1508 379 ORIGENIANORUM
1546 323 1674 380 LIB.
1719 326 1782 393 ll,
1821 326 1974 383 CAP.
2012 327 2076 393 II,
2119 328 2397 396 ρυΑΞδΤ.
2427 331 2517 385 Ill.

3261 335 3364 392 834

132 426 408 492 memisse,
439 435 500 481 ut
523 441 590 483 eo
620 442 781 484 senm
808 430 1127 497 angelorum
1157 448 1373 503 quoque
1402 450 1694 492 conserva-
1721 442 1769 499 Α
1796 440 2082 508 scripsisse
2134 440 2303 495 refert
2327 442 2680 511 Serapionem
2747 446 2798 499 in
2856 444 3244 506 Commentario
3308 455 3367 506 in

130 529 230 583 tor,
269 528 323 574 et
359 528 416 574 ut
448 520 686 590 loquitur
728 520 1130 589 Tertullianus,
1179 525 1546 583 Salutificator
1585 530 1691 584 dici

127 613 305 684 possit.
344 611 563 668 Minime
588 629 716 668 vero
766 613 977 685 Didymi
1025 615 1341 689 suffragium
1402 621 1491 676 hic
1555 638 1693 691 prte-

128 707 302 773 tendo,
330 706 527 775 quippe
549 707 639 776 qui
669 705 993 778 Origenismi
1042 726 1207 766 causa
1241 712 1382 768 male
1414 713 1688 783 audierit;

129 797 236 851 haec
264 798 611 851 nihilominus
642 797 804 852 verba
842 799 1010 868 ipsius
1039 803 1313 869 proferam
1349 819 1380 858 e
1413 802 1691 861 Commen-

124 890 257 943 tario
284 888 338 942 in
368 887 399 942 1
434 886 579 944 Petr.
609 905 694 955 nt,
740 905 860 959 quas
886 890 1216 964 Origeniano
1258 894 1526 954 fermento
1570 909 1688 952 tur-

121 990 281 1051 gent:
323 1000 342 1033 ‹
372 981 529 1037 Sicut
556 984 702 1038 enim
727 983 975 1040 homines
1018 986 1352 1043 abstinentes
1381 1005 1410 1042 a
1451 991 1690 1059 peccatis

120 1073 340 1144 subjecti
366 1084 524 1140 sunt;
572 1077 646 1131 ita
689 1087 745 1132 et
787 1081 1068 1148 superiora
1116 1082 1397 1138 rationalia
1440 1094 1688 1140 correcta

121 1166 429 1235 spontaneis
451 1166 644 1237 culpis,
672 1184 792 1238 qua:
818 1168 1046 1225 forsitan
1090 1172 1416 1238 habuerunt,
1461 1175 1509 1229 ei
1560 1176 1687 1230 sub-

113 1254 248 1323 jt'cta
279 1267 423 1326 sunt,
457 1260 723 1329 completa
749 1262 1155 1333 dispensatione
1187 1266 1371 1322 habita
1392 1281 1490 1337 pro
1512 1267 1688 1324 salute

118 1359 452 1404 ευιιειοτιιηι.
483 1369 502 1402 ι

181 1436 300 1495 Hoc
326 1441 483 1507 adde,
518 1456 855 1513 quaecunque
879 1446 995 1502 fere
1037 1461 1205 1517 super
1252 1464 1318 1505 eo
1364 1460 1685 1521 argumento

118 1534 386 1601 proposuit
417 1532 677 1605 Origenes
701 1576 718 1603 ,
750 1538 1051 1595 hausitando
1084 1551 1139 1596 et
1186 1542 1533 1611 inquirendo,
1574 1561 1681 1599 non

118 1622 427 1680 allirmando
450 1631 832 1697 proposuisse:
861 1630 1006 1687 velut
1029 1634 1082 1688 in
1115 1635 1209 1690 illo
1239 1635 1434 1707 insigni
1462 1637 1583 1693 loco
1613 1653 1681 1692 ex

117 1716 299 1772 homil.
327 1733 343 1772 ι
374 1718 427 1772 in
453 1717 643 1784 Levit.,
667 1737 818 1779 num.
845 1725 880 1780 '5
913 1742 926 1777 :
970 1744 988 1778 ι
1021 1726 1128 1781 Sed
1172 1738 1227 1780 et
1279 1728 1383 1783 hoc
1425 1728 1678 1795 fortaSSe,

1790 532 1981 601 psalm.
2040 548 2194 586 xvnt.
2244 532 2496 589 Profecto
2550 533 2888 606 Origenistas
2940 542 3200 610 quosdam
3257 560 3364 603 non

1793 625 2023 679 multum
2043 625 2312 681 absimilis
2339 626 2510 694 culpa:
2536 628 2812 685 insimulat
2854 630 3086 689 Orosius
3120 634 3174 689 in
3206 635 3364 691 Com-

1792 719 2075 771 monitorio
2108 717 2177 771 ad
2228 719 2617 787 Augustinum;
2674 725 2995 791 pertendere
3038 741 3132 782 eos
3179 728 3367 783 dicens

1790 810 2075 865 Christum
2114 820 2406 880 antequam
2437 814 2489 866 in
2531 823 2706 869 terras
2735 816 3128 881 descenderet,
3170 821 3366 874 remis-

1790 900 1997 955 sionem
2039 901 2267 970 angclis.
2312 913 2591 972 assumpto
2621 919 2809 959 eorum
2847 922 2984 975 quos
3019 910 3204 963 adibat
3231 926 3358 965 cor-

1788 1004 1957 1059 pore,
2018 992 2376 1061 praadicasse;
2431 1010 2495 1047 ac
2549 996 2765 1051 tandem
2818 996 3113 1053 humanum
3160 1014 3365 1070 corpus

1789 1084 2051 1149 induisse,
2100 1104 2118 1135 ι
2151 1085 2253 1139 hoc
2286 1087 2539 1154 passione
2561 1098 2617 1142 et
2655 1090 3058 1145 resurrectione
3101 1094 3363 1147 determi-

1787 1186 2029 1238 nantem,
2088 1192 2278 1232 rursus
2324 1178 2499 1233 donec
2538 1193 2709 1248 usque
2752 1182 2819 1235 ad
2865 1180 3075 1235 Patrem
3128 1183 3359 1249 veniret,

1786 1268 2131 1322 ascendendo
2160 1279 2409 1324 tenuasse
2430 1287 2446 1325 :
2468 1270 2541 1325 ita
2574 1286 2749 1340 neque
2781 1273 3090 1342 depositum
3121 1290 3360 1345 unquam

1787 1356 1953 1414 fuisse
1989 1374 2209 1429 corpus,
2252 1376 2353 1415 nec
2381 1360 2436 1415 in
2471 1377 2700 1432 corpore
2752 1363 2859 1419 ullo
2897 1376 3210 1433 regnantem
3244 1368 3359 1422 cir-

1785 1450 2075 1505 cumscribi
2119 1453 2307 1508 Deum.
2341 1471 2360 1504 ι
2415 1453 2544 1520 Qum
2586 1468 2709 1508 cum
2764 1456 2816 1510 in
2878 1457 3016 1513 libro
3068 1460 3359 1530 Augustini

1784 1553 1968 1597 contra
1994 1542 2435 1599 Priacillianistas
2465 1557 2511 1599 et
2546 1548 2900 1616 Origenistas,
2934 1560 2993 1604 ut
3018 1551 3109 1606 alii
3131 1568 3350 1609 eorum-

1785 1636 1908 1689 dem
1930 1650 2145 1691 errores
2170 1636 2271 1707 ipsi
2308 1636 2375 1691 ab
2401 1636 2597 1693 Orosio
2619 1640 2905 1709 propositi,
2933 1656 3199 1712 nusquam
3229 1660 3361 1700 con-

1783 1723 1955 1780 futata
1992 1736 2310 1797 appareant,
2360 1729 2630 1784 concludo
2665 1740 2877 1800 partem
2915 1733 3151 1803 aliquam
3187 1735 3354 1792 libtlii

114 1810 304 1880 inquit,
342 1828 449 1867 non
476 1814 594 1869 sine
622 1830 787 1871 causa
823 1819 916 1884 sit,
954 1837 974 1871 ι
1009 1828 1117 1875 etc.
1150 1820 1280 1875 Item
1312 1822 1469 1891 paulo
1497 1822 1675 1877 infra:
1711 1805 1755 1861 Β
1784 1815 1943 1884 huius
1978 1818 2347 1875 intercidisse.

118 1900 265 1958 «Nisi
289 1904 416 1973 quia
469 1906 608 1959 forte
642 1906 745 1963 hoc
786 1910 1004 1981 intelligi
1059 1912 1251 1978 voluit,
1286 1932 1305 1965 ι
1359 1922 1571 1978 etc.,et
1621 1914 1675 1969 in

112 1994 274 2049 altero
313 2010 379 2051 ex
414 1996 601 2055 bomil.
636 2000 691 2064 2,
734 2017 885 2055 ηυιη.
932 2004 1007 2058 5:
1038 2004 1215 2059 «Vide
1258 2020 1388 2075 ergo
1429 2020 1497 2061 ne
1540 2006 1677 2064 forte

109 2081 274 2149 Jesus,
308 2105 329 2139 ι
372 2097 477 2144 etc.
511 2088 645 2144 Tum
681 2090 732 2145 in
762 2106 826 2145 eo
856 2093 947 2162 qui
978 2095 1178 2162 petitus
1209 2104 1293 2149 est
1334 2110 1365 2150 e
1398 2103 1529 2151 tom.
1559 2113 1575 2152 ι
1618 2099 1696 2159 ἱη,

108 2173 326 2245 Joann.,
385 2194 533 2237 num.
580 2182 690 2251 54,
754 2186 1025 2252 quomodo
1071 2185 1443 2241 subterraneis
1478 2188 1675 2244 similis

106 2266 276 2324 factus
306 2270 401 2332 sit,
438 2271 601 2327 dubie
633 2274 880 2344 inquirit.
909 2276 1266 2345 Apertissime
1297 2292 1425 2331 vero
1454 2277 1673 2334 ﬂuctua-

108 2358 299 2415 tionem
344 2378 494 2418 suam
538 2366 914 2435 exprimitlib.
967 2383 980 2423 I
1036 2369 1088 2421 in
1137 2368 1311 2438 Epist.
1376 2371 1445 2422 ad
1493 2370 1670 2439 Rom.,

106 2464 244 2505 cum.
267 2452 324 2513 4.
350 2470 471 2509 cum
503 2457 684 2511 varias
710 2458 827 2513 illas
861 2458 1062 2515 Christi
1090 2462 1456 2531 apparitiones
1484 2478 1672 2518 recen-

106 2552 226 2597 set:
266 2562 286 2596 c
323 2545 397 2600 De
461 2546 675 2615 quibus,
732 2547 933 2618 inquit,
994 2552 1244 2620 quamvis
1306 2553 1669 2620 periculosum

102 2635 343 2691 videatur
408 2639 668 2694 chartulis
719 2644 1063 2699 committere
1118 2659 1446 2711 sermonem,
1490 2655 1667 2702 tamen

106 2740 204 2781 non
234 2729 409 2785 otiose
448 2737 818 2801 praetereunda
868 2744 993 2791 sunt
1043 2736 1186 2791 dicta
1237 2737 1562 2806 sapientium
1593 2747 1668 2808 ⁵(ξι

102 2822 383 2891 enigmata
424 2822 497 2889 ”,
525 2826 617 2879 sed
666 2826 850 2880 subtili
882 2827 1171 2882 admodum
1206 2829 1401 2883 mentis
1429 2830 1546 2884 acie
1575 2828 1666 2901 (in

103 2926 356 2981 quantum
382 2930 470 2971 res
498 2918 739 2987 patitur)
776 2919 923 2973 velut
961 2934 1058 2988 per
1094 2922 1360 2989 quoddam
1387 2921 1665 2991 speculum

100 3007 533 3075 contemplanda;
571 3021 637 3061 ne
660 3010 800 3063 forte
847 3011 892 3065 is
925 3010 1017 3078 qui
1062 3013 1282 3065 verbum
1315 3026 1442 3067 caro
1489 3012 1667 3068 factus

99 3099 341 3163 apparuit
369 3099 578 3168 positus
609 3100 661 3153 in
693 3116 879 3163 carne,
918 3119 936 3151 ι
963 3112 1071 3156 etc.

170 3183 376 3242 XXVII.
410 3186 556 3244 Inter
583 3190 843 3261 sacrilega
869 3190 1288 3247 Maniclueorum
1315 3193 1457 3248 dicta
1496 3194 1662 3251 refert

100 3277 301 3349 insigne
342 3281 474 3336 illud
522 3285 855 3353 Augustinus
911 3284 1006 3337 lib.
1041 3300 1110 3337 xx
1163 3296 1345 3339 contra
1378 3284 1664 3356 Faustum,

98 3384 212 3440 cap.
243 3371 298 3429 2.
338 3373 609 3428 Christum
645 3375 736 3444 qui
767 3374 861 3430 Dei
907 3375 1082 3430 virtus
1129 3387 1183 3431 et
1232 3378 1496 3447 sapientia
1556 3389 1664 3446 est,

96 3466 240 3530 quasi
270 3465 584 3535 bipertitum
626 3467 677 3520 in
720 3468 834 3522 sole
866 3479 921 3524 et
962 3470 1090 3524 luna
1140 3471 1422 3537 habitare;
1484 3486 1547 3526 ac
1610 3472 1663 3526 in

97 3553 200 3607 sole
221 3556 459 3623 quidem,
490 3572 593 3626 qua
626 3558 716 3612 Dei
748 3560 921 3614 virtus
962 3568 1074 3620 est;
1117 3561 1168 3614 in
1212 3561 1337 3615 luna
1364 3577 1527 3629 vero,
1558 3578 1662 3633 qua

96 3644 375 3710 sapientia.
407 3646 713 3703 Pbilastrus
753 3650 880 3704 item
918 3652 1051 3705 haer.
1095 3668 1183 3713 ιν,
1237 3663 1293 3706 et
1327 3653 1660 3723 Augustinus

95 3732 157 3785 ad
183 3734 629 3800 Quodvultdeum,
670 3740 799 3793 liter.
830 3756 943 3805 ιιι,
992 3741 1276 3796 Seleucum
1303 3753 1356 3796 et
1389 3742 1661 3797 Hermian:

94 3836 341 3891 arguunt,
375 3838 629 3894 negantes
658 3849 674 3880 ι
707 3829 1045 3885 Salvatorem
1078 3831 1131 3885 in
1162 3846 1327 3886 carne
1358 3833 1545 3887 sedere
1588 3836 1655 3889 ad

93 3912 330 3969 dextram
364 3915 560 3986 Patris,
590 3921 683 3975 sed
718 3923 1047 3991 exspoliasse
1071 3936 1312 3989 carnem,
1336 3932 1390 3977 et
1419 3925 1663 3993 posuisse

92 4003 143 4058 in
170 4008 279 4062 sole
300 4012 665 4079 aestimarint;
719 4013 820 4068 hoc
845 4015 1107 4069 adductos
1145 4018 1419 4086 prophetae
1461 4018 1656 4086 psalm.

91 4113 238 4167 xvnt,
291 4100 347 4168 6,
406 4120 423 4153 ι
455 4103 510 4156 lu
558 4104 672 4159 sole
721 4107 900 4175 posuit
962 4109 1365 4164 tabernaculum
1423 4127 1601 4165 suum.
1634 4130 1653 4163 ι

92 4189 338 4249 Criminis
369 4194 607 4265 ejusdem
658 4197 1049 4270 Hermogenem
1091 4203 1380 4270 compellat
1408 4202 1657 4259 Theodo-

89 4295 228 4338 retus
253 4287 347 4342 lib.
382 4304 397 4342 I
455 4287 653 4342 llwret.
696 4290 889 4357 fabul.,
917 4307 1037 4361 cap.
1063 4291 1151 4356 I9,
1173 4308 1203 4345 a
1234 4308 1342 4363 quo
1370 4294 1659 4348 verisimile

87 4383 167 4426 est
234 4377 381 4434 virus
429 4377 757 4446 hujusmodi,
823 4391 884 4434 ut
932 4382 1037 4435 alia
1088 4381 1276 4446 multa,
1330 4382 1658 4439 Manicha-os

88 4468 324 4533 suxisse;
387 4486 493 4525 non
539 4473 605 4524 ab
654 4468 905 4541 Origene,
950 4487 1109 4543 quem
1162 4484 1337 4528 tamen
1381 4476 1657 4530 insimulat

1853 1929 1952 1997 Qui
1984 1940 2163 1986 autem
2198 1932 2249 1987 in
2294 1948 2355 1987 ea
2387 1933 2594 1988 versari
2638 1938 2903 1992 sententia
2951 1939 3126 2008 potuit
3166 1938 3358 2010 Orige-

1783 2036 1879 2075 nes
1899 2062 1914 2085 ,
1947 2036 2105 2092 quem
2135 2022 2249 2078 hmo
2273 2024 2559 2093 scripsisse
2591 2027 2753 2080 refert
2780 2026 3091 2099 Pamphilus
3124 2031 3174 2083 in
3219 2031 3357 2099 Apo-

1780 2109 1919 2180 logia
1961 2127 1979 2165 :
2025 2129 2045 2163 ί
2078 2112 2217 2179 Quid
2258 2123 2341 2167 est
2365 2115 2506 2183 quod
2542 2114 2678 2169 dixit
2710 2132 2724 2169 :
2756 2115 2822 2170 In
2848 2118 2958 2171 sole
2984 2120 3159 2186 posuit
3183 2121 3356 2174 taber-

1781 2206 2026 2257 naculum
2066 2220 2220 2259 suum
2247 2205 2333 2258 “?
2376 2205 2603 2271 Quidam
2652 2209 2867 2277 quidem
2922 2210 3172 2266 dicebant
3209 2213 3353 2282 quod

1781 2294 2030 2351 Salvator
2075 2308 2265 2351 noster
2302 2301 2603 2354 ascendens
2647 2314 2677 2354 e
2718 2302 2880 2356 terris
2930 2303 2996 2356 ad
3038 2302 3269 2369 cmlum,
3298 2313 3355 2359 et

1781 2404 1976 2460 corpus
2004 2405 2161 2444 suum
2196 2406 2501 2458 assumens,
2536 2393 2779 2462 pervenit
2805 2409 2973 2463 usque
3002 2396 3069 2450 ad
3092 2412 3216 2452 eum
3244 2398 3353 2452 cir-

1778 2483 1959 2538 culum
1990 2483 2081 2553 qui
2119 2482 2256 2538 solis
2288 2498 2423 2538 zona
2449 2484 2792 2551 nominatur;
2825 2496 2878 2540 et
2909 2487 3002 2554 ibi,
3033 2490 3216 2557 aiunt,
3253 2504 3352 2559 po-

1778 2576 1889 2630 suit
1926 2575 2335 2630 tabernaculum
2382 2576 2629 2645 corporis
2674 2577 2756 2630 sui
2805 2592 2962 2631 :non
3013 2580 3158 2634 enim
3208 2581 3350 2637 ultra

1776 2676 1894 2723 erat
1928 2666 2183 2738 possibile
2212 2667 2263 2720 id
2294 2666 2565 2736 progredi.
2596 2666 2700 2722 Sed
2734 2668 2844 2722 haec
2873 2668 2946 2722 illi
2981 2670 3049 2724 ita
3086 2672 3347 2737 sentiunt,

1775 2773 1874 2827 pro
1900 2772 1966 2812 eo
2001 2759 2145 2827 quod
2187 2757 2500 2827 allegoriam
2530 2757 2723 2812 nolunt
2754 2758 2807 2811 in
2842 2757 3124 2827 Scriptura
3164 2761 3348 2816 divina

1775 2849 2038 2917 recipere,
2069 2858 2126 2903 et
2165 2848 2283 2903 ideo
2323 2862 2471 2916 purae
2515 2848 2758 2902 historiae
2799 2849 3201 2918 deservientes,
3246 2851 3350 2905 hu-

1767 2939 2000 3009 iusmodi
2033 2939 2240 2996 fabulas
2280 2950 2335 2995 et
2371 2942 2624 3010 ﬁgmenta
2653 2951 3010 3013 componunt.
3048 2962 3067 2996 ι
3091 2943 3226 2997 Τυιη
3268 2945 3348 2999 lo-

1775 3048 1896 3087 cum
1936 3033 2078 3086 hunc
2108 3034 2385 3102 prophetae
2414 3033 2755 3101 postmodum
2808 3036 2879 3088 ita
2930 3035 3345 3105 interpretatur,

1777 3124 2180 3180 tabernaculum
2207 3126 2407 3180 Christi
2456 3140 2577 3180 esse
2607 3124 2935 3191 Ecclesiam;
2979 3124 3144 3179 solem
3194 3140 3345 3191 vero,

1774 3215 1965 3283 Deum,
2018 3215 2111 3285 qui
2169 3215 2257 3270 lux
2306 3223 2507 3269 atterna
2543 3224 2657 3282 est,
2706 3224 2761 3271 et
2791 3214 2871 3270 sol
2902 3213 3149 3283 iustitiae.
3204 3214 3347 3283 Quin

1770 3310 1932 3362 etiam
1966 3306 2363 3377 Hermogenem
2412 3305 2576 3375 hujus
2620 3314 3075 3377 pr0pugnatorem
3122 3306 3349 3362 insania:

1768 3398 2083 3454 confutasse
2145 3398 2436 3470 Origenem
2509 3382 2678 3453 tradit
2742 3397 3115 3454 Theodoretus
3192 3397 3344 3453 liter.

1768 3488 1863 3543 lib.
1902 3503 1942 3554 ι,
1983 3503 2103 3559 cap.
2154 3488 2244 3543 l9.
2276 3488 2461 3544 Placet
2504 3504 2634 3559 ergo
2663 3486 2803 3542 Sixti
2846 3489 3106 3544 Senensis
3150 3498 3205 3543 et
3238 3488 3348 3545 ϐε·-

1768 3578 2024 3633 nebrardi
2077 3580 2433 3649 conjectura,
2476 3578 2730 3634 delirium
2783 3577 2913 3631 illud
2956 3592 2985 3631 a
3032 3578 3347 3632 Manichmis

1769 3670 1937 3726 fuisse
1971 3670 2190 3740 Origeni
2235 3670 2504 3738 allictum,
2558 3680 2953 3740 corruptosque
3008 3669 3123 3737 ejus
3174 3669 3345 3725 libros

1770 3761 1835 3813 ad
1869 3760 2261 3815 conciliandam
2290 3761 2549 3830 impietati
2582 3776 2691 3816 suae
2720 3761 2900 3815 fidem.
2951 3758 3173 3814 Minime
3212 3773 3345 3812 vero

1765 3851 1941 3919 placet
1962 3853 2128 3906 altera
2142 3850 2470 3905 Genebrardi
2495 3852 2793 3921 responsio,
2818 3851 3002 3920 negari
3028 3850 3345 3919 simpliciter

1764 3941 1815 3995 id
1856 3957 2035 4011 posse,
2086 3945 2208 4012 quia
2249 3942 2497 4013 Origenis
2527 3944 2662 3999 liber
2696 3961 2800 3998 non
2832 3954 3005 3999 exstat
3039 3960 3052 3996 :
3084 3959 3203 3996 nam
3235 3958 3343 4012 quo

1764 4034 1969 4088 recidet
2003 4035 2319 4106 Serapionis
2351 4037 2680 4101 auctoritas,
2717 4052 2877 4107 quem
2902 4035 3116 4090 extollit
3152 4035 3343 4090 lliero-

1764 4128 1997 4197 nymus?

1835 4218 2075 4275 XXVIII.
2126 4221 2407 4276 Difﬁcilius
2449 4221 2720 4276 sententia
2753 4221 2871 4276 haec
2917 4218 3092 4274 amnis
3141 4217 3341 4286 prioris

1760 4310 1903 4367 illius
1950 4313 2198 4367 excusari
2251 4322 2453 4382 potest,
2506 4328 2667 4381 quam
2723 4311 2911 4366 homii.
2970 4310 3039 4364 29
3097 4311 3148 4363 in
3206 4308 3336 4362 Luc.

1762 4404 2101 4473 consignavit
2130 4404 2411 4472 Origenes.
2444 4423 2461 4455 ι
2505 4404 2658 4470 Quod
2706 4404 2789 4469 si,
2838 4404 3042 4473 inquit,
3075 4411 3336 4465 tentatus,

1762 4493 1912 4547 illum
1955 4493 2277 4564 (Christum)
2310 4495 2553 4548 imitatus
2580 4495 2750 4550 fueris
2783 4498 2873 4564 qui
2928 4510 3024 4564 pro
3068 4503 3121 4549 te
3157 4502 3337 4548 lenta-

88 4556 341 4629 Scrapion
376 4562 683 4628 Tmueusis,
706 4575 1065 4635 cognomento
1087 4565 1467 4632 Scitolaalicus,
1502 4569 1653 4637 quasi

1956 4540 2276 4564 ,......_-.....,
2310 4540 2552 4548 ...η-,η-
2580 4540 2749 4550 ην..-
2786 4540 2873 4564 Ἰ...
2929 4540 3022 4564 ν.-
3071 4540 3121 4549 --
3158 4540 3303 4548 η----

1785 4601 1846 4639 us
1871 4595 1955 4640 est
1973 4595 2028 4641 et
2057 4602 2220 4641 omne
2243 4587 2440 4642 viceris
2477 4596 2894 4651 lentamentum,
2935 4585 3157 4641 habebis
3184 4598 3335 4654 spem

87 4656 283 4706 erroris
322 4654 486 4725 hujus
537 4654 847 4710 Manichaeis
891 4666 1086 4711 auctor
1120 4659 1303 4723 fuerit,
1335 4667 1524 4728 utpote
1555 4661 1649 4728 qui

86 4746 326 4809 proxime
376 4746 656 4801 laudatum
706 4748 928 4803 Davidis
966 4748 1142 4804 locum
1179 4750 1457 4805 illustrans
1492 4750 1653 4806 Chri-

87 4847 221 4893 stum
246 4842 565 4912 scripserit,
611 4860 733 4898 cum
766 4844 819 4899 in
848 4844 1044 4898 cmlum
1080 4845 1423 4912 ascenderet,
1457 4848 1657 4902 obdor-

89 4932 273 4997 misse,
331 4944 388 4989 et
452 4938 698 5000 deposito
739 4936 792 4989 in
848 4936 963 4991 sole
1017 4953 1267 5009 corpore,
1307 4940 1544 4993 animam
1601 4940 1654 4993 in

88 5022 277 5079 caelum
303 5029 371 5081 ad
395 5026 642 5081 dextram
684 5027 864 5083 Patris
894 5028 1164 5085 intulisse.
1206 5030 1330 5086 Haec
1354 5033 1568 5100 quidem
1598 5033 1652 5087 in

88 5114 222 5171 libro
250 5121 572 5190 Serapionis
603 5123 857 5177 adversus
890 5122 1213 5179 Manichaee:
1239 5126 1426 5179 haberi
1457 5124 1649 5179 scribit

87 5206 266 5265 Sixtus
297 5212 560 5268 Senensis
583 5213 831 5269 Biblioth.
857 5227 1029 5270 sanat.
1061 5217 1153 5271 lib.
1181 5225 1307 5280 v,et
1336 5226 1457 5287 post
1476 5218 1651 5285 ipsum

85 5299 462 5359 Genebrardus
512 5305 564 5358 in
604 5303 953 5361 Collectaneia
1014 5307 1233 5379 Origeni
1281 5310 1540 5378 praefixis.
1574 5310 1656 5379 ¹Αι

88 5392 215 5447 nihil
266 5394 573 5464 hujusmodi
605 5397 821 5465 reperio
865 5398 920 5451 in
970 5398 1072 5454 hoc
1116 5399 1433 5468 Serapionis
1464 5413 1651 5470 opere,

83 5498 235 5555 prout
274 5491 482 5544 editum
534 5491 802 5560 reperitur
836 5492 890 5545 in
921 5491 1251 5546 Bibliotheca
1280 5492 1524 5547 Patrum.
1557 5493 1651 5549 Bi-

84 5594 233 5637 netus
262 5598 393 5641 vero
434 5586 487 5639 in
530 5584 712 5642 libello
744 5584 819 5640 De
846 5586 1015 5641 salute
1063 5584 1310 5656 Origenis
1340 5586 1445 5644 hoc
1476 5586 1650 5658 ipsum

82 5757 122 5788 ’³
162 5758 314 5815 Prov.
344 5776 385 5830 ι,
411 5760 464 5819 6.
538 5762 584 5795 ”
619 5761 762 5820 Psal.
796 5777 948 5829 xvm,
977 5761 1031 5819 6.

1758 4693 1878 4732 cum
1912 4692 1976 4732 co
2010 4679 2098 4747 qui
2130 4688 2259 4731 tunc
2291 4679 2450 4733 homo
2483 4677 2605 4743 fuit,
2638 4695 2778 4732 nunc
2805 4689 2986 4732 autem
3030 4678 3187 4731 homo
3215 4689 3338 4731 esse

1756 4770 2012 4824 cessavit.
2041 4769 2173 4824 Nam
2198 4772 2242 4825 si
2273 4771 2366 4840 qui
2398 4771 2672 4839 quondam
2694 4774 2857 4825 ιιοιηο
2883 4779 3021 4835 erat,
3046 4778 3333 4839 postquam

1758 4871 1998 4916 tentatus
2047 4871 2151 4926 est,
2202 4871 2257 4916 et
2303 4863 2526 4917 recessit
2562 4864 2630 4919 ab
2656 4878 2721 4918 eo
2751 4862 3023 4927 diabolus,
3060 4874 3236 4929 usque
3266 4859 3333 4913 ad

1759 4961 1965 5020 tempus
1999 4952 2188 5006 mortis
2220 4967 2249 5005 a
2284 4956 2511 5008 mortuis
2560 4966 2847 5021 resurgens
2898 4951 3037 5005 ultra
3073 4966 3180 5004 non
3222 4964 3336 5004 mo-

1755 5043 1963 5112 rietur;
2013 5046 2191 5099 omnis
2233 5057 2413 5101 autem
2475 5048 2637 5101 homo
2691 5046 2852 5099 morti
2902 5046 3193 5108 subiacet:
3234 5044 3336 5099 iste

1754 5152 1885 5207 ergo
1908 5138 1999 5206 qui
2032 5151 2376 5208 nequaquam
2409 5139 2662 5204 moritur,
2694 5137 2805 5207 jam
2861 5152 2966 5191 non
3010 5143 3096 5191 e’st
3146 5138 3331 5201 homo,

1754 5230 1847 5283 sed
1881 5226 2023 5283 Deus
2049 5239 2152 5283 est.
2194 5248 2213 5280 ι
2250 5228 2369 5282 Dixi
2413 5230 2739 5283 sententiam
2784 5237 2923 5284 hanc
2949 5228 3147 5298 prioris
3188 5227 3333 5283 illius

1751 5331 1874 5373 esse
1903 5319 2151 5386 amnem;
2181 5335 2303 5373 nam
2350 5320 2394 5374 si
2445 5334 2767 5389 persuasum
2818 5334 3006 5375 revera
3052 5319 3334 5373 habuisset

1753 5406 2016 5478 Origenes
2050 5424 2250 5480 corpus
2278 5424 2435 5465 suum
2466 5410 2519 5464 in
2548 5409 2662 5466 sole
2679 5408 2956 5464 Christum
2990 5407 3327 5477 deposuisse,

1758 5503 2157 5558 consectarium
2182 5513 2301 5559 erat
2326 5518 2449 5559 eum
2492 5518 2707 5574 quoque
2744 5502 3083 5557 humanitate
3109 5508 3329 5554 exutum

1758 5594 2034 5651 arbitrari.
2072 5593 2280 5652 Similis
2324 5596 2717 5669 propemodum
2763 5593 2930 5651 fuisse
2982 5591 3161 5647 fertur
3188 5589 3330 5645 Mar-
