3860 6230
453 319 568 376 *δ’ιῦ

1720 307 1787 364 τ’.
1831 308 2148 364 DANlELlS
2184 308 2283 367 1H3
2292 309 2423 365 E'l‘li

3626 307 3715 360 836

460 435 581 490 cclli
615 440 887 504 Ancyram
923 429 1194 495 doctrina,
1221 431 1462 484 futurum
1499 431 1796 496 credentis,
1832 441 1889 483 ut
1917 445 2039 485 car-
2067 444 2113 492 Α
2143 433 2440 500 responsio,
2503 446 2624 485 nam
2693 428 2969 486 Cirrtstum
3021 441 3120 497 pro
3165 425 3404 496 peccatis
3452 438 3600 478 vero
3644 427 3721 476 do-
3809 453 3811 504 Ι

461 543 582 582 nem
635 536 753 596 post
807 524 1262 580 resurrectionem
1309 523 1562 577 Christus
1615 521 1916 590 abjiceret,
1972 538 2035 576 ac

460 619 621 673 homo
656 619 880 688 proinde
936 627 992 671 et
1039 631 1133 671 rex
1187 630 1308 670 esse
1359 615 1652 669 desineret.
1686 615 1756 668 At
1797 616 1904 669 alia
1939 613 2037 668 fuit

461 710 712 779 Origenis
757 708 1111 762 ratiocinatio
1132 745 1148 772 ,
1199 721 1323 760 nam
1369 721 1544 776 neque
1573 707 1850 760 Christum
1881 722 1910 758 a
1939 720 2038 759 suo

462 817 694 872 corpore
728 802 1026 871 sejunctum
1063 812 1182 852 esse
1223 798 1431 867 putavit
1467 799 1557 868 (de
1591 798 1770 851 triduo
1789 795 1898 866 jam
1931 811 2036 850 non

465 894 678 962 loquor,
706 909 811 962 quo
846 893 898 945 in
929 890 1179 960 sepulcro
1210 899 1479 942 mortuum
1512 891 1682 958 ipsius
1735 904 1930 956 corpus
1950 887 2036 956 ja—

463 985 624 1054 cuit),
661 994 717 1037 ut
758 984 1374 1050 demonstravimusset
1434 997 1556 1037 eum
1600 983 1711 1050 jam
1768 983 2037 1036 hominem

465 1077 668 1131 idcirco
695 1091 816 1130 esse
849 1085 1031 1143 negat,
1059 1076 1183 1143 quia
1217 1075 1466 1145 quisquis
1497 1076 1661 1129 morti
1700 1091 1804 1129 non
1855 1074 2041 1143 snbja-

465 1178 573 1229 cet,
613 1170 924 1236 neutiquam
956 1167 1226 1220 hominem
1258 1182 1382 1220 esse
1405 1175 1616 1220 censet.
1643 1166 1698 1220 ln
1729 1183 1836 1235 quo
1871 1183 2042 1236 quan-

463 1277 624 1330 quam
659 1262 805 1314 circa
846 1261 1080 1315 hominis
1111 1275 1306 1313 nomen
1337 1261 1564 1328 qna~stio
1602 1271 1848 1314 versetur
1872 1299 1888 1324 ,
1917 1275 2038 1314 eum

464 1356 532 1408 de
581 1369 640 1407 re
671 1361 916 1416 constet,
966 1352 1242 1405 fatendum
1291 1352 1645 1405 nihilominus
1699 1353 2038 1406 temerariam

463 1457 587 1498 esse
631 1457 816 1495 vocem
855 1443 1016 1506 hanc,
1050 1441 1279 1508 ideoque
1312 1440 1719 1508 repudiandum.

535 1532 728 1587 XXIX.
758 1531 1000 1586 Celebris
1025 1541 1110 1586 est
1148 1529 1412 1586 Bernardi
1447 1533 1709 1586 adversus
1744 1528 2038 1601 Origenem

464 1627 726 1696 querela,
784 1625 837 1678 in
890 1639 1141 1677 sermone
1187 1622 1278 1688 qui
1340 1622 1693 1688 inscribitur,
1747 1622 1823 1675 De
1873 1621 2040 1676 verbis

468 1719 746 1788 Origeuis,
789 1719 840 1770 in
881 1733 988 1786 quo
1028 1716 1268 1785 graviter
1313 1731 1435 1768 eum
1484 1716 1742 1778 incessit,
1767 1717 1908 1784 quod
1941 1716 2038 1770 ho-

2141 523 2291 588 loris,
2324 539 2486 579 sensu
2520 523 2757 592 torqueri
2792 521 2963 576 voluit
2993 519 3251 590 Origenes
3273 558 3288 580 .
3327 525 3383 572 et
3436 526 3643 586 aperte
3667 529 3717 566 ac

2144 615 2341 669 iterato
2391 612 2698 668 affirmavit.
2733 613 2863 669 Tale
2904 622 3084 666 autem
3130 611 3403 677 quidpiam
3447 605 3719 676 persenti-

2143 722 2298 761 scere
2323 708 2586 773 Spiritum
2611 716 2855 761 sanctum
2882 706 3105 760 minime
3133 703 3353 756 Paulum
3385 699 3720 754 intellexisse

2141 809 2280 869 puto
2308 815 2322 862 ;
2368 814 2466 852 nec.
2494 807 2645 851 certe
2677 805 2867 865 putant
2899 799 3244 864 interpretes.
3278 792 3368 844 Sic
3401 791 3593 844 locum
3641 805 3722 840 ex-

2141 892 2292 961 ponit
2318 891 2431 957 ipse
2457 889 2713 958 Origenes
2755 888 2844 942 lib.
2869 903 2940 940 vn
2975 887 3026 940 i-t
3052 884 3218 954 Epist.
3250 885 3316 937 ad
3358 882 3550 946 Rom.,
3579 898 3718 934 num.

2145 981 2230 1034 ηδτ
2271 1000 2288 1032 ι
2326 981 2555 1035 Sanetus
2605 977 2837 1048 Spiritus
2890 978 2975 1032 ubi
3025 975 3523 1044 oppugnationibus
3549 973 3723 1070 carnis

2140 1074 2439 1144 perturbari
2455 1081 2691 1126 nostrum
2710 1071 2956 1139 Spiritum
2970 1069 3586 1134 viderit,et-nescientem
3608 1063 3723 1132 quid

2145 1179 2299 1218 orare
2322 1165 2515 1218 debeat
2535 1164 2827 1218 secundum
2847 1162 2986 1232 quod
3017 1172 3246 1229 Oportet,
3268 1162 3379 1228 ipse
3398 1159 3551 1212 velut
3566 1159 3724 1225 magi-

2142 1264 2256 1309 ster
2286 1255 2584 1308 orationem
2629 1254 2910 1323 prmmittit
2935 1293 2950 1317 ,
2975 1268 3133 1320 quam
3181 1262 3365 1305 uoster
3393 1250 3654 1317 spiritus,
3683 1248 3722 1300 si

2144 1357 2324 1400 tamen
2379 1346 2676 1417 discipulus
2729 1361 2851 1402 esse
2897 1346 3072 1400 sancti
3131 1343 3370 1411 Spiritus
3424 1342 3721 1401 desiderat.

2140 1450 2505 1510 prosequatur
2553 1456 2567 1494 :
2629 1441 2746 1510 ipse
2790 1439 3026 1509 gemitus
3077 1437 3254 1500 otl‘ert,
3309 1435 3515 1505 quibus
3549 1444 3724 1488 noster

2141 1535 2368 1604 spiritus
2413 1534 2587 1587 discat
2649 1532 3042 1601 ingemiscere,
3096 1539 3154 1582 ut
3217 1527 3546 1596 repropitiet
3629 1525 3720 1577 sibi

2145 1625 2334 1680 Deum.
2379 1643 2398 1676 ι
2431 1624 2730 1679 Conﬁrmat
2771 1624 2913 1678 hanc
2951 1621 3347 1690 expositionem
3398 1617 3536 1672 illud
3582 1615 3721 1670 Pauli

2141 1717 2317 1773 Galat.
2352 1732 2426 1779 Iv,
2459 1717 2492 1770 6
2518 1734 2532 1769 :
2574 1735 2591 1767 ι
2623 1716 2886 1782 Quoniam
2917 1723 3094 1768 autem
3119 1714 3248 1768 estis
3273 1711 3392 1774 lilii,
3418 1710 3572 1764 misit
3597 1708 3723 1761 Deus

468 1813 584 1866 tnil.
613 1811 641 1862 7
675 1812 728 1863 in
759 1810 996 1874 Levitic.,
1027 1824 1176 1862 nunt.
1218 1808 1274 1871 2,
1311 1809 1586 1862 Christum
1622 1807 1821 1860 dixerit
1872 1811 2036 1862 etiam
2070 1795 2112 1850 Β
2145 1810 2407 1879 Spiritum
2429 1808 2553 1862 Filii
2580 1808 2661 1861 sui
2694 1807 2746 1862 in
2771 1806 2934 1861 corda
2961 1814 3161 1870 vestra,
3185 1801 3723 1864 clamantem,Ahba.

469 1918 609 1956 nunc
637 1903 816 1971 lugere
847 1908 1066 1968 peccata
1102 1906 1324 1961 nostra;
1357 1898 1634 1951 Christum
1677 1898 1875 1968 quippe
1911 1899 2037 1952 dum

469 1997 700 2055 viveret,
759 1991 1022 2059 ejusmodi
1077 1989 1454 2044 aﬂectiouibus
1505 1988 1670 2044 fuisse
1721 1990 2041 2054 obnoxium,

468 2090 562 2140 sed
597 2095 876 2155 postquam
908 2083 1044 2136 cmlo
1073 2081 1354 2144 successit,
1381 2079 1492 2146 jam
1523 2097 1626 2134 non
1649 2081 1835 2136 dolore
1863 2082 2002 2151 tangi
2028 2098 2043 2144 ;

467 2179 830 2248 gaudentibus
858 2174 1074 2244 quidem
1105 2175 1414 2242 adgaudere
1435 2216 1448 2238 ,
1481 2174 1575 2227 sed
1611 2190 1734 2228 cum
1773 2175 2048 2229 maerenti-

469 2270 571 2323 hus
597 2284 704 2322 non
743 2280 1002 2330 manere;
1035 2264 1292 2332 [quamvis
1338 2263 1696 2318 eﬂicaciorem
1739 2280 1837 2334 pro
1876 2266 2046 2318 deliu-

469 2360 760 2428 quentibus
796 2357 990 2411 habeat
1016 2355 1290 2421 aﬂ'ectum,
1323 2372 1480 2424 quam
1521 2357 1609 2426 qui
1664 2371 1760 2425 pro
1790 2354 2045 2412 ﬂentibus

470 2450 618 2513 ﬂent,
658 2459 748 2503 aut
775 2449 1010 2502 animam
1044 2461 1248 2516 ponunt
1280 2466 1292 2501 :
1330 2450 1580 2518 idemque
1621 2450 1686 2504 de
1714 2450 1892 2504 Beatis
1923 2465 2045 2504 esse

470 2539 834 2591 sentiendum.
863 2537 1170 2604 Respondet
1193 2538 1574 2593 Genehrardus
1603 2537 1820 2593 Collect.
1847 2539 2042 2608 cap.~6,

470 2630 561 2698 pio
596 2644 757 2683 sensu
787 2630 837 2683 id
875 2630 944 2683 ab
972 2627 1206 2698 Origene
1235 2631 1436 2685 dictum
1469 2630 1670 2685 frustra
1707 2646 1734 2684 a
1766 2631 2043 2685 Bernardo

472 2722 823 2790 reprehendi,
853 2736 976 2774 cum
1006 2721 1201 2776 Paulus
1257 2722 1368 2790 ipse
1395 2720 1556 2775 Rom.
1601 2737 1717 2785 ιἰιι,
1760 2721 1850 2783 26,
1893 2722 2047 2776 dixe-

476 2813 545 2867 rit
579 2832 596 2865 ι
631 2813 891 2881 Spiritum
942 2814 1215 2882 postulare
1275 2830 1370 2884 pro
1424 2814 1579 2867 nobis
1630 2815 1920 2884 gemitibus
1966 2815 2046 2868 iit-

474 2904 890 2957 enarrabilibus.
932 2923 950 2955 ι
989 2903 1104 2973 (25)
1150 2906 1219 2956 At
1255 2919 1445 2973 parum
1490 2903 1619 2958 mihi
1647 2903 1906 2974 probatur
1934 2905 2048 2959 hate

2148 1915 2336 1974 pater;
2369 1923 2387 1954 ι
2424 1914 2477 1957 et
2508 1901 2652 1956 aliud
2683 1899 2860 1955 simile
2877 1899 3035 1952 Rom.
3065 1912 3184 1963 vui,
3213 1895 3301 1950 l5.
3343 1894 3531 1950 Nihilo
3565 1893 3729 1962 magis

2150 1997 2357 2051 arridet
2410 1993 2548 2048 Sixti
2600 1990 2862 2046 Senensis
2923 1989 3200 2044 excusatio
3254 1987 3408 2055 (26),
3474 1985 3728 2053 Origenis

2152 2089 2318 2142 verba
2354 2087 2424 2139 ita
2451 2083 2792 2153 accipientis,
2820 2093 3045 2136 eatenus
3075 2079 3353 2134 Christum
3382 2078 3584 2145 lugere
3602 2091 3727 2144 pec-

2149 2187 2271 2233 cata
2327 2185 2511 2231 nostra
2537 2215 2553 2240 ,
2599 2182 2872 2243 quatenus
2919 2189 2941 2222 ί
2972 2171 3031 2224 in
3071 2169 3324 2223 membris
3357 2168 3480 2222 suis
3509 2178 3727 2237 peccata

2154 2277 2337 2322 nostra
2373 2266 2549 2333 luget,
2583 2263 2707 2316 dum
2743 2260 2937 2316 electis
2978 2261 3090 2313 suis
3137 2257 3321 2312 ﬂetum
3373 2266 3429 2311 et
3475 2272 3725 2325 compas—

2153 2360 2364 2413 sioncm
2405 2357 2592 2409 alienae
2631 2351 2931 2421 iniquitatis
2971 2350 3224 2404 infundit.
3262 2367 3281 2400 ι
3323 2349 3408 2402 Ad
3430 2349 3727 2412 Christum,

2152 2466 2257 2505 non
2289 2449 2354 2502 ad
2385 2447 2586 2503 Christi
2629 2446 2868 2499 membra
2917 2442 3188 2512 pertinere
3232 2442 3566 2496 sententiam
3611 2441 3731 2495 Ori-

2151 2543 2303 2614 genis
2335 2542 2452 2596 haee
2480 2539 2652 2609 ipsius
2680 2539 2847 2592 verba
2873 2536 3163 2590 ostendunt
3197 2535 3350 2589 hom.
3397 2535 3427 2587 7
3457 2537 3514 2587 in
3547 2534 3730 2592 ιρι-ἐι..

2153 2648 2305 2688 num.
2337 2631 2392 2694 2,
2425 2645 2546 2700 pag.
2576 2629 2678 2682 22!
2718 2645 2731 2681 :
2776 2644 2795 2678 ι
2862 2627 3115 2682 Salvator
3153 2640 3304 2680 meus
3357 2625 3513 2695 luget
3575 2625 3732 2679 etiam

2153 2737 2298 2777 nunc
2329 2733 2549 2792 peccata
2573 2735 2710 2774 mea.
2739 2719 2990 2775 Salvator
3025 2733 3176 2773 meus
3203 2717 3377 2772 laetari
3403 2734 3513 2772 non
3539 2727 3734 2787 potest,

2154 2816 2325 2870 donec
2353 2830 2452 2884 ego
2488 2815 2541 2868 in
2575 2813 2861 2882 iniquitate
2903 2826 3214 2881 permaneo.
3268 2809 3453 2875 Quare
3491 2827 3605 2864 non
3641 2825 3730 2878 po-

2157 2908 2306 2962 test?
2337 2907 2477 2974 Quia
2511 2908 2624 2976 ipse
2661 2915 2745 2960 est
2772 2907 3067 2960 advocatus
3109 2918 3208 2974 pro
3245 2903 3492 2972 peccatis
3539 2903 3732 2956 nostris

569 3098 667 3179 95)
700 3098 764 3179 ᾼί
791 3115 976 3162 parum
1011 3099 1139 3151 mihi
1175 3098 1563 3177 Probal-urhwc_
1597 3100 2043 3179 τςεροιξξὶολ-οῑρ.
2075 3123 2116 3179 C
2152 3103 2356 3170 angelis
2395 3103 2620 3179 gignunt
2656 3117 2671 3154 :
2710 3101 2781 3154 ita
2815 3113 3025 3179 γει-θοις
3079 3113 3146 3153 ne
3203 3097 3339 3179 mala
3387 3098 3736 3178 conversatio

479 3171 595 3236 Ipse
630 3171 897 3237 Origenes
949 3182 1181 3221 mentem
1226 3185 1379 3224 suam
1423 3170 1592 3237 aperit
1639 3169 1826 3223 homil.
1879 3171 1950 3224 25
1992 3174 2042 3223 in

482 3242 765 3301 Numeros,
797 3255 951 3292 titiiii.
979 3237 1033 3300 ‘2,
1063 3255 1182 3308 pag.
1212 3239 1338 3300 557,
1383 3241 1471 3291 ubi
1494 3241 1562 3289 ait
1595 3243 2042 3306 quemadmodum

479 3311 604 3363 boni
643 3320 796 3363 actus
844 3311 1036 3371 nostri,
1067 3317 1120 3362 et
1161 3309 1416 3361 virtutmn
1457 3308 1728 3376 profectus
1756 3350 1769 3370 ,
1805 3311 2043 3363 laetitiam

480 3380 940 3446 festivitatemque
988 3379 1098 3431 Deo
1142 3379 1328 3441 Patri,
1389 3379 1617 3431 Douuno
1681 3394 1866 3432 nostro
1917 3379 2043 3434 Jesu

478 3450 700 3504 Christo
735 3457 791 3501 et
833 3449 1056 3518 Spiritui
1112 3458 1323 3511 sancto,
1353 3449 1635 3516 etangelis
1686 3451 1931 3514 pariunt,
1976 3453 2045 3504 ita

484 3519 679 3572 malam
727 3519 1194 3573 conversationem
1233 3533 1475 3571 nostram
1515 3535 1617 3571 non
1654 3520 1824 3572 solum
1865 3522 2044 3583 terris,

483 3595 574 3642 sed
621 3600 674 3642 et
705 3589 872 3648 coelo,
904 3600 957 3642 et
997 3588 1093 3655 ipsi
1140 3590 1248 3641 Deo
1287 3589 1696 3641 lamentationes
1738 3591 2048 3658 luctumque

483 3661 770 3722 inducere;
817 3661 908 3712 sed
944 3661 1056 3711 haec
1091 3661 1269 3711 omnia
1297 3659 1347 3710 in
1373 3658 1569 3726 quibus
1614 3657 1694 3710 vel
1729 3659 1929 3726 lugere,
1963 3657 2050 3712 vel

485 3731 746 3794 gaudere,
784 3729 866 3782 vel
910 3728 1110 3790 odisse,
1147 3729 1228 3780 vel
1262 3729 1429 3781 laetari
1479 3729 1676 3781 dicitur
1714 3729 1892 3791 Deus,
1935 3740 2048 3783 tro-

484 3815 604 3866 pieo
649 3809 705 3853 et
736 3800 986 3868 humano
1019 3814 1166 3851 more
1198 3797 1509 3868 accipienda
1535 3814 1657 3852 esse
1700 3814 1728 3851 a
1759 3797 2046 3868 Scriptura

483 3871 592 3922 diei
637 3886 650 3920 :
700 3867 926 3920 alienant
972 3871 1170 3937 quippe
1218 3885 1339 3922 esse
1397 3867 1634 3920 divinam
1684 3867 1930 3921 naturain
1983 3870 2050 3923 ab

483 3939 631 3992 onmi
683 3939 949 4006 passionis
982 3950 1037 3991 et
1095 3939 1512 4006 permutationis
1564 3938 1799 4000 allecto,
1856 3942 1904 3990 in
1964 3941 2052 3993 illo

487 4026 700 4076 semper
742 4007 1090 4060 beatitudinis
1134 4011 1285 4074 apice
1315 4008 1645 4060 itumohileitt
1687 4019 1742 4061 et
1773 4011 2053 4062 inconcus-

488 4097 601 4132 sam
632 4081 1031 4144 perdurantem.
1075 4095 1091 4126 ι
1126 4077 1296 4130 Habet
1333 4093 1484 4146 ergo,
1524 4078 1715 4145 inquit,
1759 4080 1896 4131 Deus
1939 4081 2053 4133 dies

489 4147 656 4200 festos
691 4147 856 4199 suos?
899 4145 1088 4198 Habet.
1119 4148 1214 4199 Est
1249 4145 1616 4214 enituimagua
1654 4149 1921 4201 festivitas
1954 4150 2054 4201 liti-

489 4235 646 4270 mana
681 4218 848 4270 salus.
891 4217 1002 4285 Ego
1039 4230 1166 4285 puto
1199 4218 1340 4283 quod
1384 4232 1481 4285 per
1513 4219 1756 4284 singulos
1812 4234 2053 4286 quosque

487 4289 856 4349 credentium,
921 4303 1016 4355 per
1075 4287 1314 4355 singulos
1364 4290 1454 4354 qui
1535 4299 1927 4340 convertuntur
1988 4292 2052 4340 ad

490 4359 695 4422 Deum,
748 4358 836 4424 qui
881 4358 1170 4425 proficiunt
1231 4360 1279 4408 in
1336 4360 1474 4419 lide,
1528 4357 1798 4411 festivitas
1848 4359 2054 4411 oriatur

489 4430 724 4481 Domini.
773 4427 1053 4493 Quomodo
1105 4437 1264 4494 putas
1295 4426 1529 4479 laetificat
1574 4444 1737 4490 eum,
1794 4443 1916 4479 cum
1961 4429 2050 4495 qui

491 4501 665 4551 Inerat
693 4498 1019 4566 impudicus,
1061 4499 1118 4549 lit
1152 4509 1355 4558 castus,
1387 4507 1437 4550 et
1477 4499 1567 4564 qui
1599 4498 1774 4550 fuerat
1798 4495 2049 4563 iujnstus,

485 4570 754 4636 justitiam
795 4568 945 4631 colit,
971 4577 1024 4619 et
1064 4571 1152 4633 qui
1181 4568 1356 4619 l'oerat
1386 4569 1602 4636 impius,
1636 4567 1866 4621 eﬂicitur
1892 4569 2053 4634 pius?

491 4643 612 4693 ista:
647 4653 834 4692 omnes
889 4637 1217 4702 singulorum
1258 4652 1593 4704 quorumque
1641 4639 2052 4702 conversiones,

493 4709 813 4762 festivitates
851 4717 1110 4776 generant
1134 4707 1260 4760 Deo.
1307 4709 1412 4759 Nec
1449 4709 1667 4761 dubium
1691 4717 1868 4760 autem
1921 4709 2052 4775 quin

492 4791 548 4832 et
577 4776 836 4831 Dominus
878 4787 1062 4829 noster
1087 4777 1245 4830 Jesus
1289 4777 1534 4831 Christus
1558 4817 1573 4841 ,
1606 4779 1697 4846 qui
1744 4792 1840 4844 pro
1882 4778 2056 4830 salute

494 4861 676 4902 nostra
716 4848 880 4900 etiam
928 4848 1246 4914 sanguinem
1292 4863 1444 4900 smutt
1490 4847 1645 4911 fudit,
1693 4857 1816 4916 agat
1855 4847 2056 4900 festivi-

496 4929 660 4970 tatem
705 4919 1029 4980 maximam,
1076 4933 1195 4969 eum
1249 4932 1425 4985 operae
1475 4920 1706 4986 pretium
1755 4919 1896 4970 videt
1937 4933 2057 4970 esse

496 4989 639 5057 quod
681 5004 740 5040 se
794 4987 1132 5052 humiliavit,
1189 4998 1242 5039 et
1282 4991 1506 5040 formam
1559 4991 1697 5041 servi
1758 4987 2057 5054 suscipiens

500 5065 674 5110 tactus
714 5067 798 5109 est
830 5057 1088 5109 obediens
1126 5072 1294 5124 usque
1323 5058 1386 5109 ad
1451 5070 1698 5110 mortem.
1745 5057 1871 5126 Agit
1921 5058 2054 5109 festa

499 5130 700 5195 pariter
723 5137 776 5180 et
801 5126 1037 5194 Spiritus
1063 5139 1317 5192 sanctus,
1360 5127 1449 5180 ubi
1486 5129 1637 5197 plura
1677 5129 1777 5182 sibi
1825 5128 1967 5181 videt
2004 5128 2056 5180 in

500 5202 567 5251 iis
603 5201 692 5264 qui
733 5207 1123 5250 convertuntur
1157 5201 1222 5249 ad
1257 5199 1457 5262 Deum,
1499 5199 1698 5266 templa
1736 5207 2054 5265 praeparata.

500 5269 631 5321 Nam
658 5277 714 5321 et
743 5271 807 5320 de
837 5267 1045 5333 angelis
1091 5270 1220 5335 quid
1251 5269 1422 5321 dicam
1448 5307 1463 5330 ,
1487 5268 1553 5321 ad
1590 5283 1817 5335 quorum
1853 5267 2059 5319 lestivi-

501 5349 665 5393 tatem
709 5338 1004 5389 laetantium
1031 5337 1282 5389 dicuntur
1307 5343 1561 5391 accedere
1587 5353 1794 5400 omnes,
1821 5337 1912 5405 qui
1932 5352 2060 5390 con—

500 5419 793 5462 vertuntur
817 5410 884 5460 ad
931 5407 1250 5460 Dominum?
1281 5409 1386 5461 Aut
1436 5423 1539 5461 non
1592 5415 1676 5460 est
1720 5407 1826 5460 illis
1866 5422 2058 5473 magna

501 5480 790 5541 festivitas,
823 5493 944 5530 cum
977 5478 1227 5530 ill'lallllll'
1267 5479 1319 5530 in
1361 5479 1497 5532 ctelo
1525 5493 1686 5546 super
1724 5493 1832 5530 uno
1870 5491 2063 5545 pecea-

505 5562 620 5604 tore
647 5549 1019 5618 [)(BIlllellliallt
1060 5558 1274 5617 agente,
1313 5552 1480 5618 magis
1507 5563 1665 5617 quam
1711 5562 1870 5614 super
1894 5561 2061 5600 noua-

504 5632 651 5688 ginta
693 5634 883 5672 novem
926 5619 1122 5686 iustis,
1160 5621 1250 5687 qui
1295 5634 1398 5672 non
1457 5621 1691 5684 indigent
1739 5618 2060 5687 poenitentia

506 5691 658 5760 (Luc.
689 5704 778 5752 xv,
816 5689 1016 5760 7)
1070 5691 1176 5742 Sed
1227 5690 1366 5742 sicut
1397 5689 1530 5760 boni
1554 5699 1716 5760 actus
1766 5689 1930 5760 nostri
1959 5726 1974 5749 ,
2007 5697 2062 5740 et

507 5757 764 5815 iit-tutum
792 5757 1085 5827 profectus,
1117 5760 1354 5814 laetitiam
1390 5759 1846 5828 festivitatemque
1874 5758 1979 5812 Deo
2007 5767 2060 5810 et

2152 3167 2334 3226 nostra
2377 3167 2480 3226 rion
2514 3171 2685 3228 solum
2716 3169 2892 3234 terris,
2927 3171 3019 3224 sed
3065 3178 3117 3222 et
3148 3169 3285 3223 caelo
3319 3167 3737 3221 lamentationes

2151 3245 2371 3296 inducat
2395 3253 2448 3294 et
2477 3242 2674 3305 luctus,
2702 3251 2755 3294 et
2782 3241 3030 3293 fortassis
3061 3240 3222 3292 etiam
3253 3238 3355 3306 ipsi
3391 3238 3504 3291 Deo
3536 3238 3734 3290 luctum

2150 3316 2418 3366 incutiant
2450 3312 2686 3364 humana
2718 3320 2961 3379 peccata.
2991 3311 3097 3361 Aut
3123 3324 3230 3360 non
3270 3309 3514 3379 lugentis
3543 3319 3633 3361 est
3654 3307 3732 3361 illa

2148 3398 2247 3436 vos
2298 3399 2419 3436 cum
2465 3383 2665 3434 dicitur
2702 3378 2728 3434 τί
2769 3379 2991 3434 Pcenitet
3040 3395 3155 3443 me,
3195 3380 3283 3444 qui
3318 3378 3420 3440 Ieci
3472 3379 3738 3431 hominem

2148 3469 2304 3516 super
2347 3464 2539 3504 terram
2583 3451 2733 3519 (Gen.
2769 3466 2837 3513 vt,
2887 3450 2979 3518 6)?
3036 3451 3145 3519 Sed
3186 3459 3241 3501 et
3291 3448 3378 3500 illa
3423 3448 3652 3519 Domini
3695 3457 3740 3500 et

2152 3515 2448 3576 salvatoris
2480 3515 2648 3574 nostri
2673 3524 2723 3575 in
2750 3515 3043 3587 Evangelio
3063 3558 3076 3580 ,
3099 3517 3185 3569 tibi
3212 3520 3340 3569 dicit
3367 3533 3379 3568 :
3407 3515 3740 3578 Jerusalem,

2148 3593 2468 3654 Jerusalem,
2500 3609 2616 3658 qua:
2642 3593 2847 3657 lapidas
2875 3594 3153 3658 prophetas
3177 3587 3454 3658 etioccidis
3493 3603 3590 3638 eos
3621 3593 3739 3638 mis-

2152 3680 2238 3715 sos
2276 3662 2344 3714 ad
2381 3673 2446 3724 te,
2470 3657 2670 3731 quoties
2696 3663 2834 3714 uolui
2869 3657 3351 3731 Congregareﬁlios
3384 3669 3534 3719 mos,
3561 3673 3741 3731 queru-

2151 3735 2432 3784 ailmodum
2483 3729 2692 3800 gallina
2746 3739 3037 3800 congregat
3089 3730 3281 3800 p_u_llos_
3308 3743 3432 3800 suos
3492 3733 3602 3800 sub
3647 3729 3740 3800 alis

2151 3802 2281 3862 suis,
2309 3815 2354 3855 et
2393 3796 2651 3853 noluisti?
2679 3799 2893 3870 (Matth.
2927 3814 3084 3861 xxiii,
3109 3797 3220 3861 57.)
3251 3796 3354 3848 Sed
3390 3807 3446 3848 et
3498 3797 3600 3870 illa
3649 3797 3744 3870 huc

2154 3888 2372 3924 manum
2401 3887 2569 3940 genus
2602 3868 2944 3923 laineutantis
2967 3870 3083 3940 _[_)u-.i
3108 3884 3206 3921 vox
3238 3877 3341 3940 est,
3377 3881 3482 3940 qua
3544 3868 3746 3920 dicitur

2154 3957 2248 4008 per
2288 3935 2603 4009 prophetam
2634 3958 2646 3992 :
2688 3940 2806 3992 l-leu
2832 3956 2910 3992 me
2933 3937 3122 4007 (Mich.
3155 3953 3250 4009 vn,
3286 3937 3338 4000 l,
3372 3935 3449 4000 2),
3483 3940 3745 4004 quoniam

2154 4007 2324 4079 factus
2348 4007 2463 4064 sum
2503 4012 2636 4064 sicut
2671 4013 2760 4078 qui
2787 4020 3063 4078 congregat
3089 4007 3339 4075 stipulam
3365 4009 3417 4057 in
3443 4024 3641 4079 inesse
3662 4046 3676 4068 ,
3700 4018 3744 4058 et

2152 4078 2284 4133 Sicut
2310 4097 2550 4134 racemus
2577 4085 2630 4132 in
2658 4082 2938 4142 vindemia,
2976 4080 3099 4147 quia
3126 4094 3237 4147 non
3258 4087 3340 4147 est
3373 4078 3553 4138 spira,
3585 4093 3747 4147 neque

2155 4153 2330 4203 ὑσίν-ηδ
2355 4154 2420 4203 ad
2452 4151 2651 4203 edenda
2672 4146 3014 4217 primogenita
3036 4147 3054 4199 .'
3095 4146 3193 4200 Hei
3219 4146 3342 4198 mihi
3368 4149 3560 4197 anima
3600 4146 3747 4199 mea!

2153 4225 2404 4290 quoniam
2439 4221 2590 4288 periit
2631 4231 2885 4290 reuertens
2919 4236 2948 4269 a
2981 4229 3146 4290 terra,
3190 4229 3236 4290 et
3265 4218 3352 4286 qui
3396 4219 3654 4284 corrigat
3695 4218 3744 4266 in

2156 4288 2456 4343 hominibus
2489 4306 2592 4342 non
2638 4301 2735 4342 est.
2774 4289 2989 4341 Domini
3036 4299 3162 4340 sunt
3205 4288 3320 4339 istae
3362 4301 3533 4338 voces
3575 4303 3744 4353 genus

2159 4362 2452 4413 humanum
2513 4361 2855 4427 lugentis
2892 4359 3113 4409 Certum
3163 4368 3246 4410 est
3298 4357 3440 4427 quod
3487 4359 3597 4409 ubi
3656 4373 3744 4424 pro

2085 4466 2128 4520 Β
2161 4432 2314 4510 bouis
2339 4431 2529 4520 gaudia
2555 4426 2808 4496 aguntur,
2833 4429 2904 4480 ibi
2935 4443 3031 4494 pro
3056 4428 3338 4480 contrariis
3363 4426 3739 4520 latueriteturf

2159 4503 2201 4553 si
2232 4516 2358 4568 ergo
2385 4502 2618 4569 gaudent
2645 4512 3048 4569 proiconverso,
3085 4505 3411 4569 necesse‘est
3434 4507 3495 4569 ut_
3514 4499 3742 4569 lugeant

2158 4586 2253 4638 pro
2282 4566 2567 4638 peccante.
2590 4609 2604 4621 .
2719 4568 2842 4622 iith
2872 4577 3046 4638 autem
3087 4567 3282 4638 omnia
3309 4566 3359 4617 in
3406 4567 3626 4638 quibus
3664 4567 3741 4618 vel

2157 4636 2377 4708 lugere,
2408 4640 2491 4692 vel
2526 4639 2758 4708 gaudere
2780 4677 2796 4700 ,
2829 4637 2911 4688 vel
2949 4641 3165 4702 odisse,
3207 4636 3296 4708 vel
3318 4637 3492 4708 laetari
3540 4638 3740 4688 dicitur

2158 4706 2319 4770 Dens,
2357 4706 2566 4777 tropico
2620 4718 2673 4760 et
2722 4708 2957 4760 humano
2994 4721 3142 4759 more
3189 4706 3500 4777 accipienda
3552 4720 3681 4758 sunt
3713 4721 3738 4753 a

2157 4775 2601 4847 Scriptura—diei.
2646 4777 2832 4830 Aliena
2890 4792 3052 4843 porro
3095 4783 3174 4828 est
3199 4775 3372 4847 divitia
3419 4784 3628 4828 natura
3675 4777 3738 4847 ab

2158 4843 2305 4902 omni
2365 4849 2631 4917 passionis
2685 4859 2738 4900 et
2795 4847 3225 4917 permutationis
3259 4843 3498 4917 affectu,
3545 4847 3601 4897 in
3656 4846 3738 4896 illo

2158 4914 2379 4988 semper
2403 4917 2751 4972 beatitudinis
2795 4914 2950 4988 apice
2993 4915 3282 4988 innnobilis
3319 4925 3372 4988 et
3411 4914 3735 4967 inconcussa

2160 4983 2476 5058 perdurans.
2506 5007 2523 5038 ι
2560 4989 2612 5040 Id
2643 4989 2741 5041 sibi
2777 4983 2888 5039 vult
2917 4985 3184 5055 Origenes
3221 4983 3502 5058 Christum
3542 4988 3736 5036 etiam-

2161 5057 2290 5111 num
2334 5059 2518 5126 lugere
2551 5067 2772 5125 peccata
2826 5069 3038 5118 nostra,
3088 5057 3546 5126 quemadmodum
3599 5058 3736 5126 luget

2159 5127 2341 5194 Pater,
2371 5125 2516 5196 luget
2546 5139 2600 5180 et
2626 5129 2862 5196 Spiritus
2897 5137 3120 5180 sanctus
3158 5138 3173 5175 :
3213 5139 3377 5196 porro
3415 5125 3606 5189 lugere
3636 5125 3734 5174 l’a—

2164 5212 2297 5252 trem
2328 5209 2383 5251 et
2413 5194 2681 5265 Spiritum
2703 5207 2950 5252 sanetum
2974 5207 3178 5262 tropico
3203 5194 3549 5248 solummodo
3583 5207 3731 5265 more

2162 5270 2249 5322 hic
2293 5263 2576 5336 prolitetur
2625 5285 2638 5320 ε
2687 5284 2791 5320 non
2843 5283 2973 5334 ergo
3015 5265 3295 5336 Christum
3343 5263 3734 5336 propeccatis

2159 5333 2522 5392 vero—doloris
2546 5352 2706 5390 sensu
2735 5333 3033 5390 etiamnum
3066 5334 3296 5401 torqueri
3325 5373 3339 5395 ,
3379 5333 3476 5385 sed
3519 5336 3733 5398 tropico

2163 5423 2313 5462 more
2372 5409 2552 5476 lugere
2605 5409 2769 5460 voluit
2827 5407 3017 5459 eodem
3053 5410 3214 5457 modo
3284 5419 3392 5476 quo
3422 5401 3730 5476 ait_Pautus

2168 5497 2185 5529 ι
2221 5472 2482 5545 Spiritum
2511 5479 2785 5548 postulare
2830 5490 2958 5548 prof
2985 5477 3135 5529 nobis
3179 5475 3487 5548 gemitibus
3513 5472 3730 5525 inenar-

2164 5544 2455 5612 rabilibus;
2505 5544 2526 5599 ἱ
2565 5563 2628 5602 ac
2669 5544 2889 5614 proinde
2937 5547 3134 5598 frustra
3174 5561 3204 5596 a
3251 5544 3529 5599 Bernardo
3578 5555 3720 5596 atcu-

2163 5631 2336 5672 satum
2373 5635 2492 5671 eum
2520 5617 2684 5671 fuisse
2722 5615 2994 5669 fatendum
3026 5629 3127 5668 est.

2236 5689 2347 5759 ('26)-
2383 5688 2519 5742 Sixt.
2553 5691 2680 5744 Sen.
2711 5688 2806 5744 lib.
2841 5701 2868 5738 v
2898 5685 3253 5740 Bibtiothrcre.
