3860 6230
220 323 334 379 est

1041 319 1615 377 ORIGENIANORUM
1654 320 1783 377 LIB.
1818 321 1883 387 Il,
1925 322 2078 379 CAP.
2122 323 2186 390 ll,
2229 324 2505 391 QUIEST.
2541 325 2634 380 ιι.

3370 334 3478 392 858

215 446 368 516 apud
396 443 805 511 Patrsm,sicut
829 442 1065 499 Joannes
1116 453 1413 516 symmysta
1461 444 1630 513 ipsius
1677 460 1800 513 pro-
1832 449 1878 507 Α
1907 445 2195 500 manifesta
2245 445 2563 501 alterutrius
2613 447 2885 503 hmreseos
2932 448 3159 521 vestigia
3209 466 3475 521 nusquam

228 538 443 593 nuntiat
473 538 659 593 dicens
704 553 719 590 :
765 536 903 604 Quia
940 536 1035 591 etsi
1073 537 1188 607 quis
1229 538 1547 603 peccaverit,
1580 538 1797 591 advoca-

226 638 338 685 tum
366 629 613 684 habemus
641 630 783 700 apud
817 628 1032 683 Patrem
1067 628 1250 683 Jesum
1273 627 1545 685 Christum
1564 629 1795 699 justum,

217 731 276 776 et
334 724 443 789 ipse
496 731 573 777 est
621 722 981 789 reprOpitiatio
1029 737 1123 789 pro
1150 722 1378 788 peccatis
1421 725 1615 777 nostris
1651 723 1718 775 ”.
1773 741 1793 774 ι

228 814 358 881 Quae
385 815 670 869 nonaliter
696 829 825 868 sane
850 828 1010 883 quam
1041 814 1107 867 de
1139 814 1360 869 Christo
1383 826 1608 884 possunt
1635 814 1798 869 intel-

222 907 343 976 'Iigi.
374 905 571 963 Merito
598 922 727 976 ergo
754 908 846 962 hic
871 917 1186 964 accusatum
1223 924 1254 964 a
1293 908 1570 964 Bernardo
1608 908 1798 978 Orige-

226 1013 348 1053 nem
382 999 608 1053 candide
638 997 928 1056 fateamur.

299 1089 468 1145 XXX.
494 1091 792 1147 Videndum
823 1106 966 1146 nunc
991 1100 1075 1148 est
1095 1107 1163 1148 an
1196 1092 1397 1148 Christi
1428 1108 1650 1164 regnum
1674 1100 1798 1163 post

216 1183 687 1239 resurrectionem
716 1183 1015 1239 desiturum
1042 1184 1297 1239 senserit.
1340 1184 1396 1239 ld
1427 1186 1642 1255 quidem
1687 1186 1799 1240 cri-

219 1275 359 1341 mini
421 1275 516 1330 dat
583 1274 687 1343 ipsi
763 1272 1095 1346 Theophilus
1175 1273 1574 1329 Alexandrinus
1643 1276 1795 1345 epist.

225 1365 425 1422 Pasch.
473 1365 533 1432 ‘2,
587 1367 683 1422 dat
733 1374 789 1422 et
841 1354 1175 1437 Epiphanius
1237 1366 1290 1421 in
1345 1366 1797 1437 Anacephalwosi.

222 1458 557 1529 Augustinus
600 1461 655 1513 in
707 1457 849 1514 libro
886 1469 1071 1513 contra
1114 1457 1557 1514 Priscillt'anistas
1592 1470 1639 1513 et
1674 1458 1800 1514 Ori-

222 1555 455 1625 yenistas
481 1553 745 1623 idipsum,
779 1562 839 1607 ut
879 1552 949 1606 ab
978 1550 1306 1623 Origenistis
1355 1561 1649 1615 assertum,
1698 1551 1800 1605 im-

213 1658 427 1720 'pugnat
457 1664 575 1718 cap.
616 1648 668 1703 7.
705 1648 862 1715 Quod
890 1664 1014 1703 cum
1057 1648 1111 1702 in
1137 1647 1555 1703 Commonitorio
1596 1647 1796 1713 Orosii,

220 1743 312 1797 cui
355 1745 455 1797 hoc
494 1740 674 1795 libello
729 1740 1018 1811 respondet
1067 1740 1432 1809 Augustinus,
1470 1739 1611 1794 inter
1642 1739 1799 1794 'alias

1907 540 2101 607 reperi.
2140 537 2326 609 Itaque
2352 539 2434 593 vel
2466 554 2531 593 ex
2566 539 2735 610 ipsius
2766 541 2928 597 dictis
2961 541 3067 597 tale
3107 543 3311 614 aliquid
3342 561 3480 600 con-

1905 630 2055 699 sequi
2086 631 2440 685 crediderunt
2468 630 2584 697 ejus
2614 632 2937 692 adversarii.
2979 633 3065 688 vel
3102 635 3153 688 in
3190 636 3257 689 iis
3295 648 3482 691 exstao

1905 723 1998 778 bat
2022 723 2275 792 operibus
2301 738 2422 792 quae
2468 732 2737 778 vetustate
2771 724 2972 779 abolita
3009 735 3154 779 sunt.
3207 726 3481 794 Quemad-

1904 814 2121 867 modum
2161 823 2345 869 autem
2384 814 2562 869 nullus
2594 815 2830 885 suppetit
2861 815 3109 886 Origenis
3130 817 3306 883 locus,
3336 819 3479 875 unde

1905 907 2241 961 accusationi
2304 907 2432 962 huic
2473 908 2604 962 ﬁdes
2656 908 2771 962 ﬁeri
2827 910 3031 977 possit;
3067 909 3139 963 ita
3196 913 3283 967 vix
3336 912 3478 969 ullus

1902 1006 2114 1061 exstat,
2144 1000 2288 1054 unde
2322 998 2480 1054 facile
2516 999 2647 1054 dilui
2690 999 2779 1053 illa
2820 1002 3010 1070 possit.
3045 1002 3313 1057 Nonnulla
3359 1005 3482 1073 qui-

1905 1090 2024 1143 dem
2056 1091 2233 1160 coegit
2278 1089 2593 1155 llalloxius,
2635 1090 2727 1146 sed
2783 1091 2995 1146 inﬁrma
3041 1102 3094 1146 et
3122 1093 3292 1160 levia,
3327 1103 3383 1149 et
3409 1097 3479 1150 ad

1904 1194 2017 1234 rcm
2042 1194 2234 1249 parum
2264 1181 2532 1251 apposita,
2564 1181 2739 1250 qualis
2771 1192 2855 1236 est
2879 1184 3139 1238 solemnis
3165 1183 3255 1238 illa
3301 1184 3477 1239 homi-

1904 1270 2098 1325 liarum
2122 1271 2371 1342 Origenis
2395 1271 2641 1327 clausula
2677 1287 2693 1325 :
2732 1291 2752 1325 ι
2795 1274 3027 1329 Domino
3060 1274 3188 1330 Jesu
3234 1275 3478 1344 Christo,

1904 1363 1990 1417 cui
2016 1374 2099 1419 est
2125 1363 2293 1435 gloria
2315 1374 2371 1419 et
2401 1364 2687 1434 imperium
2735 1366 2786 1420 in
2833 1367 3029 1421 saecula
3068 1369 3411 1423 saeculorum.
3452 1387 3475 1421 ι

1905 1453 2213 1525 Scripserat
2241 1457 2386 1511 enim
2415 1455 2604 1512 Graece
2642 1455 2904 1526 Origenes
2941 1477 2954 1512 :
2987 1460 3085 1523 Εἰς
3116 1460 3241 1525 τοὺς
3275 1459 3481 1524 αἰῶνας

1903 1544 2013 1598 τῶν
2038 1544 2278 1599 αἰώνωνο
2305 1554 2362 1599 at
2387 1546 2608 1602 vocibus
2648 1547 2756 1601 illis
2782 1564 2889 1602 non
2918 1564 3079 1603 unam
3119 1565 3239 1605 esse
3272 1550 3448 1622 signiti
3469 1581 3483 1593 -

1903 1635 2173 1691 cationem
2194 1675 2208 1697 ,
2241 1651 2337 1691 nec
2368 1651 2585 1706 semper
2620 1638 2983 1692 atoruitatem
3033 1638 3141 1694 ﬁne
3198 1650 3476 1696 carentem

1906 1732 2082 1786 notari
2114 1731 2252 1787 infra
2285 1732 2660 1802 probabimus.

220 1835 486 1889 adversus
502 1832 1270 1903 Origenistascriminationes
1291 1833 1451 1888 hodie
1478 1846 1583 1886 non
1600 1841 1798 1896 exstet,
1833 1827 1877 1883 Β
1976 1826 2055 1880 Ac
2090 1824 2419 1894 Theophilus
2454 1826 2674 1894 quidem
2709 1826 2929 1882 nescire
2971 1841 3031 1881 se
3060 1826 3191 1882 dicit
3224 1826 3369 1883 unde
3396 1826 3481 1882 in-

216 1923 407 1994 aliqua
434 1924 515 1978 sui
544 1933 701 1992 parte
744 1923 1027 1977 multatum
1067 1938 1187 1979 esse
1231 1923 1581 1992 coniecerim.
1626 1924 1798 1980 Justi-

217 2014 422 2071 nianus
450 2029 664 2084 quoque
697 2014 750 2068 in
814 2015 1043 2085 epistola
1093 2019 1160 2070 ad
1216 2017 1463 2086 quintam
1510 2017 1797 2087 synodum,

218 2117 387 2175 quam
419 2105 585 2161 refert
610 2106 925 2171 Cedrenus,
966 2107 1275 2162 futurarum
1326 2123 1509 2163 rerum
1557 2109 1796 2163 omnium

222 2196 1013 2269 ἀποκατάπασινῦιίκειιὶειίε
1053 2200 1349 2270 objiciens,
1403 2198 1655 2254 arbitrari
1705 2214 1800 2255 eos

225 2292 326 2353 ait,
356 2291 561 2346 forent
588 2291 735 2360 impii
773 2290 1002 2360 quilibet
1043 2306 1167 2347 cum
1224 2291 1333 2345 Deo
1376 2289 1796 2360 conjungantur,

225 2383 413 2439 eodem
442 2384 599 2437 modo
629 2398 737 2452 quo
785 2382 886 2452 ipsi
927 2380 1271 2453 conjungitur
1304 2381 1590 2447 Christus,
1628 2383 1700 2437 ita
1740 2391 1799 2437 ut

222 2476 379 2542 prius
406 2473 673 2542 conjuncti
705 2482 887 2536 erant,
931 2473 1019 2537 Ὠς
1055 2474 1325 2545 μηδεμίαν
1366 2469 1504 2527 εἶναι
1537 2473 1798 2545 διαφορὰν

225 2562 306 2633 τῷ
354 2562 572 2635 Χριστῷ
615 2563 750 2634 πρὸς
781 2562 848 2616 τὰ
884 2563 1046 2616 λοιπὰ
1083 2564 1277 2633 λογικὰ
1320 2563 1629 2629 παντελῶς,
1673 2564 1797 2619 οὔτε

226 2657 294 2727 τῇ
329 2655 505 2726 οὐσίᾳ,
530 2653 651 2707 οὔτε
672 2657 738 2726 τῇ
768 2653 1001 2723 γνώσει,
1029 2653 1151 2708 οὔτε
1184 2658 1249 2727 τῇ
1285 2654 1545 2726 δυνάμει,
1580 2653 1703 2709 οὔτε
1729 2658 1797 2728 τῇ

226 2747 498 2819 ἐνεργείᾳ.
530 2766 548 2797 ι
584 2748 732 2801 Adeo
761 2756 820 2802 ut
842 2748 987 2801 nulla
1019 2760 1078 2801 re
1106 2745 1319 2802 differat
1344 2747 1594 2804 Christus
1633 2763 1664 2802 a
1706 2764 1796 2804 re-

221 2835 389 2905 liquis
419 2837 626 2891 ratione
672 2837 945 2906 prteditis,
999 2851 1174 2907 neque
1228 2837 1527 2893 substantia
1556 2879 1573 2906 ,
1626 2852 1799 2909 neque

226 2928 575 2997 cognitione,
628 2944 804 2999 neque
863 2930 1104 2997 virtute,
1156 2944 1332 2999 neque
1394 2930 1732 3001 operatione.
1772 2950 1791 2984 ι

226 3016 444 3072 Jactant
470 3019 571 3073 hoc
599 3018 739 3073 idem
774 3019 1034 3076 adversus
1060 3020 1352 3090 Origenem
1380 3032 1435 3077 et
1461 3021 1798 3093 Origenistas

228 3109 573 3180 Sophronius
606 3110 1131 3183 Hierosolymitanus
1159 3114 1446 3185 episcopus
1472 3115 1527 3169 in
1573 3114 1795 3183 cpistola

228 3204 297 3259 ad
330 3203 577 3275 Sergium
620 3207 985 3275 patriarcham
1018 3184 1677 3275 Constantinopolitanum
1698 3244 1715 3269 ,
1742 3214 1799 3260 et
1826 3184 1869 3244 δ

227 3310 533 3367 anonymus
582 3296 671 3352 ille
727 3297 903 3353 Photii
953 3301 1074 3354 cod.
1115 3314 1280 3362 cxvn,
1322 3310 1379 3354 et
1412 3297 1648 3353 Joannes
1694 3296 1800 3350 Da-

225 3402 514 3443 mascenus
541 3389 593 3443 iu
622 3388 717 3445 lib.
752 3389 825 3444 De
856 3390 1043 3446 turres.
1070 3431 1086 3456 ,
1118 3402 1172 3445 et
1214 3390 1454 3445 Zonaras
1495 3390 1587 3445 lib.
1618 3404 1658 3445 tt
1699 3391 1801 3445 ﬂi-

228 3489 384 3546 star.,
412 3490 466 3536 et
501 3479 677 3536 Guido
698 3480 1017 3548 Carmelita,
1046 3483 1096 3536 in
1130 3481 1798 3552 ﬂtcresiOrigenistarum.

299 3573 443 3629 Idem
499 3573 604 3628 fuit
654 3586 779 3643 post
839 3573 1127 3643 Origenem
1204 3573 1443 3628 Marcelli
1502 3574 1797 3644 Ancyrani,

228 3664 454 3735 eiusque
479 3665 727 3735 discipuli
776 3665 992 3720 Photini
1036 3681 1219 3730 error;
1265 3667 1353 3734 qui
1397 3674 1455 3719 ut
1496 3666 1801 3720 humanita-

228 3765 338 3810 tem
372 3755 617 3810 relictutn
647 3771 675 3809 a
700 3756 917 3811 Christo
943 3772 1005 3810 ac
1031 3757 1334 3826 depositum
1363 3756 1455 3821 iri,
1481 3772 1544 3810 ac
1572 3772 1801 3826 regnum

226 3846 462 3915 proinde
493 3846 635 3918 quod
670 3847 736 3899 ad
770 3847 1044 3901 Christum
1090 3863 1197 3917 qua
1234 3847 1394 3901 homo
1432 3854 1516 3901 est
1545 3847 1798 3916 pertinet,

227 3937 608 3992 dimittendum
649 3938 719 3993 ab
768 3953 835 3994 eo
881 3939 1224 4004 sentiebant;
1268 3939 1342 3993 ita
1382 3937 1642 4008 Origeni,
1685 3946 1806 4008 post

228 4030 546 4084 attributam
592 4030 907 4085 deserenda:
947 4031 1075 4085 olim
1112 4046 1142 4084 a
1181 4029 1401 4087 Christo
1442 4030 1627 4086 carnis
1681 4044 1805 4085 sen-

228 4120 480 4185 tentiam,
509 4128 568 4175 ut
598 4136 763 4192 supra
793 4122 1050 4187 diximus,
1081 4137 1224 4177 nunc
1258 4122 1430 4177 altera
1463 4136 1678 4192 quoque
1726 4119 1801 4174 illi

228 4214 589 4279 consectaria,
615 4214 901 4284 abjiciendi
953 4214 1244 4284 aliquando
1287 4213 1357 4268 ab
1395 4216 1582 4269 eodem
1628 4214 1800 4283 regni,

229 4304 547 4360 ascribitur.
614 4304 935 4374 Quanquam
981 4303 1225 4377 nonnihil
1272 4305 1558 4374 utriusque
1598 4304 1803 4359 discre-

227 4403 327 4466 pat
383 4410 580 4463 causa;
634 4412 759 4451 nam
808 4398 954 4467 regia
1006 4405 1276 4467 potestate
1328 4397 1650 4452 humanitati
1691 4412 1803 4452 sua:

231 4489 520 4559 conjuncta
556 4500 777 4545 exutum
823 4490 887 4545 iri
940 4490 1219 4545 Christum
1261 4490 1530 4545 sentiebat
1567 4488 1797 4544 Marcel-

230 4579 660 4652 lus;Origenem
692 4596 822 4637 vero
868 4596 1130 4651 regnum,
1182 4595 1291 4650 quo
1343 4589 1606 4649 tanquam
1659 4580 1801 4635 Deus

230 4674 481 4744 potitur,
533 4673 908 4727 abdicaturum
954 4688 1077 4728 eum
1138 4672 1418 4728 censuisse
1473 4671 1803 4741 Theophilus

230 4765 481 4829 credidit,
510 4766 961 4834 quemadmodum
986 4781 1053 4821 es
1073 4763 1189 4833 ejus
1210 4763 1583 4819 confutatione
1613 4764 1798 4834 liquet,

230 4855 286 4908 in
317 4870 421 4924 qua
450 4853 627 4909 Patris
648 4861 703 4909 et
728 4855 850 4909 Filii
886 4857 1146 4910 unitatem
1173 4855 1388 4925 probat.
1408 4854 1523 4922 Qua
1550 4869 1801 4924 quaenam

231 4948 473 5001 atrocior
508 4948 784 5001 accusatio
819 4947 1023 5003 intendi
1052 4946 1261 5018 potest?
1286 4945 1343 5001 Si
1376 4957 1595 5017 putasse
1624 4947 1796 5001 dixis-

231 5049 316 5094 set
342 5038 630 5109 Origeuem
661 5040 812 5110 regio
840 5039 1142 5104 dominatu,
1172 5054 1280 5109 quo
1310 5038 1512 5093 Christi
1548 5038 1802 5093 humani-

233 5142 319 5186 tas
354 5133 575 5201 pratdita
601 5144 717 5197 est,
746 5133 1017 5202 privatum
1069 5133 1135 5186 iri
1168 5140 1290 5201 post
1339 5134 1799 5187 resurrectionem

231 5223 547 5290 Christum;
592 5225 866 5294 aliquibus
908 5224 1142 5281 fortasse
1203 5225 1534 5296 argumentis
1578 5239 1803 5278 accusa-

234 5318 440 5371 tionem
514 5332 669 5372 suam
727 5327 998 5387 utcunque
1049 5320 1453 5383 conﬁrmasset;
1503 5331 1599 5381 eo,
1650 5324 1800 5386 puta,

233 5409 377 5475 quod
422 5422 489 5462 ex
535 5409 707 5462 atlicta
758 5408 980 5479 Origeui
1009 5411 1281 5465 sententia
1328 5409 1558 5479 depositi
1604 5408 1658 5462 in
1688 5408 1802 5463 sole

236 5505 445 5560 Christi
479 5504 725 5572 corporis
752 5514 807 5559 et
832 5505 1183 5559 humanitatis
1215 5504 1321 5574 peti
1350 5511 1580 5572 poterat.

310 5595 509 5652 Verum
539 5594 593 5649 in
610 5593 1058 5665 Origenianarum
1092 5594 1525 5651 lucubrationum
1553 5592 1799 5665 reliquiis

308 5774 357 5811 "
386 5775 405 5832 l
436 5774 592 5833 Joan.
626 5790 689 5845 tt,
726 5776 779 5843 l,
804 5776 856 5835 Ξ.

1900 1917 2112 1971 saniam
2161 1917 2424 1987 ejusmodi
2462 1916 2725 1988 Origenes
2766 1917 3039 1973 hauserit.
3069 1918 3182 1989 Ego
3230 1935 3361 1976 vero
3413 1921 3480 1975 li-

1898 2009 2066 2078 quido
2106 2007 2293 2077 jurare
2336 2024 2557 2078 possum
2609 2010 2723 2064 haec
2760 2010 3005 2079 Apostoli
3050 2026 3171 2080 qua!
3224 2012 3479 2083 leguntur

1899 2099 2069 2155 lCor.
2101 2100 2283 2165 ",25
2327 2110 2385 2155 et
2436 2116 2577 2170 seq.,
2634 2116 2914 2172 perperam
2960 2114 3216 2172 accepta,
3253 2119 3476 2158 causam

1897 2192 2120 2260 Origeni
2152 2193 2357 2249 erroris
2389 2194 2547 2263 hujus
2587 2196 2820 2263 dedisse,
2856 2196 2900 2249 si
2937 2196 3095 2250 modo
3123 2197 3170 2251 ei
3208 2196 3476 2261 adhaesit;

1900 2301 2025 2339 nam
2055 2295 2110 2339 et
2147 2287 2199 2341 in
2225 2288 2472 2342 eamdem
2520 2288 2644 2342 inde
2693 2290 3019 2343 sententiam
3072 2290 3291 2359 impulsi
3346 2300 3480 2344 sunt

1898 2378 2217 2444 Marcellus,
2271 2389 2323 2434 et
2359 2381 2635 2450 popularis
2672 2380 2789 2449 ejus
2815 2380 3115 2446 Photinus;
3148 2392 3204 2437 et
3246 2382 3475 2438 alterius

1899 2487 2113 2542 quoque
2145 2471 2484 2543 conﬁngendi
2522 2474 2791 2544 dogmatis
2837 2474 2907 2529 ab
2934 2475 3192 2530 Ecclesiae
3238 2475 3477 2529 decretis

1898 2561 2111 2615 absoni‘
2144 2576 2364 2616 causam
2439 2561 2563 2616 inde
2625 2562 2889 2633 Origenes
2920 2563 3170 2632 arripuit,
3199 2568 3259 2615 ut
3301 2561 3354 2615 in
3391 2574 3479 2616 se-

1899 2655 2190 2724 quentibus
2219 2655 2652 2710 observabimus.
2676 2655 2875 2710 Verum
2904 2656 3104 2710 frustra
3139 2654 3192 2708 id
3232 2652 3398 2721 quaeri
3444 2666 3475 2707 a

1899 2745 2093 2808 nobis,
2146 2755 2201 2799 et
2253 2745 2389 2799 labis
2432 2745 2592 2814 hujus
2639 2756 2917 2816 expertem
2961 2744 3131 2799 fuisse
3183 2741 3475 2811 Origenem

1899 2835 2168 2904 conjicere
2212 2851 2494 2906 possumus
2526 2851 2594 2892 ex
2642 2836 2827 2909 Cyrilli
2863 2834 3337 2906 llierosolymitani
3381 2848 3476 2887 ca-

1901 2928 2104 2983 techesi
2143 2942 2244 2992 xv,
2273 2929 2365 2997 qui
2397 2928 2645 2983 haeresim
2685 2929 2830 2983 illam
2873 2929 2925 2982 in
2962 2927 3220 2985 Marcello
3252 2935 3308 2980 et
3336 2921 3480 2981 Pho-

1903 3020 2015 3075 tino
2054 3020 2322 3075 ulciscens
2351 3035 2541 3075 recens
2578 3021 2727 3075 illam
2764 3032 3012 3077 exortam
3043 3021 3193 3085 dicit,
3221 3020 3477 3093 supr-aspa-

1899 3129 2007 3175 τως
2043 3113 2396 3182 ἀναφυεῖσαν,
2425 3113 2570 3182 quod
2616 3113 2802 3182 utique
2838 3127 2942 3167 non
2988 3112 3250 3177 dixisset,
3296 3115 3340 3168 si
3364 3112 3477 3180 jam

1904 3205 2029 3258 inde
2088 3203 2284 3259 fuisset
2338 3206 2407 3259 ab
2457 3204 2710 3274 Origenis
2772 3202 3110 3273 temporibus
3155 3213 3476 3275 prapagata.

1902 3295 2187 3366 Reliquam
2216 3298 2480 3352 adversus
2528 3296 2580 3351 id
2627 3306 2992 3352 commentum
3031 3296 3316 3365 Theophili
3363 3296 3478 3351 dis-

1902 3387 2249 3441 sertationem
2275 3386 2655 3457 praetermitto,
2680 3402 2799 3456 qua)
2823 3386 3127 3441 maledictis
3147 3396 3355 3441 tantum
3378 3403 3479 3455 pu-

1905 3485 2057 3545 gnat,
2075 3491 2174 3532 uec
2188 3478 2478 3546 quidquam
2494 3478 2699 3546 profert
2712 3479 2851 3530 seria
2872 3480 3219 3548 responsione
3235 3477 3477 3548 dignum.

2458 3566 2786 3634 QUIESTIO
2825 3567 2912 3622 IV.

2320 3677 2387 3715 DE
2416 3676 2587 3714 ΒΕΑΤΑ
2617 3675 2785 3714 IABIA
2814 3676 3054 3716 VIBGINE.

1902 3750 1945 3807 1.
1972 3754 2163 3810 Utrum
2190 3752 2457 3808 Christum
2481 3765 2525 3805 et
2553 3753 2757 3804 beatam
2796 3752 3041 3821 Mariam
3060 3749 3319 3821 Virginem
3348 3769 3479 3820 pur-

1973 3826 2184 3896 gatione
2204 3834 2317 3896 post
2356 3836 2567 3896 partum
2589 3838 2715 3896 opus
2749 3819 3276 3896 ItubuisseAOriqsne‘s
3302 3819 3480 3896 existi-

1972 3890 2213 3949 iuaverit.
2260 3890 2323 3946 ll.
2373 3892 2564 3945 Utrunt
2607 3893 2898 3945 claustrum
2960 3893 3480 3961 virginitatisjeatar

1979 3964 2168 4018 Mariae
2207 3966 2261 4016 in
2284 3976 2440 4030 partu
2464 3973 2749 4015 reseratum
2771 3963 3012 4031 opinatus
3043 3959 3137 4014 sit.
3165 3961 3251 4015 Ill.
3288 3959 3479 4016 Utrum

1975 4035 2179 4089 beatam
2200 4031 2434 4086 Mariam
2457 4033 2683 4096 peccatis
2726 4031 3007 4086 obnoxiam
3028 4034 3314 4101 putaverit.

1973 4124 2015 4181 Ι.
2039 4123 2350 4189 Geminam,
2378 4136 2550 4192 eoque
2585 4121 2852 4191 amplius,
2881 4122 3037 4175 unica
3071 4120 3288 4175 bomilia
3307 4162 3321 4185 ,
3352 4137 3475 4190 qua:

1904 4229 2132 4282 numero
2174 4214 2382 4269 decima
2431 4222 2624 4283 quarta
2672 4220 2758 4266 est
2800 4212 2855 4265 in
2893 4210 3126 4275 Lucam,
3182 4214 3480 4282 rapi-chen-

1903 4307 2067 4362 dendi
2114 4306 2198 4361 sui
2243 4318 2461 4361 causam
2512 4304 2663 4359 dedit
2723 4302 2986 4372 Origenes
3029 4321 3043 4357 ε
3079 4308 3314 4373 priorem
3356 4322 3479 4359 cum

1903 4400 2179 4455 Christum
2217 4400 2457 4453 asseruit
2493 4406 2549 4453 et
2580 4397 2803 4450 Mariam
2834 4396 3159 4466 purgatione
3197 4407 3321 4467 post
3357 4414 3479 4467 par-

1908 4500 2019 4544 tum
2039 4504 2179 4559 opus
2211 4488 2498 4553 habuisse;
2528 4486 2790 4552 alteram,
2840 4501 2965 4540 cum
3013 4495 3260 4555 apertum
3310 4487 3481 4542 fuisse

1907 4583 2206 4636 claustrum
2244 4578 2569 4650 virginitatis
2604 4578 2778 4633 beatae
2800 4576 2983 4633 Maria:
3010 4579 3063 4631 in
3094 4589 3249 4648 partu
3273 4578 3477 4633 docuit.

1906 4673 2208 4743 Utrumque
2234 4687 2331 4727 suo
2355 4671 2546 4725 ordine
2571 4670 2982 4735 ventilabimus;
3013 4679 3069 4724 et
3090 4685 3234 4725 nunc
3262 4671 3477 4740 quidem

1904 4765 1973 4819 de
2000 4765 2199 4835 priore.
2236 4760 2519 4833 Origenes,
2577 4761 2739 4816 Luca:
2784 4770 2946 4831 caput
2995 4777 3034 4815 ll
3086 4762 3474 4832 interpretans,

1903 4858 1959 4912 in
2000 4857 2115 4912 haec
2169 4857 2333 4911 verba
2374 4870 2567 4909 versus
2604 4854 2675 4907 22
2714 4872 2727 4906 :
2762 4853 2870 4907 Καὶ
2929 4852 3029 4907 ὅτε
3074 4853 3480 4923 ἐπλήσθησαν

1903 4955 1961 5005 at'
1988 4948 2199 5018 ἡμέραι
2226 4947 2333 5002 τοῦ
2375 4946 2745 5016 καθαρισμοῦ
2774 4944 3008 5009 αὐτῶν,
3046 4945 3195 4999 κατὰ
3235 4944 3344 4999 τὸν
3380 4946 3481 4999 νό-

1899 5060 2021 5113 μον
2040 5041 2358 5106 Μωῢσέως,
2383 5040 2462 5095 sic
2485 5048 2703 5108 perorat
2727 5054 2741 5089 :
2774 5056 2793 5088 ι
2821 5036 3051 5107 Propter
3080 5038 3476 5107 purgationem,

1904 5135 2103 5204 inquit,
2139 5147 2347 5189 eorum.
2374 5132 2640 5199 Quorum,
2682 5128 2910 5185 eorum?
2952 5127 3009 5183 Si
3085 5128 3346 5198 scriptum
3387 5142 3477 5181 es-

1903 5237 1988 5283 set
2029 5235 2254 5298 propter
2285 5224 2667 5295 purgationem
2699 5222 2852 5292 ejus,
2889 5223 2941 5275 id
2984 5232 3104 5283 est.
3147 5220 3329 5276 Mariae
3360 5236 3480 5289 qua:

1904 5328 2221 5389 pepererat,
2254 5316 2391 5370 nihil
2444 5315 2763 5385 quaestionis
2806 5314 3066 5382 oriretur,
3113 5324 3170 5369 et
3221 5314 3480 5367 audacter

1904 5410 2211 5465 diceremus
2240 5406 2491 5472 Mariam,
2520 5421 2642 5476 quae
2666 5407 2831 5461 homo
2853 5416 2996 5473 erat,
3033 5408 3356 5475 purgatione
3392 5404 3478 5457 in-

1902 5502 2144 5573 diguisse
2188 5512 2313 5571 pou
2358 5510 2597 5570 partum.
2649 5496 2806 5553 Nunc
2851 5512 2983 5553 vero
3017 5499 3070 5552 in
3106 5511 3173 5551 eo
3202 5495 3344 5566 quod
3378 5495 3476 5560 ait,

1902 5594 2020 5651 dies
2040 5592 2380 5667 purgationis
2409 5606 2599 5651 eorum
2624 5631 2640 5660 ,
2675 5606 2781 5648 non
2810 5590 3026 5649 videtur
3066 5605 3230 5646 unum
3274 5587 3475 5659 signiti-
