  <div class='ocr_page' id='page_1' title='image "/cluster/home/n/w/nwhite01/storage/ocr_20150623/17/nnc1.0046978615/429.png"; bbox 0 0 3860 6230; ppageno 0'>
   <div class='ocr_carea' id='block_1_1' title="bbox 398 316 507 372">
    <p class='ocr_par' dir='ltr' id='par_1_1' title="bbox 398 316 507 372">
     <span class='ocr_line' id='line_1_1' title="bbox 398 316 507 372; baseline 0.018 -2"><span class='ocrx_word' id='word_1_1' title='bbox 398 316 507 372; x_wconf 74' lang='lat'><strong>839</strong></span> 
     </span>
    </p>
   </div>
   <div class='ocr_carea' id='block_1_2' title="bbox 1670 317 2356 376">
    <p class='ocr_par' dir='ltr' id='par_1_2' title="bbox 1670 317 2356 376">
     <span class='ocr_line' id='line_1_2' title="bbox 1670 317 2356 376; baseline 0.006 -4"><span class='ocrx_word' id='word_1_2' title='bbox 1670 318 1731 375; x_wconf 90' lang='lat' dir='ltr'><strong>P.</strong></span> <span class='ocrx_word' id='word_1_3' title='bbox 1768 317 2084 375; x_wconf 78' lang='lat' dir='ltr'><strong>DANIELIS</strong></span> <span class='ocrx_word' id='word_1_4' title='bbox 2120 319 2356 376; x_wconf 79' lang='lat' dir='ltr'><strong>HUETII</strong></span> 
     </span>
    </p>
   </div>
   <div class='ocr_carea' id='block_1_3' title="bbox 3546 329 3663 385">
    <p class='ocr_par' dir='ltr' id='par_1_3' title="bbox 3546 329 3663 385">
     <span class='ocr_line' id='line_1_3' title="bbox 3546 329 3663 385; baseline 0 0"><span class='ocrx_word' id='word_1_5' title='bbox 3546 329 3663 385; x_wconf 75' lang='grc' dir='ltr'>8εο</span> 
     </span>
    </p>
   </div>
   <div class='ocr_carea' id='block_1_4' title="bbox 363 434 3663 513">
    <p class='ocr_par' dir='ltr' id='par_1_4' title="bbox 363 434 3663 513">
     <span class='ocr_line' id='line_1_4' title="bbox 363 434 3663 513; baseline 0.002 -23"><span class='ocrx_word' id='word_1_6' title='bbox 363 502 369 511; x_wconf 33' lang='grc'><strong><em>⁸</em></strong></span> <span class='ocrx_word' id='word_1_7' title='bbox 403 451 567 499; x_wconf 86' lang='lat' dir='ltr'><strong>care,</strong></span> <span class='ocrx_word' id='word_1_8' title='bbox 598 434 693 491; x_wconf 88' lang='lat' dir='ltr'><strong>sed</strong></span> <span class='ocrx_word' id='word_1_9' title='bbox 739 434 971 490; x_wconf 89' lang='lat' dir='ltr'><strong>alterum</strong></span> <span class='ocrx_word' id='word_1_10' title='bbox 996 474 1012 500; x_wconf 94' lang='lat'><strong>,</strong></span> <span class='ocrx_word' id='word_1_11' title='bbox 1048 450 1145 491; x_wconf 87' lang='lat' dir='ltr'><strong>seu</strong></span> <span class='ocrx_word' id='word_1_12' title='bbox 1188 436 1393 507; x_wconf 83' lang='lat' dir='ltr'><strong>plures.</strong></span> <span class='ocrx_word' id='word_1_13' title='bbox 1433 457 1453 491; x_wconf 74' lang='grc' dir='ltr'><strong>ι</strong></span> <span class='ocrx_word' id='word_1_14' title='bbox 1478 438 1727 509; x_wconf 81' lang='lat' dir='ltr'><strong>&#39;cherat</strong></span> <span class='ocrx_word' id='word_1_15' title='bbox 1764 453 1981 508; x_wconf 87' lang='lat' dir='ltr'><strong>nempe,</strong></span> <span class='ocrx_word' id='word_1_16' title='bbox 2011 444 2055 500; x_wconf 80' lang='grc' dir='ltr'><strong>Α</strong></span> <span class='ocrx_word' id='word_1_17' title='bbox 2086 439 2239 510; x_wconf 92' lang='lat' dir='ltr'><strong>piunt</strong></span> <span class='ocrx_word' id='word_1_18' title='bbox 2262 448 2317 495; x_wconf 90' lang='lat' dir='ltr'><strong>et</strong></span> <span class='ocrx_word' id='word_1_19' title='bbox 2373 441 2625 511; x_wconf 88' lang='lat' dir='ltr'><strong>pariunt;</strong></span> <span class='ocrx_word' id='word_1_20' title='bbox 2659 457 2778 513; x_wconf 68' lang='lat' dir='ltr'><strong>quae</strong></span> <span class='ocrx_word' id='word_1_21' title='bbox 2805 457 2934 498; x_wconf 85' lang='lat' dir='ltr'><strong>vero</strong></span> <span class='ocrx_word' id='word_1_22' title='bbox 2963 444 3169 499; x_wconf 85' lang='lat' dir='ltr'><strong>semine</strong></span> <span class='ocrx_word' id='word_1_23' title='bbox 3191 443 3505 512; x_wconf 89' lang='lat' dir='ltr'><strong>neutiquam</strong></span> <span class='ocrx_word' id='word_1_24' title='bbox 3531 458 3663 498; x_wconf 72' lang='lat' dir='ltr'><strong>sus-</strong></span> 
     </span>
    </p>
   </div>
   <div class='ocr_carea' id='block_1_5' title="bbox 363 526 1971 598">
    <p class='ocr_par' dir='ltr' id='par_1_5' title="bbox 363 526 1971 598">
     <span class='ocr_line' id='line_1_5' title="bbox 363 526 1971 598; baseline 0.002 -18"><span class='ocrx_word' id='word_1_25' title='bbox 363 535 367 541; x_wconf 90' lang='lat'>&#39;</span> <span class='ocrx_word' id='word_1_26' title='bbox 400 527 482 581; x_wconf 91' lang='lat' dir='ltr'><strong>uti</strong></span> <span class='ocrx_word' id='word_1_27' title='bbox 514 542 659 581; x_wconf 92' lang='lat' dir='ltr'><strong>nunc</strong></span> <span class='ocrx_word' id='word_1_28' title='bbox 688 541 906 597; x_wconf 88' lang='lat' dir='ltr'><strong>quoque</strong></span> <span class='ocrx_word' id='word_1_29' title='bbox 942 526 1164 597; x_wconf 90' lang='lat' dir='ltr'><strong>legitur,</strong></span> <span class='ocrx_word' id='word_1_30' title='bbox 1208 526 1316 581; x_wconf 86' lang='grc' dir='ltr'><strong>τοῦ</strong></span> <span class='ocrx_word' id='word_1_31' title='bbox 1345 529 1716 598; x_wconf 79' lang='grc' dir='ltr'><strong>καθαρισμοῦ</strong></span> <span class='ocrx_word' id='word_1_32' title='bbox 1742 528 1971 583; x_wconf 67' lang='grc' dir='ltr'><strong>αὐτῶνθ</strong></span> 
     </span>
    </p>
   </div>
   <div class='ocr_carea' id='block_1_6' title="bbox 399 619 1975 692">
    <p class='ocr_par' dir='ltr' id='par_1_6' title="bbox 399 619 1975 692">
     <span class='ocr_line' id='line_1_6' title="bbox 399 619 1975 692; baseline 0.003 -20"><span class='ocrx_word' id='word_1_33' title='bbox 399 635 566 689; x_wconf 81' lang='lat' dir='ltr'><strong>quam</strong></span> <span class='ocrx_word' id='word_1_34' title='bbox 607 619 894 676; x_wconf 89' lang='lat' dir='ltr'><strong>lectionem</strong></span> <span class='ocrx_word' id='word_1_35' title='bbox 935 620 1415 689; x_wconf 80' lang='lat' dir='ltr'><strong>interpretationes</strong></span> <span class='ocrx_word' id='word_1_36' title='bbox 1453 622 1711 692; x_wconf 88' lang='lat' dir='ltr'><strong>Syriaca,</strong></span> <span class='ocrx_word' id='word_1_37' title='bbox 1760 621 1975 677; x_wconf 77' lang='lat' dir='ltr'><strong>ASthio—</strong></span> 
     </span>
    </p>
   </div>
   <div class='ocr_carea' id='block_1_7' title="bbox 400 711 1973 782">
    <p class='ocr_par' dir='ltr' id='par_1_7' title="bbox 400 711 1973 782">
     <span class='ocr_line' id='line_1_7' title="bbox 400 711 1973 782; baseline -0.001 -15"><span class='ocrx_word' id='word_1_38' title='bbox 400 712 545 782; x_wconf 86' lang='lat' dir='ltr'><strong>pica,</strong></span> <span class='ocrx_word' id='word_1_39' title='bbox 577 722 636 768; x_wconf 91' lang='lat' dir='ltr'><strong>et</strong></span> <span class='ocrx_word' id='word_1_40' title='bbox 663 712 903 774; x_wconf 85' lang='lat' dir='ltr'><strong>Persica,</strong></span> <span class='ocrx_word' id='word_1_41' title='bbox 932 722 987 767; x_wconf 91' lang='lat' dir='ltr'><strong>et</strong></span> <span class='ocrx_word' id='word_1_42' title='bbox 1022 711 1217 767; x_wconf 82' lang='lat' dir='ltr'><strong>Patres</strong></span> <span class='ocrx_word' id='word_1_43' title='bbox 1246 713 1472 781; x_wconf 79' lang='lat' dir='ltr'><strong>aliquot,</strong></span> <span class='ocrx_word' id='word_1_44' title='bbox 1506 728 1571 767; x_wconf 88' lang='lat' dir='ltr'><strong>ac</strong></span> <span class='ocrx_word' id='word_1_45' title='bbox 1599 713 1814 768; x_wconf 78' lang='lat' dir='ltr'><strong>codices</strong></span> <span class='ocrx_word' id='word_1_46' title='bbox 1836 714 1973 767; x_wconf 82' lang='lat' dir='ltr'><strong>bene</strong></span> 
     </span>
    </p>
   </div>
   <div class='ocr_carea' id='block_1_8' title="bbox 403 802 1971 873">
    <p class='ocr_par' dir='ltr' id='par_1_8' title="bbox 403 802 1971 873">
     <span class='ocr_line' id='line_1_8' title="bbox 403 802 1971 873; baseline 0 -15"><span class='ocrx_word' id='word_1_47' title='bbox 403 804 559 858; x_wconf 85' lang='lat' dir='ltr'><strong>multi</strong></span> <span class='ocrx_word' id='word_1_48' title='bbox 605 814 846 858; x_wconf 86' lang='lat' dir='ltr'><strong>tuentur.</strong></span> <span class='ocrx_word' id='word_1_49' title='bbox 897 802 1032 870; x_wconf 82' lang='lat' dir='ltr'><strong>Alii,</strong></span> <span class='ocrx_word' id='word_1_50' title='bbox 1089 819 1266 872; x_wconf 88' lang='lat' dir='ltr'><strong>neque</strong></span> <span class='ocrx_word' id='word_1_51' title='bbox 1320 806 1475 873; x_wconf 81' lang='lat' dir='ltr'><strong>pauci</strong></span> <span class='ocrx_word' id='word_1_52' title='bbox 1527 805 1728 860; x_wconf 83' lang='lat' dir='ltr'><strong>habent</strong></span> <span class='ocrx_word' id='word_1_53' title='bbox 1762 803 1971 871; x_wconf 84' lang='grc' dir='ltr'><strong>αὐτοῦ,</strong></span> 
     </span>
    </p>
   </div>
   <div class='ocr_carea' id='block_1_9' title="bbox 402 896 1975 968">
    <p class='ocr_par' dir='ltr' id='par_1_9' title="bbox 402 896 1975 968">
     <span class='ocr_line' id='line_1_9' title="bbox 402 896 1975 968; baseline 0.002 -19"><span class='ocrx_word' id='word_1_54' title='bbox 402 897 498 951; x_wconf 90' lang='lat' dir='ltr'><strong>sed</strong></span> <span class='ocrx_word' id='word_1_55' title='bbox 523 896 805 967; x_wconf 88' lang='lat' dir='ltr'><strong>legendum</strong></span> <span class='ocrx_word' id='word_1_56' title='bbox 853 899 1073 950; x_wconf 90' lang='lat' dir='ltr'><strong>omnino</strong></span> <span class='ocrx_word' id='word_1_57' title='bbox 1104 897 1334 965; x_wconf 82' lang='grc' dir='ltr'><strong>αὐτῆς,</strong></span> <span class='ocrx_word' id='word_1_58' title='bbox 1376 896 1529 966; x_wconf 92' lang='lat' dir='ltr'><strong>juxta</strong></span> <span class='ocrx_word' id='word_1_59' title='bbox 1576 897 1855 968; x_wconf 89' lang='lat' dir='ltr'><strong>Vulgatam</strong></span> <span class='ocrx_word' id='word_1_60' title='bbox 1920 907 1975 952; x_wconf 89' lang='lat' dir='ltr'><strong>et</strong></span> 
     </span>
    </p>
   </div>
   <div class='ocr_carea' id='block_1_10' title="bbox 402 988 1971 1059">
    <p class='ocr_par' dir='ltr' id='par_1_10' title="bbox 402 988 1971 1059">
     <span class='ocr_line' id='line_1_10' title="bbox 402 988 1971 1059; baseline 0.002 -18"><span class='ocrx_word' id='word_1_61' title='bbox 402 988 693 1043; x_wconf 85' lang='lat' dir='ltr'><strong>Arabicam</strong></span> <span class='ocrx_word' id='word_1_62' title='bbox 751 988 1260 1057; x_wconf 84' lang='lat' dir='ltr'><strong>interpretationem</strong></span> <span class='ocrx_word' id='word_1_63' title='bbox 1326 989 1647 1059; x_wconf 67' lang='lat' dir='ltr'><strong>Erpenianae</strong></span> <span class='ocrx_word' id='word_1_64' title='bbox 1696 990 1971 1046; x_wconf 89' lang='lat' dir='ltr'><strong>editionis.</strong></span> 
     </span>
    </p>
   </div>
   <div class='ocr_carea' id='block_1_11' title="bbox 404 1079 1972 1149">
    <p class='ocr_par' dir='ltr' id='par_1_11' title="bbox 404 1079 1972 1149">
     <span class='ocr_line' id='line_1_11' title="bbox 404 1079 1972 1149; baseline 0 -16"><span class='ocrx_word' id='word_1_65' title='bbox 404 1079 507 1134; x_wconf 86' lang='lat' dir='ltr'><strong>Uni</strong></span> <span class='ocrx_word' id='word_1_66' title='bbox 536 1080 802 1149; x_wconf 85' lang='lat' dir='ltr'><strong>siquidem</strong></span> <span class='ocrx_word' id='word_1_67' title='bbox 842 1094 1123 1149; x_wconf 71' lang='lat' dir='ltr'><strong>puerpera:</strong></span> <span class='ocrx_word' id='word_1_68' title='bbox 1177 1081 1556 1148; x_wconf 85' lang='lat' dir='ltr'><strong>purgationem</strong></span> <span class='ocrx_word' id='word_1_69' title='bbox 1606 1080 1775 1135; x_wconf 84' lang='lat' dir='ltr'><strong>fuisse</strong></span> <span class='ocrx_word' id='word_1_70' title='bbox 1813 1080 1972 1135; x_wconf 87' lang='lat' dir='ltr'><strong>adbi-</strong></span> 
     </span>
    </p>
   </div>
   <div class='ocr_carea' id='block_1_12' title="bbox 401 1170 1977 1237">
    <p class='ocr_par' dir='ltr' id='par_1_12' title="bbox 401 1170 1977 1237">
     <span class='ocr_line' id='line_1_12' title="bbox 401 1170 1977 1237; baseline 0 -9"><span class='ocrx_word' id='word_1_71' title='bbox 401 1173 592 1237; x_wconf 85' lang='lat' dir='ltr'><strong>bitam,</strong></span> <span class='ocrx_word' id='word_1_72' title='bbox 628 1188 735 1227; x_wconf 90' lang='lat' dir='ltr'><strong>non</strong></span> <span class='ocrx_word' id='word_1_73' title='bbox 772 1172 934 1226; x_wconf 89' lang='lat' dir='ltr'><strong>etiam</strong></span> <span class='ocrx_word' id='word_1_74' title='bbox 969 1171 1160 1225; x_wconf 78' lang='lat' dir='ltr'><strong>infanti</strong></span> <span class='ocrx_word' id='word_1_75' title='bbox 1181 1180 1396 1226; x_wconf 90' lang='lat' dir='ltr'><strong>constat</strong></span> <span class='ocrx_word' id='word_1_76' title='bbox 1425 1187 1490 1227; x_wconf 92' lang='lat' dir='ltr'><strong>ex</strong></span> <span class='ocrx_word' id='word_1_77' title='bbox 1533 1170 1705 1227; x_wconf 86' lang='lat' dir='ltr'><strong>Levit.</strong></span> <span class='ocrx_word' id='word_1_78' title='bbox 1750 1188 1811 1227; x_wconf 86' lang='lat' dir='ltr'><strong>ll.</strong></span> <span class='ocrx_word' id='word_1_79' title='bbox 1848 1174 1977 1228; x_wconf 87' lang='lat' dir='ltr'><strong>Cor-</strong></span> 
     </span>
    </p>
   </div>
   <div class='ocr_carea' id='block_1_13' title="bbox 401 1262 1971 1334">
    <p class='ocr_par' dir='ltr' id='par_1_13' title="bbox 401 1262 1971 1334">
     <span class='ocr_line' id='line_1_13' title="bbox 401 1262 1971 1334; baseline -0.001 -15"><span class='ocrx_word' id='word_1_80' title='bbox 401 1274 557 1334; x_wconf 87' lang='lat' dir='ltr'><strong>rupta</strong></span> <span class='ocrx_word' id='word_1_81' title='bbox 591 1265 772 1334; x_wconf 89' lang='lat' dir='ltr'><strong>itaque</strong></span> <span class='ocrx_word' id='word_1_82' title='bbox 793 1265 942 1319; x_wconf 86' lang='lat' dir='ltr'><strong>vocis</strong></span> <span class='ocrx_word' id='word_1_83' title='bbox 970 1263 1113 1318; x_wconf 92' lang='lat' dir='ltr'><strong>illius</strong></span> <span class='ocrx_word' id='word_1_84' title='bbox 1141 1262 1332 1331; x_wconf 83' lang='grc' dir='ltr'><strong>αὐτῆς</strong></span> <span class='ocrx_word' id='word_1_85' title='bbox 1357 1263 1522 1319; x_wconf 88' lang='lat' dir='ltr'><strong>lectio</strong></span> <span class='ocrx_word' id='word_1_86' title='bbox 1541 1263 1759 1333; x_wconf 86' lang='lat' dir='ltr'><strong>Origeni</strong></span> <span class='ocrx_word' id='word_1_87' title='bbox 1794 1264 1971 1319; x_wconf 78' lang='lat' dir='ltr'><strong>incum</strong></span> 
     </span>
    </p>
   </div>
   <div class='ocr_carea' id='block_1_14' title="bbox 400 1355 1974 1426">
    <p class='ocr_par' dir='ltr' id='par_1_14' title="bbox 400 1355 1974 1426">
     <span class='ocr_line' id='line_1_14' title="bbox 400 1355 1974 1426; baseline 0.001 -16"><span class='ocrx_word' id='word_1_88' title='bbox 400 1355 552 1420; x_wconf 82' lang='lat' dir='ltr'><strong>fecit,</strong></span> <span class='ocrx_word' id='word_1_89' title='bbox 581 1364 638 1411; x_wconf 91' lang='lat' dir='ltr'><strong>et</strong></span> <span class='ocrx_word' id='word_1_90' title='bbox 682 1356 961 1410; x_wconf 78' lang='lat' dir='ltr'><strong>Christum</strong></span> <span class='ocrx_word' id='word_1_91' title='bbox 1001 1355 1188 1409; x_wconf 87' lang='lat' dir='ltr'><strong>itidem</strong></span> <span class='ocrx_word' id='word_1_92' title='bbox 1239 1366 1297 1409; x_wconf 93' lang='lat' dir='ltr'><strong>ut</strong></span> <span class='ocrx_word' id='word_1_93' title='bbox 1333 1355 1558 1410; x_wconf 87' lang='lat' dir='ltr'><strong>Mariam</strong></span> <span class='ocrx_word' id='word_1_94' title='bbox 1596 1357 1974 1426; x_wconf 81' lang='lat' dir='ltr'><strong>puriﬁcatione</strong></span> 
     </span>
    </p>
   </div>
   <div class='ocr_carea' id='block_1_15' title="bbox 400 1447 1974 1520">
    <p class='ocr_par' dir='ltr' id='par_1_15' title="bbox 400 1447 1974 1520">
     <span class='ocr_line' id='line_1_15' title="bbox 400 1447 1974 1520; baseline 0.003 -19"><span class='ocrx_word' id='word_1_95' title='bbox 400 1462 536 1518; x_wconf 86' lang='lat' dir='ltr'><strong>upus</strong></span> <span class='ocrx_word' id='word_1_96' title='bbox 561 1448 818 1503; x_wconf 85' lang='lat' dir='ltr'><strong>habuisse</strong></span> <span class='ocrx_word' id='word_1_97' title='bbox 848 1449 1136 1518; x_wconf 83' lang='lat' dir='ltr'><strong>persuasit.</strong></span> <span class='ocrx_word' id='word_1_98' title='bbox 1182 1447 1401 1503; x_wconf 90' lang='lat' dir='ltr'><strong>Christo</strong></span> <span class='ocrx_word' id='word_1_99' title='bbox 1432 1448 1617 1519; x_wconf 84' lang='lat' dir='ltr'><strong>itaque</strong></span> <span class='ocrx_word' id='word_1_100' title='bbox 1650 1460 1708 1504; x_wconf 90' lang='lat' dir='ltr'><strong>ut</strong></span> <span class='ocrx_word' id='word_1_101' title='bbox 1751 1451 1974 1520; x_wconf 88' lang='lat' dir='ltr'><strong>reliquis</strong></span> 
     </span>
    </p>
   </div>
   <div class='ocr_carea' id='block_1_16' title="bbox 403 1540 1973 1611">
    <p class='ocr_par' dir='ltr' id='par_1_16' title="bbox 403 1540 1973 1611">
     <span class='ocr_line' id='line_1_16' title="bbox 403 1540 1973 1611; baseline 0.001 -16"><span class='ocrx_word' id='word_1_102' title='bbox 403 1540 721 1596; x_wconf 86' lang='lat' dir='ltr'><strong>hominibus</strong></span> <span class='ocrx_word' id='word_1_103' title='bbox 781 1540 1085 1611; x_wconf 90' lang='lat' dir='ltr'><strong>applicabat</strong></span> <span class='ocrx_word' id='word_1_104' title='bbox 1144 1541 1351 1596; x_wconf 91' lang='lat' dir='ltr'><strong>dictum</strong></span> <span class='ocrx_word' id='word_1_105' title='bbox 1413 1542 1535 1598; x_wconf 87' lang='lat' dir='ltr'><strong>Jobi</strong></span> <span class='ocrx_word' id='word_1_106' title='bbox 1570 1584 1586 1609; x_wconf 95' lang='lat'><strong>,</strong></span> <span class='ocrx_word' id='word_1_107' title='bbox 1640 1560 1660 1595; x_wconf 77' lang='grc' dir='ltr'><strong>ι</strong></span> <span class='ocrx_word' id='word_1_108' title='bbox 1696 1542 1973 1597; x_wconf 87' lang='lat' dir='ltr'><strong>Neminem</strong></span> 
     </span>
    </p>
   </div>
   <div class='ocr_carea' id='block_1_17' title="bbox 398 1634 1971 1705">
    <p class='ocr_par' dir='ltr' id='par_1_17' title="bbox 398 1634 1971 1705">
     <span class='ocr_line' id='line_1_17' title="bbox 398 1634 1971 1705; baseline 0.001 -17"><span class='ocrx_word' id='word_1_109' title='bbox 398 1648 521 1690; x_wconf 82' lang='lat' dir='ltr'><strong>esse</strong></span> <span class='ocrx_word' id='word_1_110' title='bbox 554 1634 818 1689; x_wconf 90' lang='lat' dir='ltr'><strong>mundum</strong></span> <span class='ocrx_word' id='word_1_111' title='bbox 865 1649 894 1687; x_wconf 92' lang='lat' dir='ltr'><strong>a</strong></span> <span class='ocrx_word' id='word_1_112' title='bbox 943 1635 1104 1689; x_wconf 87' lang='lat' dir='ltr'><strong>sorde</strong></span> <span class='ocrx_word' id='word_1_113' title='bbox 1141 1650 1155 1688; x_wconf 90' lang='lat'><strong>:</strong></span> <span class='ocrx_word' id='word_1_114' title='bbox 1193 1650 1258 1689; x_wconf 91' lang='lat' dir='ltr'><strong>ne</strong></span> <span class='ocrx_word' id='word_1_115' title='bbox 1293 1636 1336 1690; x_wconf 93' lang='lat' dir='ltr'><strong>si</strong></span> <span class='ocrx_word' id='word_1_116' title='bbox 1382 1636 1546 1690; x_wconf 91' lang='lat' dir='ltr'><strong>unius</strong></span> <span class='ocrx_word' id='word_1_117' title='bbox 1597 1636 1813 1705; x_wconf 88' lang='lat' dir='ltr'><strong>quidem</strong></span> <span class='ocrx_word' id='word_1_118' title='bbox 1867 1636 1971 1689; x_wconf 88' lang='lat' dir='ltr'><strong>diei</strong></span> 
     </span>
    </p>
   </div>
   <div class='ocr_carea' id='block_1_18' title="bbox 400 1724 1974 1796">
    <p class='ocr_par' dir='ltr' id='par_1_18' title="bbox 400 1724 1974 1796">
     <span class='ocr_line' id='line_1_18' title="bbox 400 1724 1974 1796; baseline -0.001 -15"><span class='ocrx_word' id='word_1_119' title='bbox 400 1727 570 1781; x_wconf 82' lang='lat' dir='ltr'><strong>fuerit</strong></span> <span class='ocrx_word' id='word_1_120' title='bbox 596 1727 705 1781; x_wconf 90' lang='lat' dir='ltr'><strong>vita</strong></span> <span class='ocrx_word' id='word_1_121' title='bbox 742 1724 860 1793; x_wconf 80' lang='lat' dir='ltr'><strong>ejus</strong></span> <span class='ocrx_word' id='word_1_122' title='bbox 899 1726 967 1780; x_wconf 78' lang='lat'><strong>&quot;.</strong></span> <span class='ocrx_word' id='word_1_123' title='bbox 1016 1744 1034 1778; x_wconf 75' lang='grc' dir='ltr'><strong>ι</strong></span> <span class='ocrx_word' id='word_1_124' title='bbox 1077 1724 1277 1781; x_wconf 89' lang='lat' dir='ltr'><strong>Sordes</strong></span> <span class='ocrx_word' id='word_1_125' title='bbox 1319 1736 1501 1781; x_wconf 91' lang='lat' dir='ltr'><strong>autem</strong></span> <span class='ocrx_word' id='word_1_126' title='bbox 1548 1742 1577 1780; x_wconf 92' lang='lat' dir='ltr'><strong>a</strong></span> <span class='ocrx_word' id='word_1_127' title='bbox 1624 1736 1848 1796; x_wconf 91' lang='lat' dir='ltr'><strong>peccato</strong></span> <span class='ocrx_word' id='word_1_128' title='bbox 1886 1726 1974 1781; x_wconf 87' lang='lat' dir='ltr'><strong>bic</strong></span> 
     </span>
    </p>
   </div>
   <div class='ocr_carea' id='block_1_19' title="bbox 2078 533 3662 602">
    <p class='ocr_par' dir='ltr' id='par_1_19' title="bbox 2078 533 3662 602">
     <span class='ocr_line' id='line_1_19' title="bbox 2078 533 3662 602; baseline 0.001 -17"><span class='ocrx_word' id='word_1_129' title='bbox 2078 544 2234 601; x_wconf 89' lang='lat' dir='ltr'><strong>cepto</strong></span> <span class='ocrx_word' id='word_1_130' title='bbox 2259 534 2488 602; x_wconf 89' lang='lat' dir='ltr'><strong>peperit,</strong></span> <span class='ocrx_word' id='word_1_131' title='bbox 2527 549 2645 588; x_wconf 91' lang='lat' dir='ltr'><strong>eam</strong></span> <span class='ocrx_word' id='word_1_132' title='bbox 2668 550 2797 590; x_wconf 89' lang='lat' dir='ltr'><strong>vero</strong></span> <span class='ocrx_word' id='word_1_133' title='bbox 2833 535 3162 589; x_wconf 84' lang='lat' dir='ltr'><strong>immundam</strong></span> <span class='ocrx_word' id='word_1_134' title='bbox 3184 549 3288 589; x_wconf 92' lang='lat' dir='ltr'><strong>non</strong></span> <span class='ocrx_word' id='word_1_135' title='bbox 3330 550 3477 590; x_wconf 89' lang='lat' dir='ltr'><strong>esse.</strong></span> <span class='ocrx_word' id='word_1_136' title='bbox 3500 533 3662 601; x_wconf 82' lang='lat' dir='ltr'><strong>Quo-</strong></span> 
     </span>
    </p>
   </div>
   <div class='ocr_carea' id='block_1_20' title="bbox 2080 625 3661 695">
    <p class='ocr_par' dir='ltr' id='par_1_20' title="bbox 2080 625 3661 695">
     <span class='ocr_line' id='line_1_20' title="bbox 2080 625 3661 695; baseline 0.001 -19"><span class='ocrx_word' id='word_1_137' title='bbox 2080 638 2199 677; x_wconf 91' lang='lat' dir='ltr'><strong>rum</strong></span> <span class='ocrx_word' id='word_1_138' title='bbox 2229 638 2293 678; x_wconf 91' lang='lat' dir='ltr'><strong>ea</strong></span> <span class='ocrx_word' id='word_1_139' title='bbox 2321 640 2577 693; x_wconf 87' lang='lat' dir='ltr'><strong>germana</strong></span> <span class='ocrx_word' id='word_1_140' title='bbox 2600 637 2747 689; x_wconf 90' lang='lat' dir='ltr'><strong>sunt,</strong></span> <span class='ocrx_word' id='word_1_141' title='bbox 2770 642 2889 695; x_wconf 70' lang='lat' dir='ltr'><strong>qua:</strong></span> <span class='ocrx_word' id='word_1_142' title='bbox 2912 635 3304 695; x_wconf 60' lang='lat' dir='ltr'><strong>repraesentant</strong></span> <span class='ocrx_word' id='word_1_143' title='bbox 3332 625 3561 680; x_wconf 65' lang='lat' dir='ltr'><strong>Catenae</strong></span> <span class='ocrx_word' id='word_1_144' title='bbox 3590 639 3661 678; x_wconf 82' lang='lat' dir='ltr'><strong>ex</strong></span> 
     </span>
    </p>
   </div>
   <div class='ocr_carea' id='block_1_21' title="bbox 2077 714 3662 790">
    <p class='ocr_par' dir='ltr' id='par_1_21' title="bbox 2077 714 3662 790">
     <span class='ocr_line' id='line_1_21' title="bbox 2077 714 3662 790; baseline -0.001 -20"><span class='ocrx_word' id='word_1_145' title='bbox 2077 714 2312 785; x_wconf 81' lang='lat' dir='ltr'><strong>Origene</strong></span> <span class='ocrx_word' id='word_1_146' title='bbox 2332 717 2387 769; x_wconf 81' lang='lat' dir='ltr'><strong>in</strong></span> <span class='ocrx_word' id='word_1_147' title='bbox 2407 715 2570 773; x_wconf 81' lang='lat' dir='ltr'><strong>Leuit.</strong></span> <span class='ocrx_word' id='word_1_148' title='bbox 2588 733 2726 784; x_wconf 82' lang='lat' dir='ltr'><strong>xxlt,</strong></span> <span class='ocrx_word' id='word_1_149' title='bbox 2748 719 2783 772; x_wconf 75' lang='grc'>2</span> <span class='ocrx_word' id='word_1_150' title='bbox 2806 737 2817 772; x_wconf 94' lang='lat'>:</span> <span class='ocrx_word' id='word_1_151' title='bbox 2843 718 2984 790; x_wconf 79' lang='grc' dir='ltr'><strong>Γυνὴ</strong></span> <span class='ocrx_word' id='word_1_152' title='bbox 3003 719 3124 789; x_wconf 78' lang='grc' dir='ltr'><strong>ἥτις</strong></span> <span class='ocrx_word' id='word_1_153' title='bbox 3146 716 3534 789; x_wconf 77' lang='grc' dir='ltr'>σπερματισθῇ</span> <span class='ocrx_word' id='word_1_154' title='bbox 3561 718 3662 769; x_wconf 80' lang='grc' dir='ltr'><strong>καὶ</strong></span> 
     </span>
    </p>
   </div>
   <div class='ocr_carea' id='block_1_22' title="bbox 2077 807 3656 882">
    <p class='ocr_par' dir='ltr' id='par_1_22' title="bbox 2077 807 3656 882">
     <span class='ocr_line' id='line_1_22' title="bbox 2077 807 3656 882; baseline 0.009 -23"><span class='ocrx_word' id='word_1_155' title='bbox 2077 807 2226 861; x_wconf 82' lang='grc' dir='ltr'>τέκοι</span> <span class='ocrx_word' id='word_1_156' title='bbox 2251 809 2448 880; x_wconf 81' lang='grc' dir='ltr'><strong>ἄρσεν·</strong></span> <span class='ocrx_word' id='word_1_157' title='bbox 2493 810 2787 882; x_wconf 81' lang='grc' dir='ltr'>παρέλκειν</span> <span class='ocrx_word' id='word_1_158' title='bbox 2815 812 2956 878; x_wconf 84' lang='grc' dir='ltr'><strong>δόξει</strong></span> <span class='ocrx_word' id='word_1_159' title='bbox 2995 812 3055 865; x_wconf 82' lang='grc' dir='ltr'><strong>τό</strong></span> <span class='ocrx_word' id='word_1_160' title='bbox 3074 828 3089 844; x_wconf 77' lang='grc' dir='ltr'><strong><em>ο</em></strong></span> <span class='ocrx_word' id='word_1_161' title='bbox 3118 812 3212 865; x_wconf 74' lang='grc' dir='ltr'>ἐὰν</span> <span class='ocrx_word' id='word_1_162' title='bbox 3244 810 3656 881; x_wconf 66' lang='grc' dir='ltr'><strong>σπερματοσθῇ,</strong></span> 
     </span>
    </p>
   </div>
   <div class='ocr_carea' id='block_1_23' title="bbox 2079 901 3657 976">
    <p class='ocr_par' dir='ltr' id='par_1_23' title="bbox 2079 901 3657 976">
     <span class='ocr_line' id='line_1_23' title="bbox 2079 901 3657 976; baseline 0.002 -25"><span class='ocrx_word' id='word_1_163' title='bbox 2079 901 2515 971; x_wconf 79' lang='grc' dir='ltr'>προτασσόμενον</span> <span class='ocrx_word' id='word_1_164' title='bbox 2550 902 2643 956; x_wconf 80' lang='grc' dir='ltr'><strong>τοῦ</strong></span> <span class='ocrx_word' id='word_1_165' title='bbox 2663 919 2677 931; x_wconf 88' lang='grc'><strong>·</strong></span> <span class='ocrx_word' id='word_1_166' title='bbox 2721 905 2815 957; x_wconf 78' lang='grc' dir='ltr'><strong>καὶ</strong></span> <span class='ocrx_word' id='word_1_167' title='bbox 2841 904 2975 976; x_wconf 80' lang='grc' dir='ltr'><strong>τέκῃ</strong></span> <span class='ocrx_word' id='word_1_168' title='bbox 3004 904 3167 974; x_wconf 77' lang='grc' dir='ltr'>ἄρσεν</span> <span class='ocrx_word' id='word_1_169' title='bbox 3187 921 3200 935; x_wconf 77' lang='grc' dir='ltr'><strong><em>ο</em></strong></span> <span class='ocrx_word' id='word_1_170' title='bbox 3238 903 3355 956; x_wconf 81' lang='grc' dir='ltr'><strong>ἀλλ’</strong></span> <span class='ocrx_word' id='word_1_171' title='bbox 3388 904 3657 973; x_wconf 75' lang='grc' dir='ltr'><strong>ἐφίστημι</strong></span> 
     </span>
    </p>
   </div>
   <div class='ocr_carea' id='block_1_24' title="bbox 2083 993 3658 1067">
    <p class='ocr_par' dir='ltr' id='par_1_24' title="bbox 2083 993 3658 1067">
     <span class='ocr_line' id='line_1_24' title="bbox 2083 993 3658 1067; baseline 0.002 -23"><span class='ocrx_word' id='word_1_172' title='bbox 2083 993 2291 1062; x_wconf 87' lang='grc' dir='ltr'>μήποτε</span> <span class='ocrx_word' id='word_1_173' title='bbox 2320 994 2408 1047; x_wconf 82' lang='grc' dir='ltr'><strong>ἵνα</strong></span> <span class='ocrx_word' id='word_1_174' title='bbox 2438 996 2792 1067; x_wconf 84' lang='grc' dir='ltr'><strong>προφητικῶς</strong></span> <span class='ocrx_word' id='word_1_175' title='bbox 2817 997 2850 1066; x_wconf 81' lang='grc' dir='ltr'><strong>ή</strong></span> <span class='ocrx_word' id='word_1_176' title='bbox 2877 996 3065 1067; x_wconf 82' lang='grc' dir='ltr'><strong>Μαρία</strong></span> <span class='ocrx_word' id='word_1_177' title='bbox 3099 996 3198 1048; x_wconf 75' lang='grc' dir='ltr'><strong>οὐκ</strong></span> <span class='ocrx_word' id='word_1_178' title='bbox 3224 996 3289 1048; x_wconf 74' lang='grc' dir='ltr'><strong>ἐκ</strong></span> <span class='ocrx_word' id='word_1_179' title='bbox 3310 993 3404 1048; x_wconf 75' lang='grc' dir='ltr'><strong>τοῦ</strong></span> <span class='ocrx_word' id='word_1_180' title='bbox 3455 998 3658 1065; x_wconf 76' lang='grc' dir='ltr'>ἐσπερ-</span> 
     </span>
    </p>
   </div>
   <div class='ocr_carea' id='block_1_25' title="bbox 2082 1078 3657 1156">
    <p class='ocr_par' dir='ltr' id='par_1_25' title="bbox 2082 1078 3657 1156">
     <span class='ocr_line' id='line_1_25' title="bbox 2082 1078 3657 1156; baseline -0.001 -22"><span class='ocrx_word' id='word_1_181' title='bbox 2082 1082 2337 1152; x_wconf 79' lang='grc' dir='ltr'><strong>ματίσθαι</strong></span> <span class='ocrx_word' id='word_1_182' title='bbox 2361 1084 2594 1137; x_wconf 81' lang='grc' dir='ltr'>τεκοῦσα</span> <span class='ocrx_word' id='word_1_183' title='bbox 2619 1085 2782 1156; x_wconf 83' lang='grc' dir='ltr'>ἄρσεν</span> <span class='ocrx_word' id='word_1_184' title='bbox 2816 1085 2889 1156; x_wconf 84' lang='grc' dir='ltr'>μὴ</span> <span class='ocrx_word' id='word_1_185' title='bbox 2916 1084 3145 1155; x_wconf 80' lang='grc' dir='ltr'>νομισθῇ</span> <span class='ocrx_word' id='word_1_186' title='bbox 3183 1083 3495 1153; x_wconf 83' lang='grc' dir='ltr'>ἀκάθαρτος</span> <span class='ocrx_word' id='word_1_187' title='bbox 3518 1078 3657 1134; x_wconf 79' lang='grc' dir='ltr'>εἶναι</span> 
     </span>
    </p>
   </div>
   <div class='ocr_carea' id='block_1_26' title="bbox 2078 1174 3659 1249">
    <p class='ocr_par' dir='ltr' id='par_1_26' title="bbox 2078 1174 3659 1249">
     <span class='ocr_line' id='line_1_26' title="bbox 2078 1174 3659 1249; baseline 0 -22"><span class='ocrx_word' id='word_1_188' title='bbox 2078 1178 2436 1246; x_wconf 76' lang='grc' dir='ltr'>γεγεννηκυῖα</span> <span class='ocrx_word' id='word_1_189' title='bbox 2450 1176 2539 1230; x_wconf 87' lang='grc' dir='ltr'>τὸν</span> <span class='ocrx_word' id='word_1_190' title='bbox 2555 1177 2803 1249; x_wconf 81' lang='grc' dir='ltr'><strong>Σωτῆρα,</strong></span> <span class='ocrx_word' id='word_1_191' title='bbox 2839 1176 3051 1247; x_wconf 81' lang='grc' dir='ltr'><strong>εἴρηται</strong></span> <span class='ocrx_word' id='word_1_192' title='bbox 3098 1176 3216 1229; x_wconf 86' lang='grc' dir='ltr'>ὅλον</span> <span class='ocrx_word' id='word_1_193' title='bbox 3240 1175 3418 1229; x_wconf 78' lang='grc' dir='ltr'>τοῦτο.</span> <span class='ocrx_word' id='word_1_194' title='bbox 3472 1174 3659 1228; x_wconf 77' lang='lat' dir='ltr'><strong>Adda-</strong></span> 
     </span>
    </p>
   </div>
   <div class='ocr_carea' id='block_1_27' title="bbox 2080 1264 3654 1338">
    <p class='ocr_par' dir='ltr' id='par_1_27' title="bbox 2080 1264 3654 1338">
     <span class='ocr_line' id='line_1_27' title="bbox 2080 1264 3654 1338; baseline 0.001 -21"><span class='ocrx_word' id='word_1_195' title='bbox 2080 1281 2198 1319; x_wconf 87' lang='lat' dir='ltr'><strong>mus</strong></span> <span class='ocrx_word' id='word_1_196' title='bbox 2228 1266 2462 1336; x_wconf 84' lang='lat' dir='ltr'><strong>denique</strong></span> <span class='ocrx_word' id='word_1_197' title='bbox 2488 1268 2751 1338; x_wconf 75' lang='lat' dir='ltr'><strong>insignem</strong></span> <span class='ocrx_word' id='word_1_198' title='bbox 2778 1270 2953 1322; x_wconf 90' lang='lat' dir='ltr'><strong>locum</strong></span> <span class='ocrx_word' id='word_1_199' title='bbox 2977 1282 3040 1321; x_wconf 88' lang='lat' dir='ltr'><strong>ex</strong></span> <span class='ocrx_word' id='word_1_200' title='bbox 3068 1266 3251 1321; x_wconf 86' lang='lat' dir='ltr'><strong>homil.</strong></span> <span class='ocrx_word' id='word_1_201' title='bbox 3281 1266 3351 1320; x_wconf 72' lang='grc'>12</span> <span class='ocrx_word' id='word_1_202' title='bbox 3378 1268 3435 1320; x_wconf 82' lang='lat' dir='ltr'><strong>in</strong></span> <span class='ocrx_word' id='word_1_203' title='bbox 3460 1264 3654 1333; x_wconf 51' lang='lat' dir='ltr'><strong>Leuit,</strong></span> 
     </span>
    </p>
   </div>
   <div class='ocr_carea' id='block_1_28' title="bbox 2080 1358 3655 1429">
    <p class='ocr_par' dir='ltr' id='par_1_28' title="bbox 2080 1358 3655 1429">
     <span class='ocr_line' id='line_1_28' title="bbox 2080 1358 3655 1429; baseline 0.001 -19"><span class='ocrx_word' id='word_1_204' title='bbox 2080 1373 2228 1411; x_wconf 91' lang='lat' dir='ltr'><strong>num.</strong></span> <span class='ocrx_word' id='word_1_205' title='bbox 2261 1359 2316 1422; x_wconf 78' lang='grc'><strong>4,</strong></span> <span class='ocrx_word' id='word_1_206' title='bbox 2350 1374 2456 1428; x_wconf 86' lang='lat' dir='ltr'><strong>quo</strong></span> <span class='ocrx_word' id='word_1_207' title='bbox 2485 1360 2854 1429; x_wconf 79' lang='lat' dir='ltr'><strong>generationis</strong></span> <span class='ocrx_word' id='word_1_208' title='bbox 2883 1359 3086 1415; x_wconf 87' lang='lat' dir='ltr'><strong>Christi</strong></span> <span class='ocrx_word' id='word_1_209' title='bbox 3117 1368 3172 1413; x_wconf 92' lang='lat' dir='ltr'><strong>et</strong></span> <span class='ocrx_word' id='word_1_210' title='bbox 3208 1358 3506 1428; x_wconf 77' lang='lat' dir='ltr'><strong>virginalis</strong></span> <span class='ocrx_word' id='word_1_211' title='bbox 3542 1358 3655 1412; x_wconf 73' lang='lat' dir='ltr'><strong>Ma-</strong></span> 
     </span>
    </p>
   </div>
   <div class='ocr_carea' id='block_1_29' title="bbox 2082 1449 3651 1520">
    <p class='ocr_par' dir='ltr' id='par_1_29' title="bbox 2082 1449 3651 1520">
     <span class='ocr_line' id='line_1_29' title="bbox 2082 1449 3651 1520; baseline -0.001 -16"><span class='ocrx_word' id='word_1_212' title='bbox 2082 1450 2175 1505; x_wconf 73' lang='lat' dir='ltr'><strong>ria:</strong></span> <span class='ocrx_word' id='word_1_213' title='bbox 2221 1450 2470 1519; x_wconf 86' lang='lat' dir='ltr'><strong>corporis</strong></span> <span class='ocrx_word' id='word_1_214' title='bbox 2514 1450 2808 1505; x_wconf 88' lang='lat' dir='ltr'><strong>mundities</strong></span> <span class='ocrx_word' id='word_1_215' title='bbox 2849 1450 3205 1505; x_wconf 81' lang='lat' dir='ltr'><strong>disertissime</strong></span> <span class='ocrx_word' id='word_1_216' title='bbox 3271 1449 3651 1520; x_wconf 71' lang='lat' dir='ltr'><strong>praedicatur:</strong></span> 
     </span>
    </p>
   </div>
   <div class='ocr_carea' id='block_1_30' title="bbox 2084 1540 3651 1611">
    <p class='ocr_par' dir='ltr' id='par_1_30' title="bbox 2084 1540 3651 1611">
     <span class='ocr_line' id='line_1_30' title="bbox 2084 1540 3651 1611; baseline 0.001 -19"><span class='ocrx_word' id='word_1_217' title='bbox 2084 1558 2103 1592; x_wconf 77' lang='grc' dir='ltr'><strong>ι</strong></span> <span class='ocrx_word' id='word_1_218' title='bbox 2142 1541 2333 1595; x_wconf 90' lang='lat' dir='ltr'><strong>Omnis</strong></span> <span class='ocrx_word' id='word_1_219' title='bbox 2367 1541 2458 1609; x_wconf 93' lang='lat' dir='ltr'><strong>qui</strong></span> <span class='ocrx_word' id='word_1_220' title='bbox 2513 1540 2817 1611; x_wconf 85' lang='lat' dir='ltr'><strong>ingreditur</strong></span> <span class='ocrx_word' id='word_1_221' title='bbox 2844 1540 2989 1595; x_wconf 86' lang='lat' dir='ltr'><strong>hunc</strong></span> <span class='ocrx_word' id='word_1_222' title='bbox 3023 1541 3281 1595; x_wconf 87' lang='lat' dir='ltr'><strong>mundum</strong></span> <span class='ocrx_word' id='word_1_223' title='bbox 3329 1541 3385 1595; x_wconf 93' lang='lat' dir='ltr'><strong>in</strong></span> <span class='ocrx_word' id='word_1_224' title='bbox 3414 1541 3651 1610; x_wconf 85' lang='lat' dir='ltr'><strong>quadam</strong></span> 
     </span>
    </p>
   </div>
   <div class='ocr_carea' id='block_1_31' title="bbox 2078 1630 3655 1703">
    <p class='ocr_par' dir='ltr' id='par_1_31' title="bbox 2078 1630 3655 1703">
     <span class='ocr_line' id='line_1_31' title="bbox 2078 1630 3655 1703; baseline -0.001 -15"><span class='ocrx_word' id='word_1_225' title='bbox 2078 1633 2539 1688; x_wconf 88' lang='lat' dir='ltr'><strong>contaminatione</strong></span> <span class='ocrx_word' id='word_1_226' title='bbox 2565 1630 2705 1688; x_wconf 71' lang='grc' dir='ltr'><strong>εαἰεὶ</strong></span> <span class='ocrx_word' id='word_1_227' title='bbox 2737 1632 2960 1688; x_wconf 92' lang='lat' dir='ltr'><strong>dicitur.</strong></span> <span class='ocrx_word' id='word_1_228' title='bbox 2991 1630 3224 1702; x_wconf 89' lang='lat' dir='ltr'><strong>Propter</strong></span> <span class='ocrx_word' id='word_1_229' title='bbox 3246 1633 3393 1703; x_wconf 89' lang='lat' dir='ltr'><strong>quod</strong></span> <span class='ocrx_word' id='word_1_230' title='bbox 3424 1641 3486 1687; x_wconf 89' lang='lat' dir='ltr'><strong>et</strong></span> <span class='ocrx_word' id='word_1_231' title='bbox 3508 1633 3655 1689; x_wconf 82' lang='lat' dir='ltr'><strong>Scri-</strong></span> 
     </span>
    </p>
   </div>
   <div class='ocr_carea' id='block_1_32' title="bbox 2078 1722 3651 1794">
    <p class='ocr_par' dir='ltr' id='par_1_32' title="bbox 2078 1722 3651 1794">
     <span class='ocr_line' id='line_1_32' title="bbox 2078 1722 3651 1794; baseline -0.003 -15"><span class='ocrx_word' id='word_1_232' title='bbox 2078 1734 2236 1794; x_wconf 88' lang='lat' dir='ltr'><strong>ptura</strong></span> <span class='ocrx_word' id='word_1_233' title='bbox 2264 1724 2434 1780; x_wconf 89' lang='lat' dir='ltr'><strong>dicit:</strong></span> <span class='ocrx_word' id='word_1_234' title='bbox 2474 1722 2643 1778; x_wconf 85' lang='lat' dir='ltr'><strong>Nemo</strong></span> <span class='ocrx_word' id='word_1_235' title='bbox 2668 1724 2894 1778; x_wconf 85' lang='lat' dir='ltr'><strong>mundus</strong></span> <span class='ocrx_word' id='word_1_236' title='bbox 2929 1740 2961 1777; x_wconf 88' lang='lat' dir='ltr'><strong>a</strong></span> <span class='ocrx_word' id='word_1_237' title='bbox 2987 1724 3160 1789; x_wconf 86' lang='lat' dir='ltr'><strong>sorde,</strong></span> <span class='ocrx_word' id='word_1_238' title='bbox 3186 1740 3248 1777; x_wconf 83' lang='lat' dir='ltr'><strong>ne</strong></span> <span class='ocrx_word' id='word_1_239' title='bbox 3271 1723 3315 1777; x_wconf 97' lang='lat' dir='ltr'><strong>si</strong></span> <span class='ocrx_word' id='word_1_240' title='bbox 3344 1725 3513 1777; x_wconf 74' lang='lat' dir='ltr'><strong>unius</strong></span> <span class='ocrx_word' id='word_1_241' title='bbox 3550 1723 3651 1777; x_wconf 86' lang='lat' dir='ltr'><strong>diei</strong></span> 
     </span>
    </p>
   </div>
   <div class='ocr_carea' id='block_1_33' title="bbox 399 1808 3649 1889">
    <p class='ocr_par' dir='ltr' id='par_1_33' title="bbox 399 1808 3649 1889">
     <span class='ocr_line' id='line_1_33' title="bbox 399 1808 3649 1889; baseline -0 -19"><span class='ocrx_word' id='word_1_242' title='bbox 399 1819 668 1884; x_wconf 77' lang='lat' dir='ltr'><strong>distinxit,</strong></span> <span class='ocrx_word' id='word_1_243' title='bbox 714 1828 875 1888; x_wconf 89' lang='lat' dir='ltr'><strong>atque</strong></span> <span class='ocrx_word' id='word_1_244' title='bbox 915 1817 1235 1874; x_wconf 90' lang='lat' dir='ltr'><strong>sordescere</strong></span> <span class='ocrx_word' id='word_1_245' title='bbox 1279 1819 1516 1873; x_wconf 87' lang='lat' dir='ltr'><strong>animam</strong></span> <span class='ocrx_word' id='word_1_246' title='bbox 1563 1818 1810 1889; x_wconf 83' lang='lat' dir='ltr'><strong>putavit,</strong></span> <span class='ocrx_word' id='word_1_247' title='bbox 1853 1833 1974 1874; x_wconf 90' lang='lat' dir='ltr'><strong>cum</strong></span> <span class='ocrx_word' id='word_1_248' title='bbox 2006 1808 2048 1863; x_wconf 89' lang='grc' dir='ltr'><strong>Β</strong></span> <span class='ocrx_word' id='word_1_249' title='bbox 2077 1817 2236 1887; x_wconf 80' lang='lat' dir='ltr'><strong>fuerit</strong></span> <span class='ocrx_word' id='word_1_250' title='bbox 2271 1817 2374 1871; x_wconf 77' lang='lat' dir='ltr'><strong>vita</strong></span> <span class='ocrx_word' id='word_1_251' title='bbox 2399 1816 2513 1886; x_wconf 89' lang='lat' dir='ltr'><strong>ejus</strong></span> <span class='ocrx_word' id='word_1_252' title='bbox 2542 1816 2612 1871; x_wconf 81' lang='lat'><strong>&quot;.</strong></span> <span class='ocrx_word' id='word_1_253' title='bbox 2643 1815 2757 1870; x_wconf 83' lang='lat' dir='ltr'><strong>Hoc</strong></span> <span class='ocrx_word' id='word_1_254' title='bbox 2790 1816 2906 1885; x_wconf 92' lang='lat' dir='ltr'><strong>ipso</strong></span> <span class='ocrx_word' id='word_1_255' title='bbox 2922 1829 3055 1885; x_wconf 86' lang='lat' dir='ltr'><strong>ergo</strong></span> <span class='ocrx_word' id='word_1_256' title='bbox 3090 1816 3232 1886; x_wconf 89' lang='lat' dir='ltr'><strong>quod</strong></span> <span class='ocrx_word' id='word_1_257' title='bbox 3260 1814 3313 1869; x_wconf 89' lang='lat' dir='ltr'><strong>in</strong></span> <span class='ocrx_word' id='word_1_258' title='bbox 3341 1813 3514 1869; x_wconf 89' lang='lat' dir='ltr'><strong>vulva</strong></span> <span class='ocrx_word' id='word_1_259' title='bbox 3536 1830 3649 1869; x_wconf 80' lang='lat' dir='ltr'><strong>ma-</strong></span> 
     </span>
    </p>
   </div>
   <div class='ocr_carea' id='block_1_34' title="bbox 402 1911 1974 1981">
    <p class='ocr_par' dir='ltr' id='par_1_34' title="bbox 402 1911 1974 1981">
     <span class='ocr_line' id='line_1_34' title="bbox 402 1911 1974 1981; baseline 0.001 -16"><span class='ocrx_word' id='word_1_260' title='bbox 402 1911 631 1966; x_wconf 88' lang='lat' dir='ltr'><strong>mortale</strong></span> <span class='ocrx_word' id='word_1_261' title='bbox 662 1911 807 1966; x_wconf 92' lang='lat' dir='ltr'><strong>subit</strong></span> <span class='ocrx_word' id='word_1_262' title='bbox 832 1925 1034 1981; x_wconf 92' lang='lat' dir='ltr'><strong>corpus</strong></span> <span class='ocrx_word' id='word_1_263' title='bbox 1090 1925 1121 1965; x_wconf 92' lang='lat' dir='ltr'><strong>e</strong></span> <span class='ocrx_word' id='word_1_264' title='bbox 1162 1911 1253 1965; x_wconf 86' lang='lat' dir='ltr'><strong>vili</strong></span> <span class='ocrx_word' id='word_1_265' title='bbox 1306 1921 1360 1965; x_wconf 91' lang='lat' dir='ltr'><strong>et</strong></span> <span class='ocrx_word' id='word_1_266' title='bbox 1400 1912 1617 1967; x_wconf 89' lang='lat' dir='ltr'><strong>sordida</strong></span> <span class='ocrx_word' id='word_1_267' title='bbox 1661 1920 1974 1967; x_wconf 90' lang='lat' dir='ltr'><strong>concretum</strong></span> 
     </span>
    </p>
   </div>
   <div class='ocr_carea' id='block_1_35' title="bbox 400 2003 1978 2073">
    <p class='ocr_par' dir='ltr' id='par_1_35' title="bbox 400 2003 1978 2073">
     <span class='ocr_line' id='line_1_35' title="bbox 400 2003 1978 2073; baseline -0.001 -15"><span class='ocrx_word' id='word_1_268' title='bbox 400 2003 665 2069; x_wconf 87' lang='lat' dir='ltr'><strong>materia;</strong></span> <span class='ocrx_word' id='word_1_269' title='bbox 713 2018 781 2059; x_wconf 90' lang='lat' dir='ltr'><strong>ac</strong></span> <span class='ocrx_word' id='word_1_270' title='bbox 828 2018 949 2058; x_wconf 87' lang='lat' dir='ltr'><strong>sese</strong></span> <span class='ocrx_word' id='word_1_271' title='bbox 979 2003 1208 2073; x_wconf 89' lang='lat' dir='ltr'><strong>proinde</strong></span> <span class='ocrx_word' id='word_1_272' title='bbox 1253 2003 1568 2073; x_wconf 91' lang='lat' dir='ltr'><strong>inquinasse</strong></span> <span class='ocrx_word' id='word_1_273' title='bbox 1612 2004 1816 2059; x_wconf 88' lang='lat' dir='ltr'><strong>Christi</strong></span> <span class='ocrx_word' id='word_1_274' title='bbox 1860 2003 1978 2057; x_wconf 82' lang='lat' dir='ltr'><strong>ani-</strong></span> 
     </span>
    </p>
   </div>
   <div class='ocr_carea' id='block_1_36' title="bbox 401 2094 1979 2167">
    <p class='ocr_par' dir='ltr' id='par_1_36' title="bbox 401 2094 1979 2167">
     <span class='ocr_line' id='line_1_36' title="bbox 401 2094 1979 2167; baseline 0.001 -19"><span class='ocrx_word' id='word_1_275' title='bbox 401 2111 542 2148; x_wconf 90' lang='lat' dir='ltr'><strong>mam</strong></span> <span class='ocrx_word' id='word_1_276' title='bbox 583 2109 704 2149; x_wconf 90' lang='lat' dir='ltr'><strong>cum</strong></span> <span class='ocrx_word' id='word_1_277' title='bbox 731 2109 932 2165; x_wconf 89' lang='lat' dir='ltr'><strong>corpus</strong></span> <span class='ocrx_word' id='word_1_278' title='bbox 963 2095 1017 2149; x_wconf 91' lang='lat' dir='ltr'><strong>in</strong></span> <span class='ocrx_word' id='word_1_279' title='bbox 1066 2094 1347 2148; x_wconf 87' lang='lat' dir='ltr'><strong>muliebris</strong></span> <span class='ocrx_word' id='word_1_280' title='bbox 1378 2096 1520 2150; x_wconf 91' lang='lat' dir='ltr'><strong>uteri</strong></span> <span class='ocrx_word' id='word_1_281' title='bbox 1545 2097 1811 2167; x_wconf 89' lang='lat' dir='ltr'><strong>angustiis</strong></span> <span class='ocrx_word' id='word_1_282' title='bbox 1848 2096 1979 2150; x_wconf 62' lang='lat' dir='ltr'><strong>delia</strong></span> 
     </span>
    </p>
   </div>
   <div class='ocr_carea' id='block_1_37' title="bbox 402 2186 1972 2257">
    <p class='ocr_par' dir='ltr' id='par_1_37' title="bbox 402 2186 1972 2257">
     <span class='ocr_line' id='line_1_37' title="bbox 402 2186 1972 2257; baseline 0.001 -16"><span class='ocrx_word' id='word_1_283' title='bbox 402 2196 618 2243; x_wconf 87' lang='lat' dir='ltr'><strong>tesceus</strong></span> <span class='ocrx_word' id='word_1_284' title='bbox 667 2188 768 2242; x_wconf 86' lang='lat' dir='ltr'><strong>sibi</strong></span> <span class='ocrx_word' id='word_1_285' title='bbox 814 2187 1085 2257; x_wconf 87' lang='lat' dir='ltr'><strong>adjunxit.</strong></span> <span class='ocrx_word' id='word_1_286' title='bbox 1122 2186 1214 2240; x_wconf 88' lang='lat' dir='ltr'><strong>Sic</strong></span> <span class='ocrx_word' id='word_1_287' title='bbox 1260 2187 1349 2242; x_wconf 92' lang='lat' dir='ltr'><strong>ille</strong></span> <span class='ocrx_word' id='word_1_288' title='bbox 1380 2189 1431 2240; x_wconf 91' lang='lat' dir='ltr'><strong>in</strong></span> <span class='ocrx_word' id='word_1_289' title='bbox 1472 2190 1659 2243; x_wconf 88' lang='lat' dir='ltr'><strong>eadem</strong></span> <span class='ocrx_word' id='word_1_290' title='bbox 1700 2188 1919 2242; x_wconf 89' lang='lat' dir='ltr'><strong>homilia</strong></span> <span class='ocrx_word' id='word_1_291' title='bbox 1957 2205 1972 2242; x_wconf 93' lang='lat'><strong>:</strong></span> 
     </span>
    </p>
   </div>
   <div class='ocr_carea' id='block_1_38' title="bbox 403 2274 1976 2346">
    <p class='ocr_par' dir='ltr' id='par_1_38' title="bbox 403 2274 1976 2346">
     <span class='ocr_line' id='line_1_38' title="bbox 403 2274 1976 2346; baseline 0.001 -17"><span class='ocrx_word' id='word_1_292' title='bbox 403 2296 423 2329; x_wconf 75' lang='grc' dir='ltr'><strong>ι</strong></span> <span class='ocrx_word' id='word_1_293' title='bbox 462 2276 618 2333; x_wconf 85' lang='lat' dir='ltr'><strong>Unde</strong></span> <span class='ocrx_word' id='word_1_294' title='bbox 652 2286 708 2330; x_wconf 90' lang='lat' dir='ltr'><strong>et</strong></span> <span class='ocrx_word' id='word_1_295' title='bbox 741 2276 996 2331; x_wconf 85' lang='lat' dir='ltr'><strong>Salvator</strong></span> <span class='ocrx_word' id='word_1_296' title='bbox 1040 2275 1281 2346; x_wconf 91' lang='lat' dir='ltr'><strong>loquitur</strong></span> <span class='ocrx_word' id='word_1_297' title='bbox 1331 2292 1345 2329; x_wconf 90' lang='lat'><strong>:</strong></span> <span class='ocrx_word' id='word_1_298' title='bbox 1392 2274 1505 2345; x_wconf 85' lang='lat' dir='ltr'><strong>Ego</strong></span> <span class='ocrx_word' id='word_1_299' title='bbox 1544 2293 1659 2331; x_wconf 89' lang='lat' dir='ltr'><strong>sum</strong></span> <span class='ocrx_word' id='word_1_300' title='bbox 1689 2277 1897 2343; x_wconf 78' lang='lat' dir='ltr'><strong>vermis,</strong></span> <span class='ocrx_word' id='word_1_301' title='bbox 1929 2288 1976 2331; x_wconf 86' lang='lat' dir='ltr'><strong>et</strong></span> 
     </span>
    </p>
   </div>
   <div class='ocr_carea' id='block_1_39' title="bbox 399 2368 1977 2440">
    <p class='ocr_par' dir='ltr' id='par_1_39' title="bbox 399 2368 1977 2440">
     <span class='ocr_line' id='line_1_39' title="bbox 399 2368 1977 2440; baseline 0.001 -17"><span class='ocrx_word' id='word_1_302' title='bbox 399 2385 505 2423; x_wconf 77' lang='lat' dir='ltr'><strong>non</strong></span> <span class='ocrx_word' id='word_1_303' title='bbox 551 2369 741 2433; x_wconf 83' lang='lat' dir='ltr'><strong>homo,</strong></span> <span class='ocrx_word' id='word_1_304' title='bbox 784 2368 1123 2438; x_wconf 80' lang='lat' dir='ltr'><strong>opprobrium</strong></span> <span class='ocrx_word' id='word_1_305' title='bbox 1176 2368 1481 2435; x_wconf 83' lang='lat' dir='ltr'><strong>hominum,</strong></span> <span class='ocrx_word' id='word_1_306' title='bbox 1520 2378 1569 2423; x_wconf 84' lang='lat' dir='ltr'><strong>et</strong></span> <span class='ocrx_word' id='word_1_307' title='bbox 1607 2369 1831 2440; x_wconf 82' lang='lat' dir='ltr'><strong>objectio</strong></span> <span class='ocrx_word' id='word_1_308' title='bbox 1866 2370 1977 2438; x_wconf 81' lang='lat' dir='ltr'><strong>ple-</strong></span> 
     </span>
    </p>
   </div>
   <div class='ocr_carea' id='block_1_40' title="bbox 398 2458 1973 2516">
    <p class='ocr_par' dir='ltr' id='par_1_40' title="bbox 398 2458 1973 2516">
     <span class='ocr_line' id='line_1_40' title="bbox 398 2458 1973 2516; baseline 0.001 -2"><span class='ocrx_word' id='word_1_309' title='bbox 398 2462 477 2514; x_wconf 88' lang='lat' dir='ltr'><strong>bis</strong></span> <span class='ocrx_word' id='word_1_310' title='bbox 502 2461 570 2515; x_wconf 73' lang='lat'><strong>&#39;7.</strong></span> <span class='ocrx_word' id='word_1_311' title='bbox 626 2458 856 2515; x_wconf 87' lang='lat' dir='ltr'><strong>Videbat</strong></span> <span class='ocrx_word' id='word_1_312' title='bbox 898 2460 950 2513; x_wconf 93' lang='lat' dir='ltr'><strong>in</strong></span> <span class='ocrx_word' id='word_1_313' title='bbox 1004 2459 1196 2512; x_wconf 87' lang='lat' dir='ltr'><strong>matris</strong></span> <span class='ocrx_word' id='word_1_314' title='bbox 1239 2468 1395 2513; x_wconf 93' lang='lat' dir='ltr'><strong>utero</strong></span> <span class='ocrx_word' id='word_1_315' title='bbox 1428 2460 1827 2514; x_wconf 85' lang='lat' dir='ltr'><strong>immunditiam</strong></span> <span class='ocrx_word' id='word_1_316' title='bbox 1853 2475 1973 2516; x_wconf 85' lang='lat' dir='ltr'><strong>cor-</strong></span> 
     </span>
    </p>
   </div>
   <div class='ocr_carea' id='block_1_41' title="bbox 400 2550 1976 2622">
    <p class='ocr_par' dir='ltr' id='par_1_41' title="bbox 400 2550 1976 2622">
     <span class='ocr_line' id='line_1_41' title="bbox 400 2550 1976 2622; baseline 0.002 -17"><span class='ocrx_word' id='word_1_317' title='bbox 400 2567 616 2622; x_wconf 86' lang='lat' dir='ltr'><strong>porum,</strong></span> <span class='ocrx_word' id='word_1_318' title='bbox 645 2552 949 2607; x_wconf 87' lang='lat' dir='ltr'><strong>visceribus</strong></span> <span class='ocrx_word' id='word_1_319' title='bbox 982 2552 1102 2622; x_wconf 83' lang='lat' dir='ltr'><strong>ejus</strong></span> <span class='ocrx_word' id='word_1_320' title='bbox 1130 2551 1256 2605; x_wconf 86' lang='lat' dir='ltr'><strong>hinc</strong></span> <span class='ocrx_word' id='word_1_321' title='bbox 1288 2550 1412 2605; x_wconf 91' lang='lat' dir='ltr'><strong>inde</strong></span> <span class='ocrx_word' id='word_1_322' title='bbox 1443 2551 1678 2606; x_wconf 89' lang='lat' dir='ltr'><strong>vallatus</strong></span> <span class='ocrx_word' id='word_1_323' title='bbox 1699 2592 1715 2620; x_wconf 93' lang='lat'><strong>,</strong></span> <span class='ocrx_word' id='word_1_324' title='bbox 1748 2558 1976 2608; x_wconf 65' lang='lat' dir='ltr'><strong>terrena</strong></span> 
     </span>
    </p>
   </div>
   <div class='ocr_carea' id='block_1_42' title="bbox 397 2644 1972 2716">
    <p class='ocr_par' dir='ltr' id='par_1_42' title="bbox 397 2644 1972 2716">
     <span class='ocr_line' id='line_1_42' title="bbox 397 2644 1972 2716; baseline 0.001 -16"><span class='ocrx_word' id='word_1_325' title='bbox 397 2644 547 2700; x_wconf 74' lang='lat' dir='ltr'><strong>ftecis</strong></span> <span class='ocrx_word' id='word_1_326' title='bbox 570 2646 877 2716; x_wconf 88' lang='lat' dir='ltr'><strong>patiebatur</strong></span> <span class='ocrx_word' id='word_1_327' title='bbox 898 2646 1207 2715; x_wconf 80' lang='lat' dir='ltr'><strong>angustias:</strong></span> <span class='ocrx_word' id='word_1_328' title='bbox 1239 2646 1382 2701; x_wconf 90' lang='lat' dir='ltr'><strong>unde</strong></span> <span class='ocrx_word' id='word_1_329' title='bbox 1409 2644 1675 2700; x_wconf 88' lang='lat' dir='ltr'><strong>assimilat</strong></span> <span class='ocrx_word' id='word_1_330' title='bbox 1704 2659 1765 2701; x_wconf 86' lang='lat' dir='ltr'><strong>se</strong></span> <span class='ocrx_word' id='word_1_331' title='bbox 1798 2646 1972 2701; x_wconf 83' lang='lat' dir='ltr'><strong>venui</strong></span> 
     </span>
    </p>
   </div>
   <div class='ocr_carea' id='block_1_43' title="bbox 398 2735 1687 2805">
    <p class='ocr_par' dir='ltr' id='par_1_43' title="bbox 398 2735 1687 2805">
     <span class='ocr_line' id='line_1_43' title="bbox 398 2735 1687 2805; baseline -0.004 -11"><span class='ocrx_word' id='word_1_332' title='bbox 398 2748 457 2794; x_wconf 82' lang='lat' dir='ltr'><strong>et</strong></span> <span class='ocrx_word' id='word_1_333' title='bbox 478 2738 608 2793; x_wconf 87' lang='lat' dir='ltr'><strong>dicit</strong></span> <span class='ocrx_word' id='word_1_334' title='bbox 640 2754 655 2789; x_wconf 89' lang='lat'><strong>:</strong></span> <span class='ocrx_word' id='word_1_335' title='bbox 694 2736 804 2805; x_wconf 85' lang='lat' dir='ltr'><strong>Ego</strong></span> <span class='ocrx_word' id='word_1_336' title='bbox 835 2752 950 2790; x_wconf 86' lang='lat' dir='ltr'><strong>sum</strong></span> <span class='ocrx_word' id='word_1_337' title='bbox 983 2738 1192 2803; x_wconf 79' lang='lat' dir='ltr'><strong>vermis,</strong></span> <span class='ocrx_word' id='word_1_338' title='bbox 1242 2746 1289 2790; x_wconf 87' lang='lat' dir='ltr'><strong>et</strong></span> <span class='ocrx_word' id='word_1_339' title='bbox 1322 2752 1426 2789; x_wconf 87' lang='lat' dir='ltr'><strong>non</strong></span> <span class='ocrx_word' id='word_1_340' title='bbox 1462 2735 1636 2789; x_wconf 86' lang='lat' dir='ltr'><strong>homo.</strong></span> <span class='ocrx_word' id='word_1_341' title='bbox 1668 2754 1687 2789; x_wconf 73' lang='grc' dir='ltr'><strong>ι</strong></span> 
     </span>
    </p>
   </div>
   <div class='ocr_carea' id='block_1_44' title="bbox 469 2826 1975 2898">
    <p class='ocr_par' dir='ltr' id='par_1_44' title="bbox 469 2826 1975 2898">
     <span class='ocr_line' id='line_1_44' title="bbox 469 2826 1975 2898; baseline -0.001 -15"><span class='ocrx_word' id='word_1_342' title='bbox 469 2830 541 2885; x_wconf 83' lang='lat' dir='ltr'><strong>At</strong></span> <span class='ocrx_word' id='word_1_343' title='bbox 577 2827 944 2884; x_wconf 89' lang='lat' dir='ltr'><strong>Tertullianus</strong></span> <span class='ocrx_word' id='word_1_344' title='bbox 971 2828 1107 2883; x_wconf 91' lang='lat' dir='ltr'><strong>libro</strong></span> <span class='ocrx_word' id='word_1_345' title='bbox 1134 2828 1211 2882; x_wconf 88' lang='lat' dir='ltr'><strong>De</strong></span> <span class='ocrx_word' id='word_1_346' title='bbox 1251 2844 1408 2881; x_wconf 85' lang='lat' dir='ltr'><strong>came</strong></span> <span class='ocrx_word' id='word_1_347' title='bbox 1438 2826 1656 2895; x_wconf 83' lang='lat' dir='ltr'><strong>Christi,</strong></span> <span class='ocrx_word' id='word_1_348' title='bbox 1685 2842 1804 2898; x_wconf 86' lang='lat' dir='ltr'><strong>cap.</strong></span> <span class='ocrx_word' id='word_1_349' title='bbox 1834 2826 1891 2893; x_wconf 72' lang='lat'><strong>4,</strong></span> <span class='ocrx_word' id='word_1_350' title='bbox 1919 2835 1975 2882; x_wconf 90' lang='lat' dir='ltr'><strong>et</strong></span> 
     </span>
    </p>
   </div>
   <div class='ocr_carea' id='block_1_45' title="bbox 396 2916 1972 2987">
    <p class='ocr_par' dir='ltr' id='par_1_45' title="bbox 396 2916 1972 2987">
     <span class='ocr_line' id='line_1_45' title="bbox 396 2916 1972 2987; baseline -0.001 -14"><span class='ocrx_word' id='word_1_351' title='bbox 396 2918 494 2975; x_wconf 90' lang='lat' dir='ltr'><strong>lib.</strong></span> <span class='ocrx_word' id='word_1_352' title='bbox 531 2933 589 2973; x_wconf 88' lang='grc' dir='ltr'><strong>ιιι</strong></span> <span class='ocrx_word' id='word_1_353' title='bbox 620 2927 803 2973; x_wconf 86' lang='lat' dir='ltr'><strong>contra</strong></span> <span class='ocrx_word' id='word_1_354' title='bbox 836 2916 1120 2982; x_wconf 72' lang='lat' dir='ltr'><strong>Marciam,</strong></span> <span class='ocrx_word' id='word_1_355' title='bbox 1155 2932 1278 2987; x_wconf 88' lang='lat' dir='ltr'><strong>cap.</strong></span> <span class='ocrx_word' id='word_1_356' title='bbox 1313 2917 1402 2981; x_wconf 81' lang='grc'><strong>11,</strong></span> <span class='ocrx_word' id='word_1_357' title='bbox 1437 2917 1503 2971; x_wconf 90' lang='lat' dir='ltr'><strong>de</strong></span> <span class='ocrx_word' id='word_1_358' title='bbox 1531 2916 1744 2971; x_wconf 91' lang='lat' dir='ltr'><strong>Domini</strong></span> <span class='ocrx_word' id='word_1_359' title='bbox 1800 2916 1972 2972; x_wconf 90' lang='lat' dir='ltr'><strong>nostri</strong></span> 
     </span>
    </p>
   </div>
   <div class='ocr_carea' id='block_1_46' title="bbox 397 3009 1972 3081">
    <p class='ocr_par' dir='ltr' id='par_1_46' title="bbox 397 3009 1972 3081">
     <span class='ocr_line' id='line_1_46' title="bbox 397 3009 1972 3081; baseline -0.002 -14"><span class='ocrx_word' id='word_1_360' title='bbox 397 3010 780 3081; x_wconf 88' lang='lat' dir='ltr'><strong>corporatione</strong></span> <span class='ocrx_word' id='word_1_361' title='bbox 817 3025 1001 3080; x_wconf 86' lang='lat' dir='ltr'><strong>agens,</strong></span> <span class='ocrx_word' id='word_1_362' title='bbox 1036 3009 1219 3081; x_wconf 89' lang='lat' dir='ltr'><strong>pejora</strong></span> <span class='ocrx_word' id='word_1_363' title='bbox 1248 3009 1416 3064; x_wconf 92' lang='lat' dir='ltr'><strong>etiam</strong></span> <span class='ocrx_word' id='word_1_364' title='bbox 1475 3009 1820 3076; x_wconf 89' lang='lat' dir='ltr'><strong>deblatterat,</strong></span> <span class='ocrx_word' id='word_1_365' title='bbox 1848 3024 1972 3064; x_wconf 87' lang='lat' dir='ltr'><strong>nam</strong></span> 
     </span>
    </p>
   </div>
   <div class='ocr_carea' id='block_1_47' title="bbox 396 3100 1969 3175">
    <p class='ocr_par' dir='ltr' id='par_1_47' title="bbox 396 3100 1969 3175">
     <span class='ocr_line' id='line_1_47' title="bbox 396 3100 1969 3175; baseline -0.002 -17"><span class='ocrx_word' id='word_1_366' title='bbox 396 3113 596 3175; x_wconf 67' lang='lat' dir='ltr'><strong>praeter</strong></span> <span class='ocrx_word' id='word_1_367' title='bbox 622 3120 641 3153; x_wconf 78' lang='grc' dir='ltr'><strong>ι</strong></span> <span class='ocrx_word' id='word_1_368' title='bbox 660 3101 950 3173; x_wconf 88' lang='lat' dir='ltr'><strong>spurcitias</strong></span> <span class='ocrx_word' id='word_1_369' title='bbox 970 3100 1280 3172; x_wconf 82' lang='lat' dir='ltr'><strong>genitalium</strong></span> <span class='ocrx_word' id='word_1_370' title='bbox 1299 3100 1353 3155; x_wconf 91' lang='lat' dir='ltr'><strong>in</strong></span> <span class='ocrx_word' id='word_1_371' title='bbox 1379 3108 1535 3155; x_wconf 91' lang='lat' dir='ltr'><strong>utero</strong></span> <span class='ocrx_word' id='word_1_372' title='bbox 1556 3100 1969 3165; x_wconf 89' lang='lat' dir='ltr'><strong>elementorum,</strong></span> 
     </span>
    </p>
   </div>
   <div class='ocr_carea' id='block_1_48' title="bbox 397 3192 1971 3264">
    <p class='ocr_par' dir='ltr' id='par_1_48' title="bbox 397 3192 1971 3264">
     <span class='ocr_line' id='line_1_48' title="bbox 397 3192 1971 3264; baseline -0.001 -13"><span class='ocrx_word' id='word_1_373' title='bbox 397 3195 645 3251; x_wconf 83' lang='lat' dir='ltr'><strong>humoris</strong></span> <span class='ocrx_word' id='word_1_374' title='bbox 672 3203 727 3249; x_wconf 92' lang='lat' dir='ltr'><strong>et</strong></span> <span class='ocrx_word' id='word_1_375' title='bbox 763 3193 1063 3263; x_wconf 86' lang='lat' dir='ltr'><strong>sanguinis,</strong></span> <span class='ocrx_word' id='word_1_376' title='bbox 1102 3192 1248 3248; x_wconf 69' lang='lat' dir='ltr'><strong>taeda</strong></span> <span class='ocrx_word' id='word_1_377' title='bbox 1298 3193 1524 3264; x_wconf 81' lang='lat' dir='ltr'><strong>coagula</strong></span> <span class='ocrx_word' id='word_1_378' title='bbox 1560 3194 1740 3249; x_wconf 86' lang='lat' dir='ltr'><strong>carnis</strong></span> <span class='ocrx_word' id='word_1_379' title='bbox 1772 3208 1839 3247; x_wconf 86' lang='lat' dir='ltr'><strong>ex</strong></span> <span class='ocrx_word' id='word_1_380' title='bbox 1874 3208 1971 3250; x_wconf 88' lang='lat' dir='ltr'><strong>eo-</strong></span> 
     </span>
    </p>
   </div>
   <div class='ocr_carea' id='block_1_49' title="bbox 396 3284 1970 3355">
    <p class='ocr_par' dir='ltr' id='par_1_49' title="bbox 396 3284 1970 3355">
     <span class='ocr_line' id='line_1_49' title="bbox 396 3284 1970 3355; baseline -0.001 -14"><span class='ocrx_word' id='word_1_381' title='bbox 396 3287 518 3341; x_wconf 89' lang='lat' dir='ltr'><strong>dem</strong></span> <span class='ocrx_word' id='word_1_382' title='bbox 551 3298 709 3339; x_wconf 74' lang='lat' dir='ltr'><strong>cmno</strong></span> <span class='ocrx_word' id='word_1_383' title='bbox 737 3284 943 3338; x_wconf 82' lang='lat' dir='ltr'><strong>alenda:</strong></span> <span class='ocrx_word' id='word_1_384' title='bbox 969 3298 1064 3353; x_wconf 91' lang='lat' dir='ltr'><strong>per</strong></span> <span class='ocrx_word' id='word_1_385' title='bbox 1098 3298 1291 3338; x_wconf 84' lang='lat' dir='ltr'><strong>novem</strong></span> <span class='ocrx_word' id='word_1_386' title='bbox 1316 3298 1567 3350; x_wconf 89' lang='lat' dir='ltr'><strong>menses;</strong></span> <span class='ocrx_word' id='word_1_387' title='bbox 1613 3295 1803 3353; x_wconf 89' lang='lat' dir='ltr'><strong>partus</strong></span> <span class='ocrx_word' id='word_1_388' title='bbox 1832 3300 1970 3355; x_wconf 89' lang='lat' dir='ltr'><strong>quo-</strong></span> 
     </span>
    </p>
   </div>
   <div class='ocr_carea' id='block_1_50' title="bbox 393 3376 1970 3450">
    <p class='ocr_par' dir='ltr' id='par_1_50' title="bbox 393 3376 1970 3450">
     <span class='ocr_line' id='line_1_50' title="bbox 393 3376 1970 3450; baseline -0.001 -17"><span class='ocrx_word' id='word_1_389' title='bbox 393 3392 503 3450; x_wconf 89' lang='lat' dir='ltr'><strong>que</strong></span> <span class='ocrx_word' id='word_1_390' title='bbox 537 3378 811 3431; x_wconf 88' lang='lat' dir='ltr'><strong>immunda</strong></span> <span class='ocrx_word' id='word_1_391' title='bbox 850 3384 904 3429; x_wconf 85' lang='lat' dir='ltr'><strong>ct</strong></span> <span class='ocrx_word' id='word_1_392' title='bbox 954 3376 1201 3445; x_wconf 91' lang='lat' dir='ltr'><strong>pudenda</strong></span> <span class='ocrx_word' id='word_1_393' title='bbox 1253 3386 1552 3440; x_wconf 89' lang='lat' dir='ltr'><strong>tormenta,</strong></span> <span class='ocrx_word' id='word_1_394' title='bbox 1586 3386 1635 3432; x_wconf 92' lang='lat' dir='ltr'><strong>et</strong></span> <span class='ocrx_word' id='word_1_395' title='bbox 1680 3377 1846 3447; x_wconf 91' lang='lat' dir='ltr'><strong>ipsius</strong></span> <span class='ocrx_word' id='word_1_396' title='bbox 1874 3392 1970 3431; x_wconf 85' lang='lat' dir='ltr'><strong>ex-</strong></span> 
     </span>
    </p>
   </div>
   <div class='ocr_carea' id='block_1_51' title="bbox 397 3467 1971 3538">
    <p class='ocr_par' dir='ltr' id='par_1_51' title="bbox 397 3467 1971 3538">
     <span class='ocr_line' id='line_1_51' title="bbox 397 3467 1971 3538; baseline -0.002 -14"><span class='ocrx_word' id='word_1_397' title='bbox 397 3470 523 3525; x_wconf 92' lang='lat' dir='ltr'><strong>inde</strong></span> <span class='ocrx_word' id='word_1_398' title='bbox 553 3468 825 3538; x_wconf 87' lang='lat' dir='ltr'><strong>puerperii</strong></span> <span class='ocrx_word' id='word_1_399' title='bbox 859 3481 1101 3536; x_wconf 88' lang='lat' dir='ltr'><strong>spurcos,</strong></span> <span class='ocrx_word' id='word_1_400' title='bbox 1132 3467 1345 3532; x_wconf 90' lang='lat' dir='ltr'><strong>anxios,</strong></span> <span class='ocrx_word' id='word_1_401' title='bbox 1390 3468 1632 3524; x_wconf 89' lang='lat' dir='ltr'><strong>ludicros</strong></span> <span class='ocrx_word' id='word_1_402' title='bbox 1661 3469 1840 3523; x_wconf 80' lang='lat' dir='ltr'><strong>exitus</strong></span> <span class='ocrx_word' id='word_1_403' title='bbox 1864 3468 1971 3521; x_wconf 90' lang='lat' dir='ltr'><strong>ﬁn-</strong></span> 
     </span>
    </p>
   </div>
   <div class='ocr_carea' id='block_1_52' title="bbox 396 3557 1975 3629">
    <p class='ocr_par' dir='ltr' id='par_1_52' title="bbox 396 3557 1975 3629">
     <span class='ocr_line' id='line_1_52' title="bbox 396 3557 1975 3629; baseline 0.001 -17"><span class='ocrx_word' id='word_1_404' title='bbox 396 3562 497 3629; x_wconf 91' lang='lat' dir='ltr'><strong>git.</strong></span> <span class='ocrx_word' id='word_1_405' title='bbox 534 3579 553 3612; x_wconf 77' lang='grc' dir='ltr'><strong>ι</strong></span> <span class='ocrx_word' id='word_1_406' title='bbox 580 3560 710 3627; x_wconf 67' lang='lat' dir='ltr'><strong>Quae</strong></span> <span class='ocrx_word' id='word_1_407' title='bbox 736 3561 803 3614; x_wconf 91' lang='lat' dir='ltr'><strong>ab</strong></span> <span class='ocrx_word' id='word_1_408' title='bbox 844 3558 1121 3612; x_wconf 61' lang='lat' dir='ltr'><strong>[latreticis</strong></span> <span class='ocrx_word' id='word_1_409' title='bbox 1156 3557 1367 3627; x_wconf 85' lang='lat' dir='ltr'><strong>objecta</strong></span> <span class='ocrx_word' id='word_1_410' title='bbox 1391 3561 1704 3628; x_wconf 91' lang='lat' dir='ltr'><strong>neutiquam</strong></span> <span class='ocrx_word' id='word_1_411' title='bbox 1736 3560 1850 3629; x_wconf 88' lang='lat' dir='ltr'><strong>ipse</strong></span> <span class='ocrx_word' id='word_1_412' title='bbox 1877 3560 1975 3613; x_wconf 80' lang='lat' dir='ltr'><strong>dif-</strong></span> 
     </span>
    </p>
   </div>
   <div class='ocr_carea' id='block_1_53' title="bbox 403 3646 1973 3717">
    <p class='ocr_par' dir='ltr' id='par_1_53' title="bbox 403 3646 1973 3717">
     <span class='ocr_line' id='line_1_53' title="bbox 403 3646 1973 3717; baseline 0.002 -17"><span class='ocrx_word' id='word_1_413' title='bbox 403 3646 676 3712; x_wconf 89' lang='lat' dir='ltr'><strong>ﬁtebatnr,</strong></span> <span class='ocrx_word' id='word_1_414' title='bbox 703 3649 798 3702; x_wconf 87' lang='lat' dir='ltr'><strong>sed</strong></span> <span class='ocrx_word' id='word_1_415' title='bbox 841 3647 950 3701; x_wconf 91' lang='lat' dir='ltr'><strong>Deo</strong></span> <span class='ocrx_word' id='word_1_416' title='bbox 970 3646 1188 3716; x_wconf 82' lang='lat' dir='ltr'><strong>indigna</strong></span> <span class='ocrx_word' id='word_1_417' title='bbox 1211 3661 1331 3702; x_wconf 91' lang='lat' dir='ltr'><strong>esse</strong></span> <span class='ocrx_word' id='word_1_418' title='bbox 1355 3650 1607 3717; x_wconf 78' lang='lat' dir='ltr'><strong>negabat,</strong></span> <span class='ocrx_word' id='word_1_419' title='bbox 1626 3657 1815 3704; x_wconf 90' lang='lat' dir='ltr'><strong>contra</strong></span> <span class='ocrx_word' id='word_1_420' title='bbox 1838 3647 1973 3703; x_wconf 84' lang='lat' dir='ltr'><strong>Mar-</strong></span> 
     </span>
    </p>
   </div>
   <div class='ocr_carea' id='block_1_54' title="bbox 401 3738 655 3792">
    <p class='ocr_par' dir='ltr' id='par_1_54' title="bbox 401 3738 655 3792">
     <span class='ocr_line' id='line_1_54' title="bbox 401 3738 655 3792; baseline 0 -1"><span class='ocrx_word' id='word_1_421' title='bbox 401 3738 655 3792; x_wconf 91' lang='lat' dir='ltr'><strong>cionitas.</strong></span> 
     </span>
    </p>
   </div>
   <div class='ocr_carea' id='block_1_55' title="bbox 471 3850 1972 3922">
    <p class='ocr_par' dir='ltr' id='par_1_55' title="bbox 471 3850 1972 3922">
     <span class='ocr_line' id='line_1_55' title="bbox 471 3850 1972 3922; baseline 0 -15"><span class='ocrx_word' id='word_1_422' title='bbox 471 3851 731 3907; x_wconf 80' lang='lat' dir='ltr'><strong>Sanctam</strong></span> <span class='ocrx_word' id='word_1_423' title='bbox 755 3866 885 3906; x_wconf 89' lang='lat' dir='ltr'><strong>vero</strong></span> <span class='ocrx_word' id='word_1_424' title='bbox 912 3850 1185 3922; x_wconf 83' lang='lat' dir='ltr'><strong>Virginem</strong></span> <span class='ocrx_word' id='word_1_425' title='bbox 1210 3867 1335 3907; x_wconf 90' lang='lat' dir='ltr'><strong>cum</strong></span> <span class='ocrx_word' id='word_1_426' title='bbox 1371 3867 1522 3908; x_wconf 91' lang='lat' dir='ltr'><strong>more</strong></span> <span class='ocrx_word' id='word_1_427' title='bbox 1553 3852 1781 3907; x_wconf 92' lang='lat' dir='ltr'><strong>aliarum</strong></span> <span class='ocrx_word' id='word_1_428' title='bbox 1818 3853 1972 3907; x_wconf 83' lang='lat' dir='ltr'><strong>femi-</strong></span> 
     </span>
    </p>
   </div>
   <div class='ocr_carea' id='block_1_56' title="bbox 398 3941 1971 4012">
    <p class='ocr_par' dir='ltr' id='par_1_56' title="bbox 398 3941 1971 4012">
     <span class='ocr_line' id='line_1_56' title="bbox 398 3941 1971 4012; baseline 0 -15"><span class='ocrx_word' id='word_1_429' title='bbox 398 3957 593 3998; x_wconf 89' lang='lat' dir='ltr'><strong>narum</strong></span> <span class='ocrx_word' id='word_1_430' title='bbox 632 3957 727 4012; x_wconf 91' lang='lat' dir='ltr'><strong>per</strong></span> <span class='ocrx_word' id='word_1_431' title='bbox 756 3942 928 3996; x_wconf 70' lang='lat' dir='ltr'><strong>vulvae</strong></span> <span class='ocrx_word' id='word_1_432' title='bbox 981 3943 1373 3997; x_wconf 90' lang='lat' dir='ltr'><strong>reserationem</strong></span> <span class='ocrx_word' id='word_1_433' title='bbox 1426 3941 1699 3997; x_wconf 89' lang='lat' dir='ltr'><strong>Christum</strong></span> <span class='ocrx_word' id='word_1_434' title='bbox 1752 3944 1971 3998; x_wconf 82' lang='lat' dir='ltr'><strong>enixam</strong></span> 
     </span>
    </p>
   </div>
   <div class='ocr_carea' id='block_1_57' title="bbox 398 4033 1969 4105">
    <p class='ocr_par' dir='ltr' id='par_1_57' title="bbox 398 4033 1969 4105">
     <span class='ocr_line' id='line_1_57' title="bbox 398 4033 1969 4105; baseline -0.003 -14"><span class='ocrx_word' id='word_1_435' title='bbox 398 4050 519 4091; x_wconf 88' lang='lat' dir='ltr'><strong>esse</strong></span> <span class='ocrx_word' id='word_1_436' title='bbox 552 4037 653 4091; x_wconf 89' lang='lat' dir='ltr'><strong>sibi</strong></span> <span class='ocrx_word' id='word_1_437' title='bbox 676 4035 938 4105; x_wconf 90' lang='lat' dir='ltr'><strong>Origenes</strong></span> <span class='ocrx_word' id='word_1_438' title='bbox 972 4033 1211 4097; x_wconf 81' lang='lat' dir='ltr'><strong>ﬁnxerit,</strong></span> <span class='ocrx_word' id='word_1_439' title='bbox 1248 4042 1308 4088; x_wconf 90' lang='lat' dir='ltr'><strong>ut</strong></span> <span class='ocrx_word' id='word_1_440' title='bbox 1357 4048 1483 4088; x_wconf 88' lang='lat' dir='ltr'><strong>mox</strong></span> <span class='ocrx_word' id='word_1_441' title='bbox 1531 4034 1926 4103; x_wconf 81' lang='lat' dir='ltr'><strong>disputabimus</strong></span> <span class='ocrx_word' id='word_1_442' title='bbox 1951 4075 1969 4101; x_wconf 96' lang='lat'><strong>,</strong></span> 
     </span>
    </p>
   </div>
   <div class='ocr_carea' id='block_1_58' title="bbox 400 4126 1971 4198">
    <p class='ocr_par' dir='ltr' id='par_1_58' title="bbox 400 4126 1971 4198">
     <span class='ocr_line' id='line_1_58' title="bbox 400 4126 1971 4198; baseline 0 -17"><span class='ocrx_word' id='word_1_443' title='bbox 400 4129 552 4182; x_wconf 89' lang='lat' dir='ltr'><strong>credi</strong></span> <span class='ocrx_word' id='word_1_444' title='bbox 587 4142 804 4198; x_wconf 89' lang='lat' dir='ltr'><strong>quoque</strong></span> <span class='ocrx_word' id='word_1_445' title='bbox 850 4136 1036 4195; x_wconf 88' lang='lat' dir='ltr'><strong>posset</strong></span> <span class='ocrx_word' id='word_1_446' title='bbox 1068 4126 1340 4196; x_wconf 82' lang='lat' dir='ltr'><strong>profusam</strong></span> <span class='ocrx_word' id='word_1_447' title='bbox 1375 4128 1443 4181; x_wconf 89' lang='lat' dir='ltr'><strong>ab</strong></span> <span class='ocrx_word' id='word_1_448' title='bbox 1482 4141 1565 4190; x_wconf 90' lang='lat' dir='ltr'><strong>ea,</strong></span> <span class='ocrx_word' id='word_1_449' title='bbox 1601 4127 1785 4180; x_wconf 91' lang='lat' dir='ltr'><strong>itidem</strong></span> <span class='ocrx_word' id='word_1_450' title='bbox 1817 4136 1877 4181; x_wconf 92' lang='lat' dir='ltr'><strong>ut</strong></span> <span class='ocrx_word' id='word_1_451' title='bbox 1903 4128 1971 4182; x_wconf 92' lang='lat' dir='ltr'><strong>ab</strong></span> 
     </span>
    </p>
   </div>
   <div class='ocr_carea' id='block_1_59' title="bbox 402 4218 1972 4289">
    <p class='ocr_par' dir='ltr' id='par_1_59' title="bbox 402 4218 1972 4289">
     <span class='ocr_line' id='line_1_59' title="bbox 402 4218 1972 4289; baseline -0.001 -14"><span class='ocrx_word' id='word_1_452' title='bbox 402 4220 545 4284; x_wconf 90' lang='lat' dir='ltr'><strong>aliis,</strong></span> <span class='ocrx_word' id='word_1_453' title='bbox 576 4230 763 4289; x_wconf 89' lang='lat' dir='ltr'><strong>partus</strong></span> <span class='ocrx_word' id='word_1_454' title='bbox 820 4218 1102 4273; x_wconf 80' lang='lat' dir='ltr'><strong>colluviem</strong></span> <span class='ocrx_word' id='word_1_455' title='bbox 1151 4219 1523 4283; x_wconf 81' lang='lat' dir='ltr'><strong>existimasse,</strong></span> <span class='ocrx_word' id='word_1_456' title='bbox 1554 4218 1699 4272; x_wconf 92' lang='lat' dir='ltr'><strong>unde</strong></span> <span class='ocrx_word' id='word_1_457' title='bbox 1749 4220 1972 4275; x_wconf 87' lang='lat' dir='ltr'><strong>minime</strong></span> 
     </span>
    </p>
   </div>
   <div class='ocr_carea' id='block_1_60' title="bbox 402 4310 1969 4380">
    <p class='ocr_par' dir='ltr' id='par_1_60' title="bbox 402 4310 1969 4380">
     <span class='ocr_line' id='line_1_60' title="bbox 402 4310 1969 4380; baseline 0 -15"><span class='ocrx_word' id='word_1_458' title='bbox 402 4312 602 4365; x_wconf 91' lang='lat' dir='ltr'><strong>mirum</strong></span> <span class='ocrx_word' id='word_1_459' title='bbox 632 4310 768 4365; x_wconf 79' lang='lat' dir='ltr'><strong>foret</strong></span> <span class='ocrx_word' id='word_1_460' title='bbox 791 4310 1123 4379; x_wconf 84' lang='lat' dir='ltr'><strong>purgandam</strong></span> <span class='ocrx_word' id='word_1_461' title='bbox 1152 4325 1368 4380; x_wconf 86' lang='lat' dir='ltr'><strong>quoque</strong></span> <span class='ocrx_word' id='word_1_462' title='bbox 1417 4310 1585 4365; x_wconf 80' lang='lat' dir='ltr'><strong>fuisse</strong></span> <span class='ocrx_word' id='word_1_463' title='bbox 1608 4310 1779 4379; x_wconf 89' lang='lat' dir='ltr'><strong>ipsum</strong></span> <span class='ocrx_word' id='word_1_464' title='bbox 1818 4324 1969 4365; x_wconf 84' lang='lat' dir='ltr'><strong>asse-</strong></span> 
     </span>
    </p>
   </div>
   <div class='ocr_carea' id='block_1_61' title="bbox 399 4400 1972 4468">
    <p class='ocr_par' dir='ltr' id='par_1_61' title="bbox 399 4400 1972 4468">
     <span class='ocr_line' id='line_1_61' title="bbox 399 4400 1972 4468; baseline -0.001 -13"><span class='ocrx_word' id='word_1_465' title='bbox 399 4417 619 4456; x_wconf 81' lang='lat' dir='ltr'><strong>verasse</strong></span> <span class='ocrx_word' id='word_1_466' title='bbox 646 4420 660 4468; x_wconf 92' lang='lat'><strong>;</strong></span> <span class='ocrx_word' id='word_1_467' title='bbox 693 4402 786 4456; x_wconf 87' lang='lat' dir='ltr'><strong>sed</strong></span> <span class='ocrx_word' id='word_1_468' title='bbox 814 4401 1039 4456; x_wconf 88' lang='lat' dir='ltr'><strong>omnino</strong></span> <span class='ocrx_word' id='word_1_469' title='bbox 1069 4401 1235 4468; x_wconf 89' lang='lat' dir='ltr'><strong>istud,</strong></span> <span class='ocrx_word' id='word_1_470' title='bbox 1265 4400 1369 4456; x_wconf 91' lang='lat' dir='ltr'><strong>nisi</strong></span> <span class='ocrx_word' id='word_1_471' title='bbox 1405 4416 1490 4456; x_wconf 92' lang='lat' dir='ltr'><strong>me</strong></span> <span class='ocrx_word' id='word_1_472' title='bbox 1527 4415 1645 4456; x_wconf 89' lang='lat' dir='ltr'><strong>mea</strong></span> <span class='ocrx_word' id='word_1_473' title='bbox 1672 4400 1866 4455; x_wconf 73' lang='lat' dir='ltr'><strong>fefellit</strong></span> <span class='ocrx_word' id='word_1_474' title='bbox 1889 4401 1972 4455; x_wconf 85' lang='lat' dir='ltr'><strong>di-</strong></span> 
     </span>
    </p>
   </div>
   <div class='ocr_carea' id='block_1_62' title="bbox 2080 1907 3653 1979">
    <p class='ocr_par' dir='ltr' id='par_1_62' title="bbox 2080 1907 3653 1979">
     <span class='ocr_line' id='line_1_62' title="bbox 2080 1907 3653 1979; baseline -0.003 -16"><span class='ocrx_word' id='word_1_475' title='bbox 2080 1910 2180 1965; x_wconf 91' lang='lat' dir='ltr'><strong>tris</strong></span> <span class='ocrx_word' id='word_1_476' title='bbox 2211 1918 2295 1964; x_wconf 90' lang='lat' dir='ltr'><strong>est</strong></span> <span class='ocrx_word' id='word_1_477' title='bbox 2325 1910 2557 1979; x_wconf 91' lang='lat' dir='ltr'><strong>positus,</strong></span> <span class='ocrx_word' id='word_1_478' title='bbox 2590 1916 2644 1963; x_wconf 90' lang='lat' dir='ltr'><strong>et</strong></span> <span class='ocrx_word' id='word_1_479' title='bbox 2676 1908 2820 1978; x_wconf 91' lang='lat' dir='ltr'><strong>quod</strong></span> <span class='ocrx_word' id='word_1_480' title='bbox 2852 1907 3134 1962; x_wconf 88' lang='lat' dir='ltr'><strong>materiam</strong></span> <span class='ocrx_word' id='word_1_481' title='bbox 3168 1907 3414 1975; x_wconf 87' lang='lat' dir='ltr'><strong>corporis</strong></span> <span class='ocrx_word' id='word_1_482' title='bbox 3436 1907 3514 1961; x_wconf 86' lang='lat' dir='ltr'><strong>ab</strong></span> <span class='ocrx_word' id='word_1_483' title='bbox 3542 1907 3653 1959; x_wconf 58' lang='lat' dir='ltr'><strong>ori.</strong></span> 
     </span>
    </p>
   </div>
   <div class='ocr_carea' id='block_1_63' title="bbox 2076 1996 3653 2070">
    <p class='ocr_par' dir='ltr' id='par_1_63' title="bbox 2076 1996 3653 2070">
     <span class='ocr_line' id='line_1_63' title="bbox 2076 1996 3653 2070; baseline 0.001 -20"><span class='ocrx_word' id='word_1_484' title='bbox 2076 2000 2199 2070; x_wconf 83' lang='lat' dir='ltr'><strong>gine</strong></span> <span class='ocrx_word' id='word_1_485' title='bbox 2224 1999 2433 2069; x_wconf 88' lang='lat' dir='ltr'><strong>paterni</strong></span> <span class='ocrx_word' id='word_1_486' title='bbox 2488 1998 2712 2053; x_wconf 84' lang='lat' dir='ltr'><strong>seminis</strong></span> <span class='ocrx_word' id='word_1_487' title='bbox 2766 1997 2950 2062; x_wconf 88' lang='lat' dir='ltr'><strong>sumit,</strong></span> <span class='ocrx_word' id='word_1_488' title='bbox 2994 1998 3049 2052; x_wconf 91' lang='lat' dir='ltr'><strong>in</strong></span> <span class='ocrx_word' id='word_1_489' title='bbox 3076 2006 3233 2067; x_wconf 85' lang='lat' dir='ltr'><strong>patre</strong></span> <span class='ocrx_word' id='word_1_490' title='bbox 3274 2005 3329 2051; x_wconf 91' lang='lat' dir='ltr'><strong>et</strong></span> <span class='ocrx_word' id='word_1_491' title='bbox 3374 1996 3429 2051; x_wconf 93' lang='lat' dir='ltr'><strong>in</strong></span> <span class='ocrx_word' id='word_1_492' title='bbox 3476 2007 3653 2052; x_wconf 82' lang='lat' dir='ltr'><strong>matre</strong></span> 
     </span>
    </p>
   </div>
   <div class='ocr_carea' id='block_1_64' title="bbox 2076 2088 3653 2159">
    <p class='ocr_par' dir='ltr' id='par_1_64' title="bbox 2076 2088 3653 2159">
     <span class='ocr_line' id='line_1_64' title="bbox 2076 2088 3653 2159; baseline -0.001 -16"><span class='ocrx_word' id='word_1_493' title='bbox 2076 2089 2482 2144; x_wconf 88' lang='lat' dir='ltr'><strong>contaminatus</strong></span> <span class='ocrx_word' id='word_1_494' title='bbox 2504 2088 2613 2143; x_wconf 88' lang='lat' dir='ltr'><strong>dici</strong></span> <span class='ocrx_word' id='word_1_495' title='bbox 2639 2097 2833 2157; x_wconf 90' lang='lat' dir='ltr'><strong>potest.</strong></span> <span class='ocrx_word' id='word_1_496' title='bbox 2864 2088 2974 2143; x_wconf 76' lang='lat' dir='ltr'><strong>Aut</strong></span> <span class='ocrx_word' id='word_1_497' title='bbox 3002 2090 3201 2153; x_wconf 89' lang='lat' dir='ltr'><strong>nescis,</strong></span> <span class='ocrx_word' id='word_1_498' title='bbox 3222 2088 3349 2158; x_wconf 85' lang='lat' dir='ltr'><strong>quia</strong></span> <span class='ocrx_word' id='word_1_499' title='bbox 3379 2103 3507 2143; x_wconf 88' lang='lat' dir='ltr'><strong>cum</strong></span> <span class='ocrx_word' id='word_1_500' title='bbox 3526 2104 3653 2159; x_wconf 84' lang='lat' dir='ltr'><strong>qua-</strong></span> 
     </span>
    </p>
   </div>
   <div class='ocr_carea' id='block_1_65' title="bbox 2076 2179 3653 2250">
    <p class='ocr_par' dir='ltr' id='par_1_65' title="bbox 2076 2179 3653 2250">
     <span class='ocr_line' id='line_1_65' title="bbox 2076 2179 3653 2250; baseline 0 -14"><span class='ocrx_word' id='word_1_501' title='bbox 2076 2181 2330 2250; x_wconf 88' lang='lat' dir='ltr'><strong>draginta</strong></span> <span class='ocrx_word' id='word_1_502' title='bbox 2364 2181 2573 2236; x_wconf 90' lang='lat' dir='ltr'><strong>dierum</strong></span> <span class='ocrx_word' id='word_1_503' title='bbox 2612 2181 2790 2235; x_wconf 80' lang='lat' dir='ltr'><strong>factus</strong></span> <span class='ocrx_word' id='word_1_504' title='bbox 2817 2179 2983 2235; x_wconf 81' lang='lat' dir='ltr'><strong>fuerit</strong></span> <span class='ocrx_word' id='word_1_505' title='bbox 3006 2196 3139 2250; x_wconf 90' lang='lat' dir='ltr'><strong>puer</strong></span> <span class='ocrx_word' id='word_1_506' title='bbox 3164 2179 3461 2245; x_wconf 86' lang='lat' dir='ltr'><strong>masculus,</strong></span> <span class='ocrx_word' id='word_1_507' title='bbox 3488 2180 3653 2236; x_wconf 62' lang='grc' dir='ltr'>οσαν-</span> 
     </span>
    </p>
   </div>
   <div class='ocr_carea' id='block_1_66' title="bbox 2078 2270 3654 2342">
    <p class='ocr_par' dir='ltr' id='par_1_66' title="bbox 2078 2270 3654 2342">
     <span class='ocr_line' id='line_1_66' title="bbox 2078 2270 3654 2342; baseline 0 -16"><span class='ocrx_word' id='word_1_508' title='bbox 2078 2280 2167 2326; x_wconf 92' lang='lat' dir='ltr'><strong>tur</strong></span> <span class='ocrx_word' id='word_1_509' title='bbox 2198 2272 2265 2325; x_wconf 91' lang='lat' dir='ltr'><strong>ad</strong></span> <span class='ocrx_word' id='word_1_510' title='bbox 2295 2271 2491 2337; x_wconf 89' lang='lat' dir='ltr'><strong>altare,</strong></span> <span class='ocrx_word' id='word_1_511' title='bbox 2528 2279 2589 2325; x_wconf 92' lang='lat' dir='ltr'><strong>ut</strong></span> <span class='ocrx_word' id='word_1_512' title='bbox 2624 2270 2697 2326; x_wconf 86' lang='lat' dir='ltr'><strong>ibi</strong></span> <span class='ocrx_word' id='word_1_513' title='bbox 2729 2271 3071 2340; x_wconf 86' lang='lat' dir='ltr'><strong>puriﬁcetur,</strong></span> <span class='ocrx_word' id='word_1_514' title='bbox 3119 2281 3377 2342; x_wconf 86' lang='lat' dir='ltr'><strong>tanquam</strong></span> <span class='ocrx_word' id='word_1_515' title='bbox 3407 2273 3507 2342; x_wconf 89' lang='lat' dir='ltr'><strong>qui</strong></span> <span class='ocrx_word' id='word_1_516' title='bbox 3536 2273 3654 2342; x_wconf 84' lang='lat' dir='ltr'><strong>pol-</strong></span> 
     </span>
    </p>
   </div>
   <div class='ocr_carea' id='block_1_67' title="bbox 2076 2362 3654 2433">
    <p class='ocr_par' dir='ltr' id='par_1_67' title="bbox 2076 2362 3654 2433">
     <span class='ocr_line' id='line_1_67' title="bbox 2076 2362 3654 2433; baseline 0 -16"><span class='ocrx_word' id='word_1_517' title='bbox 2076 2362 2220 2418; x_wconf 86' lang='lat' dir='ltr'><strong>lutus</strong></span> <span class='ocrx_word' id='word_1_518' title='bbox 2254 2362 2422 2418; x_wconf 83' lang='lat' dir='ltr'><strong>fuerit</strong></span> <span class='ocrx_word' id='word_1_519' title='bbox 2445 2362 2500 2417; x_wconf 93' lang='lat' dir='ltr'><strong>in</strong></span> <span class='ocrx_word' id='word_1_520' title='bbox 2534 2362 2648 2433; x_wconf 90' lang='lat' dir='ltr'><strong>ipsa</strong></span> <span class='ocrx_word' id='word_1_521' title='bbox 2672 2362 3050 2432; x_wconf 87' lang='lat' dir='ltr'><strong>conceptione,</strong></span> <span class='ocrx_word' id='word_1_522' title='bbox 3076 2362 3164 2417; x_wconf 90' lang='lat' dir='ltr'><strong>vel</strong></span> <span class='ocrx_word' id='word_1_523' title='bbox 3221 2364 3435 2432; x_wconf 87' lang='lat' dir='ltr'><strong>paterni</strong></span> <span class='ocrx_word' id='word_1_524' title='bbox 3485 2365 3654 2419; x_wconf 88' lang='lat' dir='ltr'><strong>semi-</strong></span> 
     </span>
    </p>
   </div>
   <div class='ocr_carea' id='block_1_68' title="bbox 2076 2454 3653 2526">
    <p class='ocr_par' dir='ltr' id='par_1_68' title="bbox 2076 2454 3653 2526">
     <span class='ocr_line' id='line_1_68' title="bbox 2076 2454 3653 2526; baseline 0.001 -17"><span class='ocrx_word' id='word_1_525' title='bbox 2076 2456 2186 2523; x_wconf 91' lang='lat' dir='ltr'><strong>nis,</strong></span> <span class='ocrx_word' id='word_1_526' title='bbox 2226 2455 2309 2510; x_wconf 90' lang='lat' dir='ltr'><strong>vel</strong></span> <span class='ocrx_word' id='word_1_527' title='bbox 2347 2456 2486 2510; x_wconf 91' lang='lat' dir='ltr'><strong>uteri</strong></span> <span class='ocrx_word' id='word_1_528' title='bbox 2511 2454 2995 2509; x_wconf 74' lang='lat' dir='ltr'><strong>materniYOmnis</strong></span> <span class='ocrx_word' id='word_1_529' title='bbox 3021 2469 3151 2525; x_wconf 89' lang='lat' dir='ltr'><strong>ergo</strong></span> <span class='ocrx_word' id='word_1_530' title='bbox 3173 2454 3334 2509; x_wconf 86' lang='lat' dir='ltr'><strong>homo</strong></span> <span class='ocrx_word' id='word_1_531' title='bbox 3386 2454 3441 2509; x_wconf 91' lang='lat' dir='ltr'><strong>in</strong></span> <span class='ocrx_word' id='word_1_532' title='bbox 3496 2468 3653 2526; x_wconf 86' lang='lat' dir='ltr'><strong>patre</strong></span> 
     </span>
    </p>
   </div>
   <div class='ocr_carea' id='block_1_69' title="bbox 2075 2541 3649 2615">
    <p class='ocr_par' dir='ltr' id='par_1_69' title="bbox 2075 2541 3649 2615">
     <span class='ocr_line' id='line_1_69' title="bbox 2075 2541 3649 2615; baseline -0.002 -13"><span class='ocrx_word' id='word_1_533' title='bbox 2075 2556 2131 2603; x_wconf 92' lang='lat' dir='ltr'><strong>et</strong></span> <span class='ocrx_word' id='word_1_534' title='bbox 2151 2548 2202 2601; x_wconf 94' lang='lat' dir='ltr'><strong>in</strong></span> <span class='ocrx_word' id='word_1_535' title='bbox 2230 2555 2407 2601; x_wconf 89' lang='lat' dir='ltr'><strong>matre</strong></span> <span class='ocrx_word' id='word_1_536' title='bbox 2435 2544 2671 2615; x_wconf 90' lang='lat' dir='ltr'><strong>pollutus</strong></span> <span class='ocrx_word' id='word_1_537' title='bbox 2697 2552 2818 2610; x_wconf 87' lang='lat' dir='ltr'><strong>est;</strong></span> <span class='ocrx_word' id='word_1_538' title='bbox 2865 2543 3014 2599; x_wconf 87' lang='lat' dir='ltr'><strong>solus</strong></span> <span class='ocrx_word' id='word_1_539' title='bbox 3045 2558 3173 2598; x_wconf 91' lang='lat' dir='ltr'><strong>vero</strong></span> <span class='ocrx_word' id='word_1_540' title='bbox 3195 2541 3351 2598; x_wconf 81' lang='lat' dir='ltr'><strong>Jesus</strong></span> <span class='ocrx_word' id='word_1_541' title='bbox 3379 2543 3649 2599; x_wconf 85' lang='lat' dir='ltr'><strong>Dominus</strong></span> 
     </span>
    </p>
   </div>
   <div class='ocr_carea' id='block_1_70' title="bbox 2076 2635 3653 2707">
    <p class='ocr_par' dir='ltr' id='par_1_70' title="bbox 2076 2635 3653 2707">
     <span class='ocr_line' id='line_1_70' title="bbox 2076 2635 3653 2707; baseline -0.002 -13"><span class='ocrx_word' id='word_1_542' title='bbox 2076 2653 2229 2694; x_wconf 90' lang='lat' dir='ltr'><strong>meus</strong></span> <span class='ocrx_word' id='word_1_543' title='bbox 2263 2638 2315 2693; x_wconf 92' lang='lat' dir='ltr'><strong>in</strong></span> <span class='ocrx_word' id='word_1_544' title='bbox 2350 2637 2492 2691; x_wconf 88' lang='lat' dir='ltr'><strong>hanc</strong></span> <span class='ocrx_word' id='word_1_545' title='bbox 2516 2636 2926 2707; x_wconf 87' lang='lat' dir='ltr'><strong>generationem</strong></span> <span class='ocrx_word' id='word_1_546' title='bbox 2958 2635 3191 2689; x_wconf 88' lang='lat' dir='ltr'><strong>mundus</strong></span> <span class='ocrx_word' id='word_1_547' title='bbox 3222 2636 3508 2707; x_wconf 87' lang='lat' dir='ltr'><strong>ingressus</strong></span> <span class='ocrx_word' id='word_1_548' title='bbox 3543 2647 3653 2700; x_wconf 86' lang='lat' dir='ltr'><strong>est,</strong></span> 
     </span>
    </p>
   </div>
   <div class='ocr_carea' id='block_1_71' title="bbox 2076 2726 3654 2799">
    <p class='ocr_par' dir='ltr' id='par_1_71' title="bbox 2076 2726 3654 2799">
     <span class='ocr_line' id='line_1_71' title="bbox 2076 2726 3654 2799; baseline -0.001 -15"><span class='ocrx_word' id='word_1_549' title='bbox 2076 2730 2130 2784; x_wconf 90' lang='lat' dir='ltr'><strong>in</strong></span> <span class='ocrx_word' id='word_1_550' title='bbox 2153 2738 2328 2784; x_wconf 86' lang='lat' dir='ltr'><strong>matre</strong></span> <span class='ocrx_word' id='word_1_551' title='bbox 2347 2743 2456 2783; x_wconf 90' lang='lat' dir='ltr'><strong>non</strong></span> <span class='ocrx_word' id='word_1_552' title='bbox 2474 2736 2559 2782; x_wconf 87' lang='lat' dir='ltr'><strong>est</strong></span> <span class='ocrx_word' id='word_1_553' title='bbox 2583 2727 2838 2797; x_wconf 89' lang='lat' dir='ltr'><strong>pollutus.</strong></span> <span class='ocrx_word' id='word_1_554' title='bbox 2872 2726 3148 2798; x_wconf 85' lang='lat' dir='ltr'><strong>Ingressus</strong></span> <span class='ocrx_word' id='word_1_555' title='bbox 3172 2735 3257 2782; x_wconf 88' lang='lat' dir='ltr'><strong>est</strong></span> <span class='ocrx_word' id='word_1_556' title='bbox 3277 2729 3425 2783; x_wconf 88' lang='lat' dir='ltr'><strong>enim</strong></span> <span class='ocrx_word' id='word_1_557' title='bbox 3448 2744 3654 2799; x_wconf 87' lang='lat' dir='ltr'><strong>corpus</strong></span> 
     </span>
    </p>
   </div>
   <div class='ocr_carea' id='block_1_72' title="bbox 2077 2818 3656 2891">
    <p class='ocr_par' dir='ltr' id='par_1_72' title="bbox 2077 2818 3656 2891">
     <span class='ocr_line' id='line_1_72' title="bbox 2077 2818 3656 2891; baseline 0.001 -16"><span class='ocrx_word' id='word_1_558' title='bbox 2077 2820 2588 2875; x_wconf 87' lang='lat' dir='ltr'><strong>incontaminatum.</strong></span> <span class='ocrx_word' id='word_1_559' title='bbox 2642 2819 2762 2888; x_wconf 88' lang='lat' dir='ltr'><strong>Ipse</strong></span> <span class='ocrx_word' id='word_1_560' title='bbox 2794 2818 2941 2873; x_wconf 90' lang='lat' dir='ltr'><strong>enim</strong></span> <span class='ocrx_word' id='word_1_561' title='bbox 2970 2829 3087 2874; x_wconf 90' lang='lat' dir='ltr'><strong>erat</strong></span> <span class='ocrx_word' id='word_1_562' title='bbox 3108 2819 3198 2890; x_wconf 88' lang='lat' dir='ltr'><strong>qui</strong></span> <span class='ocrx_word' id='word_1_563' title='bbox 3226 2829 3283 2874; x_wconf 89' lang='lat' dir='ltr'><strong>et</strong></span> <span class='ocrx_word' id='word_1_564' title='bbox 3311 2819 3524 2875; x_wconf 89' lang='lat' dir='ltr'><strong>dudum</strong></span> <span class='ocrx_word' id='word_1_565' title='bbox 3556 2836 3656 2891; x_wconf 86' lang='lat' dir='ltr'><strong>per</strong></span> 
     </span>
    </p>
   </div>
   <div class='ocr_carea' id='block_1_73' title="bbox 2076 2908 3651 2981">
    <p class='ocr_par' dir='ltr' id='par_1_73' title="bbox 2076 2908 3651 2981">
     <span class='ocr_line' id='line_1_73' title="bbox 2076 2908 3651 2981; baseline 0 -14"><span class='ocrx_word' id='word_1_566' title='bbox 2076 2911 2420 2967; x_wconf 88' lang='lat' dir='ltr'><strong>Salomonem</strong></span> <span class='ocrx_word' id='word_1_567' title='bbox 2441 2911 2690 2967; x_wconf 79' lang='lat' dir='ltr'><strong>dixerat:</strong></span> <span class='ocrx_word' id='word_1_568' title='bbox 2718 2908 2891 2981; x_wconf 82' lang='lat' dir='ltr'><strong>Magis</strong></span> <span class='ocrx_word' id='word_1_569' title='bbox 2919 2920 3091 2964; x_wconf 85' lang='lat' dir='ltr'><strong>autem</strong></span> <span class='ocrx_word' id='word_1_570' title='bbox 3121 2926 3238 2963; x_wconf 87' lang='lat' dir='ltr'><strong>cum</strong></span> <span class='ocrx_word' id='word_1_571' title='bbox 3263 2926 3430 2965; x_wconf 80' lang='lat' dir='ltr'><strong>essent</strong></span> <span class='ocrx_word' id='word_1_572' title='bbox 3450 2910 3651 2977; x_wconf 75' lang='lat' dir='ltr'><strong>bonus,</strong></span> 
     </span>
    </p>
   </div>
   <div class='ocr_carea' id='block_1_74' title="bbox 2075 2999 3656 3072">
    <p class='ocr_par' dir='ltr' id='par_1_74' title="bbox 2075 2999 3656 3072">
     <span class='ocr_line' id='line_1_74' title="bbox 2075 2999 3656 3072; baseline 0.001 -15"><span class='ocrx_word' id='word_1_573' title='bbox 2075 3003 2189 3057; x_wconf 80' lang='lat' dir='ltr'><strong>veni</strong></span> <span class='ocrx_word' id='word_1_574' title='bbox 2220 3003 2287 3056; x_wconf 93' lang='lat' dir='ltr'><strong>ad</strong></span> <span class='ocrx_word' id='word_1_575' title='bbox 2315 3018 2506 3072; x_wconf 87' lang='lat' dir='ltr'><strong>corpus</strong></span> <span class='ocrx_word' id='word_1_576' title='bbox 2533 3001 2991 3072; x_wconf 78' lang='lat' dir='ltr'><strong>incoinquiuatum</strong></span> <span class='ocrx_word' id='word_1_577' title='bbox 3021 3001 3087 3055; x_wconf 76' lang='grc'><strong>⁸³.</strong></span> <span class='ocrx_word' id='word_1_578' title='bbox 3109 2999 3223 3055; x_wconf 88' lang='lat' dir='ltr'><strong>Non</strong></span> <span class='ocrx_word' id='word_1_579' title='bbox 3246 3010 3329 3057; x_wconf 83' lang='lat' dir='ltr'><strong>est</strong></span> <span class='ocrx_word' id='word_1_580' title='bbox 3360 3017 3498 3072; x_wconf 88' lang='lat' dir='ltr'><strong>ergo</strong></span> <span class='ocrx_word' id='word_1_581' title='bbox 3527 3018 3656 3058; x_wconf 82' lang='lat' dir='ltr'><strong>con-</strong></span> 
     </span>
    </p>
   </div>
   <div class='ocr_carea' id='block_1_75' title="bbox 2076 3091 3654 3163">
    <p class='ocr_par' dir='ltr' id='par_1_75' title="bbox 2076 3091 3654 3163">
     <span class='ocr_line' id='line_1_75' title="bbox 2076 3091 3654 3163; baseline 0.001 -16"><span class='ocrx_word' id='word_1_582' title='bbox 2076 3092 2369 3147; x_wconf 91' lang='lat' dir='ltr'><strong>taminatus</strong></span> <span class='ocrx_word' id='word_1_583' title='bbox 2408 3092 2462 3147; x_wconf 93' lang='lat' dir='ltr'><strong>in</strong></span> <span class='ocrx_word' id='word_1_584' title='bbox 2499 3103 2696 3158; x_wconf 88' lang='lat' dir='ltr'><strong>matre,</strong></span> <span class='ocrx_word' id='word_1_585' title='bbox 2730 3091 2823 3147; x_wconf 90' lang='lat' dir='ltr'><strong>sed</strong></span> <span class='ocrx_word' id='word_1_586' title='bbox 2856 3106 2925 3146; x_wconf 93' lang='lat' dir='ltr'><strong>ne</strong></span> <span class='ocrx_word' id='word_1_587' title='bbox 2965 3091 3018 3146; x_wconf 91' lang='lat' dir='ltr'><strong>in</strong></span> <span class='ocrx_word' id='word_1_588' title='bbox 3051 3100 3201 3162; x_wconf 86' lang='lat' dir='ltr'><strong>patre</strong></span> <span class='ocrx_word' id='word_1_589' title='bbox 3221 3093 3473 3163; x_wconf 87' lang='lat' dir='ltr'><strong>quidem.</strong></span> <span class='ocrx_word' id='word_1_590' title='bbox 3499 3092 3654 3150; x_wconf 79' lang='lat' dir='ltr'><strong>Nihil</strong></span> 
     </span>
    </p>
   </div>
   <div class='ocr_carea' id='block_1_76' title="bbox 2073 3180 3654 3253">
    <p class='ocr_par' dir='ltr' id='par_1_76' title="bbox 2073 3180 3654 3253">
     <span class='ocr_line' id='line_1_76' title="bbox 2073 3180 3654 3253; baseline 0.002 -14"><span class='ocrx_word' id='word_1_591' title='bbox 2073 3184 2217 3239; x_wconf 90' lang='lat' dir='ltr'><strong>enim</strong></span> <span class='ocrx_word' id='word_1_592' title='bbox 2247 3180 2444 3253; x_wconf 77' lang='lat' dir='ltr'><strong>Josepb</strong></span> <span class='ocrx_word' id='word_1_593' title='bbox 2475 3186 2527 3237; x_wconf 91' lang='lat' dir='ltr'><strong>in</strong></span> <span class='ocrx_word' id='word_1_594' title='bbox 2549 3182 2898 3253; x_wconf 85' lang='lat' dir='ltr'><strong>generatione</strong></span> <span class='ocrx_word' id='word_1_595' title='bbox 2921 3183 3036 3252; x_wconf 85' lang='lat' dir='ltr'><strong>ejus</strong></span> <span class='ocrx_word' id='word_1_596' title='bbox 3052 3191 3250 3253; x_wconf 69' lang='lat' dir='ltr'><strong>prteter</strong></span> <span class='ocrx_word' id='word_1_597' title='bbox 3272 3182 3654 3241; x_wconf 71' lang='lat' dir='ltr'><strong>ministerium</strong></span> 
     </span>
    </p>
   </div>
   <div class='ocr_carea' id='block_1_77' title="bbox 2072 3272 2761 3344">
    <p class='ocr_par' dir='ltr' id='par_1_77' title="bbox 2072 3272 2761 3344">
     <span class='ocr_line' id='line_1_77' title="bbox 2072 3272 2761 3344; baseline -0.001 -16"><span class='ocrx_word' id='word_1_598' title='bbox 2072 3274 2323 3344; x_wconf 67' lang='lat' dir='ltr'><strong>praestitit</strong></span> <span class='ocrx_word' id='word_1_599' title='bbox 2353 3285 2404 3329; x_wconf 89' lang='lat' dir='ltr'><strong>et</strong></span> <span class='ocrx_word' id='word_1_600' title='bbox 2431 3272 2704 3329; x_wconf 85' lang='lat' dir='ltr'><strong>all&#39;ectum.</strong></span> <span class='ocrx_word' id='word_1_601' title='bbox 2740 3292 2761 3327; x_wconf 69' lang='grc' dir='ltr'><strong>ι</strong></span> 
     </span>
    </p>
   </div>
   <div class='ocr_carea' id='block_1_78' title="bbox 2143 3361 3657 3432">
    <p class='ocr_par' dir='ltr' id='par_1_78' title="bbox 2143 3361 3657 3432">
     <span class='ocr_line' id='line_1_78' title="bbox 2143 3361 3657 3432; baseline 0.003 -14"><span class='ocrx_word' id='word_1_602' title='bbox 2143 3363 2235 3418; x_wconf 93' lang='lat' dir='ltr'><strong>Sic</strong></span> <span class='ocrx_word' id='word_1_603' title='bbox 2266 3372 2441 3417; x_wconf 89' lang='lat' dir='ltr'><strong>autem</strong></span> <span class='ocrx_word' id='word_1_604' title='bbox 2474 3365 2539 3418; x_wconf 92' lang='lat' dir='ltr'><strong>de</strong></span> <span class='ocrx_word' id='word_1_605' title='bbox 2567 3378 2726 3419; x_wconf 89' lang='lat' dir='ltr'><strong>sacro</strong></span> <span class='ocrx_word' id='word_1_606' title='bbox 2766 3361 2948 3417; x_wconf 61' lang='lat' dir='ltr'><strong>Maria;</strong></span> <span class='ocrx_word' id='word_1_607' title='bbox 2995 3363 3281 3432; x_wconf 90' lang='lat' dir='ltr'><strong>puerperio</strong></span> <span class='ocrx_word' id='word_1_608' title='bbox 3329 3368 3510 3421; x_wconf 84' lang='lat' dir='ltr'><strong>sentit</strong></span> <span class='ocrx_word' id='word_1_609' title='bbox 3558 3383 3657 3423; x_wconf 82' lang='lat' dir='ltr'><strong>ca-</strong></span> 
     </span>
    </p>
   </div>
   <div class='ocr_carea' id='block_1_79' title="bbox 2075 3453 3656 3527">
    <p class='ocr_par' dir='ltr' id='par_1_79' title="bbox 2075 3453 3656 3527">
     <span class='ocr_line' id='line_1_79' title="bbox 2075 3453 3656 3527; baseline 0.003 -16"><span class='ocrx_word' id='word_1_610' title='bbox 2075 3456 2274 3513; x_wconf 89' lang='lat' dir='ltr'><strong>tholica</strong></span> <span class='ocrx_word' id='word_1_611' title='bbox 2303 3456 2567 3520; x_wconf 85' lang='lat' dir='ltr'><strong>Ecclesia,</strong></span> <span class='ocrx_word' id='word_1_612' title='bbox 2596 3456 2942 3525; x_wconf 90' lang='lat' dir='ltr'><strong>antiquorum</strong></span> <span class='ocrx_word' id='word_1_613' title='bbox 2978 3453 3202 3511; x_wconf 70' lang='lat' dir='ltr'><strong>Patru&#39;u</strong></span> <span class='ocrx_word' id='word_1_614' title='bbox 3231 3457 3510 3527; x_wconf 84' lang='lat' dir='ltr'><strong>dogmatis</strong></span> <span class='ocrx_word' id='word_1_615' title='bbox 3546 3462 3656 3515; x_wconf 71' lang='grc' dir='ltr'><strong>ἰαι-</strong></span> 
     </span>
    </p>
   </div>
   <div class='ocr_carea' id='block_1_80' title="bbox 2072 3547 3661 3622">
    <p class='ocr_par' dir='ltr' id='par_1_80' title="bbox 2072 3547 3661 3622">
     <span class='ocr_line' id='line_1_80' title="bbox 2072 3547 3661 3622; baseline 0.004 -20"><span class='ocrx_word' id='word_1_616' title='bbox 2072 3547 2198 3602; x_wconf 90' lang='lat' dir='ltr'><strong>buta</strong></span> <span class='ocrx_word' id='word_1_617' title='bbox 2236 3549 2337 3602; x_wconf 90' lang='lat' dir='ltr'><strong>etsi</strong></span> <span class='ocrx_word' id='word_1_618' title='bbox 2371 3558 2549 3601; x_wconf 82' lang='lat' dir='ltr'><strong>uterus</strong></span> <span class='ocrx_word' id='word_1_619' title='bbox 2605 3548 2669 3601; x_wconf 89' lang='lat' dir='ltr'><strong>de</strong></span> <span class='ocrx_word' id='word_1_620' title='bbox 2704 3549 2787 3601; x_wconf 86' lang='lat' dir='ltr'><strong>die</strong></span> <span class='ocrx_word' id='word_1_621' title='bbox 2817 3547 2872 3601; x_wconf 87' lang='lat' dir='ltr'><strong>in</strong></span> <span class='ocrx_word' id='word_1_622' title='bbox 2909 3548 3020 3602; x_wconf 86' lang='lat' dir='ltr'><strong>dies</strong></span> <span class='ocrx_word' id='word_1_623' title='bbox 3048 3548 3374 3603; x_wconf 83' lang='lat' dir='ltr'><strong>insolesceret</strong></span> <span class='ocrx_word' id='word_1_624' title='bbox 3428 3550 3661 3622; x_wconf 79' lang='lat' dir='ltr'><strong>(placet</strong></span> 
     </span>
    </p>
   </div>
   <div class='ocr_carea' id='block_1_81' title="bbox 2072 3637 3659 3712">
    <p class='ocr_par' dir='ltr' id='par_1_81' title="bbox 2072 3637 3659 3712">
     <span class='ocr_line' id='line_1_81' title="bbox 2072 3637 3659 3712; baseline 0.002 -18"><span class='ocrx_word' id='word_1_625' title='bbox 2072 3640 2213 3694; x_wconf 88' lang='lat' dir='ltr'><strong>enim</strong></span> <span class='ocrx_word' id='word_1_626' title='bbox 2242 3638 2555 3693; x_wconf 87' lang='lat' dir='ltr'><strong>Tertulliani</strong></span> <span class='ocrx_word' id='word_1_627' title='bbox 2589 3640 2753 3693; x_wconf 81' lang='lat' dir='ltr'><strong>verba</strong></span> <span class='ocrx_word' id='word_1_628' title='bbox 2782 3638 2872 3693; x_wconf 88' lang='lat' dir='ltr'><strong>lib.</strong></span> <span class='ocrx_word' id='word_1_629' title='bbox 2896 3638 2970 3693; x_wconf 85' lang='lat' dir='ltr'><strong>De</strong></span> <span class='ocrx_word' id='word_1_630' title='bbox 2998 3655 3155 3693; x_wconf 87' lang='lat' dir='ltr'><strong>carne</strong></span> <span class='ocrx_word' id='word_1_631' title='bbox 3184 3637 3408 3708; x_wconf 78' lang='lat' dir='ltr'><strong>Christi,</strong></span> <span class='ocrx_word' id='word_1_632' title='bbox 3435 3656 3568 3712; x_wconf 84' lang='lat' dir='ltr'><strong>cap.</strong></span> <span class='ocrx_word' id='word_1_633' title='bbox 3597 3642 3659 3707; x_wconf 69' lang='grc'><strong>4,</strong></span> 
     </span>
    </p>
   </div>
   <div class='ocr_carea' id='block_1_82' title="bbox 2074 3730 3661 3804">
    <p class='ocr_par' dir='ltr' id='par_1_82' title="bbox 2074 3730 3661 3804">
     <span class='ocr_line' id='line_1_82' title="bbox 2074 3730 3661 3804; baseline 0.003 -18"><span class='ocrx_word' id='word_1_634' title='bbox 2074 3732 2354 3802; x_wconf 89' lang='lat' dir='ltr'><strong>repudiata</strong></span> <span class='ocrx_word' id='word_1_635' title='bbox 2398 3730 2525 3786; x_wconf 92' lang='lat' dir='ltr'><strong>licet</strong></span> <span class='ocrx_word' id='word_1_636' title='bbox 2564 3732 2735 3802; x_wconf 87' lang='lat' dir='ltr'><strong>ipsius</strong></span> <span class='ocrx_word' id='word_1_637' title='bbox 2779 3734 3067 3799; x_wconf 87' lang='lat' dir='ltr'><strong>sententia,</strong></span> <span class='ocrx_word' id='word_1_638' title='bbox 3118 3733 3387 3803; x_wconf 89' lang='lat' dir='ltr'><strong>retinere)</strong></span> <span class='ocrx_word' id='word_1_639' title='bbox 3436 3750 3661 3804; x_wconf 69' lang='lat' dir='ltr'><strong>gravent</strong></span> 
     </span>
    </p>
   </div>
   <div class='ocr_carea' id='block_1_83' title="bbox 2072 3824 3661 3896">
    <p class='ocr_par' dir='ltr' id='par_1_83' title="bbox 2072 3824 3661 3896">
     <span class='ocr_line' id='line_1_83' title="bbox 2072 3824 3661 3896; baseline 0 -16"><span class='ocrx_word' id='word_1_640' title='bbox 2072 3835 2272 3891; x_wconf 87' lang='lat' dir='ltr'><strong>tamen,</strong></span> <span class='ocrx_word' id='word_1_641' title='bbox 2309 3828 2548 3891; x_wconf 74' lang='lat' dir='ltr'><strong>anxium,</strong></span> <span class='ocrx_word' id='word_1_642' title='bbox 2576 3828 2831 3879; x_wconf 82' lang='lat' dir='ltr'><strong>incertum</strong></span> <span class='ocrx_word' id='word_1_643' title='bbox 2862 3825 3165 3878; x_wconf 82' lang='lat' dir='ltr'><strong>libidinibus</strong></span> <span class='ocrx_word' id='word_1_644' title='bbox 3186 3824 3395 3893; x_wconf 78' lang='lat' dir='ltr'><strong>fastidii</strong></span> <span class='ocrx_word' id='word_1_645' title='bbox 3427 3836 3476 3880; x_wconf 83' lang='lat' dir='ltr'><strong>et</strong></span> <span class='ocrx_word' id='word_1_646' title='bbox 3510 3828 3661 3896; x_wconf 65' lang='lat' dir='ltr'><strong>gntae</strong></span> 
     </span>
    </p>
   </div>
   <div class='ocr_carea' id='block_1_84' title="bbox 2071 3916 3659 3988">
    <p class='ocr_par' dir='ltr' id='par_1_84' title="bbox 2071 3916 3659 3988">
     <span class='ocr_line' id='line_1_84' title="bbox 2071 3916 3659 3988; baseline -0.001 -13"><span class='ocrx_word' id='word_1_647' title='bbox 2071 3920 2383 3988; x_wconf 87' lang='lat' dir='ltr'><strong>neutiquam</strong></span> <span class='ocrx_word' id='word_1_648' title='bbox 2406 3919 2605 3984; x_wconf 82' lang='lat' dir='ltr'><strong>fuisse;</strong></span> <span class='ocrx_word' id='word_1_649' title='bbox 2630 3916 2778 3973; x_wconf 78' lang='lat' dir='ltr'><strong>foras</strong></span> <span class='ocrx_word' id='word_1_650' title='bbox 2802 3930 2931 3971; x_wconf 83' lang='lat' dir='ltr'><strong>vero</strong></span> <span class='ocrx_word' id='word_1_651' title='bbox 2958 3916 3218 3985; x_wconf 76' lang='lat' dir='ltr'><strong>infantem</strong></span> <span class='ocrx_word' id='word_1_652' title='bbox 3254 3932 3359 3971; x_wconf 91' lang='lat' dir='ltr'><strong>non</strong></span> <span class='ocrx_word' id='word_1_653' title='bbox 3382 3934 3509 3973; x_wconf 84' lang='lat' dir='ltr'><strong>cum</strong></span> <span class='ocrx_word' id='word_1_654' title='bbox 3535 3921 3659 3973; x_wconf 77' lang='lat' dir='ltr'><strong>suis</strong></span> 
     </span>
    </p>
   </div>
   <div class='ocr_carea' id='block_1_85' title="bbox 2070 4009 3655 4082">
    <p class='ocr_par' dir='ltr' id='par_1_85' title="bbox 2070 4009 3655 4082">
     <span class='ocr_line' id='line_1_85' title="bbox 2070 4009 3655 4082; baseline -0.002 -15"><span class='ocrx_word' id='word_1_655' title='bbox 2070 4013 2449 4082; x_wconf 81' lang='lat' dir='ltr'><strong>impedimentis</strong></span> <span class='ocrx_word' id='word_1_656' title='bbox 2482 4011 2758 4081; x_wconf 80' lang='lat' dir='ltr'><strong>profusum</strong></span> <span class='ocrx_word' id='word_1_657' title='bbox 2790 4018 2841 4064; x_wconf 82' lang='lat' dir='ltr'><strong>et</strong></span> <span class='ocrx_word' id='word_1_658' title='bbox 2876 4009 3094 4063; x_wconf 82' lang='lat' dir='ltr'><strong>oblitum</strong></span> <span class='ocrx_word' id='word_1_659' title='bbox 3118 4049 3132 4073; x_wconf 91' lang='lat'><strong>,</strong></span> <span class='ocrx_word' id='word_1_660' title='bbox 3180 4011 3655 4078; x_wconf 85' lang='lat' dir='ltr'><strong>quemadmodum</strong></span> 
     </span>
    </p>
   </div>
   <div class='ocr_carea' id='block_1_86' title="bbox 2068 4103 3659 4176">
    <p class='ocr_par' dir='ltr' id='par_1_86' title="bbox 2068 4103 3659 4176">
     <span class='ocr_line' id='line_1_86' title="bbox 2068 4103 3659 4176; baseline -0.001 -14"><span class='ocrx_word' id='word_1_661' title='bbox 2068 4109 2192 4162; x_wconf 86' lang='lat' dir='ltr'><strong>aliis</strong></span> <span class='ocrx_word' id='word_1_662' title='bbox 2220 4106 2471 4161; x_wconf 88' lang='lat' dir='ltr'><strong>omnibus</strong></span> <span class='ocrx_word' id='word_1_663' title='bbox 2505 4105 2787 4176; x_wconf 89' lang='lat' dir='ltr'><strong>puerperis</strong></span> <span class='ocrx_word' id='word_1_664' title='bbox 2833 4103 2972 4158; x_wconf 90' lang='lat' dir='ltr'><strong>solet</strong></span> <span class='ocrx_word' id='word_1_665' title='bbox 3005 4104 3340 4173; x_wconf 88' lang='lat' dir='ltr'><strong>contingere,</strong></span> <span class='ocrx_word' id='word_1_666' title='bbox 3376 4104 3471 4157; x_wconf 86' lang='lat' dir='ltr'><strong>sed</strong></span> <span class='ocrx_word' id='word_1_667' title='bbox 3529 4106 3659 4161; x_wconf 77' lang='lat' dir='ltr'><strong>abs-</strong></span> 
     </span>
    </p>
   </div>
   <div class='ocr_carea' id='block_1_87' title="bbox 2070 4195 3657 4271">
    <p class='ocr_par' dir='ltr' id='par_1_87' title="bbox 2070 4195 3657 4271">
     <span class='ocr_line' id='line_1_87' title="bbox 2070 4195 3657 4271; baseline -0.001 -17"><span class='ocrx_word' id='word_1_668' title='bbox 2070 4216 2173 4271; x_wconf 91' lang='lat' dir='ltr'><strong>que</strong></span> <span class='ocrx_word' id='word_1_669' title='bbox 2203 4201 2324 4255; x_wconf 90' lang='lat' dir='ltr'><strong>ullis</strong></span> <span class='ocrx_word' id='word_1_670' title='bbox 2353 4197 2776 4268; x_wconf 90' lang='lat' dir='ltr'><strong>inquinamentis</strong></span> <span class='ocrx_word' id='word_1_671' title='bbox 2790 4204 2844 4251; x_wconf 91' lang='lat' dir='ltr'><strong>et</strong></span> <span class='ocrx_word' id='word_1_672' title='bbox 2857 4196 3106 4250; x_wconf 85' lang='lat' dir='ltr'><strong>sordibus</strong></span> <span class='ocrx_word' id='word_1_673' title='bbox 3128 4195 3414 4265; x_wconf 86' lang='lat' dir='ltr'><strong>prodiisse.</strong></span> <span class='ocrx_word' id='word_1_674' title='bbox 3437 4195 3657 4262; x_wconf 84' lang='lat' dir='ltr'><strong>Quam-</strong></span> 
     </span>
    </p>
   </div>
   <div class='ocr_carea' id='block_1_88' title="bbox 2070 4287 3655 4360">
    <p class='ocr_par' dir='ltr' id='par_1_88' title="bbox 2070 4287 3655 4360">
     <span class='ocr_line' id='line_1_88' title="bbox 2070 4287 3655 4360; baseline -0.003 -13"><span class='ocrx_word' id='word_1_675' title='bbox 2070 4296 2255 4347; x_wconf 90' lang='lat' dir='ltr'><strong>obrem</strong></span> <span class='ocrx_word' id='word_1_676' title='bbox 2309 4305 2515 4346; x_wconf 88' lang='lat' dir='ltr'><strong>canone</strong></span> <span class='ocrx_word' id='word_1_677' title='bbox 2535 4290 2601 4345; x_wconf 88' lang='lat'><strong>79</strong></span> <span class='ocrx_word' id='word_1_678' title='bbox 2645 4288 2833 4360; x_wconf 85' lang='lat' dir='ltr'><strong>synodi</strong></span> <span class='ocrx_word' id='word_1_679' title='bbox 2860 4287 3177 4357; x_wconf 74' lang='lat' dir='ltr'><strong>quinisextte</strong></span> <span class='ocrx_word' id='word_1_680' title='bbox 3196 4287 3497 4356; x_wconf 80' lang='lat' dir='ltr'><strong>abrogatur</strong></span> <span class='ocrx_word' id='word_1_681' title='bbox 3517 4303 3655 4345; x_wconf 85' lang='lat' dir='ltr'><strong>con-</strong></span> 
     </span>
    </p>
   </div>
   <div class='ocr_carea' id='block_1_89' title="bbox 2071 4378 3651 4449">
    <p class='ocr_par' dir='ltr' id='par_1_89' title="bbox 2071 4378 3651 4449">
     <span class='ocr_line' id='line_1_89' title="bbox 2071 4378 3651 4449; baseline -0.003 -9"><span class='ocrx_word' id='word_1_682' title='bbox 2071 4384 2300 4440; x_wconf 87' lang='lat' dir='ltr'><strong>suetudo</strong></span> <span class='ocrx_word' id='word_1_683' title='bbox 2319 4398 2349 4437; x_wconf 93' lang='lat' dir='ltr'><strong>a</strong></span> <span class='ocrx_word' id='word_1_684' title='bbox 2374 4381 2646 4437; x_wconf 90' lang='lat' dir='ltr'><strong>nonnullis</strong></span> <span class='ocrx_word' id='word_1_685' title='bbox 2667 4380 2943 4436; x_wconf 87' lang='lat' dir='ltr'><strong>observari</strong></span> <span class='ocrx_word' id='word_1_686' title='bbox 2966 4379 3123 4435; x_wconf 90' lang='lat' dir='ltr'><strong>solita</strong></span> <span class='ocrx_word' id='word_1_687' title='bbox 3148 4378 3253 4433; x_wconf 90' lang='lat' dir='ltr'><strong>illis</strong></span> <span class='ocrx_word' id='word_1_688' title='bbox 3276 4380 3651 4449; x_wconf 88' lang='lat' dir='ltr'><strong>temporibus,</strong></span> 
     </span>
    </p>
   </div>
   <div class='ocr_carea' id='block_1_90' title="bbox 402 4470 1971 4564">
    <p class='ocr_par' dir='ltr' id='par_1_90' title="bbox 402 4490 1964 4564">
     <span class='ocr_line' id='line_1_90' title="bbox 402 4490 1964 4564; baseline 0.002 -18"><span class='ocrx_word' id='word_1_689' title='bbox 402 4492 647 4563; x_wconf 79' lang='lat' dir='ltr'><strong>ﬁgentia,</strong></span> <span class='ocrx_word' id='word_1_690' title='bbox 672 4494 725 4546; x_wconf 89' lang='lat' dir='ltr'><strong>in</strong></span> <span class='ocrx_word' id='word_1_691' title='bbox 757 4490 993 4563; x_wconf 90' lang='lat' dir='ltr'><strong>Origene</strong></span> <span class='ocrx_word' id='word_1_692' title='bbox 1022 4507 1339 4562; x_wconf 83' lang='lat' dir='ltr'><strong>expressum</strong></span> <span class='ocrx_word' id='word_1_693' title='bbox 1368 4508 1473 4549; x_wconf 91' lang='lat' dir='ltr'><strong>non</strong></span> <span class='ocrx_word' id='word_1_694' title='bbox 1507 4503 1612 4548; x_wconf 90' lang='lat' dir='ltr'><strong>est.</strong></span> <span class='ocrx_word' id='word_1_695' title='bbox 1641 4492 1734 4547; x_wconf 89' lang='lat' dir='ltr'><strong>Sui</strong></span> <span class='ocrx_word' id='word_1_696' title='bbox 1761 4508 1892 4564; x_wconf 89' lang='lat' dir='ltr'><strong>ergo</strong></span> <span class='ocrx_word' id='word_1_697' title='bbox 1915 4494 1964 4549; x_wconf 94' lang='lat' dir='ltr'><strong>ei</strong></span> 
     </span>
    </p>
   </div>
   <div class='ocr_carea' id='block_1_91' title="bbox 2078 4470 3657 4564">
    <p class='ocr_par' dir='ltr' id='par_1_91' title="bbox 2078 4470 3657 4543">
     <span class='ocr_line' id='line_1_91' title="bbox 2078 4470 3657 4543; baseline -0.002 -14"><span class='ocrx_word' id='word_1_698' title='bbox 2078 4476 2306 4530; x_wconf 87' lang='lat' dir='ltr'><strong>similam</strong></span> <span class='ocrx_word' id='word_1_699' title='bbox 2336 4473 2608 4543; x_wconf 89' lang='lat' dir='ltr'><strong>coquendi</strong></span> <span class='ocrx_word' id='word_1_700' title='bbox 2637 4483 2759 4542; x_wconf 90' lang='lat' dir='ltr'><strong>post</strong></span> <span class='ocrx_word' id='word_1_701' title='bbox 2784 4471 2925 4525; x_wconf 89' lang='lat' dir='ltr'><strong>diem</strong></span> <span class='ocrx_word' id='word_1_702' title='bbox 2969 4470 3272 4525; x_wconf 85' lang='lat' dir='ltr'><strong>nativitatis</strong></span> <span class='ocrx_word' id='word_1_703' title='bbox 3320 4470 3556 4536; x_wconf 83' lang='lat' dir='ltr'><strong>Christi,</strong></span> <span class='ocrx_word' id='word_1_704' title='bbox 3596 4483 3657 4526; x_wconf 85' lang='lat' dir='ltr'><strong>et</strong></span> 
     </span>
    </p>
   </div>
   <div class='ocr_carea' id='block_1_92' title="bbox 402 4582 1969 4656">
    <p class='ocr_par' dir='ltr' id='par_1_92' title="bbox 402 4582 1969 4656">
     <span class='ocr_line' id='line_1_92' title="bbox 402 4582 1969 4656; baseline 0.003 -19"><span class='ocrx_word' id='word_1_705' title='bbox 402 4582 680 4637; x_wconf 80' lang='lat' dir='ltr'><strong>sulliciunt</strong></span> <span class='ocrx_word' id='word_1_706' title='bbox 702 4598 943 4649; x_wconf 90' lang='lat' dir='ltr'><strong>errores,</strong></span> <span class='ocrx_word' id='word_1_707' title='bbox 973 4598 1071 4637; x_wconf 91' lang='lat' dir='ltr'><strong>nec</strong></span> <span class='ocrx_word' id='word_1_708' title='bbox 1094 4582 1255 4637; x_wconf 92' lang='lat' dir='ltr'><strong>alieni</strong></span> <span class='ocrx_word' id='word_1_709' title='bbox 1289 4593 1494 4639; x_wconf 87' lang='lat' dir='ltr'><strong>temere</strong></span> <span class='ocrx_word' id='word_1_710' title='bbox 1520 4584 1646 4639; x_wconf 91' lang='lat' dir='ltr'><strong>huic</strong></span> <span class='ocrx_word' id='word_1_711' title='bbox 1681 4583 1969 4656; x_wconf 83' lang='lat' dir='ltr'><strong>aﬁingendi</strong></span> 
     </span>
    </p>
   </div>
   <div class='ocr_carea' id='block_1_93' title="bbox 400 4672 1967 4744">
    <p class='ocr_par' dir='ltr' id='par_1_93' title="bbox 400 4672 1967 4744">
     <span class='ocr_line' id='line_1_93' title="bbox 400 4672 1967 4744; baseline 0.003 -16"><span class='ocrx_word' id='word_1_712' title='bbox 400 4683 546 4728; x_wconf 91' lang='lat' dir='ltr'><strong>sunt.</strong></span> <span class='ocrx_word' id='word_1_713' title='bbox 582 4672 731 4727; x_wconf 77' lang='lat' dir='ltr'><strong>Hanc</strong></span> <span class='ocrx_word' id='word_1_714' title='bbox 759 4675 936 4744; x_wconf 85' lang='lat' dir='ltr'><strong>poﬁus</strong></span> <span class='ocrx_word' id='word_1_715' title='bbox 963 4674 1101 4728; x_wconf 90' lang='lat' dir='ltr'><strong>Sixti</strong></span> <span class='ocrx_word' id='word_1_716' title='bbox 1137 4675 1395 4730; x_wconf 90' lang='lat' dir='ltr'><strong>Senensis</strong></span> <span class='ocrx_word' id='word_1_717' title='bbox 1414 4676 1814 4731; x_wconf 89' lang='lat' dir='ltr'><strong>adnotationem</strong></span> <span class='ocrx_word' id='word_1_718' title='bbox 1840 4678 1967 4741; x_wconf 81' lang='grc'><strong>156,</strong></span> 
     </span>
    </p>
   </div>
   <div class='ocr_carea' id='block_1_94' title="bbox 399 4762 1973 4835">
    <p class='ocr_par' dir='ltr' id='par_1_94' title="bbox 399 4762 1973 4835">
     <span class='ocr_line' id='line_1_94' title="bbox 399 4762 1973 4835; baseline 0.002 -20"><span class='ocrx_word' id='word_1_719' title='bbox 399 4778 523 4835; x_wconf 73' lang='lat' dir='ltr'><strong>qua:</strong></span> <span class='ocrx_word' id='word_1_720' title='bbox 548 4763 642 4817; x_wconf 90' lang='lat' dir='ltr'><strong>lib.</strong></span> <span class='ocrx_word' id='word_1_721' title='bbox 674 4779 724 4817; x_wconf 85' lang='lat' dir='ltr'><strong>vt</strong></span> <span class='ocrx_word' id='word_1_722' title='bbox 754 4762 1009 4817; x_wconf 84' lang='lat' dir='ltr'><strong>Biblioth.</strong></span> <span class='ocrx_word' id='word_1_723' title='bbox 1042 4765 1249 4818; x_wconf 83' lang='lat' dir='ltr'><strong>intexta</strong></span> <span class='ocrx_word' id='word_1_724' title='bbox 1283 4773 1389 4830; x_wconf 88' lang='lat' dir='ltr'><strong>est,</strong></span> <span class='ocrx_word' id='word_1_725' title='bbox 1415 4764 1797 4820; x_wconf 89' lang='lat' dir='ltr'><strong>admittamus:</strong></span> <span class='ocrx_word' id='word_1_726' title='bbox 1835 4783 1854 4817; x_wconf 81' lang='grc' dir='ltr'><strong>ι</strong></span> <span class='ocrx_word' id='word_1_727' title='bbox 1888 4764 1973 4818; x_wconf 89' lang='lat' dir='ltr'><strong>lu-</strong></span> 
     </span>
    </p>
   </div>
   <div class='ocr_carea' id='block_1_95' title="bbox 403 4853 1975 4926">
    <p class='ocr_par' dir='ltr' id='par_1_95' title="bbox 403 4853 1975 4926">
     <span class='ocr_line' id='line_1_95' title="bbox 403 4853 1975 4926; baseline 0.001 -19"><span class='ocrx_word' id='word_1_728' title='bbox 403 4854 596 4926; x_wconf 89' lang='lat' dir='ltr'><strong>telligit</strong></span> <span class='ocrx_word' id='word_1_729' title='bbox 628 4853 860 4909; x_wconf 79' lang='lat' dir='ltr'><strong>fortasse</strong></span> <span class='ocrx_word' id='word_1_730' title='bbox 885 4854 1169 4926; x_wconf 76' lang='lat' dir='ltr'><strong>Origenes,</strong></span> <span class='ocrx_word' id='word_1_731' title='bbox 1196 4869 1303 4909; x_wconf 94' lang='lat' dir='ltr'><strong>non</strong></span> <span class='ocrx_word' id='word_1_732' title='bbox 1332 4854 1398 4909; x_wconf 90' lang='lat' dir='ltr'><strong>de</strong></span> <span class='ocrx_word' id='word_1_733' title='bbox 1428 4856 1748 4926; x_wconf 89' lang='lat' dir='ltr'><strong>purgatione</strong></span> <span class='ocrx_word' id='word_1_734' title='bbox 1771 4856 1837 4909; x_wconf 91' lang='lat' dir='ltr'><strong>ab</strong></span> <span class='ocrx_word' id='word_1_735' title='bbox 1872 4855 1975 4908; x_wconf 86' lang='lat' dir='ltr'><strong>im-</strong></span> 
     </span>
    </p>
   </div>
   <div class='ocr_carea' id='block_1_96' title="bbox 400 4946 1965 5016">
    <p class='ocr_par' dir='ltr' id='par_1_96' title="bbox 400 4946 1965 5016">
     <span class='ocr_line' id='line_1_96' title="bbox 400 4946 1965 5016; baseline 0.001 -17"><span class='ocrx_word' id='word_1_736' title='bbox 400 4946 683 5001; x_wconf 87' lang='lat' dir='ltr'><strong>munditiis</strong></span> <span class='ocrx_word' id='word_1_737' title='bbox 720 4956 777 5001; x_wconf 89' lang='lat' dir='ltr'><strong>et</strong></span> <span class='ocrx_word' id='word_1_738' title='bbox 801 4947 1056 5002; x_wconf 84' lang='lat' dir='ltr'><strong>sordibus</strong></span> <span class='ocrx_word' id='word_1_739' title='bbox 1080 4955 1293 5015; x_wconf 89' lang='lat' dir='ltr'><strong>partus,</strong></span> <span class='ocrx_word' id='word_1_740' title='bbox 1322 4946 1521 5016; x_wconf 90' lang='lat' dir='ltr'><strong>quibus</strong></span> <span class='ocrx_word' id='word_1_741' title='bbox 1572 4946 1701 5001; x_wconf 91' lang='lat' dir='ltr'><strong>nulli</strong></span> <span class='ocrx_word' id='word_1_742' title='bbox 1742 4946 1965 5002; x_wconf 90' lang='lat' dir='ltr'><strong>dubium</strong></span> 
     </span>
    </p>
   </div>
   <div class='ocr_carea' id='block_1_97' title="bbox 399 5034 1969 5105">
    <p class='ocr_par' dir='ltr' id='par_1_97' title="bbox 399 5034 1969 5105">
     <span class='ocr_line' id='line_1_97' title="bbox 399 5034 1969 5105; baseline 0.003 -16"><span class='ocrx_word' id='word_1_743' title='bbox 399 5045 486 5090; x_wconf 86' lang='lat' dir='ltr'><strong>est</strong></span> <span class='ocrx_word' id='word_1_744' title='bbox 512 5034 732 5089; x_wconf 82' lang='lat' dir='ltr'><strong>Mariam</strong></span> <span class='ocrx_word' id='word_1_745' title='bbox 767 5052 873 5091; x_wconf 92' lang='lat' dir='ltr'><strong>non</strong></span> <span class='ocrx_word' id='word_1_746' title='bbox 906 5038 1073 5091; x_wconf 80' lang='lat' dir='ltr'><strong>fuisse</strong></span> <span class='ocrx_word' id='word_1_747' title='bbox 1094 5038 1405 5105; x_wconf 90' lang='lat' dir='ltr'><strong>obnoxiam,</strong></span> <span class='ocrx_word' id='word_1_748' title='bbox 1450 5038 1544 5092; x_wconf 91' lang='lat' dir='ltr'><strong>sed</strong></span> <span class='ocrx_word' id='word_1_749' title='bbox 1567 5038 1633 5092; x_wconf 90' lang='lat' dir='ltr'><strong>de</strong></span> <span class='ocrx_word' id='word_1_750' title='bbox 1667 5037 1864 5093; x_wconf 91' lang='lat' dir='ltr'><strong>ritibus</strong></span> <span class='ocrx_word' id='word_1_751' title='bbox 1914 5050 1969 5094; x_wconf 90' lang='lat' dir='ltr'><strong>et</strong></span> 
     </span>
    </p>
   </div>
   <div class='ocr_carea' id='block_1_98' title="bbox 402 5123 1969 5198">
    <p class='ocr_par' dir='ltr' id='par_1_98' title="bbox 402 5123 1969 5198">
     <span class='ocr_line' id='line_1_98' title="bbox 402 5123 1969 5198; baseline 0.003 -18"><span class='ocrx_word' id='word_1_752' title='bbox 402 5125 765 5191; x_wconf 65' lang='lat' dir='ltr'><strong>caeremoniis,</strong></span> <span class='ocrx_word' id='word_1_753' title='bbox 802 5126 999 5197; x_wconf 90' lang='lat' dir='ltr'><strong>quibus</strong></span> <span class='ocrx_word' id='word_1_754' title='bbox 1028 5123 1244 5198; x_wconf 75' lang='lat' dir='ltr'><strong>Moyses</strong></span> <span class='ocrx_word' id='word_1_755' title='bbox 1272 5141 1568 5198; x_wconf 89' lang='lat' dir='ltr'><strong>puerperas</strong></span> <span class='ocrx_word' id='word_1_756' title='bbox 1602 5126 1826 5181; x_wconf 90' lang='lat' dir='ltr'><strong>lustrari</strong></span> <span class='ocrx_word' id='word_1_757' title='bbox 1851 5128 1969 5197; x_wconf 80' lang='lat' dir='ltr'><strong>jus-</strong></span> 
     </span>
    </p>
   </div>
   <div class='ocr_carea' id='block_1_99' title="bbox 398 5217 1966 5288">
    <p class='ocr_par' dir='ltr' id='par_1_99' title="bbox 398 5217 1966 5288">
     <span class='ocr_line' id='line_1_99' title="bbox 398 5217 1966 5288; baseline 0.001 -16"><span class='ocrx_word' id='word_1_758' title='bbox 398 5226 585 5272; x_wconf 76' lang='lat' dir='ltr'><strong>serat:</strong></span> <span class='ocrx_word' id='word_1_759' title='bbox 619 5217 715 5271; x_wconf 90' lang='lat' dir='ltr'><strong>bas</strong></span> <span class='ocrx_word' id='word_1_760' title='bbox 740 5232 961 5272; x_wconf 88' lang='lat' dir='ltr'><strong>necesse</strong></span> <span class='ocrx_word' id='word_1_761' title='bbox 986 5226 1107 5271; x_wconf 91' lang='lat' dir='ltr'><strong>erat</strong></span> <span class='ocrx_word' id='word_1_762' title='bbox 1150 5219 1351 5272; x_wconf 86' lang='lat' dir='ltr'><strong>servari</strong></span> <span class='ocrx_word' id='word_1_763' title='bbox 1402 5232 1431 5271; x_wconf 93' lang='lat' dir='ltr'><strong>a</strong></span> <span class='ocrx_word' id='word_1_764' title='bbox 1472 5227 1646 5273; x_wconf 90' lang='lat' dir='ltr'><strong>matre</strong></span> <span class='ocrx_word' id='word_1_765' title='bbox 1676 5218 1841 5285; x_wconf 91' lang='lat' dir='ltr'><strong>illius,</strong></span> <span class='ocrx_word' id='word_1_766' title='bbox 1875 5222 1966 5288; x_wconf 91' lang='lat' dir='ltr'><strong>qui</strong></span> 
     </span>
    </p>
   </div>
   <div class='ocr_carea' id='block_1_100' title="bbox 402 5306 1970 5379">
    <p class='ocr_par' dir='ltr' id='par_1_100' title="bbox 402 5306 1970 5379">
     <span class='ocr_line' id='line_1_100' title="bbox 402 5306 1970 5379; baseline 0.001 -18"><span class='ocrx_word' id='word_1_767' title='bbox 402 5306 576 5379; x_wconf 86' lang='lat' dir='ltr'><strong>legem</strong></span> <span class='ocrx_word' id='word_1_768' title='bbox 626 5307 945 5378; x_wconf 90' lang='lat' dir='ltr'><strong>impleturus</strong></span> <span class='ocrx_word' id='word_1_769' title='bbox 987 5317 1234 5373; x_wconf 91' lang='lat' dir='ltr'><strong>venerat,</strong></span> <span class='ocrx_word' id='word_1_770' title='bbox 1283 5323 1388 5363; x_wconf 90' lang='lat' dir='ltr'><strong>non</strong></span> <span class='ocrx_word' id='word_1_771' title='bbox 1417 5308 1814 5364; x_wconf 87' lang='lat' dir='ltr'><strong>destructurus.</strong></span> <span class='ocrx_word' id='word_1_772' title='bbox 1850 5327 1869 5359; x_wconf 78' lang='grc' dir='ltr'><strong>ι</strong></span> <span class='ocrx_word' id='word_1_773' title='bbox 1899 5308 1970 5362; x_wconf 90' lang='lat' dir='ltr'><strong>ll-</strong></span> 
     </span>
    </p>
   </div>
   <div class='ocr_carea' id='block_1_101' title="bbox 402 5399 1966 5470">
    <p class='ocr_par' dir='ltr' id='par_1_101' title="bbox 402 5399 1966 5470">
     <span class='ocr_line' id='line_1_101' title="bbox 402 5399 1966 5470; baseline -0.001 -15"><span class='ocrx_word' id='word_1_774' title='bbox 402 5401 494 5457; x_wconf 90' lang='lat' dir='ltr'><strong>Iud</strong></span> <span class='ocrx_word' id='word_1_775' title='bbox 532 5414 599 5456; x_wconf 81' lang='lat' dir='ltr'><strong>ex</strong></span> <span class='ocrx_word' id='word_1_776' title='bbox 648 5414 715 5456; x_wconf 90' lang='lat' dir='ltr'><strong>eo</strong></span> <span class='ocrx_word' id='word_1_777' title='bbox 750 5401 1125 5467; x_wconf 88' lang='lat' dir='ltr'><strong>conlirmatur,</strong></span> <span class='ocrx_word' id='word_1_778' title='bbox 1162 5401 1307 5470; x_wconf 90' lang='lat' dir='ltr'><strong>quod</strong></span> <span class='ocrx_word' id='word_1_779' title='bbox 1354 5400 1541 5455; x_wconf 90' lang='lat' dir='ltr'><strong>bomil.</strong></span> <span class='ocrx_word' id='word_1_780' title='bbox 1591 5400 1626 5455; x_wconf 84' lang='lat'>8</span> <span class='ocrx_word' id='word_1_781' title='bbox 1684 5401 1738 5455; x_wconf 83' lang='lat' dir='ltr'><strong>in</strong></span> <span class='ocrx_word' id='word_1_782' title='bbox 1777 5399 1966 5467; x_wconf 82' lang='lat' dir='ltr'><strong>Levit.,</strong></span> 
     </span>
    </p>
   </div>
   <div class='ocr_carea' id='block_1_102' title="bbox 404 5492 1967 5562">
    <p class='ocr_par' dir='ltr' id='par_1_102' title="bbox 404 5492 1967 5562">
     <span class='ocr_line' id='line_1_102' title="bbox 404 5492 1967 5562; baseline -0.003 -12"><span class='ocrx_word' id='word_1_783' title='bbox 404 5509 551 5550; x_wconf 90' lang='lat' dir='ltr'><strong>num.</strong></span> <span class='ocrx_word' id='word_1_784' title='bbox 580 5493 639 5560; x_wconf 69' lang='grc' dir='ltr'><strong>Ξ,</strong></span> <span class='ocrx_word' id='word_1_785' title='bbox 662 5493 852 5550; x_wconf 88' lang='lat' dir='ltr'><strong>scribit</strong></span> <span class='ocrx_word' id='word_1_786' title='bbox 875 5492 1136 5562; x_wconf 89' lang='lat' dir='ltr'><strong>Origenes</strong></span> <span class='ocrx_word' id='word_1_787' title='bbox 1164 5506 1259 5547; x_wconf 89' lang='lat' dir='ltr'><strong>eas</strong></span> <span class='ocrx_word' id='word_1_788' title='bbox 1285 5492 1457 5547; x_wconf 89' lang='lat' dir='ltr'><strong>solum</strong></span> <span class='ocrx_word' id='word_1_789' title='bbox 1495 5493 1750 5550; x_wconf 85' lang='lat' dir='ltr'><strong>mulieres</strong></span> <span class='ocrx_word' id='word_1_790' title='bbox 1781 5492 1835 5546; x_wconf 93' lang='lat' dir='ltr'><strong>in</strong></span> <span class='ocrx_word' id='word_1_791' title='bbox 1872 5507 1967 5561; x_wconf 86' lang='lat' dir='ltr'><strong>pa-</strong></span> 
     </span>
    </p>
   </div>
   <div class='ocr_carea' id='block_1_103' title="bbox 405 5584 1967 5656">
    <p class='ocr_par' dir='ltr' id='par_1_103' title="bbox 405 5584 1967 5656">
     <span class='ocr_line' id='line_1_103' title="bbox 405 5584 1967 5656; baseline -0.003 -14"><span class='ocrx_word' id='word_1_792' title='bbox 405 5586 596 5644; x_wconf 81' lang='lat' dir='ltr'><strong>riendo</strong></span> <span class='ocrx_word' id='word_1_793' title='bbox 627 5601 749 5644; x_wconf 87' lang='lat' dir='ltr'><strong>esse</strong></span> <span class='ocrx_word' id='word_1_794' title='bbox 781 5586 1109 5652; x_wconf 76' lang='lat' dir='ltr'><strong>immundae,</strong></span> <span class='ocrx_word' id='word_1_795' title='bbox 1140 5600 1261 5656; x_wconf 70' lang='lat' dir='ltr'><strong>qua:</strong></span> <span class='ocrx_word' id='word_1_796' title='bbox 1284 5586 1493 5642; x_wconf 87' lang='lat' dir='ltr'><strong>semine</strong></span> <span class='ocrx_word' id='word_1_797' title='bbox 1523 5585 1758 5641; x_wconf 89' lang='lat' dir='ltr'><strong>admisso</strong></span> <span class='ocrx_word' id='word_1_798' title='bbox 1782 5584 1967 5641; x_wconf 88' lang='lat' dir='ltr'><strong>conci-</strong></span> 
     </span>
    </p>
   </div>
   <div class='ocr_carea' id='block_1_104' title="bbox 2071 4561 3647 4633">
    <p class='ocr_par' dir='ltr' id='par_1_104' title="bbox 2071 4561 3647 4633">
     <span class='ocr_line' id='line_1_104' title="bbox 2071 4561 3647 4633; baseline -0.004 -10"><span class='ocrx_word' id='word_1_799' title='bbox 2071 4583 2188 4623; x_wconf 87' lang='lat' dir='ltr'><strong>eam</strong></span> <span class='ocrx_word' id='word_1_800' title='bbox 2222 4567 2321 4621; x_wconf 89' lang='lat' dir='ltr'><strong>sibi</strong></span> <span class='ocrx_word' id='word_1_801' title='bbox 2366 4565 2598 4620; x_wconf 87' lang='lat' dir='ltr'><strong>invicem</strong></span> <span class='ocrx_word' id='word_1_802' title='bbox 2649 4562 3031 4633; x_wconf 87' lang='lat' dir='ltr'><strong>impertiendi,</strong></span> <span class='ocrx_word' id='word_1_803' title='bbox 3082 4580 3101 4614; x_wconf 75' lang='grc' dir='ltr'><strong>ι</strong></span> <span class='ocrx_word' id='word_1_804' title='bbox 3157 4561 3379 4617; x_wconf 88' lang='lat' dir='ltr'><strong>honoris</strong></span> <span class='ocrx_word' id='word_1_805' title='bbox 3428 4562 3647 4617; x_wconf 85' lang='lat' dir='ltr'><strong>scilicet</strong></span> 
     </span>
    </p>
   </div>
   <div class='ocr_carea' id='block_1_105' title="bbox 2072 4655 3643 4733">
    <p class='ocr_par' dir='ltr' id='par_1_105' title="bbox 2072 4655 3643 4733">
     <span class='ocr_line' id='line_1_105' title="bbox 2072 4655 3643 4733; baseline -0.005 -18"><span class='ocrx_word' id='word_1_806' title='bbox 2072 4670 2332 4733; x_wconf 62' lang='lat' dir='ltr'><strong>praetextu</strong></span> <span class='ocrx_word' id='word_1_807' title='bbox 2352 4659 2766 4716; x_wconf 89' lang='lat' dir='ltr'><strong>secundinarum</strong></span> <span class='ocrx_word' id='word_1_808' title='bbox 2787 4655 3079 4725; x_wconf 61' lang='lat' dir='ltr'><strong>impolluta:</strong></span> <span class='ocrx_word' id='word_1_809' title='bbox 3100 4655 3333 4724; x_wconf 77' lang='lat' dir='ltr'><strong>Virginis</strong></span> <span class='ocrx_word' id='word_1_810' title='bbox 3357 4658 3593 4709; x_wconf 89' lang='lat' dir='ltr'><strong>matris:</strong></span> <span class='ocrx_word' id='word_1_811' title='bbox 3620 4675 3643 4707; x_wconf 76' lang='grc' dir='ltr'><strong>ι</strong></span> 
     </span>
    </p>
   </div>
   <div class='ocr_carea' id='block_1_106' title="bbox 2073 4744 3646 4819">
    <p class='ocr_par' dir='ltr' id='par_1_106' title="bbox 2073 4744 3646 4819">
     <span class='ocr_line' id='line_1_106' title="bbox 2073 4744 3646 4819; baseline -0.003 -13"><span class='ocrx_word' id='word_1_812' title='bbox 2073 4752 2337 4807; x_wconf 92' lang='lat' dir='ltr'><strong>rationem</strong></span> <span class='ocrx_word' id='word_1_813' title='bbox 2370 4750 2547 4805; x_wconf 90' lang='lat' dir='ltr'><strong>reddit</strong></span> <span class='ocrx_word' id='word_1_814' title='bbox 2573 4748 2826 4819; x_wconf 88' lang='lat' dir='ltr'><strong>synodus,</strong></span> <span class='ocrx_word' id='word_1_815' title='bbox 2864 4761 2987 4803; x_wconf 90' lang='lat' dir='ltr'><strong>esse</strong></span> <span class='ocrx_word' id='word_1_816' title='bbox 3009 4746 3204 4816; x_wconf 92' lang='lat' dir='ltr'><strong>quippe</strong></span> <span class='ocrx_word' id='word_1_817' title='bbox 3234 4744 3529 4816; x_wconf 79' lang='grc' dir='ltr'>ἀλόχευτον</span> <span class='ocrx_word' id='word_1_818' title='bbox 3552 4748 3646 4801; x_wconf 73' lang='grc' dir='ltr'><strong>τὸν</strong></span> 
     </span>
    </p>
   </div>
   <div class='ocr_carea' id='block_1_107' title="bbox 2072 4838 3650 4915">
    <p class='ocr_par' dir='ltr' id='par_1_107' title="bbox 2072 4838 3650 4915">
     <span class='ocr_line' id='line_1_107' title="bbox 2072 4838 3650 4915; baseline -0.005 -18"><span class='ocrx_word' id='word_1_819' title='bbox 2072 4846 2138 4897; x_wconf 83' lang='grc' dir='ltr'><strong>ὲκ</strong></span> <span class='ocrx_word' id='word_1_820' title='bbox 2166 4844 2266 4915; x_wconf 83' lang='grc' dir='ltr'><strong>τῆς</strong></span> <span class='ocrx_word' id='word_1_821' title='bbox 2294 4841 2560 4914; x_wconf 83' lang='grc' dir='ltr'>παρθένου</span> <span class='ocrx_word' id='word_1_822' title='bbox 2616 4839 2757 4893; x_wconf 84' lang='grc' dir='ltr'>θεῖον</span> <span class='ocrx_word' id='word_1_823' title='bbox 2787 4839 2967 4905; x_wconf 79' lang='grc' dir='ltr'>τόκον,</span> <span class='ocrx_word' id='word_1_824' title='bbox 3015 4838 3089 4903; x_wconf 81' lang='grc' dir='ltr'><strong>ὡς</strong></span> <span class='ocrx_word' id='word_1_825' title='bbox 3127 4840 3221 4891; x_wconf 76' lang='grc' dir='ltr'><strong>καὶ</strong></span> <span class='ocrx_word' id='word_1_826' title='bbox 3256 4839 3518 4910; x_wconf 80' lang='grc' dir='ltr'>ἁσπόρως</span> <span class='ocrx_word' id='word_1_827' title='bbox 3553 4858 3650 4893; x_wconf 76' lang='grc' dir='ltr'>συ-</span> 
     </span>
    </p>
   </div>
   <div class='ocr_carea' id='block_1_108' title="bbox 2076 4927 3649 4998">
    <p class='ocr_par' dir='ltr' id='par_1_108' title="bbox 2076 4927 3649 4998">
     <span class='ocr_line' id='line_1_108' title="bbox 2076 4927 3649 4998; baseline -0.003 -11"><span class='ocrx_word' id='word_1_828' title='bbox 2076 4937 2296 4989; x_wconf 80' lang='grc' dir='ltr'><strong>στάντα.</strong></span> <span class='ocrx_word' id='word_1_829' title='bbox 2331 4953 2351 4987; x_wconf 80' lang='lat' dir='ltr'><strong>s</strong></span> <span class='ocrx_word' id='word_1_830' title='bbox 2400 4931 2723 4989; x_wconf 88' lang='lat' dir='ltr'><strong>Secundinis</strong></span> <span class='ocrx_word' id='word_1_831' title='bbox 2770 4940 3046 4985; x_wconf 88' lang='lat' dir='ltr'><strong>carentem</strong></span> <span class='ocrx_word' id='word_1_832' title='bbox 3102 4927 3340 4998; x_wconf 89' lang='lat' dir='ltr'><strong>Virginis</strong></span> <span class='ocrx_word' id='word_1_833' title='bbox 3396 4930 3649 4983; x_wconf 86' lang='lat' dir='ltr'><strong>divinum</strong></span> 
     </span>
    </p>
   </div>
   <div class='ocr_carea' id='block_1_109' title="bbox 2075 5020 3125 5096">
    <p class='ocr_par' dir='ltr' id='par_1_109' title="bbox 2075 5020 3125 5096">
     <span class='ocr_line' id='line_1_109' title="bbox 2075 5020 3125 5096; baseline -0.007 -16"><span class='ocrx_word' id='word_1_834' title='bbox 2075 5036 2310 5096; x_wconf 87' lang='lat' dir='ltr'><strong>partum,</strong></span> <span class='ocrx_word' id='word_1_835' title='bbox 2347 5033 2408 5080; x_wconf 90' lang='lat' dir='ltr'><strong>ut</strong></span> <span class='ocrx_word' id='word_1_836' title='bbox 2433 5024 2524 5093; x_wconf 91' lang='lat' dir='ltr'><strong>qui</strong></span> <span class='ocrx_word' id='word_1_837' title='bbox 2559 5022 2768 5077; x_wconf 89' lang='lat' dir='ltr'><strong>semine</strong></span> <span class='ocrx_word' id='word_1_838' title='bbox 2807 5020 3065 5076; x_wconf 88' lang='lat' dir='ltr'><strong>caruerit.</strong></span> <span class='ocrx_word' id='word_1_839' title='bbox 3103 5037 3125 5074; x_wconf 75' lang='grc' dir='ltr'><strong>ι</strong></span> 
     </span>
    </p>
   </div>
   <div class='ocr_carea' id='block_1_110' title="bbox 2145 5110 3646 5185">
    <p class='ocr_par' dir='ltr' id='par_1_110' title="bbox 2145 5110 3646 5185">
     <span class='ocr_line' id='line_1_110' title="bbox 2145 5110 3646 5185; baseline -0.003 -14"><span class='ocrx_word' id='word_1_840' title='bbox 2145 5116 2211 5172; x_wconf 92' lang='lat' dir='ltr'><strong>ll.</strong></span> <span class='ocrx_word' id='word_1_841' title='bbox 2233 5117 2352 5170; x_wconf 82' lang='lat' dir='ltr'><strong>Alia</strong></span> <span class='ocrx_word' id='word_1_842' title='bbox 2385 5129 2601 5185; x_wconf 89' lang='lat' dir='ltr'><strong>quoque</strong></span> <span class='ocrx_word' id='word_1_843' title='bbox 2624 5129 2689 5169; x_wconf 91' lang='lat' dir='ltr'><strong>ac</strong></span> <span class='ocrx_word' id='word_1_844' title='bbox 2710 5113 2930 5184; x_wconf 89' lang='lat' dir='ltr'><strong>gravior</strong></span> <span class='ocrx_word' id='word_1_845' title='bbox 2958 5111 3265 5166; x_wconf 87' lang='lat' dir='ltr'><strong>criminatio</strong></span> <span class='ocrx_word' id='word_1_846' title='bbox 3290 5123 3352 5165; x_wconf 88' lang='lat' dir='ltr'><strong>ex</strong></span> <span class='ocrx_word' id='word_1_847' title='bbox 3383 5110 3468 5165; x_wconf 91' lang='lat' dir='ltr'><strong>bis</strong></span> <span class='ocrx_word' id='word_1_848' title='bbox 3490 5112 3646 5181; x_wconf 85' lang='lat' dir='ltr'><strong>ejus-</strong></span> 
     </span>
    </p>
   </div>
   <div class='ocr_carea' id='block_1_111' title="bbox 2074 5202 3653 5269">
    <p class='ocr_par' dir='ltr' id='par_1_111' title="bbox 2074 5202 3653 5269">
     <span class='ocr_line' id='line_1_111' title="bbox 2074 5202 3653 5269; baseline -0.004 -6"><span class='ocrx_word' id='word_1_849' title='bbox 2074 5212 2194 5263; x_wconf 90' lang='lat' dir='ltr'><strong>dem</strong></span> <span class='ocrx_word' id='word_1_850' title='bbox 2229 5207 2462 5263; x_wconf 71' lang='lat' dir='ltr'><strong>bomilite</strong></span> <span class='ocrx_word' id='word_1_851' title='bbox 2488 5206 2555 5260; x_wconf 71' lang='grc' dir='ltr'><strong><em>Μ</em></strong></span> <span class='ocrx_word' id='word_1_852' title='bbox 2582 5208 2637 5260; x_wconf 86' lang='lat' dir='ltr'><strong>in</strong></span> <span class='ocrx_word' id='word_1_853' title='bbox 2672 5205 2866 5259; x_wconf 74' lang='lat' dir='ltr'><strong>Lucam</strong></span> <span class='ocrx_word' id='word_1_854' title='bbox 2902 5204 3081 5260; x_wconf 84' lang='lat' dir='ltr'><strong>verbis</strong></span> <span class='ocrx_word' id='word_1_855' title='bbox 3106 5205 3282 5258; x_wconf 92' lang='lat' dir='ltr'><strong>oritur</strong></span> <span class='ocrx_word' id='word_1_856' title='bbox 3328 5222 3340 5257; x_wconf 91' lang='lat'>:</span> <span class='ocrx_word' id='word_1_857' title='bbox 3380 5217 3403 5254; x_wconf 73' lang='grc' dir='ltr'><strong>ι</strong></span> <span class='ocrx_word' id='word_1_858' title='bbox 3440 5202 3653 5269; x_wconf 84' lang='lat' dir='ltr'><strong>Quem-</strong></span> 
     </span>
    </p>
   </div>
   <div class='ocr_carea' id='block_1_112' title="bbox 2074 5295 3650 5369">
    <p class='ocr_par' dir='ltr' id='par_1_112' title="bbox 2074 5295 3650 5369">
     <span class='ocr_line' id='line_1_112' title="bbox 2074 5295 3650 5369; baseline -0.003 -14"><span class='ocrx_word' id='word_1_859' title='bbox 2074 5314 2289 5369; x_wconf 88' lang='lat' dir='ltr'><strong>cunque</strong></span> <span class='ocrx_word' id='word_1_860' title='bbox 2317 5299 2380 5353; x_wconf 91' lang='lat' dir='ltr'><strong>de</strong></span> <span class='ocrx_word' id='word_1_861' title='bbox 2403 5307 2560 5353; x_wconf 90' lang='lat' dir='ltr'><strong>utero</strong></span> <span class='ocrx_word' id='word_1_862' title='bbox 2609 5295 2839 5352; x_wconf 84' lang='lat' dir='ltr'><strong>ell&#39;usum</strong></span> <span class='ocrx_word' id='word_1_863' title='bbox 2888 5310 3093 5351; x_wconf 89' lang='lat' dir='ltr'><strong>marem</strong></span> <span class='ocrx_word' id='word_1_864' title='bbox 3149 5295 3372 5357; x_wconf 84' lang='lat' dir='ltr'><strong>dixeris,</strong></span> <span class='ocrx_word' id='word_1_865' title='bbox 3423 5308 3535 5349; x_wconf 90' lang='lat' dir='ltr'><strong>non</strong></span> <span class='ocrx_word' id='word_1_866' title='bbox 3566 5296 3650 5351; x_wconf 88' lang='lat' dir='ltr'><strong>sic</strong></span> 
     </span>
    </p>
   </div>
   <div class='ocr_carea' id='block_1_113' title="bbox 2075 5384 3646 5461">
    <p class='ocr_par' dir='ltr' id='par_1_113' title="bbox 2075 5384 3646 5461">
     <span class='ocr_line' id='line_1_113' title="bbox 2075 5384 3646 5461; baseline -0.005 -13"><span class='ocrx_word' id='word_1_867' title='bbox 2075 5392 2247 5461; x_wconf 90' lang='lat' dir='ltr'><strong>aperit</strong></span> <span class='ocrx_word' id='word_1_868' title='bbox 2285 5390 2499 5445; x_wconf 89' lang='lat' dir='ltr'><strong>vulvam</strong></span> <span class='ocrx_word' id='word_1_869' title='bbox 2534 5388 2726 5444; x_wconf 90' lang='lat' dir='ltr'><strong>matris</strong></span> <span class='ocrx_word' id='word_1_870' title='bbox 2746 5402 2876 5453; x_wconf 63' lang='lat' dir='ltr'><strong>suae,</strong></span> <span class='ocrx_word' id='word_1_871' title='bbox 2905 5395 2966 5442; x_wconf 91' lang='lat' dir='ltr'><strong>ut</strong></span> <span class='ocrx_word' id='word_1_872' title='bbox 2996 5385 3254 5442; x_wconf 91' lang='lat' dir='ltr'><strong>Dominus</strong></span> <span class='ocrx_word' id='word_1_873' title='bbox 3282 5384 3473 5451; x_wconf 80' lang='lat' dir='ltr'><strong>Jesus;</strong></span> <span class='ocrx_word' id='word_1_874' title='bbox 3509 5388 3646 5455; x_wconf 85' lang='lat' dir='ltr'><strong>quia</strong></span> 
     </span>
    </p>
   </div>
   <div class='ocr_carea' id='block_1_114' title="bbox 2073 5477 3646 5551">
    <p class='ocr_par' dir='ltr' id='par_1_114' title="bbox 2073 5477 3646 5551">
     <span class='ocr_line' id='line_1_114' title="bbox 2073 5477 3646 5551; baseline -0.01 -9"><span class='ocrx_word' id='word_1_875' title='bbox 2073 5486 2314 5542; x_wconf 91' lang='lat' dir='ltr'><strong>onmium</strong></span> <span class='ocrx_word' id='word_1_876' title='bbox 2344 5484 2627 5538; x_wconf 91' lang='lat' dir='ltr'><strong>mulierum</strong></span> <span class='ocrx_word' id='word_1_877' title='bbox 2661 5497 2764 5537; x_wconf 91' lang='lat' dir='ltr'><strong>non</strong></span> <span class='ocrx_word' id='word_1_878' title='bbox 2798 5488 2987 5551; x_wconf 89' lang='lat' dir='ltr'><strong>partus</strong></span> <span class='ocrx_word' id='word_1_879' title='bbox 3014 5478 3257 5545; x_wconf 81' lang='lat' dir='ltr'><strong>infantis,</strong></span> <span class='ocrx_word' id='word_1_880' title='bbox 3282 5477 3378 5533; x_wconf 90' lang='lat' dir='ltr'><strong>sed</strong></span> <span class='ocrx_word' id='word_1_881' title='bbox 3398 5478 3501 5531; x_wconf 83' lang='lat' dir='ltr'><strong>viri</strong></span> <span class='ocrx_word' id='word_1_882' title='bbox 3527 5480 3646 5532; x_wconf 87' lang='lat' dir='ltr'><strong>coi-</strong></span> 
     </span>
    </p>
   </div>
   <div class='ocr_carea' id='block_1_115' title="bbox 2076 5571 3648 5644">
    <p class='ocr_par' dir='ltr' id='par_1_115' title="bbox 2076 5571 3648 5644">
     <span class='ocr_line' id='line_1_115' title="bbox 2076 5571 3648 5644; baseline -0.007 -6"><span class='ocrx_word' id='word_1_883' title='bbox 2076 5592 2163 5638; x_wconf 92' lang='lat' dir='ltr'><strong>tus</strong></span> <span class='ocrx_word' id='word_1_884' title='bbox 2191 5578 2407 5635; x_wconf 89' lang='lat' dir='ltr'><strong>vulvam</strong></span> <span class='ocrx_word' id='word_1_885' title='bbox 2437 5585 2664 5634; x_wconf 89' lang='lat' dir='ltr'><strong>reserat.</strong></span> <span class='ocrx_word' id='word_1_886' title='bbox 2688 5573 2873 5633; x_wconf 73' lang='lat' dir='ltr'><strong>Matris</strong></span> <span class='ocrx_word' id='word_1_887' title='bbox 2905 5588 3036 5633; x_wconf 88' lang='lat' dir='ltr'><strong>vero</strong></span> <span class='ocrx_word' id='word_1_888' title='bbox 3062 5571 3273 5631; x_wconf 87' lang='lat' dir='ltr'><strong>Domini</strong></span> <span class='ocrx_word' id='word_1_889' title='bbox 3301 5586 3364 5629; x_wconf 84' lang='lat' dir='ltr'><strong>eo</strong></span> <span class='ocrx_word' id='word_1_890' title='bbox 3395 5580 3648 5644; x_wconf 81' lang='lat' dir='ltr'><strong>tempore</strong></span> 
     </span>
    </p>
   </div>
   <div class='ocr_carea' id='block_1_116' title="bbox 470 5778 1971 5857">
    <p class='ocr_par' dir='ltr' id='par_1_116' title="bbox 470 5783 1957 5857">
     <span class='ocr_line' id='line_1_116' title="bbox 470 5783 1957 5857; baseline -0.005 -12"><span class='ocrx_word' id='word_1_891' title='bbox 470 5788 517 5822; x_wconf 80' lang='lat'>“</span> <span class='ocrx_word' id='word_1_892' title='bbox 543 5785 661 5846; x_wconf 78' lang='lat' dir='ltr'><strong>Job.</strong></span> <span class='ocrx_word' id='word_1_893' title='bbox 688 5802 800 5855; x_wconf 84' lang='lat' dir='ltr'><strong>xlv,</strong></span> <span class='ocrx_word' id='word_1_894' title='bbox 828 5787 882 5843; x_wconf 73' lang='grc'><strong>4.</strong></span> <span class='ocrx_word' id='word_1_895' title='bbox 958 5786 1002 5820; x_wconf 79' lang='grc'><strong>⁸⁷</strong></span> <span class='ocrx_word' id='word_1_896' title='bbox 1031 5785 1173 5844; x_wconf 77' lang='lat' dir='ltr'><strong>Psal.</strong></span> <span class='ocrx_word' id='word_1_897' title='bbox 1202 5786 1390 5857; x_wconf 81' lang='lat' dir='ltr'><strong>xxt._7.</strong></span> <span class='ocrx_word' id='word_1_898' title='bbox 1467 5785 1511 5819; x_wconf 82' lang='lat'><strong>&quot;</strong></span> <span class='ocrx_word' id='word_1_899' title='bbox 1543 5783 1664 5843; x_wconf 79' lang='lat' dir='ltr'><strong>Job.</strong></span> <span class='ocrx_word' id='word_1_900' title='bbox 1694 5801 1800 5853; x_wconf 62' lang='grc' dir='ltr'>ιιι,</span> <span class='ocrx_word' id='word_1_901' title='bbox 1825 5783 1879 5854; x_wconf 76' lang='grc' dir='ltr'>ι,</span> 
     </span>
    </p>
   </div>
   <div class='ocr_carea' id='block_1_117' title="bbox 2078 5778 2497 5857">
    <p class='ocr_par' dir='ltr' id='par_1_117' title="bbox 2106 5778 2497 5853">
     <span class='ocr_line' id='line_1_117' title="bbox 2106 5778 2497 5853; baseline -0.013 -14"><span class='ocrx_word' id='word_1_902' title='bbox 2106 5781 2230 5853; x_wconf 88' lang='lat' dir='ltr'><strong>Sap.</strong></span> <span class='ocrx_word' id='word_1_903' title='bbox 2258 5796 2377 5848; x_wconf 80' lang='lat' dir='ltr'><strong>vm,</strong></span> <span class='ocrx_word' id='word_1_904' title='bbox 2406 5778 2497 5834; x_wconf 73' lang='lat'><strong>20.</strong></span> 
     </span>
    </p>
   </div>
  </div>
