3860 6230
157 304 245 359 8H

953 300 1519 360 ORIGENIANOBUM
1558 300 1687 357 LIB.
1729 302 1794 367 If,
1830 298 1980 356 CAP.
2024 299 2086 366 ll,
2129 299 2405 365 QUJEST.
2446 300 2536 356 IV.

3275 303 3378 357 842

156 418 302 473 vulva
324 428 561 475 reserata
603 428 705 484 est.
734 435 839 490 quo
872 431 923 477 et
981 433 1169 493 partus
1194 423 1392 488 editus,
1426 422 1549 492 quia
1585 436 1710 477 san-
1742 422 1785 479 Α
1815 417 2065 473 Basiliam
2108 430 2161 474 et
2189 419 2323 475 alios
2359 429 2637 488 praeterea,
2670 418 2761 487 qui
2809 418 2874 472 de
2908 418 3162 489 virginea:
3211 419 3380 474 vulvae

154 518 292 563 ctum
324 518 562 573 uterum,
607 519 661 564 et
688 512 834 566 omni
869 510 1182 581 dignatione
1216 515 1583 569 venerationis
1616 530 1706 567 ve-

154 602 438 655 nerandum
466 612 591 657 ante
609 604 946 658 nativitatem
968 604 1172 661 Christi
1203 606 1473 660 masculus
1489 607 1709 663 omnino

154 708 251 747 non
299 696 499 765 tetigit.
539 715 557 748 »
608 695 712 750 Per
765 699 1154 753 reserationem
1210 698 1378 754 vulva:
1432 698 1707 753 Christum

149 786 343 841 editum
367 794 572 841 censet.
596 787 700 841 l’ar
715 798 797 844 est
816 789 1135 844 Tertulliani
1169 791 1457 861 cespitatio
1488 790 1539 844 in
1569 790 1708 846 libro

149 875 222 931 De
245 894 399 933 carne
416 877 635 943 Christi,
667 894 786 949 cap.
809 880 900 947 23;
930 881 1000 935 ibi
1029 881 1224 952 quippe
1243 882 1456 937 beatam
1484 880 1707 936 Mariam

149 968 466 1038 virginitatis
498 970 664 1025 decus
692 971 1037 1039 (integritatis
1059 987 1249 1041 nempe
1274 971 1555 1040 cujusdam
1583 986 1707 1027 cor-

134 1061 309 1129 .poris,
332 1076 450 1131 qua:
470 1062 768 1132 virginibus
794 1064 975 1119 inesse
1000 1064 1155 1131 solet,
1179 1074 1232 1119 et
1254 1065 1429 1133 primo
1457 1065 1557 1119 viri
1580 1079 1709 1119 con-

149 1168 330 1224 gressu
358 1155 626 1209 obteritur
656 1169 719 1209 ac
748 1156 1004 1226 violatur)
1030 1166 1269 1211 reserata
1295 1156 1344 1209 in
1370 1165 1529 1224 partu
1550 1156 1707 1210 vulva

147 1245 385 1300 amisisse
423 1245 599 1301 docet.
633 1245 761 1301 Post
816 1249 920 1303 alia
953 1262 1083 1305 vero
1132 1249 1213 1303 sic
1244 1248 1499 1303 disserit:
1540 1251 1703 1303 Omne

145 1336 490 1391 masculinum
524 1337 830 1404 adaperiens
876 1338 1106 1405 vulvam,
1154 1349 1395 1394 sanctum
1434 1342 1711 1394 vocabitur

147 1428 430 1485 Domino‘.
468 1450 485 1481 ι
517 1431 648 1498 Quis
692 1445 814 1487 vere
865 1443 1109 1497 sanctus,
1161 1448 1320 1502 quam
1361 1434 1451 1488 Dei
1494 1433 1708 1489 Filius?

144 1520 271 1588 Quis
315 1524 532 1591 proprie
563 1523 775 1578 vulvam
815 1523 1117 1593 adaperuit,
1156 1541 1318 1594 quam
1345 1527 1434 1595 qui
1467 1526 1706 1581 clausam

147 1611 432 1678 patefecit?
470 1612 737 1667 Ca'terum
785 1615 1036 1669 omnibus
1095 1615 1293 1684 nuptia:
1344 1614 1703 1685 patefaciunt.

146 1700 324 1771 Itaque
354 1702 527 1773 magis
555 1703 825 1773 patefacta
855 1714 960 1771 est,
994 1705 1117 1775 quia
1142 1705 1314 1775 magis
1350 1716 1469 1760 erat
1500 1706 1702 1760 clausa.

145 1791 341 1865 Utique
372 1772 689 1866 magisinon
730 1798 881 1868 virgo
916 1772 1143 1853 dicenda
1171 1772 1257 1853 est
1299 1813 1458 1867 quam
1509 1799 1659 1866 virgo
1687 1841 1700 1862 ,
1738 1772 1780 1827 Β

144 1887 281 1942 saltu
307 1890 538 1955 quodam
569 1900 737 1943 mater
767 1898 1054 1959 antequam
1084 1899 1273 1959 nupta.
1310 1887 1376 1941 Et
1400 1888 1529 1957 quid
1561 1888 1701 1942 ultra

145 1978 209 2032 de
240 1979 336 2032 hoc
363 1970 765 2032 retractandum
794 1979 915 2033 est?
940 1994 1062 2033 cum
1104 1980 1205 2033 hac
1232 1981 1440 2032 ratione
1474 1978 1704 2047 Aposto-

146 2068 225 2122 lus
253 2084 355 2123 non
383 2084 447 2123 ex
479 2070 716 2140 Virgine,
764 2070 858 2124 sed
907 2086 974 2124 ex
1010 2070 1237 2125 muliere
1275 2070 1476 2125 editum
1508 2069 1700 2123 Filium

145 2159 235 2214 Dei
269 2161 674 2227 pronuntiavit,
715 2161 934 2229 agnovit
972 2160 1242 2230 adaperta:
1290 2161 1460 2214 vulvae
1494 2161 1705 2230 nupiia-

145 2251 243 2305 lem
268 2252 598 2319 passionem.
637 2270 655 2304 ι
697 2252 952 2307 Eamdem
1004 2256 1345 2322 postmodum
1397 2254 1703 2323 opinionem

144 2344 514 2412 amplexusest
533 2342 851 2399 Iovinianus
879 2344 1185 2407 haereticus,
1216 2354 1271 2399 et
1304 2360 1419 2399 eam
1444 2344 1707 2412 hodieque

145 2446 359 2489 tuentur
425 2436 741 2492 heterodoxi
790 2447 1081 2502 nostrates,
1131 2446 1344 2491 uterum
1405 2438 1704 2507 virgineum

141 2527 352 2582 Christo
375 2530 675 2583 transeunti
729 2537 1030 2583 reseratum
1085 2527 1324 2597 quidem,
1363 2538 1551 2597 patens
1605 2528 1707 2581 iter

143 2621 434 2691 praebuisse
447 2620 717 2687 docentes,
740 2621 834 2677 sed
850 2637 969 2676 mox
989 2620 1221 2680 divulsas
1252 2630 1432 2690 partes
1457 2620 1551 2675 Dei
1578 2629 1706 2673 nutu

142 2713 394 2782 pristinas
418 2713 705 2788 repetiisse.
718 2713 893 2777 sedes,
914 2722 967 2766 et
990 2713 1041 2765 in
1064 2728 1227 2767 unum
1255 2712 1537 2767 coaluisse.
1600 2711 1708 2767 Nec

144 2800 371 2855 multum
411 2802 535 2856 hinc
568 2801 773 2856 abludit
802 2802 1081 2857 Durandus
1119 2816 1149 2856 a
1180 2802 1385 2857 Sancto
1415 2803 1702 2868 Porciano,

142 2894 453 2949 inviolatum
479 2894 692 2965 quidem
716 2910 1094 2966 perseverasse
1127 2898 1452 2967 virginitatis
1473 2898 1707 2968 sigillum

142 2988 424 3053 deﬁniens,
450 2990 544 3044 sed
571 2988 928 3060 amplificatos
954 3000 1161 3045 meatus
1193 2993 1333 3045 viam
1362 2990 1703 3061 patefecisse.

210 3078 550 3150 Jrigenianaa
602 3082 882 3137 sententiae
930 3084 1201 3137 contraria
1234 3084 1598 3138 decernuntur
1655 3084 1704 3136 in

141 3172 314 3241 prima
348 3172 692 3228 bomiliarum
749 3175 802 3230 in
834 3175 1099 3240 diversos,
1124 3190 1241 3245 qua:
1282 3184 1557 3229 auctorem
1601 3190 1707 3228 non

138 3263 344 3317 habere
373 3261 662 3334 Origenem
692 3266 774 3322 vel
824 3266 949 3321 hinc
1005 3274 1187 3335 potest
1242 3265 1567 3320 existimari.
1617 3264 1707 3319 Sic

137 3358 226 3413 illa
266 3377 279 3413 :
316 3375 335 3410 ι
365 3358 821 3425 Quemadmodum
854 3359 1058 3414 Danieli
1091 3360 1232 3413 intra
1271 3357 1449 3412 lacum
1489 3357 1704 3412 leonum

136 3454 350 3509 incluso
379 3455 424 3519 ’,
453 3454 705 3510 claustris
730 3470 835 3509 non
865 3454 1064 3525 apertis
1094 3453 1313 3507 allatum
1345 3459 1428 3507 est
1454 3450 1502 3505 ei
1542 3464 1710 3519 pran-

135 3548 287 3603 dium
319 3549 384 3602 ab
414 3546 695 3615 Habacuc;
738 3547 811 3602 ita
860 3556 912 3601 et
949 3552 1060 3602 haec
1100 3545 1260 3617 Virgo
1295 3553 1478 3598 sancta
1523 3541 1712 3611 genuit

133 3638 444 3703 Dominum,
467 3642 559 3696 sed
590 3641 787 3696 intacta
816 3638 1110 3709 permansit
1135 3656 1150 3700 ;
1184 3646 1355 3691 mater
1385 3634 1577 3690 effecta
1602 3643 1707 3698 est,

133 3731 234 3787 sed
269 3732 631 3802 virginitatem
658 3748 760 3787 non
785 3731 999 3796 amisit;
1034 3729 1222 3800 genuit
1246 3726 1529 3791 infantem,
1559 3735 1629 3787 et,
1655 3736 1711 3781 ut

132 3823 340 3879 dictum
394 3833 505 3890 est,
558 3825 707 3894 virgo
750 3824 1067 3893 permansit.
1116 3820 1283 3887 Virgo
1336 3833 1467 3888 ergo
1524 3817 1711 3887 genuit

130 3924 191 3970 et
242 3913 393 3985 virgo
444 3915 789 3984 permansit:
827 3923 1002 3968 mater
1038 3910 1161 3967 Filii
1192 3911 1332 3964 facta
1361 3919 1491 3971 est,
1525 3916 1580 3963 et
1622 3922 1711 3962 ca-

129 4009 339 4065 stitatis
389 4008 619 4078 sigillum
676 4022 781 4063 non
842 4006 1093 4076 perdidit.
1146 4023 1165 4055 ι
1221 4004 1397 4071 Atque
1446 3999 1573 4055 illud
1629 4010 1712 4055 est
1770 4056 1777 4061 _

127 4100 355 4170 optimae
411 4098 650 4164 Patrum,
708 4109 819 4151 tum
851 4095 1186 4160 Graecorum,
1223 4103 1334 4148 tum
1386 4092 1709 4147 Latinorum

128 4192 329 4262 partis,
364 4200 416 4244 et
440 4189 695 4258 Ephesini
718 4198 976 4259 praaterea
1008 4186 1225 4242 concilii
1269 4185 1710 4253 decretum,per-

126 4291 302 4351 petuo
328 4280 582 4335 Ecclesia
606 4278 889 4334 catholica:
940 4291 1213 4332 consensu
1253 4273 1662 4343 comprobatum
1695 4311 1709 4335 ,

124 4383 186 4429 et
214 4375 320 4428 hoc
360 4372 657 4427 Ezechielis
683 4370 962 4440 propheta:
994 4367 1216 4422 oraculo
1252 4364 1663 4420 corroboratum
1694 4379 1707 4415 :

1811 510 2087 579 apertione
2119 511 2369 566 similiter
2396 512 2686 566 disserunt.
2716 510 2818 564 Sed
2846 525 2908 564 ea
2926 512 3174 566 omnibus
3204 512 3269 566 iis
3288 529 3383 565 cx-

1811 602 1986 670 ceptio
2008 603 2307 657 adhibenda
2339 613 2441 670 est,
2501 618 2603 673 qua
2653 603 2717 656 ad
2754 604 3069 660 solvendum
3107 604 3379 659 Ambrosii

1813 694 1986 750 locum
2022 710 2149 749 usus
2170 704 2251 749 est
2271 694 2508 749 Thomas
2530 710 2581 764 p.
2616 710 2696 760 ιιι,
2716 709 2773 764 q.
2803 692 2895 759 28,
2926 710 2975 749 a.
3001 698 3057 759 2,
3089 698 3159 749 ita
3187 712 3381 765 nempe

1812 786 2017 841 locutos
2044 786 2230 842 Patres
2270 787 2409 851 illos,
2452 803 2575 841 cum
2610 786 2736 840 illtid
2769 788 3112 857 evangelistae
3134 803 3375 855 expone-

1812 889 1930 933 rent
1960 898 1971 933 :
2013 897 2030 930 ι
2065 879 2234 934 Omne
2264 879 2617 933 masculinum
2649 879 2969 948 adaperiens
2994 881 3225 943 vulvam,
3254 897 3380 935 sau-

1810 982 1953 1025 ctum
1988 971 2211 1027 Domino
2229 972 2545 1026 vocabitur‘
2573 990 2588 1038 ;
2622 991 2639 1023 ι
2668 972 2808 1042 quod
2833 973 3045 1040 quidem
3072 988 3137 1026 ex
3163 975 3376 1041 vulgata

1810 1062 2059 1133 loquendi
2083 1064 2473 1120 consuetudine
2506 1074 2823 1134 usurpatum
2860 1077 2960 1131 est,
2982 1080 3087 1119 non
3115 1064 3182 1118 ad
3212 1065 3381 1137 signi-

1812 1154 2080 1210 ﬁcandam
2112 1156 2340 1227 virginei
2371 1156 2593 1211 claustri
2637 1158 2996 1226 apertinncm.
3050 1159 3142 1211 sed
3173 1161 3375 1213 exitum

1811 1246 2074 1301 duntaxat
2106 1248 2270 1317 prolis
2298 1248 2363 1302 de
2389 1258 2559 1303 utero.
2593 1246 2812 1303 Thomze
2841 1250 3250 1318 responsionem
3283 1249 3379 1303 de-

1815 1338 2039 1393 fendunt
2089 1340 2179 1393 alii
2234 1339 2502 1394 Ambrosii
2553 1349 2608 1394 et
2656 1339 2968 1411 Hieronymi
3014 1340 3142 1402 loci,
3181 1340 3379 1410 quibus

1816 1430 2081 1498 irruptum
2108 1445 2491 1502 perseverasse
2542 1432 2594 1485 in
2629 1433 2913 1502 puerperio
2949 1432 3278 1501 virginitatis
3306 1431 3381 1487 si-

1812 1520 1995 1589 gillum
2027 1522 2313 1575 manifeste
2348 1522 2589 1589 tradunt,
2626 1523 2802 1592 qualis
2836 1522 2923 1576 ille
2951 1532 3033 1577 est
3056 1522 3380 1577 Ambrosiie

1814 1613 1951 1667 libro
1977 1612 2051 1666 De
2080 1613 2407 1668 institutione
2431 1614 2668 1685 virginis,
2705 1629 2823 1683 cap.
2865 1615 2931 1668 7:
2965 1632 2984 1666 ‹
3024 1614 3183 1669 Porta
3216 1615 3380 1685 igitur

1812 1703 2003 1767 Maria,
2026 1720 2121 1775 per
2148 1719 2307 1773 quam
2328 1705 2578 1760 Christus
2603 1706 2827 1760 intravit
2852 1706 2902 1760 in
2933 1706 3075 1761 hunc
3101 1708 3379 1773 mttndnm,

1814 1796 2033 1864 quando
2068 1796 2316 1863 virginali
2368 1796 2525 1851 fusus
2559 1805 2644 1851 est
2678 1807 2859 1865 partu,
2893 1807 2946 1851 et
2976 1797 3233 1867 genitalia
3264 1798 3379 1851 vir—

1813 1888 2061 1957 ginitatis
2097 1888 2331 1941 claustra
2379 1904 2483 1941 non
2543 1887 2725 1942 solvit.
2756 1886 2958 1943 Mansit
3000 1889 3379 1943 intemeratum

1813 1990 2022 2050 septum
2050 1980 2295 2049 pudoris,
2338 1990 2390 2035 et
2423 1981 2677 2036 inviolata
2732 1981 3066 2048 integritatis
3119 1981 3382 2036 duravere

1815 2071 2114 2140 signacula,
2176 2086 2297 2124 cum
2334 2072 2508 2125 exiret
2557 2086 2623 2124 ex
2660 2069 2917 2139 Virgine;
2970 2088 2988 2121 ι
3026 2079 3079 2123 et
3127 2069 3215 2123 ille
3269 2071 3385 2138 ipse

1814 2161 2125 2233 llieronytni
2152 2178 2180 2217 e
2215 2162 2307 2217 lib.
2359 2179 2394 2218 ll
2428 2174 2608 2218 contra
2654 2162 2954 2231 Pelagiait.,
2981 2176 3139 2231 quem
3192 2159 3371 2232 Orige-

1814 2254 1979 2307 niano
2012 2255 2244 2308 similem
2275 2269 2397 2309 esse
2424 2254 2536 2309 vult
2565 2253 2970 2321 Genebrardus,
3002 2254 3203 2323 quique
3244 2254 3293 2308 ei
3315 2269 3380 2309 ei:

1814 2345 2077 2400 diametro
2098 2347 2375 2416 oppositus
2396 2357 2501 2401 est.
2536 2346 2613 2400 En
2661 2346 2809 2399 illum
2837 2362 2849 2398 :
2886 2364 2905 2396 ε
2946 2344 3105 2399 Solus
3132 2345 3383 2399 Christus

1815 2434 2030 2489 clausas
2065 2447 2251 2505 portas
2282 2437 2451 2491 vulva:
2479 2437 2758 2508 virginalis
2789 2438 3021 2505 aperuit,
3051 2452 3169 2506 qua:
3204 2446 3381 2491 tamen

1814 2524 2009 2580 clausae
2036 2526 2242 2595 jngiter
2284 2534 2719 2594 permanserunt.
2755 2545 2773 2578 ι
2816 2526 3012 2581 Utilius
3057 2540 3187 2594 ergo
3228 2540 3382 2578 suam

1815 2612 2037 2683 Origeni
2074 2615 2389 2669 excusando
2421 2625 2676 2669 navasset
2722 2629 2941 2684 operam
2979 2614 3379 2672 Genebrardus.

1816 2705 1862 2761 si
1889 2706 2113 2761 dixisset
2163 2709 2229 2761 de
2272 2705 2457 2774 Maria:
2508 2707 2821 2775 virginitate
2868 2706 3282 2777 haudquaquam
3318 2708 3385 2760 ab

1815 2797 2045 2869 Origene
2070 2798 2236 2854 fuisse
2259 2800 2582 2864 detractum,
2615 2799 2826 2854 etiamsi
2858 2799 3161 2868 perfractas
3196 2800 3248 2853 in
3284 2814 3383 2878 pa-

1816 2892 2007 2947 riendo
2041 2892 2377 2962 virginitatis
2440 2893 2587 2947 fores
2631 2892 2923 2948 crediderit
2984 2890 3162 2962 (quod
3208 2890 3381 2958 ipsum

1816 2991 1995 3038 tamen
2026 2985 2093 3039 ab
2121 2984 2365 3040 Ecclesia
2408 2985 2751 3055 reprobatnm
2767 2986 2893 3053 est);
2934 2998 3039 3037 non
3075 2983 3127 3036 itt
3162 2982 3384 3051 integri-

1818 3085 1924 3131 tate
1946 3077 2148 3147 quippe
2163 3078 2364 3143 carnis,
2393 3080 2483 3133 sed
2501 3077 2552 3131 in
2568 3078 2837 3132 constanti
2872 3075 3163 3131 voluntatis
3191 3090 3385 3145 propo-

1816 3167 1918 3221 sito
1950 3168 2317 3238 virginitatem
2344 3170 2683 3223 consistere:
2735 3182 2859 3221 nam
2894 3186 2912 3218 t
2947 3166 3231 3237 lntegritas
3261 3182 3383 3222 cor-

1814 3260 2021 3329 poralis
2054 3261 2279 3315 membri
2306 3276 2401 3329 per
2428 3259 2679 3315 accidens
2705 3275 2763 3314 se
2792 3259 2955 3313 habet
2990 3260 3056 3313 ad
3098 3258 3380 3341 virginita-

1818 3366 1947 3414 tem,
1986 3353 2037 3406 in
2058 3361 2315 3421 quantum
2340 3351 2546 3407 scilicet
2574 3366 2671 3421 per
2705 3351 2806 3405 hoc
2837 3352 2977 3418 quod
3004 3365 3071 3405 ex
3108 3351 3384 3421 proposito

1814 3446 2118 3502 voluntatis
2146 3444 2386 3499 abstinet
2414 3445 2535 3513 quis
2555 3461 2583 3498 a
2618 3444 2977 3499 delectatione
3007 3458 3259 3509 venerea,
3293 3460 3383 3497 re-

1813 3545 1995 3593 manet
2020 3535 2301 3604 integritas
2332 3535 2384 3587 in
2413 3534 2655 3587 membro
2680 3548 2958 3602 corporeo.
3002 3531 3155 3589 Unde
3182 3533 3224 3585 si
3252 3548 3384 3587 con-

1812 3630 1983 3699 tingat
2011 3628 2157 3698 quod
2192 3641 2285 3697 per
2308 3627 2471 3680 alium
2512 3628 2727 3681 modum
2763 3625 2947 3694 aliquo
2992 3640 3123 3679 casu
3156 3624 3379 3679 membri

1814 3719 2099 3789 integritas
2127 3724 2535 3788 corrumpatur,
2576 3732 2681 3771 non
2718 3716 2890 3785 magis
2926 3714 3244 3785 praeiudicat
3271 3715 3383 3767 Vll-

1812 3814 2046 3883 ginitati,
2080 3827 2241 3882 quam
2278 3812 2319 3864 si
2369 3818 2750 3879 corrumpatur
2802 3825 2995 3864 manus
3044 3818 3136 3863 aut
3192 3824 3305 3877 pes.
3357 3829 3376 3862 ›

1812 3905 1988 3960 Verba
2019 3912 2144 3959 sunt
2170 3902 2227 3956 S.
2265 3900 2485 3956 Thoina:
2527 3900 2646 3965 2-2,
2676 3916 2731 3968 q.
2765 3900 2888 3963 152,
2935 3917 2985 3954 a.
3020 3899 3045 3954 l
3077 3918 3090 3953 :
3125 3918 3143 3950 ι
3177 3900 3382 3955 Notan-

1813 3996 1939 4049 dum
1975 4009 2127 4059 sane,
2161 4011 2179 4043 ι
2222 3993 2401 4060 inquit
2435 3991 2641 4061 Eligius
2674 3990 3051 4046 Noviomensis
3082 3990 3266 4046 homil.
3321 3992 3377 4056 2,

1818 4107 1837 4140 ι
1875 4089 2015 4156 quod
2046 4088 2247 4141 dicitur
2280 4104 2293 4139 :
2328 4084 2499 4140 Omne
2525 4084 2878 4138 masculinum
2926 4085 3239 4151 adaperiens
3271 4085 3383 4138 vul-

1812 4197 1951 4245 vam,
1991 4180 2117 4249 quia
2155 4179 2240 4233 his
2265 4178 2446 4232 verbis
2473 4176 2806 4245 evangelista
2855 4190 3059 4230 morem
3110 4184 3382 4230 consuete

1814 4272 2113 4326 nativitatis
2150 4270 2439 4339 expressit.
2501 4269 2565 4322 Et
2605 4283 2715 4322 non
2764 4268 2843 4322 sic
2903 4268 3129 4337 intelligi
3172 4268 3377 4333 voluit,

1816 4366 1957 4419 sicut
1985 4362 2183 4417 latrant
2221 4362 2485 4424 hzeretici,
2543 4361 2687 4429 quod
2726 4359 2977 4414 Christus
3012 4368 3225 4412 uterum
3268 4374 3382 4411 man

130 4485 157 4520 ε
197 4466 265 4520 Et
289 4465 425 4519 dixit
460 4464 719 4519 Dominus
745 4464 813 4517 ad
846 4476 967 4516 me:
993 4459 1153 4515 Porta
1184 4458 1301 4513 haec
1325 4456 1508 4509 clausa
1558 4455 1705 4508 erit:
1740 4494 1782 4548 Β
1819 4457 1917 4512 tris
1969 4456 2240 4511 nascendo
2272 4453 2586 4523 virginitate
2635 4451 2970 4519 privaverit;
3029 4466 3149 4505 cum
3184 4450 3384 4504 mulier

125 4574 240 4615 non
263 4558 556 4627 aperietur,
593 4565 648 4610 et
678 4571 784 4609 non
818 4552 1066 4609 transibit
1113 4565 1213 4620 per
1242 4564 1359 4602 eam
1387 4566 1399 4601 :
1448 4545 1701 4615 quoniam

126 4649 399 4706 Dominus
440 4650 576 4703 Deus
599 4648 763 4703 Israel
796 4647 1071 4715 ingressus
1095 4652 1178 4697 est
1208 4656 1304 4711 per
1326 4655 1470 4702 eam,
1497 4638 1707 4706 eritque

122 4744 317 4797 clausa
361 4741 583 4811 principi
618 4740 657 4794 ³.
696 4758 714 4792 ι
743 4738 858 4805 Quo
888 4737 1148 4791 illibatam
1172 4743 1227 4787 et
1261 4733 1311 4787 in
1343 4738 1607 4799 conceptu
1653 4736 1706 4781 et

121 4836 183 4890 in
216 4845 379 4906 partu
436 4833 617 4889 Marize
673 4831 1037 4902 virginitatem
1091 4827 1362 4889 futuram,
1394 4820 1706 4889 Christique

119 4941 334 4997 corpus
374 4925 569 4980 clausis
612 4925 749 4978 uteri
812 4919 1079 4992 repagulis
1116 4920 1309 4974 eodem
1366 4915 1525 4969 modo
1560 4912 1703 4966 foras

119 5019 496 5089 proditurum,
524 5015 720 5086 quoad
751 5012 1044 5081 discipulos
1070 5007 1342 5064 obseratis
1375 5006 1581 5059 foribus
1610 5018 1703 5073 pe—

119 5110 391 5174 netravit,
420 5106 767 5179 prmnuntiari
802 5103 1072 5158 afﬁrmant
1115 5101 1302 5155 Patres
1334 5098 1597 5168 plerique.

201 5201 409 5256 Verum
440 5198 690 5269 Origenis
735 5192 1144 5265 reprehensioni
1193 5190 1479 5245 intercedit
1530 5187 1706 5243 Gene-

119 5295 368 5351 brardus
398 5292 612 5347 Collect.
649 5304 769 5359 cap.
800 5290 856 5352 6,
883 5297 939 5341 et
970 5283 1243 5340 Ambrosii
1284 5298 1348 5337 ac
1392 5278 1706 5350 Hieronymi

118 5386 513 5442 auctoritatem
553 5393 609 5438 et
637 5380 942 5451 exemplum
973 5376 1258 5447 praitexit,
1297 5387 1527 5444 quorum
1563 5380 1707 5424 uter-

116 5493 234 5547 que
268 5478 569 5532 claustrum
610 5471 941 5544 virginitatis
968 5488 996 5523 a
1029 5469 1248 5524 Christo
1284 5467 1335 5521 itt
1361 5474 1515 5533 partu
1544 5477 1705 5532 aper-

117 5582 240 5627 tum
293 5569 462 5625 fuisse
512 5568 663 5623 dicit.
717 5564 1023 5633 Adiungere
1057 5570 1266 5623 poterat
1321 5556 1701 5618 Athanasium,

188 5731 204 5760 ¹
240 5727 380 5783 Luc.
409 5726 576 5793 ",93.
654 5723 827 5777 'Dan.
854 5739 967 5786 xxv,
998 5722 1085 5775 '56.
1166 5721 1184 5751 ³
1214 5720 1409 5775 Ezccb.
1450 5730 1592 5779 κων,
1620 5715 1676 5768 2.

453 5822 725 5883 ΡΑτιιοι..
757 5819 877 5881 (in.
906 5818 1105 5880 XVII.

1815 4562 1917 4600 non
1954 4556 2083 4599 tunc
2114 4544 2480 4613 virginitatem
2513 4540 2749 4603 amittat,
2805 4538 3020 4607 quando
3066 4537 3228 4607 parit,
3287 4539 3380 4591 sed

1813 4639 2027 4704 quando
2048 4651 2169 4690 cum
2205 4636 2321 4687 viro
2352 4631 2577 4687 dormit.
2623 4650 2642 4682 ι
2686 4629 2799 4684 lluc
2834 4630 3045 4684 confert
3100 4630 3242 4699 quod
3274 4638 3384 4682 tra-

1812 4736 1923 4784 ctat
1957 4743 2082 4781 xxvi
2111 4729 2165 4780 in
2202 4725 2417 4787 Mailh.,
2460 4740 2612 4778 num.
2652 4723 2744 4787 25,
2790 4737 2913 4791 pag.
2949 4722 3074 4783 846,
3107 4739 3172 4776 ex
3212 4723 3379 4776 tradi-

1814 4818 1958 4872 tione
1985 4818 2216 4886 quadam
2263 4816 2461 4870 litteris
2498 4814 2779 4868 mandavit
2811 4811 3076 4883 Origenes
3109 4814 3176 4867 de
3203 4822 3377 4867 morte

1812 4908 2086 4962 Zachariae
2110 4908 2314 4961 idcirco
2340 4906 2511 4970 illata,
2541 4906 2666 4974 quia
2699 4903 2903 4970 Mariae,
2933 4913 3216 4974 postquam
3253 4903 3381 4957 Ser-

1811 5016 2051 5058 vatorem
2086 5002 2246 5056 enixa
2275 5009 2381 5065 est,
2410 5000 2462 5053 in
2496 5001 2729 5068 quodam
2774 4999 2961 5068 templi
3006 4998 3124 5053 loco
3157 4999 3381 5067 virgini—

1809 5096 1913 5151 bus
1944 5095 2215 5150 destinato
2270 5092 2571 5147 consistere
2632 5091 2993 5159 permisisset,
3040 5099 3093 5145 et
3146 5089 3379 5144 dixisset

1817 5205 1835 5238 ι
1866 5186 2278 5257 prohibentibus
2310 5200 2452 5249 eam,
2498 5182 2753 5252 quoniam
2786 5182 2951 5252 digna
2980 5190 3061 5237 est
3106 5182 3376 5251 virginum

1811 5280 1949 5345 loco,
1978 5294 2097 5333 cum
2121 5278 2191 5332 sit
2214 5278 2386 5347 virgo.
2418 5294 2436 5327 ι

1882 5370 1967 5424 Ill.
1998 5369 2218 5425 Beatam
2254 5368 2531 5438 Virginem
2560 5367 2765 5422 nullum
2806 5382 3042 5435 unquam
3084 5366 3137 5420 in
3170 5378 3378 5419 secon-

1811 5462 2020 5528 cepisse
2038 5471 2342 5530 peccatum,
2370 5460 2528 5515 hodie
2555 5459 2808 5513 Ecclesiae
2836 5470 3010 5512 ratum
3028 5468 3133 5520 est,
3158 5465 3213 5509 et
3256 5452 3379 5509 Tri-

1811 5552 2015 5606 dentini
2039 5552 2254 5606 concilii
2285 5552 2556 5606 firmatum
2591 5550 2913 5605 auctoritate
2942 5549 3239 5603 decretum.
3260 5542 3377 5614 Quo

1755 5713 1770 5746 ⁸
1802 5711 1932 5768 Luc.
1962 5725 2021 5772 ιι,
2046 5707 2135 5763 25.

3021 5792 3097 5850 27
