3860 6230
478 334 584 389 845

1740 321 1797 375 Ρ.
1845 313 2158 372 DANIELIS
2198 310 2435 367 IIUETII

3654 296 3745 351 stt
3818 296 3823 375 ι

478 448 932 521 acquiescendum
964 447 1141 517 potius
1180 455 1283 512 est,
1312 460 1471 515 quam
1508 453 1753 498 veterum
1782 441 1964 502 dictis,
1994 438 2039 491 si
2074 442 2118 495 Α
2147 449 2393 504 quaenam
2427 434 2572 489 enim
2606 431 2869 485 adversus
2937 434 3047 479 tam
3102 433 3346 493 apertam
3402 420 3738 474 sententiam

477 545 567 612 qui
595 556 753 595 secus
775 541 978 595 sentire
1010 540 1107 593 visi
1142 548 1288 593 sunt.
1318 537 1464 591 Inter
1502 536 1620 589 illos
1677 532 2046 588 numerandus

476 635 765 704 Origenes,
800 633 890 700 qui
921 632 1022 700 legi
1047 630 1253 697 peccati
1289 629 1516 681 Mariam
1568 625 1772 680 Christi
1823 633 2048 677 matrem

474 741 582 782 non
613 725 900 779 obnoxiam
965 706 1133 776 fuisse
1171 720 1353 779 modo.
1406 720 1499 771 sed
1551 726 1605 771 et
1649 716 1892 785 paruisse
1916 724 2049 780 pro-

474 817 745 873 nuntiavit
776 816 859 869 his
884 813 1063 868 verbis
1089 830 1103 865 :
1142 829 1158 862 ι
1194 809 1367 876 Quid?
1394 806 1655 861 Putamus
1683 803 1827 875 quod
1880 815 2047 855 scan-

476 910 730 966 dalizatis
757 906 1017 977 apostolis
1070 910 1239 957 Mater
1276 899 1488 954 Domini
1528 914 1557 952 a
1593 896 1850 953 scandan
1885 893 2050 949 fuerit

476 1001 778 1058 immunis?
809 1000 864 1055 Si
916 996 1230 1055 scandalum
1292 994 1345 1047 in
1399 991 1609 1046 Domini
1646 990 1897 1062 passione
1944 1003 2049 1042 non

477 1110 640 1167 passa
674 1104 779 1159 est,
839 1107 943 1147 non
989 1098 1072 1144 est
1126 1096 1373 1141 mortuus
1427 1084 1585 1140 Jesus
1648 1097 1744 1153 pro
1812 1080 2052 1151 peccatis

475 1187 616 1256 ejus.
641 1187 697 1241 Si
734 1193 912 1239 autem
949 1198 1125 1237 omnes
1174 1186 1542 1250 peccauerunt,
1579 1184 1628 1228 et
1679 1184 1827 1245 egent
1878 1172 2051 1244 gloria

475 1275 902 1347 Dei,justiﬁcati
932 1274 1108 1344 gratia
1130 1272 1268 1341 ejus,
1296 1283 1343 1325 et
1368 1268 1616 1336 redempti
1646 1266 1692 1332 ⁸,
1748 1266 1939 1333 utique
1994 1274 2051 1318 et

474 1372 643 1428 Maria
673 1370 761 1425 illo
786 1380 1029 1437 tempore
1060 1363 1431 1420 scandalizata
1454 1371 1561 1415 est.
1584 1360 1650 1413 Et
1675 1360 1778 1412 ltoc
1800 1366 1884 1411 est
1908 1358 2050 1425 quod

474 1480 618 1520 nunc
643 1463 861 1518 Sinteon
887 1461 1195 1529 prupltetat,
1227 1459 1414 1512 dicens
1444 1472 1457 1508 :
1490 1454 1555 1507 Et
1581 1464 1725 1506 tuam
1746 1453 1911 1520 ipsius
1933 1449 2051 1503 ani-

474 1572 618 1611 mam
642 1555 687 1619 ⁸,
712 1568 831 1623 quae
862 1553 970 1606 scis
1000 1554 1208 1619 absque
1239 1549 1358 1603 viro
1387 1547 1660 1615 peperisse
1687 1553 1739 1598 te
1762 1542 2047 1611 virginem,

475 1664 597 1719 qua:
620 1646 817 1701 audisti
853 1659 883 1698 a
913 1644 1167 1698 Gabriele
1196 1662 1206 1695 :
1243 1642 1475 1711 Spiritus
1522 1650 1734 1694 sanctus
1762 1638 1927 1692 veniet
1963 1654 2053 1691 su-

466 1757 565 1805 per
591 1750 723 1804 te,et
747 1739 909 1792 virtus
937 1735 1196 1790 Altissimi
1226 1733 1554 1788 obumbrabit
1584 1731 1674 1784 tibi
1698 1732 1738 1795 ⁷,
1769 1740 2050 1800 pertrans-

476 1833 578 1887 ibit
634 1831 971 1886 inﬁdelitatis
1009 1829 1245 1900 gladius,
1282 1836 1335 1882 et
1386 1824 1757 1896 ambiguitatis
1792 1834 2049 1876 mucrone

466 1924 713 1981 ferieris.
760 1943 779 1976 ι
817 1922 1011 1977 .lacent
1063 1922 1150 1974 illa
1211 1921 1265 1973 in
1325 1917 1516 1973 homil.
1549 1919 1612 1970 I7
1654 1918 1709 1969 in
1735 1914 1892 1977 Luc.,
1930 1928 2051 1982 qua:

462 2015 755 2083 abroleﬁet
786 2013 1173 2085 propemodum
1203 2013 1255 2065 in
1297 2010 1578 2080 epistolam
1607 2009 1709 2063 517
1742 2006 1922 2061 retulit
1949 2006 2050 2059 Ba-

474 2109 667 2176 silius;
698 2107 874 2178 gladio
910 2106 1053 2161 enim
1104 2104 1195 2158 illo
1242 2102 1631 2157 dubitationem
1688 2098 1978 2166 quamdam
2020 2109 2049 2148 a

477 2200 733 2256 Simeone
769 2208 1007 2255 notatam
1038 2212 1159 2254 esse
1196 2198 1404 2263 scribit,
1440 2209 1561 2264 qua:
1596 2192 1779 2247 Mariae
1812 2191 2050 2245 animam

452 2294 538 2347 τίη
556 2303 759 2364 partes,
806 2301 1035 2347 mortem
1074 2291 1318 2360 patiente
1339 2288 1579 2352 Christo,
1615 2285 1851 2341 divisura
1885 2292 2004 2337 erat
2032 2323 2048 2347 ,

471 2385 631 2454 juxta
650 2382 855 2437 Christi
889 2382 1169 2437 oraculum
1198 2397 1213 2434 :
1249 2399 1268 2431 ε
1299 2380 1500 2435 Omnes
1544 2372 2049 2432 scandalizahimini

476 2475 531 2529 in
572 2490 657 2528 me
681 2475 703 2505 ⁸
730 2492 742 2527 :
780 2472 1076 2542 Lalioquin
1113 2471 1179 2524 ad
1211 2485 1329 2525 eam
1358 2468 1549 2524 mortis
1578 2464 1781 2520 Christi
1815 2462 2050 2515 fructum

448 2600 451 2603 ν
476 2580 585 2619 non
614 2563 782 2618 fuisse
809 2571 1215 2632 perventurum.
1244 2559 1443 2613 Eodem
1472 2555 1639 2610 verba
1666 2550 1937 2607 Sitneonis
1960 2550 2053 2604 de-

477 2666 731 2726 torquent
762 2656 918 2709 Titus
946 2654 1268 2718 Bostrenus,
1308 2648 1721 2718 Amphilm-bius
1744 2653 1886 2700 orat.
1911 2642 1944 2697 5
1978 2641 2052 2695 De

478 2765 696 2804 occursu
715 2746 949 2813 Domini,
977 2746 1397 2810 Chrysostomus
1427 2742 1481 2794 in
1538 2738 1677 2808 psal.
1716 2752 1841 2800 xttt,
1873 2732 2051 2806 Cyril-

477 2839 563 2895 lns
594 2840 649 2893 in
680 2838 841 2893 Joan.
869 2862 883 2904 ,
915 2847 1102 2893 auctor
1158 2836 1280 2891 libri
1318 2832 1683 2900 Quwstionum
1746 2827 1947 2882 Veteris
2002 2835 2053 2879 et

478 2929 617 2985 Novi
646 2928 983 2989 Testamenti,
1019 2928 1323 2998 Augustino
1356 2924 1599 2991 ascripti,
1650 2927 1844 2989 quiest.
1880 2918 1949 2973 7'5
1999 2926 2054 2973 et

479 3018 912 3090 Theophylactus
939 3020 993 3071 in
1016 3017 1142 3071 Luc.
1176 3014 1488 3082 tt.Quorum
1515 3010 1751 3066 nonnulli
1784 3008 2052 3078 Virginem

481 3126 607 3185 post
636 3114 1044 3169 fluctuationem
1088 3110 1231 3163 illam
1260 3107 1438 3161 animo
1477 3103 1852 3158 continuatam
1883 3098 2051 3152 fuisse

480 3210 686 3275 dicunt,
713 3209 969 3265 Basiliam
996 3204 1157 3276 hujus
1195 3213 1472 3259 auctorem
1496 3197 1780 3254 sententiae
1812 3194 2055 3265 pressius

482 3304 761 3361 assectati.

535 3415 811 3487 Origenes
842 3415 1026 3469 itidem
1057 3410 1242 3467 homil.
1278 3409 1349 3463 20
1376 3410 1433 3462 in
1462 3405 1597 3460 Luc.
1641 3404 1819 3459 dubia:
1859 3412 1915 3456 et
1968 3401 2055 3456 in-

482 3520 645 3566 certae
678 3508 798 3563 ﬁdei
837 3505 1061 3559 Mariam
1119 3505 1193 3558 ita
1245 3508 1469 3557 accusat
1503 3517 1516 3550 :
1554 3517 1573 3550 ι
1613 3495 1787 3553 Simul
1838 3504 1893 3549 et
1925 3493 2056 3547 illud

485 3601 769 3665 attendite,
798 3597 941 3669 quod
988 3594 1227 3667 quandiu
1283 3592 1336 3647 in
1378 3586 1930 3662 possessionel’atris
1970 3584 2056 3639 sui

487 3695 587 3750 fuit
612 3692 841 3765 (lusus),
876 3705 1087 3745 sursum
1110 3695 1263 3751 erat,
1294 3686 1421 3755 quia
1469 3684 1696 3739 necdum
1745 3682 1957 3752 plenam
1990 3679 2057 3733 ﬁ-

485 3789 607 3841 dem
632 3783 830 3854 Joseplt
864 3792 921 3837 et
962 3779 1130 3835 Maria
1171 3778 1470 3840 habebant,
1524 3785 1808 3846 propterea
1841 3786 2056 3827 sursum

485 3895 609 3937 cum
638 3894 701 3934 eo
758 3890 979 3931 manere
1033 3889 1138 3928 non
1201 3880 1475 3942 poterant.
1513 3889 1531 3921 ›
1568 3869 1631 3923 Et
1671 3867 1832 3937 paulo
1887 3872 2055 3935 post:

491 3990 511 4023 ‹
545 3969 708 4025 Maria
744 3976 925 4021 autem
979 3963 1344 4020 conservabat
1396 3960 1577 4014 omnia
1638 3959 1803 4012 verba
1854 3956 1969 4008 htec
2002 3954 2056 4007 in

485 4062 649 4117 corde
677 4075 776 4113 suo
800 4059 843 4109 ⁸.
874 4056 1001 4111 Plus
1046 4053 1246 4122 aliquid
1282 4066 1444 4121 quam
1474 4050 1541 4103 de
1575 4047 1795 4101 homine
1817 4045 2060 4112 suspica-

489 4153 671 4209 batur.
704 4170 722 4203 ι
754 4148 1007 4203 Eamdem
1044 4146 1256 4214 exiguae
1282 4143 1403 4196 fidei
1429 4139 1641 4208 culpam
1687 4136 1868 4190 Maria:
1899 4132 2057 4188 aliin-

488 4244 564 4315 git
592 4242 958 4297 Tertullianus
988 4237 1083 4292 lib.
1115 4236 1191 4290 De
1225 4250 1380 4289 carne
1403 4229 1625 4295 Christi,
1656 4244 1777 4296 cap.
1804 4228 1867 4281 7:
1907 4244 1924 4275 ι
1951 4223 2058 4278 Sed

487 4350 610 4407 quae
639 4336 779 4389 ratio
833 4330 1100 4401 responsi,
1160 4326 1357 4396 inquit,
1406 4334 1634 4376 matrem
1660 4332 1713 4374 et
1737 4320 1935 4372 fratres
1991 4316 2059 4369 ad

490 4439 726 4498 praesens
749 4422 1013 4492 negantis,
1046 4421 1219 4473 discat
1238 4417 1400 4471 etiam
1425 4412 1657 4484 Apelles.
1695 4409 1920 4464 Fratres
1950 4407 2057 4461 Do-

495 4497 625 4571 tnini
653 4530 756 4570 non
787 4512 1134 4568 crediderunt
1166 4509 1219 4561 in
1240 4505 1432 4565 illum.
1467 4504 1608 4558 sicut
1638 4511 1693 4555 et
1737 4497 2064 4566 inEvange-
2098 4502 2141 4556 ι)

490 4608 566 4663 lio
599 4616 725 4660 ante
764 4602 1093 4655 Marcionctn
1142 4597 1291 4651 edito
1342 4594 1669 4649 continetur.
1703 4588 1873 4642 Mater
1911 4599 2066 4653 teque

492 4714 600 4754 non
661 4698 1068 4751 demonstratur
1122 4686 1411 4742 adhaesisse
1455 4684 1559 4751 illi,
1598 4697 1722 4738 cum
1755 4679 1965 4734 Martha
2012 4685 2066 4730 et

492 4788 660 4845 Maria
690 4787 793 4841 alia
817 4788 871 4840 in
892 4782 1223 4839 commercio
1250 4778 1366 4847 ejus
1394 4777 1824 4845 frequententur.
1844 4770 1957 4825 Hoc
1981 4770 2067 4824 de-

492 4879 735 4949 niquein
765 4876 882 4931 loco
921 4881 1145 4943 apparet
1204 4869 1557 4925 incredulitas
1606 4881 1816 4928 eorum,
1850 4877 1972 4917 cum
2023 4861 2066 4915 is

496 4972 719 5026 doceret
747 4968 889 5021 viam
924 4968 1067 5029 vita},
1116 4979 1238 5018 cum
1276 4962 1369 5016 Dei
1423 4974 1649 5029 regnum
1700 4956 2065 5027 praedicaret,

493 5077 617 5119 cum
644 5059 996 5132 languoribus
1029 5068 1083 5113 et
1114 5057 1262 5111 vitiis
1293 5053 1571 5110 medendis
1602 5059 1942 5120 operaretur,
1969 5062 2068 5100 ex-

495 5152 701 5212 traneis
739 5149 929 5206 deﬁxis
960 5148 1014 5202 in
1049 5147 1201 5201 illum
1233 5156 1339 5199 tam
1376 5141 1611 5214 proximi
1635 5140 1931 5194 aberant.»
1960 5135 2066 5190 Sed

495 5261 724 5302 causam
754 5258 851 5314 pro
874 5256 939 5297 eo
962 5241 1099 5296 dicit
1138 5238 1431 5303 Panaetius,
1474 5243 1528 5290 et
1567 5244 1737 5289 totam
1773 5229 2071 5290 increduli-

497 5337 626 5393 tatis
658 5345 841 5390 notam
884 5332 935 5386 in
968 5331 1163 5385 fratres
1193 5326 1488 5393 transfert;
1515 5334 1568 5380 et
1600 5322 1824 5379 Matrem
1846 5321 2069 5377 Christo

499 5441 604 5489 non
654 5422 948 5479 adhtesisse
971 5429 1197 5474 eatenus
1239 5425 1445 5472 tantum
1497 5415 1604 5469 dici
1628 5412 1764 5477 vult,
1799 5424 2069 5480 quatenus

496 5536 605 5576 non
638 5497 893 5574 omnibus
926 5513 1129 5570 Christi
1163 5511 1519 5567 conciouibus
1560 5506 1825 5562 interfuit.
1855 5504 2065 5559 Lauda-

482 5610 628 5667 .bilis
646 5608 887 5679 quidem,
920 5604 1015 5660 sed
1046 5603 1234 5658 irritus
1261 5612 1347 5657 est
1383 5598 1607 5655 Patuelii
1645 5605 1914 5653 conatus:
1967 5610 2061 5651 ec-

2153 530 2329 584 valeat
2353 527 2642 596 exceptio?
2674 524 2805 577 Nam
2834 523 2910 576 ait
2941 539 2958 571 ι
3005 521 3105 573 hoc
3146 518 3197 570 in
3248 516 3371 570 loco
3408 511 3737 583 apparuisse

2152 621 2588 677 incredulitatem
2634 632 2847 677 eorum,
2878 634 2897 667 ι
2935 628 3056 667 cum
3102 610 3429 679 praedicaret
3481 605 3739 660 Christus

2154 729 2375 785 regnum
2405 714 2521 776 Dei,
2559 721 2614 767 et
2635 708 2913 765 extraneis
2955 707 3006 759 in
3050 703 3196 757 illum
3232 699 3431 756 defixis
3482 700 3740 752 abessent

2152 805 2411 877 proximi.
2437 804 2600 872 Atqui
2635 802 2901 871 virginem
2938 796 3075 852 dixit
3102 810 3208 848 non
3244 807 3400 862 teque
3438 790 3741 845 adhaesisse

2151 898 2371 953 Christo
2397 911 2463 951 ac
2509 894 2776 949 Martinam
2806 901 2862 946 et
2893 887 3140 942 Mariam.
3194 884 3475 954 Virginem
3530 884 3704 952 igitur
3724 922 3737 941 .

2152 992 2335 1046 itidem
2378 998 2435 1042 ut
2458 986 2671 1042 Domini
2700 984 2914 1046 fratres,
2950 977 3350 1034 incredulitatis
3372 975 3588 1045 arguit.
3624 973 3741 1029 Ori-

2153 1096 2343 1153 genem
2371 1092 2587 1149 quoque
2609 1086 2797 1131 contra
2831 1074 3155 1128 Rhenanutn
3187 1070 3332 1123 idem
3373 1068 3477 1136 ipsi
3529 1067 3739 1120 crimen

2151 1172 2495 1241 olijicientem
2545 1166 2834 1221 defendere
2896 1168 3052 1230 parat
3087 1156 3355 1212 Pamelius
3402 1156 3514 1208 hoc
3577 1170 3739 1222 argu-

2154 1271 2357 1324 mento,
2383 1257 2525 1328 qttod
2553 1257 2769 1312 beatam
2791 1251 3071 1321 Virginem
3106 1244 3518 1301 immaculatam
3551 1245 3737 1313 appel-

2154 1354 2244 1408 let.
2268 1350 2616 1408 Commodius
2644 1348 2820 1403 Iocum
2845 1358 2913 1398 ex
2935 1341 3121 1397 homil.
3150 1340 3220 1394 20
3241 1340 3293 1391 in
3333 1338 3464 1391 Luc.
3491 1338 3739 1406 proxime

2153 1445 2447 1499 adductum
2494 1452 2767 1510 exponere
2812 1435 3007 1504 satagit
3038 1432 3226 1487 Sixtus
3266 1429 3537 1483 Senensis
3579 1427 3675 1483 lib.
3709 1442 3737 1476 ν

2128 1535 2430 1599 .Biblioth.,
2449 1536 2630 1587 adnot.
2654 1529 2790 1585 14οε
2818 1547 2835 1578 ι
2862 1526 3020 1590 Puto,
3045 1522 3236 1593 inquit,
3258 1521 3555 1591 Origenem
3583 1533 3737 1573 voca-

2154 1629 2282 1683 bulo
2319 1628 2488 1697 plena:
2534 1623 2657 1678 fidei
2710 1618 3041 1675 intellexisse
3095 1615 3309 1684 plenam
3359 1611 3734 1683 cognitionem
3818 1634 3819 1637 η

2155 1722 2397 1775 omnium
2446 1715 2832 1788 mysteriorum
2892 1708 3193 1765 divinitatis
3256 1716 3309 1761 et
3368 1704 3739 1758 humanitatis

2082 1794 2124 1849 Β
2152 1811 2381 1875 Christi,
2410 1824 2573 1877 quam
2602 1805 2771 1859 Maria
2800 1802 2962 1872 Virgo
2996 1800 3231 1854 nondum
3259 1811 3325 1851 eo
3351 1804 3613 1865 tempore
3645 1795 3740 1848 ha-

2153 1906 2349 1969 bebat;
2384 1899 2631 1969 quamvis
2670 1911 2734 1952 ea
2763 1895 2967 1958 omnia,
2993 1907 3113 1963 qua:
3138 1900 3249 1944 tum
3283 1891 3351 1943 de
3375 1887 3611 1943 Christo
3647 1902 3742 1940 no-

2151 2005 2324 2058 verat,
2374 1991 2681 2048 certissima
2734 1996 2788 2041 et
2820 1988 3141 2040 inconcussa
3181 1983 3284 2035 fide
3326 1989 3573 2035 teneret.
3611 1998 3633 2030 ι
3665 1981 3740 2031 Ad

2152 2088 2388 2158 priorem
2424 2098 2554 2137 vero
2585 2095 2651 2135 ex
2685 2078 2875 2133 homil.
2922 2077 2980 2129 I7
3032 2075 3344 2129 diluendum
3393 2073 3583 2126 locum
3617 2086 3741 2125 con-

2152 2180 2351 2235 ducere
2376 2183 2588 2247 poterat
2620 2172 2844 2226 Thomm
2884 2168 3105 2234 solutio,
3134 2165 3541 2220 dubitationem
3572 2163 3736 2223 illam.

2153 2269 2555 2323 admirationem
2588 2274 2643 2318 ct
2671 2261 3049 2316 discussionem
3082 2256 3540 2326 interpretantis,
3564 2256 3609 2308 si
3638 2270 3733 2307 non

2153 2361 2389 2431 rejiculae
2421 2358 2523 2412 illa:
2561 2354 2802 2409 scandali
2827 2361 2880 2405 et
2910 2348 3247 2413 inﬁdelitatis
3292 2346 3450 2399 vocis
3488 2361 3738 2400 occurre-

2154 2462 2295 2507 rent.
2320 2451 2488 2505 Porro
2524 2450 2726 2504 absona
2765 2447 2901 2511 lucc,
2920 2454 2974 2498 et
2997 2445 3063 2497 ab
3088 2442 3344 2495 Ecclesia:
3369 2440 3597 2509 placitis
3630 2440 3733 2492 dis-

2153 2558 2381 2613 crepans
2420 2552 2667 2597 veterum
2723 2538 2929 2607 aliquot
2965 2536 3031 2590 de
3060 2534 3225 2588 Maria
3269 2533 3577 2591 sententia.
3612 2532 3740 2583 alia~

2153 2651 2257 2706 que
2282 2634 2551 2705 ejusmodi
2585 2632 2879 2697 nonnullze,
2907 2645 3041 2697 quas
3086 2629 3349 2683 brevitati
3382 2628 3739 2681 consulentes

2154 2728 2643 2798 pratermittimus,
2702 2738 2922 2780 causam
2973 2723 3241 2776 dederunt
3290 2720 3640 2775 Lutheranis
3691 2728 3741 2771 et

2152 2819 2489 2885 Calvinistis,
2534 2832 2631 2872 cur
2672 2816 2884 2870 beatam
2922 2812 3149 2866 Mariam
3205 2811 3556 2881 reliquorum
3593 2826 3739 2865 more

2155 2912 2435 2968 hominum
2477 2923 2735 2965 peccasse
2764 2906 3094 2960 sciscerent.

2718 3018 3042 3086 ΟυΑΞΒΤΙΟ
3098 3016 3162 3072 V.

2774 3131 2839 3169 DE
2875 3128 3117 3168 ANGELIS.

2163 3210 2205 3266 Ι.
2254 3206 2352 3263 Via:
2385 3208 2512 3261 certi
2534 3207 2824 3275 quidquam
2853 3206 3092 3274 Origenis
3116 3210 3270 3257 aetate
3289 3202 3357 3254 de
3386 3200 3604 3270 angelis
3633 3200 3740 3275 [tte-

2234 3289 2319 3332 rat
2346 3272 2645 3345 deﬁnitum.
2682 3272 2757 3331 'll.
2804 3272 3076 3340 Qua'ritnr
3122 3290 3223 3345 quo
3258 3283 3499 3345 tempore
3539 3272 3744 3339 angelos

2224 3361 2270 3404 et
2313 3341 2533 3402 rationis
2561 3356 2819 3414 rompotes
2847 3355 3062 3397 naturas
3088 3341 3377 3414 reliquasa
3406 3341 3525 3414 l_)_eo
3564 3342 3745 3414 condi-

2238 3430 2337 3482 tas,
2369 3431 2414 3473 et
2438 3420 2491 3470 in
2525 3409 2791 3483 peccatum
2838 3415 3080 3482 delapsas
3111 3409 3516 3483 ratus_sit._|ll.
3559 3409 3743 3463 Utrum

2231 3480 2441 3557 angelos
2482 3480 2784 3555 corporatos
2820 3502 2928 3538 esse
2952 3480 3231 3557 censuerit.
3256 3481 3345 3536 IV.
3382 3480 3506 3535 Sibi
3545 3484 3744 3533 videtur

2234 3554 2519 3628 ali—quando
2544 3554 2665 3628 non
2693 3566 2952 3628 constare.
2998 3554 3057 3609 V.
3097 3554 3200 3628 sed
3240 3554 3617 3628 conciliantur
3641 3555 3743 3603 dis-

2237 3623 2509 3684 cordantes
2568 3627 2687 3679 loci.
2733 3626 2816 3678 VI.
2849 3623 3036 3677 Utrum
3062 3625 3291 3677 animam
3312 3623 3423 3674 illis
3454 3624 3657 3683 inesse,
3684 3638 3745 3673 an

2235 3703 2374 3765 ipsos
2414 3714 2522 3751 esse
2556 3698 2758 3749 animas
2787 3696 3000 3748 dixerit.
3030 3694 3135 3747 VII.
3167 3692 3495 3761 Angelorum
3538 3696 3681 3744 inter
3702 3702 3746 3744 et

2235 3774 2530 3825 dtemonum
2580 3782 2801 3834 corpora
2852 3766 3133 3818 discrimen
3188 3765 3417 3834 aliquod,
3467 3765 3749 3815 tenuitatis

2235 3840 2525 3895 constituit.
2564 3830 2691 3890 VIII.
2747 3835 3141 3888 Consentientes
3178 3830 3326 3886 habet
3379 3830 3587 3885 Patres
3629 3835 3750 3886 bac

2230 3911 2440 3965 multos.
2469 3907 2562 3960 IX.
2602 3905 2937 3975 Origeniantv
2958 3906 3227 3957 sententia:
3254 3904 3414 3955 radix
3454 3905 3751 3971 investige-

2375 3961 2449 4034 X.
2481 3976 2667 4031 Utrum
2699 3961 2879 4045 "aquas
2913 3990 3027 4043 qute
3077 3990 3234 4045 supra
3280 3982 3327 4025 et
3381 3961 3753 4045 infraiﬁrma-

2235 4061 2467 4104 mentum
2509 4056 2651 4109 sunt,
2689 4042 2897 4112 angelos
2922 4042 3032 4098 esse
3058 4044 3341 4096 arbitratus
3380 4045 3474 4095 sit.
3507 4042 3604 4096 XI.
3647 4046 3752 4097 Ec—

2234 4128 2355 4192 quid
2386 4122 2448 4192 de
2479 4115 2781 4192 angelorum
2806 4114 3547 4192 libertate,meritishgratia,
3578 4132 3753 4168 remu-

2239 4180 2511 4244 neratione
2539 4180 2598 4238 ac
2637 4185 2800 4250 pinnis
2848 4185 3115 4236 statuerit.
3144 4180 3258 4235 XII.
3289 4180 3523 4235 Patrum
3561 4188 3753 4237 multe-

2234 4276 2351 4313 rum
2382 4258 2628 4312 adversus
2658 4255 2791 4306 hanc
2812 4254 2973 4320 ipsius
2994 4254 3286 4307 doctrinam
3324 4257 3589 4307 convicia.
3614 4254 3748 4308 XIII.

2243 4330 2426 4385 Utram
2458 4328 2679 4395 priorem
2711 4325 3295 4395 credideritjtominum
3324 4340 3396 4376 an
3435 4327 3745 4377 da'rnonut

2240 4392 2505 4461 naturam,
2546 4395 2869 4463 exploratur.
2901 4392 3039 4447 XIV.
3074 4393 3157 4446 Ea:
3187 4394 3309 4460 ipsis
3334 4393 3597 4461 Origenis
3637 4411 3743 4447 rer-

2243 4473 2318 4525 bis
2369 4470 2625 4523 sententia
2670 4464 3001 4535 illiussuper
3047 4465 3348 4535 angelorum
3385 4465 3635 4518 libertate
3687 4481 3745 4517 ac

2236 4540 2432 4595 meritis
2459 4538 2712 4607 aperitur.
2742 4532 3133 4607 Xyiulngua'
3155 4534 3583 4607 tantiettfidetur
3622 4551 3746 4585 non-

2239 4602 2506 4670 nunquam
2524 4608 2769 4660 titubare.
2800 4604 2935 4657 XVI.
2964 4602 3153 4657 (lauare
3178 4605 3298 4656 huic
3322 4602 3515 4656 Patres
3538 4606 3743 4672 aliquot

2243 4680 2627 4749 suﬂragantur.
2656 4674 2821 4749 XVII.
2848 4674 3063 4749 Origeni
3110 4674 3281 4749 favent
3316 4674 3425 4726 alia
3470 4680 3741 4749 quiritans.

2242 4744 2431 4805 XVIII:
2458 4746 2642 4801 Utrum
2672 4745 2881 4815 angelos
2916 4744 3310 4815 abihominibus
3365 4746 3573 4815 erudiri
3620 4762 3742 4812 per-

2243 4837 2459 4875 suasum
2501 4813 2761 4868 habuerit.
2794 4815 2932 4868 XIX.
2967 4814 3294 4879 [impenditur
3336 4813 3451 4882 ejus
3481 4818 3744 4867 sententia

2242 4894 2306 4944 de
2343 4884 3025 4959 angelisjudicandis.AXX.
3051 4884 3214 4953 Cujus
3238 4885 3590 4952 fundamenta
3621 4902 3746 4959 ape-

2246 4954 2476 5014 rittntur.
2528 4956 2670 5009 XXI.
2710 4954 2844 5025 Eam
2882 4956 3085 5025 frustra
3127 4969 3374 5007 excusare
3410 4964 3640 5007 conatur
3682 4958 3742 5009 ὅ.

2247 5031 2493 5085 Thomas.
2552 5025 2710 5078 XXII.
2762 5024 2878 5089 Quo
2927 5034 3151 5090 tempore
3198 5036 3430 5077 extrema
3479 5026 3745 5092 supplicia

2244 5098 2565 5154 dwmonibus
2586 5096 2659 5165 vel
2699 5096 2902 5165 iit/licia
2934 5096 3009 5147 vel
3038 5096 3318 5162 inﬂigenda
3349 5092 3610 5165 Urigenes
3634 5112 3745 5148 cre-

2244 5170 2458 5225 diderit.
2500 5162 2949 5234 XXIII.70rigeni
3000 5169 3359 5217 assentiuntur
3398 5164 3596 5216 Patres
3634 5168 3746 5230 ple-

2242 5244 2407 5311 rique.
2439 5237 2625 5292 XXIV.
2668 5233 2855 5311 Utrum
2906 5234 3175 5288 hominum
3216 5234 3744 5311 sanctitatenﬂoreu-

2241 5302 2373 5366 tium
2404 5310 2607 5363 animas
2647 5306 2861 5375 angelos
2892 5320 3004 5358 esse
3042 5305 3280 5358 senserit.
3302 5302 3467 5356 XXV.
3496 5304 3746 5357 Nonne!-

2248 5384 2420 5436 lorum
2450 5376 2905 5444 criminationibus
2954 5376 3214 5444 opinionis
3246 5375 3406 5443 hujus
3452 5392 3620 5427 causa
3645 5377 3746 5443 fuit

2249 5451 2524 5506 obnoxius.
2561 5445 2750 5501 XXVI.
2806 5443 3097 5498 Ventilatur
3134 5448 3247 5514 ejus
3276 5446 3540 5514 sententia
3575 5448 3639 5498 de
3673 5458 3727 5497 ll

2249 5522 2501 5575 talaribus
2540 5516 2796 5586 angelis;
2826 5530 2888 5567 ac
2938 5513 3165 5584 primum
3220 5518 3473 5584 gentium,
3532 5513 3743 5570 XXVII.

2249 5584 2631 5653 Ecclesiarum,
2707 5584 2947 5640 XXVIII.
3012 5586 3304 5641 Hominum
3388 5587 3743 5656 singulorum,

513 5776 519 5781 ’
563 5776 587 5807 ⁸
622 5772 778 5831 Rom.
816 5786 900 5839 ut,
924 5769 1017 5841 25,
1048 5770 1138 5826 24.
1205 5835 1211 5841 θ
1265 5767 1396 5826 Luc.
1436 5782 1495 5834 tt,
1519 5766 1607 5821 55.
1686 5767 1704 5799 ⁷
1733 5764 1865 5822 Luc.
1896 5779 1932 5833 t,
1961 5761 2053 5818 55.

2203 5758 2345 5818 larc.
2377 5775 2488 5830 xiv,
2512 5761 2599 5816 27.
2681 5762 2701 5795 ⁸
2736 5760 2865 5816 Luc.
2893 5772 2953 5825 ιι,
2979 5753 3068 5812 5t.
