  <div class='ocr_page' id='page_1' title='image "/cluster/home/n/w/nwhite01/storage/ocr_20150623/17/nnc1.0046978615/432.png"; bbox 0 0 3860 6230; ppageno 0'>
   <div class='ocr_carea' id='block_1_1' title="bbox 193 338 304 398">
    <p class='ocr_par' dir='ltr' id='par_1_1' title="bbox 193 338 304 398">
     <span class='ocr_line' id='line_1_1' title="bbox 193 338 304 398; baseline 0.018 -2"><span class='ocrx_word' id='word_1_1' title='bbox 193 338 304 398; x_wconf 73' lang='grc'><strong><em>845</em></strong></span> 
     </span>
    </p>
   </div>
   <div class='ocr_carea' id='block_1_2' title="bbox 268 467 1851 542">
    <p class='ocr_par' dir='ltr' id='par_1_2' title="bbox 268 467 1851 542">
     <span class='ocr_line' id='line_1_2' title="bbox 268 467 1851 542; baseline 0.012 -19"><span class='ocrx_word' id='word_1_2' title='bbox 268 467 464 525; x_wconf 81' lang='lat' dir='ltr'><strong>XXIX.</strong></span> <span class='ocrx_word' id='word_1_3' title='bbox 501 468 567 524; x_wconf 80' lang='lat' dir='ltr'><strong><em>Et</em></strong></span> <span class='ocrx_word' id='word_1_4' title='bbox 609 488 780 527; x_wconf 86' lang='lat' dir='ltr'><strong><em>rerum</em></strong></span> <span class='ocrx_word' id='word_1_5' title='bbox 815 476 992 529; x_wconf 84' lang='lat' dir='ltr'><strong><em>animo</em></strong></span> <span class='ocrx_word' id='word_1_6' title='bbox 1025 483 1336 534; x_wconf 82' lang='lat' dir='ltr'><strong><em>carentium.</em></strong></span> <span class='ocrx_word' id='word_1_7' title='bbox 1368 481 1537 536; x_wconf 78' lang='lat' dir='ltr'><strong><em>XXX.</em></strong></span> <span class='ocrx_word' id='word_1_8' title='bbox 1580 482 1773 541; x_wconf 85' lang='lat' dir='ltr'><strong><em>Utrum</em></strong></span> <span class='ocrx_word' id='word_1_9' title='bbox 1805 486 1851 542; x_wconf 77' lang='grc' dir='ltr'><strong>Α</strong></span> 
     </span>
    </p>
   </div>
   <div class='ocr_carea' id='block_1_3' title="bbox 267 542 1778 617">
    <p class='ocr_par' dir='ltr' id='par_1_3' title="bbox 267 542 1778 617">
     <span class='ocr_line' id='line_1_3' title="bbox 267 542 1778 617; baseline 0.012 -25"><span class='ocrx_word' id='word_1_10' title='bbox 267 542 557 612; x_wconf 79' lang='lat' dir='ltr'><strong><em>unicuique</em></strong></span> <span class='ocrx_word' id='word_1_11' title='bbox 612 545 751 617; x_wconf 80' lang='lat' dir='ltr'><strong><em>genti</em></strong></span> <span class='ocrx_word' id='word_1_12' title='bbox 795 555 841 617; x_wconf 84' lang='lat' dir='ltr'><strong><em>et</em></strong></span> <span class='ocrx_word' id='word_1_13' title='bbox 871 547 1069 601; x_wconf 78' lang='lat' dir='ltr'><strong><em>homini</em></strong></span> <span class='ocrx_word' id='word_1_14' title='bbox 1110 553 1323 617; x_wconf 80' lang='lat' dir='ltr'><strong><em>angelos</em></strong></span> <span class='ocrx_word' id='word_1_15' title='bbox 1374 555 1539 617; x_wconf 77' lang='lat' dir='ltr'><strong><em>duos,</em></strong></span> <span class='ocrx_word' id='word_1_16' title='bbox 1587 557 1778 612; x_wconf 86' lang='lat' dir='ltr'><strong><em>bonum</em></strong></span> 
     </span>
    </p>
   </div>
   <div class='ocr_carea' id='block_1_4' title="bbox 267 600 1774 693">
    <p class='ocr_par' dir='ltr' id='par_1_4' title="bbox 267 600 1774 693">
     <span class='ocr_line' id='line_1_4' title="bbox 267 600 1774 693; baseline 0.015 -30"><span class='ocrx_word' id='word_1_17' title='bbox 267 600 481 673; x_wconf 36' lang='lat' dir='ltr'><strong><em>unum:</em></strong></span> <span class='ocrx_word' id='word_1_18' title='bbox 506 600 712 693; x_wconf 51' lang='lat' dir='ltr'><strong><em>nmium</em></strong></span> <span class='ocrx_word' id='word_1_19' title='bbox 755 614 988 693; x_wconf 63' lang='lat' dir='ltr'><strong><em>alterum</em></strong></span> <span class='ocrx_word' id='word_1_20' title='bbox 1023 600 1462 677; x_wconf 46' lang='lat' dir='ltr'><strong><em>simulyassistere</em></strong></span> <span class='ocrx_word' id='word_1_21' title='bbox 1494 634 1774 693; x_wconf 83' lang='lat' dir='ltr'><strong><em>putaverit.</em></strong></span> 
     </span>
    </p>
   </div>
   <div class='ocr_carea' id='block_1_5' title="bbox 267 681 1776 758">
    <p class='ocr_par' dir='ltr' id='par_1_5' title="bbox 267 681 1776 758">
     <span class='ocr_line' id='line_1_5' title="bbox 267 681 1776 758; baseline 0.015 -25"><span class='ocrx_word' id='word_1_22' title='bbox 267 681 645 758; x_wconf 26' lang='lat' dir='ltr'><strong><em>XXXIaFons</em></strong></span> <span class='ocrx_word' id='word_1_23' title='bbox 669 684 1111 758; x_wconf 79' lang='lat' dir='ltr'><strong><em>Origenianarum</em></strong></span> <span class='ocrx_word' id='word_1_24' title='bbox 1141 695 1204 744; x_wconf 83' lang='lat' dir='ltr'><strong><em>de</em></strong></span> <span class='ocrx_word' id='word_1_25' title='bbox 1239 695 1434 758; x_wconf 75' lang='lat' dir='ltr'><strong><em>angelis</em></strong></span> <span class='ocrx_word' id='word_1_26' title='bbox 1466 681 1776 756; x_wconf 69' lang='lat' dir='ltr'><strong><em>lutelnribus</em></strong></span> 
     </span>
    </p>
   </div>
   <div class='ocr_carea' id='block_1_6' title="bbox 257 754 1775 834">
    <p class='ocr_par' dir='ltr' id='par_1_6' title="bbox 257 754 1775 834">
     <span class='ocr_line' id='line_1_6' title="bbox 257 754 1775 834; baseline 0.014 -31"><span class='ocrx_word' id='word_1_27' title='bbox 257 754 643 834; x_wconf 48' lang='lat' dir='ltr'><strong><em>sententiarum</em></strong></span> <span class='ocrx_word' id='word_1_28' title='bbox 704 754 1331 834; x_wconf 44' lang='lat' dir='ltr'><strong><em>ostendituILhXXXJl.&quot;</em></strong></span> <span class='ocrx_word' id='word_1_29' title='bbox 1396 754 1775 834; x_wconf 77' lang='lat' dir='ltr'><strong><em>Astipulatores</em></strong></span> 
     </span>
    </p>
   </div>
   <div class='ocr_carea' id='block_1_7' title="bbox 260 819 1774 907">
    <p class='ocr_par' dir='ltr' id='par_1_7' title="bbox 260 819 1774 907">
     <span class='ocr_line' id='line_1_7' title="bbox 260 819 1774 907; baseline 0.017 -35"><span class='ocrx_word' id='word_1_30' title='bbox 260 819 458 907; x_wconf 57' lang='grc' dir='ltr'>ξαίνει</span> <span class='ocrx_word' id='word_1_31' title='bbox 503 827 1150 907; x_wconf 41' lang='lat' dir='ltr'><strong><em>recensentur.‘XXXlll.</em></strong></span> <span class='ocrx_word' id='word_1_32' title='bbox 1208 832 1485 907; x_wconf 45' lang='lat' dir='ltr'><strong><em>Emere;</em></strong></span> <span class='ocrx_word' id='word_1_33' title='bbox 1514 819 1774 907; x_wconf 54' lang='lat' dir='ltr'><strong><em>&#39;Oriqenis</em></strong></span> 
     </span>
    </p>
   </div>
   <div class='ocr_carea' id='block_1_8' title="bbox 256 891 1775 973">
    <p class='ocr_par' dir='ltr' id='par_1_8' title="bbox 256 891 1775 973">
     <span class='ocr_line' id='line_1_8' title="bbox 256 891 1775 973; baseline 0.016 -32"><span class='ocrx_word' id='word_1_34' title='bbox 256 891 615 973; x_wconf 68' lang='lat' dir='ltr'><strong><em>ﬂuctuatione</em></strong></span> <span class='ocrx_word' id='word_1_35' title='bbox 652 896 895 973; x_wconf 43' lang='lat' dir='ltr'><strong><em>excusati</em></strong></span> <span class='ocrx_word' id='word_1_36' title='bbox 942 914 1181 967; x_wconf 83' lang='lat' dir='ltr'><strong><em>possunt.</em></strong></span> <span class='ocrx_word' id='word_1_37' title='bbox 1240 904 1476 960; x_wconf 79' lang='lat' dir='ltr'><strong><em>XXXIV.</em></strong></span> <span class='ocrx_word' id='word_1_38' title='bbox 1523 891 1775 973; x_wconf 47' lang='lat' dir='ltr'><strong><em>Quidue</em></strong></span> 
     </span>
    </p>
   </div>
   <div class='ocr_carea' id='block_1_9' title="bbox 251 964 1769 1049">
    <p class='ocr_par' dir='ltr' id='par_1_9' title="bbox 251 964 1769 1049">
     <span class='ocr_line' id='line_1_9' title="bbox 251 964 1769 1049; baseline 0.017 -37"><span class='ocrx_word' id='word_1_39' title='bbox 251 965 461 1049; x_wconf 43' lang='lat' dir='ltr'><strong><em>(iugali:</em></strong></span> <span class='ocrx_word' id='word_1_40' title='bbox 532 964 1219 1049; x_wconf 25' lang='grc' dir='ltr'>ὲυχοττομποῖςίιορὶηαιιιε</span> <span class='ocrx_word' id='word_1_41' title='bbox 1274 979 1411 1049; x_wconf 18' lang='grc' dir='ltr'>νλεὶι,</span> <span class='ocrx_word' id='word_1_42' title='bbox 1464 964 1769 1049; x_wconf 56' lang='lat' dir='ltr'><strong><em>indaganti.</em></strong></span> 
     </span>
    </p>
   </div>
   <div class='ocr_carea' id='block_1_10' title="bbox 254 979 1769 1115">
    <p class='ocr_par' dir='ltr' id='par_1_10' title="bbox 254 979 1769 1115">
     <span class='ocr_line' id='line_1_10' title="bbox 254 979 1769 1049; baseline 0.017 -36"><span class='ocrx_word' id='word_1_43' title='bbox 254 979 323 1013; x_wconf 88' lang='lat' dir='ltr'><strong><em>an</em></strong></span> <span class='ocrx_word' id='word_1_44' title='bbox 362 979 460 1016; x_wconf 75' lang='lat' dir='ltr'><strong><em>eus</em></strong></span> <span class='ocrx_word' id='word_1_45' title='bbox 532 979 914 1036; x_wconf 77' lang='grc' dir='ltr'>ψυχοπομποῐς</span> <span class='ocrx_word' id='word_1_46' title='bbox 974 979 1219 1038; x_wconf 76' lang='lat' dir='ltr'><strong><em>opinatus</em></strong></span> <span class='ocrx_word' id='word_1_47' title='bbox 1274 979 1411 1041; x_wconf 76' lang='lat' dir='ltr'><strong><em>sit,</em></strong></span> <span class='ocrx_word' id='word_1_48' title='bbox 1464 979 1769 1049; x_wconf 79' lang='lat' dir='ltr'><strong><em>indagatur.</em></strong></span> 
     </span>
     <span class='ocr_line' id='line_1_11' title="bbox 254 979 1769 1115; baseline 0.013 -29"><span class='ocrx_word' id='word_1_49' title='bbox 254 979 483 1115; x_wconf 49' lang='lat' dir='ltr'><strong><em>Xing.</em></strong></span> <span class='ocrx_word' id='word_1_50' title='bbox 529 1034 797 1101; x_wconf 66' lang='lat' dir='ltr'><strong><em>Quaeritur</em></strong></span> <span class='ocrx_word' id='word_1_51' title='bbox 844 1041 969 1107; x_wconf 89' lang='lat' dir='ltr'><strong><em>quid</em></strong></span> <span class='ocrx_word' id='word_1_52' title='bbox 1005 1046 1219 1098; x_wconf 76' lang='lat' dir='ltr'><strong><em>senserit</em></strong></span> <span class='ocrx_word' id='word_1_53' title='bbox 1255 1046 1319 1100; x_wconf 85' lang='lat' dir='ltr'><strong><em>de</em></strong></span> <span class='ocrx_word' id='word_1_54' title='bbox 1350 1048 1549 1115; x_wconf 80' lang='lat' dir='ltr'><strong><em>angelis</em></strong></span> <span class='ocrx_word' id='word_1_55' title='bbox 1595 1067 1769 1107; x_wconf 62' lang='lat' dir='ltr'><strong><em>remur</em></strong></span> 
     </span>
    </p>
   </div>
   <div class='ocr_carea' id='block_1_11' title="bbox 248 1105 1751 1179">
    <p class='ocr_par' dir='ltr' id='par_1_11' title="bbox 248 1105 1751 1179">
     <span class='ocr_line' id='line_1_12' title="bbox 248 1105 1751 1179; baseline 0.015 -24"><span class='ocrx_word' id='word_1_56' title='bbox 248 1105 701 1179; x_wconf 6' lang='lat' dir='ltr'><strong><em>ﬂerationumget</em></strong></span> <span class='ocrx_word' id='word_1_57' title='bbox 765 1105 1033 1175; x_wconf 66' lang='lat' dir='ltr'><strong><em>poenarum</em></strong></span> <span class='ocrx_word' id='word_1_58' title='bbox 1094 1105 1443 1171; x_wconf 54' lang='lat' dir='ltr'><strong><em>administris:</em></strong></span> <span class='ocrx_word' id='word_1_59' title='bbox 1510 1120 1751 1179; x_wconf 75' lang='lat' dir='ltr'><strong><em>XXXVI.</em></strong></span> 
     </span>
    </p>
   </div>
   <div class='ocr_carea' id='block_1_12' title="bbox 247 1169 1757 1258">
    <p class='ocr_par' dir='ltr' id='par_1_12' title="bbox 247 1169 1757 1258">
     <span class='ocr_line' id='line_1_13' title="bbox 247 1169 1757 1258; baseline 0.016 -34"><span class='ocrx_word' id='word_1_60' title='bbox 247 1169 687 1258; x_wconf 54' lang='lat' dir='ltr'><strong><em>Utruqi‘anqefos</em></strong></span> <span class='ocrx_word' id='word_1_61' title='bbox 722 1169 1023 1258; x_wconf 62' lang='lat' dir='ltr'><strong><em>iteittiquam</em></strong></span> <span class='ocrx_word' id='word_1_62' title='bbox 1055 1184 1368 1239; x_wconf 82' lang='lat' dir='ltr'><strong><em>invocandos</em></strong></span> <span class='ocrx_word' id='word_1_63' title='bbox 1400 1204 1508 1243; x_wconf 79' lang='lat' dir='ltr'><strong><em>esse</em></strong></span> <span class='ocrx_word' id='word_1_64' title='bbox 1538 1204 1757 1258; x_wconf 86' lang='lat' dir='ltr'><strong><em>putave-</em></strong></span> 
     </span>
    </p>
   </div>
   <div class='ocr_carea' id='block_1_13' title="bbox 241 1244 1752 1324">
    <p class='ocr_par' dir='ltr' id='par_1_13' title="bbox 241 1244 1752 1324">
     <span class='ocr_line' id='line_1_14' title="bbox 241 1244 1752 1324; baseline 0.015 -29"><span class='ocrx_word' id='word_1_65' title='bbox 241 1244 672 1324; x_wconf 44' lang='grc' dir='ltr'><strong><em>τ-ειτηχχιςνιι.</em></strong></span> <span class='ocrx_word' id='word_1_66' title='bbox 735 1244 925 1302; x_wconf 72' lang='lat' dir='ltr'><strong><em>Utrum</em></strong></span> <span class='ocrx_word' id='word_1_67' title='bbox 994 1262 1044 1305; x_wconf 80' lang='lat' dir='ltr'><strong><em>et</em></strong></span> <span class='ocrx_word' id='word_1_68' title='bbox 1115 1260 1376 1324; x_wconf 84' lang='lat' dir='ltr'><strong><em>quomodo</em></strong></span> <span class='ocrx_word' id='word_1_69' title='bbox 1440 1244 1752 1318; x_wconf 69' lang='lat' dir='ltr'><strong><em>clterttbinos</em></strong></span> 
     </span>
    </p>
   </div>
   <div class='ocr_carea' id='block_1_14' title="bbox 244 1313 1757 1389">
    <p class='ocr_par' dir='ltr' id='par_1_14' title="bbox 244 1313 1757 1389">
     <span class='ocr_line' id='line_1_15' title="bbox 244 1313 1757 1389; baseline 0.016 -24"><span class='ocrx_word' id='word_1_70' title='bbox 244 1313 384 1389; x_wconf 59' lang='lat' dir='ltr'><strong><em>Filii</em></strong></span> <span class='ocrx_word' id='word_1_71' title='bbox 436 1319 773 1389; x_wconf 81' lang='lat' dir='ltr'><strong><em>cogitationes</em></strong></span> <span class='ocrx_word' id='word_1_72' title='bbox 811 1336 921 1373; x_wconf 84' lang='lat' dir='ltr'><strong><em>esse</em></strong></span> <span class='ocrx_word' id='word_1_73' title='bbox 965 1313 1179 1378; x_wconf 68' lang='lat' dir='ltr'><strong><em>dixerit.</em></strong></span> <span class='ocrx_word' id='word_1_74' title='bbox 1232 1327 1519 1383; x_wconf 76' lang='lat' dir='ltr'><strong><em>XXXVIII.</em></strong></span> 
     </span>
    </p>
   </div>
   <div class='ocr_carea' id='block_1_15' title="bbox 251 1386 1757 1465">
    <p class='ocr_par' dir='ltr' id='par_1_15' title="bbox 251 1386 1757 1465">
     <span class='ocr_line' id='line_1_16' title="bbox 251 1386 1757 1465; baseline 0.017 -29"><span class='ocrx_word' id='word_1_75' title='bbox 251 1386 522 1465; x_wconf 65' lang='lat' dir='ltr'><strong><em>dwmones</em></strong></span> <span class='ocrx_word' id='word_1_76' title='bbox 568 1388 749 1442; x_wconf 77' lang='lat' dir='ltr'><strong><em>nidore</em></strong></span> <span class='ocrx_word' id='word_1_77' title='bbox 807 1400 853 1442; x_wconf 88' lang='lat' dir='ltr'><strong><em>et</em></strong></span> <span class='ocrx_word' id='word_1_78' title='bbox 921 1395 1174 1463; x_wconf 76' lang='lat' dir='ltr'><strong><em>sanguine</em></strong></span> <span class='ocrx_word' id='word_1_79' title='bbox 1233 1401 1380 1465; x_wconf 84' lang='lat' dir='ltr'><strong><em>pasci</em></strong></span> <span class='ocrx_word' id='word_1_80' title='bbox 1425 1403 1757 1460; x_wconf 76' lang='lat' dir='ltr'><strong><em>existimave-</em></strong></span> 
     </span>
    </p>
   </div>
   <div class='ocr_carea' id='block_1_16' title="bbox 241 1455 331 1509">
    <p class='ocr_par' dir='ltr' id='par_1_16' title="bbox 241 1455 331 1509">
     <span class='ocr_line' id='line_1_17' title="bbox 241 1455 331 1509; baseline -0.011 -1"><span class='ocrx_word' id='word_1_81' title='bbox 241 1455 331 1509; x_wconf 81' lang='lat' dir='ltr'><strong><em>rit.</em></strong></span> 
     </span>
    </p>
   </div>
   <div class='ocr_carea' id='block_1_17' title="bbox 239 1547 1751 1629">
    <p class='ocr_par' dir='ltr' id='par_1_17' title="bbox 239 1547 1751 1629">
     <span class='ocr_line' id='line_1_18' title="bbox 239 1547 1751 1629; baseline 0.015 -28"><span class='ocrx_word' id='word_1_82' title='bbox 239 1547 281 1603; x_wconf 93' lang='lat' dir='ltr'><strong><em>l.</em></strong></span> <span class='ocrx_word' id='word_1_83' title='bbox 310 1547 696 1620; x_wconf 86' lang='lat' dir='ltr'><strong><em>Origenianam</em></strong></span> <span class='ocrx_word' id='word_1_84' title='bbox 726 1554 792 1609; x_wconf 90' lang='lat' dir='ltr'><strong><em>de</em></strong></span> <span class='ocrx_word' id='word_1_85' title='bbox 820 1556 1026 1625; x_wconf 79' lang='lat' dir='ltr'><strong><em>angelis</em></strong></span> <span class='ocrx_word' id='word_1_86' title='bbox 1056 1557 1355 1615; x_wconf 78' lang='lat' dir='ltr'><strong><em>doctrinam</em></strong></span> <span class='ocrx_word' id='word_1_87' title='bbox 1385 1605 1398 1629; x_wconf 91' lang='lat'><strong><em>,</em></strong></span> <span class='ocrx_word' id='word_1_88' title='bbox 1430 1565 1533 1620; x_wconf 95' lang='lat' dir='ltr'><strong><em>iter</em></strong></span> <span class='ocrx_word' id='word_1_89' title='bbox 1584 1567 1751 1622; x_wconf 88' lang='lat' dir='ltr'><strong><em>insti-</em></strong></span> 
     </span>
    </p>
   </div>
   <div class='ocr_carea' id='block_1_18' title="bbox 169 1646 1753 1723">
    <p class='ocr_par' dir='ltr' id='par_1_18' title="bbox 169 1646 1753 1723">
     <span class='ocr_line' id='line_1_19' title="bbox 169 1646 1753 1723; baseline 0.015 -32"><span class='ocrx_word' id='word_1_90' title='bbox 169 1646 342 1692; x_wconf 88' lang='lat' dir='ltr'><strong><em>tutum</em></strong></span> <span class='ocrx_word' id='word_1_91' title='bbox 384 1651 790 1711; x_wconf 81' lang='lat' dir='ltr'><strong><em>prosequentes,</em></strong></span> <span class='ocrx_word' id='word_1_92' title='bbox 823 1648 1177 1716; x_wconf 84' lang='lat' dir='ltr'><strong><em>explicemus.</em></strong></span> <span class='ocrx_word' id='word_1_93' title='bbox 1208 1652 1286 1707; x_wconf 85' lang='lat' dir='ltr'><strong><em>Ac</em></strong></span> <span class='ocrx_word' id='word_1_94' title='bbox 1309 1655 1622 1723; x_wconf 84' lang='lat' dir='ltr'><strong><em>angelorum</em></strong></span> <span class='ocrx_word' id='word_1_95' title='bbox 1658 1674 1753 1715; x_wconf 86' lang='lat' dir='ltr'><strong><em>no-</em></strong></span> 
     </span>
    </p>
   </div>
   <div class='ocr_carea' id='block_1_19' title="bbox 169 1729 1753 1816">
    <p class='ocr_par' dir='ltr' id='par_1_19' title="bbox 169 1729 1753 1816">
     <span class='ocr_line' id='line_1_20' title="bbox 169 1729 1753 1816; baseline 0.016 -36"><span class='ocrx_word' id='word_1_96' title='bbox 169 1729 333 1793; x_wconf 90' lang='lat' dir='ltr'><strong><em>mine,</em></strong></span> <span class='ocrx_word' id='word_1_97' title='bbox 367 1739 481 1785; x_wconf 90' lang='lat' dir='ltr'><strong><em>tum</em></strong></span> <span class='ocrx_word' id='word_1_98' title='bbox 509 1734 677 1788; x_wconf 84' lang='lat' dir='ltr'><strong><em>bonos</em></strong></span> <span class='ocrx_word' id='word_1_99' title='bbox 704 1738 945 1809; x_wconf 82' lang='lat' dir='ltr'><strong><em>angelos,</em></strong></span> <span class='ocrx_word' id='word_1_100' title='bbox 981 1749 1088 1796; x_wconf 89' lang='lat' dir='ltr'><strong><em>tum</em></strong></span> <span class='ocrx_word' id='word_1_101' title='bbox 1120 1744 1312 1807; x_wconf 87' lang='lat' dir='ltr'><strong><em>malos,</em></strong></span> <span class='ocrx_word' id='word_1_102' title='bbox 1339 1749 1428 1816; x_wconf 92' lang='lat' dir='ltr'><strong><em>qui</em></strong></span> <span class='ocrx_word' id='word_1_103' title='bbox 1462 1750 1596 1803; x_wconf 72' lang='lat' dir='ltr'><strong><em>datm</em></strong></span> <span class='ocrx_word' id='word_1_104' title='bbox 1616 1766 1753 1807; x_wconf 90' lang='lat' dir='ltr'><strong><em>ones</em></strong></span> 
     </span>
    </p>
   </div>
   <div class='ocr_carea' id='block_1_20' title="bbox 1021 348 2615 432">
    <p class='ocr_par' dir='ltr' id='par_1_20' title="bbox 1021 348 2615 432">
     <span class='ocr_line' id='line_1_21' title="bbox 1021 348 2615 432; baseline 0.013 -25"><span class='ocrx_word' id='word_1_105' title='bbox 1021 348 1602 410; x_wconf 75' lang='lat' dir='ltr'><strong><em>ORIGENIANORUM</em></strong></span> <span class='ocrx_word' id='word_1_106' title='bbox 1644 355 1772 412; x_wconf 85' lang='lat' dir='ltr'><strong><em>LIB.</em></strong></span> <span class='ocrx_word' id='word_1_107' title='bbox 1814 357 1880 426; x_wconf 89' lang='lat' dir='ltr'><strong><em>ll,</em></strong></span> <span class='ocrx_word' id='word_1_108' title='bbox 1923 355 2074 415; x_wconf 80' lang='lat' dir='ltr'><strong><em>CAP.</em></strong></span> <span class='ocrx_word' id='word_1_109' title='bbox 2121 360 2185 428; x_wconf 91' lang='lat' dir='ltr'><strong><em>ll,</em></strong></span> <span class='ocrx_word' id='word_1_110' title='bbox 2227 364 2505 432; x_wconf 60' lang='lat' dir='ltr'><strong><em>QUIEST.</em></strong></span> <span class='ocrx_word' id='word_1_111' title='bbox 2551 370 2615 427; x_wconf 86' lang='lat' dir='ltr'><strong><em>V.</em></strong></span> 
     </span>
    </p>
   </div>
   <div class='ocr_carea' id='block_1_21' title="bbox 3353 384 3462 443">
    <p class='ocr_par' dir='ltr' id='par_1_21' title="bbox 3353 384 3462 443">
     <span class='ocr_line' id='line_1_22' title="bbox 3353 384 3462 443; baseline 0 -1"><span class='ocrx_word' id='word_1_112' title='bbox 3353 384 3383 443; x_wconf 63' lang='grc' dir='ltr'>ξ</span> <span class='ocrx_word' id='word_1_113' title='bbox 3399 384 3462 442; x_wconf 74' lang='lat' dir='ltr'><strong><em>ll)</em></strong></span> 
     </span>
    </p>
   </div>
   <div class='ocr_carea' id='block_1_22' title="bbox 1884 486 3461 579">
    <p class='ocr_par' dir='ltr' id='par_1_22' title="bbox 1884 486 3461 579">
     <span class='ocr_line' id='line_1_23' title="bbox 1884 486 3461 579; baseline 0.018 -44"><span class='ocrx_word' id='word_1_114' title='bbox 1884 486 2163 540; x_wconf 77' lang='lat' dir='ltr'><strong><em>conditum</em></strong></span> <span class='ocrx_word' id='word_1_115' title='bbox 2193 528 2208 551; x_wconf 95' lang='lat'><strong><em>,</em></strong></span> <span class='ocrx_word' id='word_1_116' title='bbox 2256 498 2313 543; x_wconf 78' lang='grc' dir='ltr'>ιιι</span> <span class='ocrx_word' id='word_1_117' title='bbox 2365 501 2572 548; x_wconf 74' lang='lat' dir='ltr'><strong><em>natura:</em></strong></span> <span class='ocrx_word' id='word_1_118' title='bbox 2628 494 2733 549; x_wconf 72' lang='lat' dir='ltr'><strong><em>illa:</em></strong></span> <span class='ocrx_word' id='word_1_119' title='bbox 2773 498 3069 559; x_wconf 73' lang='lat' dir='ltr'><strong><em>rationales</em></strong></span> <span class='ocrx_word' id='word_1_120' title='bbox 3121 503 3173 557; x_wconf 86' lang='lat' dir='ltr'><strong><em>in</em></strong></span> <span class='ocrx_word' id='word_1_121' title='bbox 3208 518 3330 560; x_wconf 89' lang='lat' dir='ltr'><strong><em>eum</em></strong></span> <span class='ocrx_word' id='word_1_122' title='bbox 3359 521 3461 579; x_wconf 76' lang='lat' dir='ltr'><strong><em>pro</em></strong></span> 
     </span>
    </p>
   </div>
   <div class='ocr_carea' id='block_1_23' title="bbox 1880 574 3460 653">
    <p class='ocr_par' dir='ltr' id='par_1_23' title="bbox 1880 574 3460 653">
     <span class='ocr_line' id='line_1_24' title="bbox 1880 574 3460 653; baseline 0.02 -30"><span class='ocrx_word' id='word_1_123' title='bbox 1880 574 2092 628; x_wconf 90' lang='lat' dir='ltr'><strong><em>meritis</em></strong></span> <span class='ocrx_word' id='word_1_124' title='bbox 2111 576 2546 635; x_wconf 90' lang='lat' dir='ltr'><strong><em>demitterentur.</em></strong></span> <span class='ocrx_word' id='word_1_125' title='bbox 2567 583 2730 653; x_wconf 88' lang='lat' dir='ltr'><strong><em>Atqui</em></strong></span> <span class='ocrx_word' id='word_1_126' title='bbox 2750 587 2871 644; x_wconf 85' lang='lat' dir='ltr'><strong><em>sine</em></strong></span> <span class='ocrx_word' id='word_1_127' title='bbox 2902 594 3102 647; x_wconf 89' lang='lat' dir='ltr'><strong><em>mundo</em></strong></span> <span class='ocrx_word' id='word_1_128' title='bbox 3123 594 3288 651; x_wconf 90' lang='lat' dir='ltr'><strong><em>Deum</em></strong></span> <span class='ocrx_word' id='word_1_129' title='bbox 3324 574 3460 653; x_wconf 76' lang='lat' dir='ltr'><strong><em>nun-</em></strong></span> 
     </span>
    </p>
   </div>
   <div class='ocr_carea' id='block_1_24' title="bbox 1879 666 3458 763">
    <p class='ocr_par' dir='ltr' id='par_1_24' title="bbox 1879 666 3458 763">
     <span class='ocr_line' id='line_1_25' title="bbox 1879 666 3458 763; baseline 0.02 -47"><span class='ocrx_word' id='word_1_130' title='bbox 1879 680 2039 735; x_wconf 91' lang='lat' dir='ltr'><strong><em>quam</em></strong></span> <span class='ocrx_word' id='word_1_131' title='bbox 2070 666 2240 723; x_wconf 80' lang='lat' dir='ltr'><strong><em>fuisse</em></strong></span> <span class='ocrx_word' id='word_1_132' title='bbox 2260 668 2399 725; x_wconf 90' lang='lat' dir='ltr'><strong><em>idem</em></strong></span> <span class='ocrx_word' id='word_1_133' title='bbox 2423 675 2788 745; x_wconf 77' lang='lat' dir='ltr'><strong><em>opinabatur;</em></strong></span> <span class='ocrx_word' id='word_1_134' title='bbox 2823 683 2896 736; x_wconf 92' lang='lat' dir='ltr'><strong><em>ait</em></strong></span> <span class='ocrx_word' id='word_1_135' title='bbox 2918 686 3060 740; x_wconf 91' lang='lat' dir='ltr'><strong><em>enim</em></strong></span> <span class='ocrx_word' id='word_1_136' title='bbox 3093 688 3181 743; x_wconf 88' lang='lat' dir='ltr'><strong><em>lib.</em></strong></span> <span class='ocrx_word' id='word_1_137' title='bbox 3212 706 3269 744; x_wconf 86' lang='grc' dir='ltr'>ιιι</span> <span class='ocrx_word' id='word_1_138' title='bbox 3316 694 3458 763; x_wconf 70' lang='grc' dir='ltr'><strong><em>Περὶ</em></strong></span> 
     </span>
    </p>
   </div>
   <div class='ocr_carea' id='block_1_25' title="bbox 1878 757 3458 847">
    <p class='ocr_par' dir='ltr' id='par_1_25' title="bbox 1878 757 3458 847">
     <span class='ocr_line' id='line_1_26' title="bbox 1878 757 3458 847; baseline 0.018 -35"><span class='ocrx_word' id='word_1_139' title='bbox 1878 757 2099 827; x_wconf 81' lang='grc' dir='ltr'><strong><em>ἀρχῶν,</em></strong></span> <span class='ocrx_word' id='word_1_140' title='bbox 2146 774 2267 828; x_wconf 88' lang='lat' dir='ltr'><strong><em>cap.</em></strong></span> <span class='ocrx_word' id='word_1_141' title='bbox 2306 761 2364 827; x_wconf 85' lang='lat'><strong><em>5,</em></strong></span> <span class='ocrx_word' id='word_1_142' title='bbox 2414 781 2562 819; x_wconf 92' lang='lat' dir='ltr'><strong><em>num.</em></strong></span> <span class='ocrx_word' id='word_1_143' title='bbox 2597 768 2631 821; x_wconf 79' lang='grc'><strong>5</strong></span> <span class='ocrx_word' id='word_1_144' title='bbox 2672 787 2686 823; x_wconf 88' lang='lat'><strong><em>:</em></strong></span> <span class='ocrx_word' id='word_1_145' title='bbox 2746 791 2765 822; x_wconf 84' lang='grc' dir='ltr'>ι</span> <span class='ocrx_word' id='word_1_146' title='bbox 2815 771 2870 827; x_wconf 92' lang='lat' dir='ltr'><strong><em>Si</em></strong></span> <span class='ocrx_word' id='word_1_147' title='bbox 2911 778 3077 847; x_wconf 62' lang='lat' dir='ltr'><strong><em>cepit</em></strong></span> <span class='ocrx_word' id='word_1_148' title='bbox 3120 782 3352 837; x_wconf 90' lang='lat' dir='ltr'><strong><em>mundus</em></strong></span> <span class='ocrx_word' id='word_1_149' title='bbox 3391 757 3458 839; x_wconf 76' lang='lat' dir='ltr'><strong><em>ex</em></strong></span> 
     </span>
    </p>
   </div>
   <div class='ocr_carea' id='block_1_26' title="bbox 1881 854 3453 938">
    <p class='ocr_par' dir='ltr' id='par_1_26' title="bbox 1881 854 3453 938">
     <span class='ocr_line' id='line_1_27' title="bbox 1881 854 3453 938; baseline 0.015 -32"><span class='ocrx_word' id='word_1_150' title='bbox 1881 861 2122 921; x_wconf 90' lang='lat' dir='ltr'><strong><em>tempore</em></strong></span> <span class='ocrx_word' id='word_1_151' title='bbox 2148 892 2163 917; x_wconf 91' lang='lat'><strong><em>,</em></strong></span> <span class='ocrx_word' id='word_1_152' title='bbox 2200 854 2329 922; x_wconf 92' lang='lat' dir='ltr'><strong><em>quid</em></strong></span> <span class='ocrx_word' id='word_1_153' title='bbox 2361 868 2487 913; x_wconf 90' lang='lat' dir='ltr'><strong><em>ante</em></strong></span> <span class='ocrx_word' id='word_1_154' title='bbox 2520 858 2756 917; x_wconf 81' lang='lat' dir='ltr'><strong><em>faciebat</em></strong></span> <span class='ocrx_word' id='word_1_155' title='bbox 2804 864 2945 921; x_wconf 89' lang='lat' dir='ltr'><strong><em>Deus</em></strong></span> <span class='ocrx_word' id='word_1_156' title='bbox 2969 908 2984 932; x_wconf 92' lang='lat'><strong><em>,</em></strong></span> <span class='ocrx_word' id='word_1_157' title='bbox 3021 885 3183 938; x_wconf 89' lang='lat' dir='ltr'><strong><em>quam</em></strong></span> <span class='ocrx_word' id='word_1_158' title='bbox 3222 876 3453 931; x_wconf 88' lang='lat' dir='ltr'><strong><em>mundus</em></strong></span> 
     </span>
    </p>
   </div>
   <div class='ocr_carea' id='block_1_27' title="bbox 1878 945 3453 1020">
    <p class='ocr_par' dir='ltr' id='par_1_27' title="bbox 1878 945 3453 1020">
     <span class='ocr_line' id='line_1_28' title="bbox 1878 945 3453 1020; baseline 0.013 -22"><span class='ocrx_word' id='word_1_159' title='bbox 1878 945 2186 1014; x_wconf 80' lang='lat' dir='ltr'><strong><em>inciperet?</em></strong></span> <span class='ocrx_word' id='word_1_160' title='bbox 2223 948 2466 1004; x_wconf 88' lang='lat' dir='ltr'><strong><em>Otiosam</em></strong></span> <span class='ocrx_word' id='word_1_161' title='bbox 2508 953 2651 1005; x_wconf 89' lang='lat' dir='ltr'><strong><em>enim</em></strong></span> <span class='ocrx_word' id='word_1_162' title='bbox 2682 963 2738 1009; x_wconf 91' lang='lat' dir='ltr'><strong><em>et</em></strong></span> <span class='ocrx_word' id='word_1_163' title='bbox 2770 955 3099 1013; x_wconf 82' lang='lat' dir='ltr'><strong><em>immobilem</em></strong></span> <span class='ocrx_word' id='word_1_164' title='bbox 3138 964 3320 1018; x_wconf 81' lang='lat' dir='ltr'><strong><em>dicere</em></strong></span> <span class='ocrx_word' id='word_1_165' title='bbox 3360 983 3453 1020; x_wconf 89' lang='lat' dir='ltr'><strong><em>na-</em></strong></span> 
     </span>
    </p>
   </div>
   <div class='ocr_carea' id='block_1_28' title="bbox 1877 1040 3454 1123">
    <p class='ocr_par' dir='ltr' id='par_1_28' title="bbox 1877 1040 3454 1123">
     <span class='ocr_line' id='line_1_29' title="bbox 1877 1040 3454 1123; baseline 0.015 -34"><span class='ocrx_word' id='word_1_166' title='bbox 1877 1046 2054 1092; x_wconf 91' lang='lat' dir='ltr'><strong><em>turam</em></strong></span> <span class='ocrx_word' id='word_1_167' title='bbox 2098 1040 2234 1103; x_wconf 88' lang='lat' dir='ltr'><strong><em>Dei,</em></strong></span> <span class='ocrx_word' id='word_1_168' title='bbox 2280 1041 2506 1111; x_wconf 90' lang='lat' dir='ltr'><strong><em>impium</em></strong></span> <span class='ocrx_word' id='word_1_169' title='bbox 2543 1055 2627 1098; x_wconf 91' lang='lat' dir='ltr'><strong><em>est</em></strong></span> <span class='ocrx_word' id='word_1_170' title='bbox 2663 1047 2823 1101; x_wconf 87' lang='lat' dir='ltr'><strong><em>simul</em></strong></span> <span class='ocrx_word' id='word_1_171' title='bbox 2873 1059 2928 1104; x_wconf 93' lang='lat' dir='ltr'><strong><em>et</em></strong></span> <span class='ocrx_word' id='word_1_172' title='bbox 2978 1051 3271 1108; x_wconf 57' lang='lat' dir='ltr'><strong><em>absurdum</em></strong></span> <span class='ocrx_word' id='word_1_173' title='bbox 3300 1098 3315 1123; x_wconf 89' lang='lat'><strong><em>,</em></strong></span> <span class='ocrx_word' id='word_1_174' title='bbox 3365 1059 3454 1113; x_wconf 85' lang='lat' dir='ltr'><strong><em>vel</em></strong></span> 
     </span>
    </p>
   </div>
   <div class='ocr_carea' id='block_1_29' title="bbox 1877 1132 3448 1214">
    <p class='ocr_par' dir='ltr' id='par_1_29' title="bbox 1877 1132 3448 1214">
     <span class='ocr_line' id='line_1_30' title="bbox 1877 1132 3448 1214; baseline 0.017 -37"><span class='ocrx_word' id='word_1_175' title='bbox 1877 1136 2065 1195; x_wconf 90' lang='lat' dir='ltr'><strong><em>putare</em></strong></span> <span class='ocrx_word' id='word_1_176' title='bbox 2098 1132 2243 1201; x_wconf 89' lang='lat' dir='ltr'><strong><em>quod</em></strong></span> <span class='ocrx_word' id='word_1_177' title='bbox 2301 1133 2513 1187; x_wconf 81' lang='lat' dir='ltr'><strong><em>bonitas</em></strong></span> <span class='ocrx_word' id='word_1_178' title='bbox 2556 1134 2843 1205; x_wconf 77' lang='lat' dir='ltr'><strong><em>aliquando</em></strong></span> <span class='ocrx_word' id='word_1_179' title='bbox 2890 1139 3029 1196; x_wconf 82' lang='lat' dir='ltr'><strong><em>bene</em></strong></span> <span class='ocrx_word' id='word_1_180' title='bbox 3067 1159 3169 1199; x_wconf 90' lang='lat' dir='ltr'><strong><em>non</em></strong></span> <span class='ocrx_word' id='word_1_181' title='bbox 3218 1145 3448 1214; x_wconf 79' lang='lat' dir='ltr'><strong><em>fecerit,</em></strong></span> 
     </span>
    </p>
   </div>
   <div class='ocr_carea' id='block_1_30' title="bbox 1877 1220 3450 1307">
    <p class='ocr_par' dir='ltr' id='par_1_30' title="bbox 1877 1220 3450 1307">
     <span class='ocr_line' id='line_1_31' title="bbox 1877 1220 3450 1307; baseline 0.015 -36"><span class='ocrx_word' id='word_1_182' title='bbox 1877 1220 1956 1275; x_wconf 89' lang='lat' dir='ltr'><strong><em>vel</em></strong></span> <span class='ocrx_word' id='word_1_183' title='bbox 2013 1224 2403 1291; x_wconf 85' lang='lat' dir='ltr'><strong><em>omnipotentia</em></strong></span> <span class='ocrx_word' id='word_1_184' title='bbox 2465 1228 2756 1298; x_wconf 82' lang='lat' dir='ltr'><strong><em>aliquando</em></strong></span> <span class='ocrx_word' id='word_1_185' title='bbox 2807 1248 2913 1287; x_wconf 92' lang='lat' dir='ltr'><strong><em>non</em></strong></span> <span class='ocrx_word' id='word_1_186' title='bbox 2971 1237 3141 1303; x_wconf 76' lang='lat' dir='ltr'><strong><em>egerit</em></strong></span> <span class='ocrx_word' id='word_1_187' title='bbox 3195 1251 3450 1307; x_wconf 87' lang='lat' dir='ltr'><strong><em>potenta-</em></strong></span> 
     </span>
    </p>
   </div>
   <div class='ocr_carea' id='block_1_31' title="bbox 1876 1317 3449 1392">
    <p class='ocr_par' dir='ltr' id='par_1_31' title="bbox 1876 1317 3449 1392">
     <span class='ocr_line' id='line_1_32' title="bbox 1876 1317 3449 1392; baseline 0.014 -25"><span class='ocrx_word' id='word_1_188' title='bbox 1876 1325 2009 1369; x_wconf 90' lang='lat' dir='ltr'><strong><em>tttm.</em></strong></span> <span class='ocrx_word' id='word_1_189' title='bbox 2058 1336 2076 1367; x_wconf 72' lang='grc' dir='ltr'>ι</span> <span class='ocrx_word' id='word_1_190' title='bbox 2108 1317 2274 1381; x_wconf 84' lang='lat' dir='ltr'><strong><em>Igitur</em></strong></span> <span class='ocrx_word' id='word_1_191' title='bbox 2307 1334 2371 1372; x_wconf 90' lang='lat' dir='ltr'><strong><em>ne</em></strong></span> <span class='ocrx_word' id='word_1_192' title='bbox 2404 1321 2697 1376; x_wconf 90' lang='lat' dir='ltr'><strong><em>rationales</em></strong></span> <span class='ocrx_word' id='word_1_193' title='bbox 2727 1325 2944 1392; x_wconf 90' lang='lat' dir='ltr'><strong><em>quidem</em></strong></span> <span class='ocrx_word' id='word_1_194' title='bbox 2982 1342 3190 1383; x_wconf 66' lang='lat' dir='ltr'><strong><em>natura:</em></strong></span> <span class='ocrx_word' id='word_1_195' title='bbox 3210 1346 3276 1385; x_wconf 89' lang='lat' dir='ltr'><strong><em>ex</em></strong></span> <span class='ocrx_word' id='word_1_196' title='bbox 3312 1343 3449 1388; x_wconf 63' lang='lat' dir='ltr'><strong><em>temu</em></strong></span> 
     </span>
    </p>
   </div>
   <div class='ocr_carea' id='block_1_32' title="bbox 1874 1412 3446 1491">
    <p class='ocr_par' dir='ltr' id='par_1_32' title="bbox 1874 1412 3446 1491">
     <span class='ocr_line' id='line_1_33' title="bbox 1874 1412 3446 1491; baseline 0.013 -30"><span class='ocrx_word' id='word_1_197' title='bbox 1874 1422 2003 1477; x_wconf 90' lang='lat' dir='ltr'><strong><em>pore</em></strong></span> <span class='ocrx_word' id='word_1_198' title='bbox 2042 1423 2162 1463; x_wconf 90' lang='lat' dir='ltr'><strong><em>esse</em></strong></span> <span class='ocrx_word' id='word_1_199' title='bbox 2200 1421 2500 1479; x_wconf 60' lang='lat' dir='ltr'><strong><em>coeperunt.</em></strong></span> <span class='ocrx_word' id='word_1_200' title='bbox 2545 1412 2698 1469; x_wconf 91' lang='lat' dir='ltr'><strong><em>Unde</em></strong></span> <span class='ocrx_word' id='word_1_201' title='bbox 2732 1420 3043 1473; x_wconf 85' lang='lat' dir='ltr'><strong><em>necessario</em></strong></span> <span class='ocrx_word' id='word_1_202' title='bbox 3077 1424 3325 1491; x_wconf 82' lang='lat' dir='ltr'><strong><em>sequitur</em></strong></span> <span class='ocrx_word' id='word_1_203' title='bbox 3352 1442 3446 1481; x_wconf 88' lang='lat' dir='ltr'><strong><em>eas</em></strong></span> 
     </span>
    </p>
   </div>
   <div class='ocr_carea' id='block_1_33' title="bbox 1872 1496 3446 1577">
    <p class='ocr_par' dir='ltr' id='par_1_33' title="bbox 1872 1496 3446 1577">
     <span class='ocr_line' id='line_1_34' title="bbox 1872 1496 3446 1577; baseline 0.013 -26"><span class='ocrx_word' id='word_1_204' title='bbox 1872 1496 1939 1552; x_wconf 93' lang='lat' dir='ltr'><strong><em>ab</em></strong></span> <span class='ocrx_word' id='word_1_205' title='bbox 1975 1501 2122 1553; x_wconf 88' lang='lat' dir='ltr'><strong><em>omni</em></strong></span> <span class='ocrx_word' id='word_1_206' title='bbox 2165 1516 2279 1557; x_wconf 60' lang='lat' dir='ltr'><strong><em>aevo</em></strong></span> <span class='ocrx_word' id='word_1_207' title='bbox 2329 1505 2577 1560; x_wconf 90' lang='lat' dir='ltr'><strong><em>conditas</em></strong></span> <span class='ocrx_word' id='word_1_208' title='bbox 2628 1522 2657 1561; x_wconf 91' lang='lat' dir='ltr'><strong><em>a</em></strong></span> <span class='ocrx_word' id='word_1_209' title='bbox 2711 1508 2824 1563; x_wconf 92' lang='lat' dir='ltr'><strong><em>Deo</em></strong></span> <span class='ocrx_word' id='word_1_210' title='bbox 2863 1508 3058 1577; x_wconf 84' lang='lat' dir='ltr'><strong><em>fuisse;</em></strong></span> <span class='ocrx_word' id='word_1_211' title='bbox 3118 1523 3229 1567; x_wconf 91' lang='lat' dir='ltr'><strong><em>tum</em></strong></span> <span class='ocrx_word' id='word_1_212' title='bbox 3280 1518 3446 1571; x_wconf 87' lang='lat' dir='ltr'><strong><em>variis</em></strong></span> 
     </span>
    </p>
   </div>
   <div class='ocr_carea' id='block_1_34' title="bbox 1871 1590 3443 1673">
    <p class='ocr_par' dir='ltr' id='par_1_34' title="bbox 1871 1590 3443 1673">
     <span class='ocr_line' id='line_1_35' title="bbox 1871 1590 3443 1673; baseline 0.013 -31"><span class='ocrx_word' id='word_1_213' title='bbox 1871 1590 2046 1644; x_wconf 91' lang='lat' dir='ltr'><strong><em>modis</em></strong></span> <span class='ocrx_word' id='word_1_214' title='bbox 2092 1591 2388 1649; x_wconf 83' lang='lat' dir='ltr'><strong><em>voluntatis</em></strong></span> <span class='ocrx_word' id='word_1_215' title='bbox 2428 1594 2680 1652; x_wconf 90' lang='lat' dir='ltr'><strong><em>libertate</em></strong></span> <span class='ocrx_word' id='word_1_216' title='bbox 2709 1614 2836 1655; x_wconf 89' lang='lat' dir='ltr'><strong><em>usas</em></strong></span> <span class='ocrx_word' id='word_1_217' title='bbox 2863 1638 2879 1665; x_wconf 92' lang='lat'><strong><em>,</em></strong></span> <span class='ocrx_word' id='word_1_218' title='bbox 2936 1603 3035 1658; x_wconf 84' lang='lat' dir='ltr'><strong><em>bas</em></strong></span> <span class='ocrx_word' id='word_1_219' title='bbox 3074 1614 3221 1659; x_wconf 89' lang='lat' dir='ltr'><strong><em>recte</em></strong></span> <span class='ocrx_word' id='word_1_220' title='bbox 3245 1648 3260 1673; x_wconf 96' lang='lat'><strong><em>,</em></strong></span> <span class='ocrx_word' id='word_1_221' title='bbox 3298 1607 3443 1664; x_wconf 89' lang='lat' dir='ltr'><strong><em>male</em></strong></span> 
     </span>
    </p>
   </div>
   <div class='ocr_carea' id='block_1_35' title="bbox 1871 1680 3438 1766">
    <p class='ocr_par' dir='ltr' id='par_1_35' title="bbox 1871 1680 3438 1766">
     <span class='ocr_line' id='line_1_36' title="bbox 1871 1680 3438 1766; baseline 0.013 -33"><span class='ocrx_word' id='word_1_222' title='bbox 1871 1680 1991 1736; x_wconf 90' lang='lat' dir='ltr'><strong><em>illas</em></strong></span> <span class='ocrx_word' id='word_1_223' title='bbox 2029 1683 2205 1753; x_wconf 84' lang='lat' dir='ltr'><strong><em>egisse</em></strong></span> <span class='ocrx_word' id='word_1_224' title='bbox 2228 1724 2242 1749; x_wconf 89' lang='lat'><strong><em>,</em></strong></span> <span class='ocrx_word' id='word_1_225' title='bbox 2280 1688 2585 1756; x_wconf 88' lang='lat' dir='ltr'><strong><em>statimque</em></strong></span> <span class='ocrx_word' id='word_1_226' title='bbox 2616 1689 2912 1747; x_wconf 89' lang='lat' dir='ltr'><strong><em>sceleribus</em></strong></span> <span class='ocrx_word' id='word_1_227' title='bbox 2940 1709 3122 1748; x_wconf 70' lang='lat' dir='ltr'><strong><em>suum</em></strong></span> <span class='ocrx_word' id='word_1_228' title='bbox 3154 1698 3438 1766; x_wconf 83' lang='lat' dir='ltr'><strong><em>expiandis</em></strong></span> 
     </span>
    </p>
   </div>
   <div class='ocr_carea' id='block_1_36' title="bbox 1870 1771 3440 1856">
    <p class='ocr_par' dir='ltr' id='par_1_36' title="bbox 1870 1771 3440 1856">
     <span class='ocr_line' id='line_1_37' title="bbox 1870 1771 3440 1856; baseline 0.015 -31"><span class='ocrx_word' id='word_1_229' title='bbox 1870 1775 2129 1828; x_wconf 89' lang='lat' dir='ltr'><strong><em>mundum</em></strong></span> <span class='ocrx_word' id='word_1_230' title='bbox 2179 1775 2348 1832; x_wconf 85' lang='lat' dir='ltr'><strong><em>fuisse</em></strong></span> <span class='ocrx_word' id='word_1_231' title='bbox 2396 1771 2751 1836; x_wconf 72' lang='lat' dir='ltr'><strong><em>fabrefacmm</em></strong></span> <span class='ocrx_word' id='word_1_232' title='bbox 2803 1784 2855 1839; x_wconf 91' lang='lat' dir='ltr'><strong><em>in</em></strong></span> <span class='ocrx_word' id='word_1_233' title='bbox 2901 1801 3060 1856; x_wconf 89' lang='lat' dir='ltr'><strong><em>quem</em></strong></span> <span class='ocrx_word' id='word_1_234' title='bbox 3094 1790 3440 1848; x_wconf 85' lang='lat' dir='ltr'><strong><em>detruderen-</em></strong></span> 
     </span>
    </p>
   </div>
   <div class='ocr_carea' id='block_1_37' title="bbox 167 1823 1740 1942">
    <p class='ocr_par' dir='ltr' id='par_1_37' title="bbox 167 1823 1740 1942">
     <span class='ocr_line' id='line_1_38' title="bbox 167 1823 1740 1912; baseline 0.015 -37"><span class='ocrx_word' id='word_1_235' title='bbox 167 1823 533 1892; x_wconf 91' lang='lat' dir='ltr'><strong><em>appellantur,</em></strong></span> <span class='ocrx_word' id='word_1_236' title='bbox 591 1832 1138 1901; x_wconf 83' lang='lat' dir='ltr'><strong><em>comprehendimus,</em></strong></span> <span class='ocrx_word' id='word_1_237' title='bbox 1190 1840 1443 1906; x_wconf 88' lang='lat' dir='ltr'><strong><em>quoniam</em></strong></span> <span class='ocrx_word' id='word_1_238' title='bbox 1488 1844 1740 1912; x_wconf 85' lang='lat' dir='ltr'><strong><em>permista</em></strong></span> 
     </span>
     <span class='ocr_line' id='line_1_39' title="bbox 167 1921 1683 1942; baseline 0.015 -11"><span class='ocrx_word' id='word_1_239' title='bbox 167 1923 358 1942; x_wconf 43' lang='lat' dir='ltr'><strong><em>MM,“</em></strong></span> <span class='ocrx_word' id='word_1_240' title='bbox 410 1931 507 1942; x_wconf 56' lang='grc' dir='ltr'>η,</span> <span class='ocrx_word' id='word_1_241' title='bbox 567 1928 614 1942; x_wconf 68' lang='grc'><strong><em>,,</em></strong></span> <span class='ocrx_word' id='word_1_242' title='bbox 654 1921 926 1942; x_wconf 30' lang='lat' dir='ltr'><strong><em>“Lm”-</em></strong></span> <span class='ocrx_word' id='word_1_243' title='bbox 1158 1936 1169 1942; x_wconf 83' lang='lat'><strong><em>-</em></strong></span> <span class='ocrx_word' id='word_1_244' title='bbox 1626 1936 1683 1942; x_wconf 83' lang='lat'><strong><em>--</em></strong></span> 
     </span>
    </p>
   </div>
   <div class='ocr_carea' id='block_1_38' title="bbox 1831 1823 3439 1942">
    <p class='ocr_par' dir='ltr' id='par_1_38' title="bbox 1858 1823 3439 1942">
     <span class='ocr_line' id='line_1_40' title="bbox 1871 1823 3439 1856; baseline 0.015 -31"><span class='ocrx_word' id='word_1_245' title='bbox 1871 1823 1901 1825; x_wconf 58' lang='grc' dir='ltr'>η</span> <span class='ocrx_word' id='word_1_246' title='bbox 1948 1823 2129 1828; x_wconf 51' lang='lat'><strong><em>.-_.__---</em></strong></span> <span class='ocrx_word' id='word_1_247' title='bbox 2179 1823 2348 1832; x_wconf 66' lang='grc' dir='ltr'><strong><em>-.ην-..ν</em></strong></span> <span class='ocrx_word' id='word_1_248' title='bbox 2396 1823 2751 1836; x_wconf 77' lang='grc' dir='ltr'><strong><em>--ιυ-υ-υινιυιιι</em></strong></span> <span class='ocrx_word' id='word_1_249' title='bbox 2804 1823 2855 1839; x_wconf 87' lang='lat' dir='ltr'><strong>III</strong></span> <span class='ocrx_word' id='word_1_250' title='bbox 2902 1823 3060 1856; x_wconf 67' lang='lat' dir='ltr'><strong><em>llllblll</em></strong></span> <span class='ocrx_word' id='word_1_251' title='bbox 3094 1823 3439 1848; x_wconf 71' lang='grc' dir='ltr'>υυιιιιυῠιυυ·</span> 
     </span>
     <span class='ocr_line' id='line_1_41' title="bbox 1858 1867 3439 1942; baseline 0.015 -26"><span class='ocrx_word' id='word_1_252' title='bbox 1858 1872 1965 1930; x_wconf 92' lang='lat' dir='ltr'><strong><em>tur,</em></strong></span> <span class='ocrx_word' id='word_1_253' title='bbox 1999 1867 2133 1921; x_wconf 91' lang='lat' dir='ltr'><strong><em>adeo</em></strong></span> <span class='ocrx_word' id='word_1_254' title='bbox 2154 1877 2209 1920; x_wconf 90' lang='lat' dir='ltr'><strong><em>ut</em></strong></span> <span class='ocrx_word' id='word_1_255' title='bbox 2236 1870 2347 1924; x_wconf 66' lang='lat' dir='ltr'><strong><em>haec</em></strong></span> <span class='ocrx_word' id='word_1_256' title='bbox 2379 1885 2437 1925; x_wconf 91' lang='lat' dir='ltr'><strong><em>re</em></strong></span> <span class='ocrx_word' id='word_1_257' title='bbox 2465 1870 2590 1927; x_wconf 92' lang='lat' dir='ltr'><strong><em>licet</em></strong></span> <span class='ocrx_word' id='word_1_258' title='bbox 2618 1875 2854 1942; x_wconf 86' lang='lat' dir='ltr'><strong><em>diversa,</em></strong></span> <span class='ocrx_word' id='word_1_259' title='bbox 2886 1878 3046 1932; x_wconf 91' lang='lat' dir='ltr'><strong><em>simul</em></strong></span> <span class='ocrx_word' id='word_1_260' title='bbox 3081 1888 3258 1937; x_wconf 88' lang='lat' dir='ltr'><strong><em>tamen</em></strong></span> <span class='ocrx_word' id='word_1_261' title='bbox 3311 1900 3439 1939; x_wconf 84' lang='lat' dir='ltr'><strong><em>con-</em></strong></span> 
     </span>
    </p>
   </div>
   <div class='ocr_carea' id='block_1_39' title="bbox 165 1921 1742 2003">
    <p class='ocr_par' dir='ltr' id='par_1_39' title="bbox 165 1921 1742 2003">
     <span class='ocr_line' id='line_1_42' title="bbox 165 1921 1742 2003; baseline 0.016 -38"><span class='ocrx_word' id='word_1_262' title='bbox 165 1923 359 1983; x_wconf 86' lang='lat' dir='ltr'><strong><em>spoate</em></strong></span> <span class='ocrx_word' id='word_1_263' title='bbox 409 1931 509 1971; x_wconf 89' lang='lat' dir='ltr'><strong><em>sua</em></strong></span> <span class='ocrx_word' id='word_1_264' title='bbox 563 1928 618 1972; x_wconf 91' lang='lat' dir='ltr'><strong><em>et</em></strong></span> <span class='ocrx_word' id='word_1_265' title='bbox 651 1921 929 1979; x_wconf 73' lang='lat' dir='ltr'><strong><em>cohzerens</em></strong></span> <span class='ocrx_word' id='word_1_266' title='bbox 980 1934 1064 1979; x_wconf 91' lang='lat' dir='ltr'><strong><em>est</em></strong></span> <span class='ocrx_word' id='word_1_267' title='bbox 1115 1936 1474 2003; x_wconf 88' lang='lat' dir='ltr'><strong><em>utrorumque</em></strong></span> <span class='ocrx_word' id='word_1_268' title='bbox 1528 1936 1742 1991; x_wconf 85' lang='lat' dir='ltr'><strong><em>notitia.</em></strong></span> 
     </span>
    </p>
   </div>
   <div class='ocr_carea' id='block_1_40' title="bbox 180 2001 1745 2084">
    <p class='ocr_par' dir='ltr' id='par_1_40' title="bbox 180 2001 1745 2084">
     <span class='ocr_line' id='line_1_43' title="bbox 180 2001 1745 2084; baseline 0.017 -28"><span class='ocrx_word' id='word_1_269' title='bbox 180 2001 381 2059; x_wconf 86' lang='lat' dir='ltr'><strong><em>Horum</em></strong></span> <span class='ocrx_word' id='word_1_270' title='bbox 445 2018 694 2064; x_wconf 89' lang='lat' dir='ltr'><strong><em>naturam</em></strong></span> <span class='ocrx_word' id='word_1_271' title='bbox 757 2016 869 2068; x_wconf 87' lang='lat' dir='ltr'><strong><em>suis</em></strong></span> <span class='ocrx_word' id='word_1_272' title='bbox 929 2020 1262 2084; x_wconf 91' lang='lat' dir='ltr'><strong><em>temporibus</em></strong></span> <span class='ocrx_word' id='word_1_273' title='bbox 1323 2001 1559 2079; x_wconf 89' lang='lat' dir='ltr'><strong><em>nondum</em></strong></span> <span class='ocrx_word' id='word_1_274' title='bbox 1614 2028 1745 2083; x_wconf 90' lang='lat' dir='ltr'><strong><em>satis</em></strong></span> 
     </span>
    </p>
   </div>
   <div class='ocr_carea' id='block_1_41' title="bbox 164 2099 1745 2176">
    <p class='ocr_par' dir='ltr' id='par_1_41' title="bbox 164 2099 1745 2176">
     <span class='ocr_line' id='line_1_44' title="bbox 164 2099 1745 2176; baseline 0.018 -29"><span class='ocrx_word' id='word_1_275' title='bbox 164 2106 348 2165; x_wconf 90' lang='lat' dir='ltr'><strong><em>aperte</em></strong></span> <span class='ocrx_word' id='word_1_276' title='bbox 379 2099 549 2155; x_wconf 82' lang='lat' dir='ltr'><strong><em>fuisse</em></strong></span> <span class='ocrx_word' id='word_1_277' title='bbox 582 2104 850 2174; x_wconf 85' lang='lat' dir='ltr'><strong><em>cognitam</em></strong></span> <span class='ocrx_word' id='word_1_278' title='bbox 875 2148 892 2173; x_wconf 93' lang='lat'><strong><em>,</em></strong></span> <span class='ocrx_word' id='word_1_279' title='bbox 927 2125 1027 2166; x_wconf 89' lang='lat' dir='ltr'><strong><em>nec</em></strong></span> <span class='ocrx_word' id='word_1_280' title='bbox 1053 2111 1304 2169; x_wconf 71' lang='lat' dir='ltr'><strong><em>Ecclesia:</em></strong></span> <span class='ocrx_word' id='word_1_281' title='bbox 1334 2117 1745 2176; x_wconf 82' lang='lat' dir='ltr'><strong><em>deﬁnitionibus</em></strong></span> 
     </span>
    </p>
   </div>
   <div class='ocr_carea' id='block_1_42' title="bbox 161 2189 1739 2276">
    <p class='ocr_par' dir='ltr' id='par_1_42' title="bbox 161 2189 1739 2276">
     <span class='ocr_line' id='line_1_45' title="bbox 161 2189 1739 2276; baseline 0.017 -34"><span class='ocrx_word' id='word_1_282' title='bbox 161 2189 512 2257; x_wconf 79' lang='lat' dir='ltr'><strong><em>explanatam</em></strong></span> <span class='ocrx_word' id='word_1_283' title='bbox 545 2198 733 2252; x_wconf 91' lang='lat' dir='ltr'><strong><em>scribit</em></strong></span> <span class='ocrx_word' id='word_1_284' title='bbox 780 2200 1043 2273; x_wconf 89' lang='lat' dir='ltr'><strong><em>Origenes</em></strong></span> <span class='ocrx_word' id='word_1_285' title='bbox 1079 2206 1130 2261; x_wconf 91' lang='lat' dir='ltr'><strong><em>in</em></strong></span> <span class='ocrx_word' id='word_1_286' title='bbox 1184 2211 1447 2276; x_wconf 63' lang='lat' dir='ltr'><strong><em>prooemio</em></strong></span> <span class='ocrx_word' id='word_1_287' title='bbox 1477 2212 1739 2269; x_wconf 90' lang='lat' dir='ltr'><strong><em>librorum</em></strong></span> 
     </span>
    </p>
   </div>
   <div class='ocr_carea' id='block_1_43' title="bbox 159 2280 1745 2361">
    <p class='ocr_par' dir='ltr' id='par_1_43' title="bbox 159 2280 1745 2361">
     <span class='ocr_line' id='line_1_46' title="bbox 159 2280 1745 2361; baseline 0.019 -29"><span class='ocrx_word' id='word_1_288' title='bbox 159 2280 298 2350; x_wconf 79' lang='grc' dir='ltr'><strong><em>Περὶ</em></strong></span> <span class='ocrx_word' id='word_1_289' title='bbox 324 2282 553 2353; x_wconf 82' lang='grc' dir='ltr'><strong><em>ἀρχῶν,</em></strong></span> <span class='ocrx_word' id='word_1_290' title='bbox 578 2304 725 2344; x_wconf 92' lang='lat' dir='ltr'><strong><em>num.</em></strong></span> <span class='ocrx_word' id='word_1_291' title='bbox 754 2292 818 2346; x_wconf 86' lang='lat' dir='ltr'><strong><em>IO</em></strong></span> <span class='ocrx_word' id='word_1_292' title='bbox 846 2310 859 2346; x_wconf 91' lang='lat'><strong>:</strong></span> <span class='ocrx_word' id='word_1_293' title='bbox 886 2312 904 2344; x_wconf 86' lang='grc' dir='ltr'>ι</span> <span class='ocrx_word' id='word_1_294' title='bbox 928 2294 1023 2350; x_wconf 91' lang='lat' dir='ltr'><strong><em>Est</em></strong></span> <span class='ocrx_word' id='word_1_295' title='bbox 1050 2298 1212 2353; x_wconf 89' lang='lat' dir='ltr'><strong><em>etiam</em></strong></span> <span class='ocrx_word' id='word_1_296' title='bbox 1245 2300 1372 2355; x_wconf 89' lang='lat' dir='ltr'><strong><em>illud</em></strong></span> <span class='ocrx_word' id='word_1_297' title='bbox 1406 2303 1456 2357; x_wconf 93' lang='lat' dir='ltr'><strong><em>in</em></strong></span> <span class='ocrx_word' id='word_1_298' title='bbox 1487 2305 1745 2361; x_wconf 87' lang='lat' dir='ltr'><strong><em>ecclesia-</em></strong></span> 
     </span>
    </p>
   </div>
   <div class='ocr_carea' id='block_1_44' title="bbox 161 2372 1738 2463">
    <p class='ocr_par' dir='ltr' id='par_1_44' title="bbox 161 2372 1738 2463">
     <span class='ocr_line' id='line_1_47' title="bbox 161 2372 1738 2463; baseline 0.018 -37"><span class='ocrx_word' id='word_1_299' title='bbox 161 2372 296 2427; x_wconf 89' lang='lat' dir='ltr'><strong><em>stica</em></strong></span> <span class='ocrx_word' id='word_1_300' title='bbox 335 2378 722 2443; x_wconf 61' lang='lat' dir='ltr'><strong><em>prmdicatione</em></strong></span> <span class='ocrx_word' id='word_1_301' title='bbox 750 2423 765 2446; x_wconf 94' lang='lat'><strong><em>,</em></strong></span> <span class='ocrx_word' id='word_1_302' title='bbox 796 2396 917 2441; x_wconf 86' lang='lat' dir='ltr'><strong><em>esse</em></strong></span> <span class='ocrx_word' id='word_1_303' title='bbox 946 2389 1166 2459; x_wconf 90' lang='lat' dir='ltr'><strong><em>angelos</em></strong></span> <span class='ocrx_word' id='word_1_304' title='bbox 1200 2392 1289 2446; x_wconf 89' lang='lat' dir='ltr'><strong><em>Dei</em></strong></span> <span class='ocrx_word' id='word_1_305' title='bbox 1334 2396 1598 2463; x_wconf 88' lang='lat' dir='ltr'><strong><em>quosdam</em></strong></span> <span class='ocrx_word' id='word_1_306' title='bbox 1630 2439 1645 2463; x_wconf 96' lang='lat'><strong><em>,</em></strong></span> <span class='ocrx_word' id='word_1_307' title='bbox 1683 2408 1738 2454; x_wconf 87' lang='lat' dir='ltr'><strong><em>et</em></strong></span> 
     </span>
    </p>
   </div>
   <div class='ocr_carea' id='block_1_45' title="bbox 158 2462 1738 2542">
    <p class='ocr_par' dir='ltr' id='par_1_45' title="bbox 158 2462 1738 2542">
     <span class='ocr_line' id='line_1_48' title="bbox 158 2462 1738 2542; baseline 0.016 -26"><span class='ocrx_word' id='word_1_308' title='bbox 158 2462 385 2520; x_wconf 84' lang='lat' dir='ltr'><strong><em>virtutes</em></strong></span> <span class='ocrx_word' id='word_1_309' title='bbox 420 2469 615 2533; x_wconf 88' lang='lat' dir='ltr'><strong><em>bonas,</em></strong></span> <span class='ocrx_word' id='word_1_310' title='bbox 646 2472 737 2540; x_wconf 90' lang='lat' dir='ltr'><strong><em>qui</em></strong></span> <span class='ocrx_word' id='word_1_311' title='bbox 774 2474 823 2529; x_wconf 90' lang='lat' dir='ltr'><strong><em>ei</em></strong></span> <span class='ocrx_word' id='word_1_312' title='bbox 864 2476 1171 2535; x_wconf 85' lang='lat' dir='ltr'><strong><em>ministrant</em></strong></span> <span class='ocrx_word' id='word_1_313' title='bbox 1198 2482 1265 2536; x_wconf 92' lang='lat' dir='ltr'><strong><em>ad</em></strong></span> <span class='ocrx_word' id='word_1_314' title='bbox 1301 2462 1531 2540; x_wconf 85' lang='lat' dir='ltr'><strong><em>salutem</em></strong></span> <span class='ocrx_word' id='word_1_315' title='bbox 1559 2488 1738 2542; x_wconf 82' lang='lat' dir='ltr'><strong><em>homi-</em></strong></span> 
     </span>
    </p>
   </div>
   <div class='ocr_carea' id='block_1_46' title="bbox 157 2549 1733 2653">
    <p class='ocr_par' dir='ltr' id='par_1_46' title="bbox 157 2549 1733 2653">
     <span class='ocr_line' id='line_1_49' title="bbox 157 2549 1733 2653; baseline 0.018 -43"><span class='ocrx_word' id='word_1_316' title='bbox 157 2574 281 2612; x_wconf 90' lang='lat' dir='ltr'><strong><em>num</em></strong></span> <span class='ocrx_word' id='word_1_317' title='bbox 314 2549 805 2621; x_wconf 83' lang='lat' dir='ltr'><strong><em>consummandam</em></strong></span> <span class='ocrx_word' id='word_1_318' title='bbox 832 2586 846 2635; x_wconf 91' lang='lat'><strong>;</strong></span> <span class='ocrx_word' id='word_1_319' title='bbox 878 2570 972 2624; x_wconf 90' lang='lat' dir='ltr'><strong><em>sed</em></strong></span> <span class='ocrx_word' id='word_1_320' title='bbox 1000 2576 1220 2641; x_wconf 86' lang='lat' dir='ltr'><strong><em>quando</em></strong></span> <span class='ocrx_word' id='word_1_321' title='bbox 1251 2576 1334 2631; x_wconf 85' lang='lat' dir='ltr'><strong><em>isti</em></strong></span> <span class='ocrx_word' id='word_1_322' title='bbox 1366 2581 1534 2635; x_wconf 88' lang='lat' dir='ltr'><strong><em>creati</em></strong></span> <span class='ocrx_word' id='word_1_323' title='bbox 1585 2585 1733 2653; x_wconf 88' lang='lat' dir='ltr'><strong><em>sint,</em></strong></span> 
     </span>
    </p>
   </div>
   <div class='ocr_carea' id='block_1_47' title="bbox 155 2649 1727 2731">
    <p class='ocr_par' dir='ltr' id='par_1_47' title="bbox 155 2649 1727 2731">
     <span class='ocr_line' id='line_1_50' title="bbox 155 2649 1727 2731; baseline 0.02 -31"><span class='ocrx_word' id='word_1_324' title='bbox 155 2649 481 2722; x_wconf 80' lang='lat' dir='ltr'><strong><em>veLquales,</em></strong></span> <span class='ocrx_word' id='word_1_325' title='bbox 514 2662 606 2707; x_wconf 91' lang='lat' dir='ltr'><strong><em>aut</em></strong></span> <span class='ocrx_word' id='word_1_326' title='bbox 634 2660 904 2726; x_wconf 89' lang='lat' dir='ltr'><strong><em>quomodo</em></strong></span> <span class='ocrx_word' id='word_1_327' title='bbox 935 2662 1065 2730; x_wconf 86' lang='lat' dir='ltr'><strong><em>sint,</em></strong></span> <span class='ocrx_word' id='word_1_328' title='bbox 1096 2681 1202 2719; x_wconf 90' lang='lat' dir='ltr'><strong><em>non</em></strong></span> <span class='ocrx_word' id='word_1_329' title='bbox 1236 2668 1369 2725; x_wconf 89' lang='lat' dir='ltr'><strong><em>satis</em></strong></span> <span class='ocrx_word' id='word_1_330' title='bbox 1401 2671 1452 2726; x_wconf 93' lang='lat' dir='ltr'><strong><em>in</em></strong></span> <span class='ocrx_word' id='word_1_331' title='bbox 1490 2649 1727 2731; x_wconf 38' lang='lat' dir='ltr'><strong><em>manife;</em></strong></span> 
     </span>
    </p>
   </div>
   <div class='ocr_carea' id='block_1_48' title="bbox 155 2746 1730 2825">
    <p class='ocr_par' dir='ltr' id='par_1_48' title="bbox 155 2746 1730 2825">
     <span class='ocr_line' id='line_1_51' title="bbox 155 2746 1730 2825; baseline 0.018 -30"><span class='ocrx_word' id='word_1_332' title='bbox 155 2752 238 2797; x_wconf 88' lang='lat' dir='ltr'><strong><em>sto</em></strong></span> <span class='ocrx_word' id='word_1_333' title='bbox 270 2746 609 2817; x_wconf 86' lang='lat' dir='ltr'><strong><em>designatur.</em></strong></span> <span class='ocrx_word' id='word_1_334' title='bbox 646 2768 665 2802; x_wconf 76' lang='grc' dir='ltr'>ι</span> <span class='ocrx_word' id='word_1_335' title='bbox 698 2750 764 2805; x_wconf 85' lang='grc' dir='ltr'>Ει</span> <span class='ocrx_word' id='word_1_336' title='bbox 805 2754 966 2820; x_wconf 91' lang='lat' dir='ltr'><strong><em>paulo</em></strong></span> <span class='ocrx_word' id='word_1_337' title='bbox 994 2759 1245 2825; x_wconf 89' lang='lat' dir='ltr'><strong><em>superius</em></strong></span> <span class='ocrx_word' id='word_1_338' title='bbox 1293 2778 1443 2820; x_wconf 90' lang='lat' dir='ltr'><strong><em>num.</em></strong></span> <span class='ocrx_word' id='word_1_339' title='bbox 1476 2763 1551 2819; x_wconf 87' lang='lat'><strong><em>6:</em></strong></span> <span class='ocrx_word' id='word_1_340' title='bbox 1587 2784 1607 2818; x_wconf 82' lang='grc' dir='ltr'>ι</span> <span class='ocrx_word' id='word_1_341' title='bbox 1652 2767 1730 2824; x_wconf 91' lang='lat' dir='ltr'><strong><em>De</em></strong></span> 
     </span>
    </p>
   </div>
   <div class='ocr_carea' id='block_1_49' title="bbox 153 2835 1727 2923">
    <p class='ocr_par' dir='ltr' id='par_1_49' title="bbox 153 2835 1727 2923">
     <span class='ocr_line' id='line_1_52' title="bbox 153 2835 1727 2923; baseline 0.02 -35"><span class='ocrx_word' id='word_1_342' title='bbox 153 2835 361 2893; x_wconf 86' lang='lat' dir='ltr'><strong><em>diabolo</em></strong></span> <span class='ocrx_word' id='word_1_343' title='bbox 396 2880 410 2902; x_wconf 89' lang='lat'><strong><em>,</em></strong></span> <span class='ocrx_word' id='word_1_344' title='bbox 441 2850 499 2894; x_wconf 91' lang='lat' dir='ltr'><strong><em>et</em></strong></span> <span class='ocrx_word' id='word_1_345' title='bbox 544 2843 752 2911; x_wconf 83' lang='lat' dir='ltr'><strong><em>angelis</em></strong></span> <span class='ocrx_word' id='word_1_346' title='bbox 796 2846 916 2915; x_wconf 84' lang='lat' dir='ltr'><strong><em>ejus</em></strong></span> <span class='ocrx_word' id='word_1_347' title='bbox 938 2888 952 2909; x_wconf 91' lang='lat'><strong><em>,</em></strong></span> <span class='ocrx_word' id='word_1_348' title='bbox 986 2852 1384 2923; x_wconf 89' lang='lat' dir='ltr'><strong><em>contrariisque</em></strong></span> <span class='ocrx_word' id='word_1_349' title='bbox 1431 2858 1727 2919; x_wconf 85' lang='lat' dir='ltr'><strong><em>virtutibus</em></strong></span> 
     </span>
    </p>
   </div>
   <div class='ocr_carea' id='block_1_50' title="bbox 152 2927 1729 3023">
    <p class='ocr_par' dir='ltr' id='par_1_50' title="bbox 152 2927 1729 3023">
     <span class='ocr_line' id='line_1_53' title="bbox 152 2927 1729 3023; baseline 0.02 -45"><span class='ocrx_word' id='word_1_350' title='bbox 152 2927 518 2984; x_wconf 88' lang='lat' dir='ltr'><strong><em>ecclesiastica</em></strong></span> <span class='ocrx_word' id='word_1_351' title='bbox 557 2934 867 3002; x_wconf 65' lang='lat' dir='ltr'><strong><em>praedicatio</em></strong></span> <span class='ocrx_word' id='word_1_352' title='bbox 898 2937 1102 3006; x_wconf 88' lang='lat' dir='ltr'><strong><em>docuit,</em></strong></span> <span class='ocrx_word' id='word_1_353' title='bbox 1131 2945 1395 3012; x_wconf 90' lang='lat' dir='ltr'><strong><em>quoniam</em></strong></span> <span class='ocrx_word' id='word_1_354' title='bbox 1426 2958 1557 3004; x_wconf 89' lang='lat' dir='ltr'><strong><em>sunt</em></strong></span> <span class='ocrx_word' id='word_1_355' title='bbox 1605 2955 1729 3023; x_wconf 91' lang='lat' dir='ltr'><strong><em>qui-</em></strong></span> 
     </span>
    </p>
   </div>
   <div class='ocr_carea' id='block_1_51' title="bbox 152 3016 1724 3107">
    <p class='ocr_par' dir='ltr' id='par_1_51' title="bbox 152 3016 1724 3107">
     <span class='ocr_line' id='line_1_54' title="bbox 152 3016 1724 3107; baseline 0.02 -40"><span class='ocrx_word' id='word_1_356' title='bbox 152 3016 266 3069; x_wconf 87' lang='lat' dir='ltr'><strong><em>dem</em></strong></span> <span class='ocrx_word' id='word_1_357' title='bbox 298 3017 413 3073; x_wconf 71' lang='lat' dir='ltr'><strong><em>btec</em></strong></span> <span class='ocrx_word' id='word_1_358' title='bbox 446 3037 462 3073; x_wconf 92' lang='lat'>:</span> <span class='ocrx_word' id='word_1_359' title='bbox 496 3035 615 3090; x_wconf 76' lang='lat' dir='ltr'><strong><em>qua:</em></strong></span> <span class='ocrx_word' id='word_1_360' title='bbox 646 3032 823 3079; x_wconf 90' lang='lat' dir='ltr'><strong><em>autem</em></strong></span> <span class='ocrx_word' id='word_1_361' title='bbox 846 3027 955 3081; x_wconf 92' lang='lat' dir='ltr'><strong><em>sint</em></strong></span> <span class='ocrx_word' id='word_1_362' title='bbox 982 3067 996 3093; x_wconf 93' lang='lat'><strong><em>,</em></strong></span> <span class='ocrx_word' id='word_1_363' title='bbox 1030 3039 1123 3084; x_wconf 87' lang='lat' dir='ltr'><strong><em>aut</em></strong></span> <span class='ocrx_word' id='word_1_364' title='bbox 1150 3035 1421 3101; x_wconf 89' lang='lat' dir='ltr'><strong><em>quomodo</em></strong></span> <span class='ocrx_word' id='word_1_365' title='bbox 1449 3039 1580 3107; x_wconf 89' lang='lat' dir='ltr'><strong><em>sint,</em></strong></span> <span class='ocrx_word' id='word_1_366' title='bbox 1618 3016 1724 3099; x_wconf 78' lang='lat' dir='ltr'><strong><em>non</em></strong></span> 
     </span>
    </p>
   </div>
   <div class='ocr_carea' id='block_1_52' title="bbox 153 3104 1725 3188">
    <p class='ocr_par' dir='ltr' id='par_1_52' title="bbox 153 3104 1725 3188">
     <span class='ocr_line' id='line_1_55' title="bbox 153 3104 1725 3188; baseline 0.02 -32"><span class='ocrx_word' id='word_1_367' title='bbox 153 3104 283 3160; x_wconf 87' lang='lat' dir='ltr'><strong><em>satis</em></strong></span> <span class='ocrx_word' id='word_1_368' title='bbox 311 3108 463 3163; x_wconf 88' lang='lat' dir='ltr'><strong><em>clare</em></strong></span> <span class='ocrx_word' id='word_1_369' title='bbox 497 3113 768 3181; x_wconf 82' lang='lat' dir='ltr'><strong><em>exposuit.</em></strong></span> <span class='ocrx_word' id='word_1_370' title='bbox 795 3115 949 3185; x_wconf 84' lang='lat' dir='ltr'><strong><em>Apud</em></strong></span> <span class='ocrx_word' id='word_1_371' title='bbox 980 3118 1244 3188; x_wconf 88' lang='lat' dir='ltr'><strong><em>plurimos</em></strong></span> <span class='ocrx_word' id='word_1_372' title='bbox 1276 3131 1458 3182; x_wconf 90' lang='lat' dir='ltr'><strong><em>tamen</em></strong></span> <span class='ocrx_word' id='word_1_373' title='bbox 1488 3104 1591 3185; x_wconf 87' lang='lat' dir='ltr'><strong><em>ista</em></strong></span> <span class='ocrx_word' id='word_1_374' title='bbox 1629 3133 1725 3187; x_wconf 91' lang='lat' dir='ltr'><strong><em>ba-</em></strong></span> 
     </span>
    </p>
   </div>
   <div class='ocr_carea' id='block_1_53' title="bbox 148 3193 1794 3288">
    <p class='ocr_par' dir='ltr' id='par_1_53' title="bbox 148 3193 1794 3288">
     <span class='ocr_line' id='line_1_56' title="bbox 148 3193 1794 3288; baseline 0.017 -39"><span class='ocrx_word' id='word_1_375' title='bbox 148 3193 300 3252; x_wconf 88' lang='lat' dir='ltr'><strong><em>betur</em></strong></span> <span class='ocrx_word' id='word_1_376' title='bbox 324 3200 509 3269; x_wconf 90' lang='lat' dir='ltr'><strong><em>opinio</em></strong></span> <span class='ocrx_word' id='word_1_377' title='bbox 532 3241 546 3263; x_wconf 91' lang='lat'><strong><em>,</em></strong></span> <span class='ocrx_word' id='word_1_378' title='bbox 579 3205 722 3271; x_wconf 89' lang='lat' dir='ltr'><strong><em>quod</em></strong></span> <span class='ocrx_word' id='word_1_379' title='bbox 753 3205 981 3275; x_wconf 88' lang='lat' dir='ltr'><strong><em>angelus</em></strong></span> <span class='ocrx_word' id='word_1_380' title='bbox 1024 3207 1186 3265; x_wconf 79' lang='lat' dir='ltr'><strong><em>fuerit</em></strong></span> <span class='ocrx_word' id='word_1_381' title='bbox 1215 3211 1319 3268; x_wconf 92' lang='lat' dir='ltr'><strong><em>iste</em></strong></span> <span class='ocrx_word' id='word_1_382' title='bbox 1344 3214 1592 3276; x_wconf 87' lang='lat' dir='ltr'><strong><em>diabolus</em></strong></span> <span class='ocrx_word' id='word_1_383' title='bbox 1618 3262 1633 3288; x_wconf 98' lang='lat'><strong><em>,</em></strong></span> <span class='ocrx_word' id='word_1_384' title='bbox 1669 3232 1723 3278; x_wconf 90' lang='lat' dir='ltr'><strong><em>et</em></strong></span> <span class='ocrx_word' id='word_1_385' title='bbox 1751 3194 1794 3254; x_wconf 65' lang='grc' dir='ltr'><strong>θ</strong></span> 
     </span>
    </p>
   </div>
   <div class='ocr_carea' id='block_1_54' title="bbox 146 3292 1721 3377">
    <p class='ocr_par' dir='ltr' id='par_1_54' title="bbox 146 3292 1721 3377">
     <span class='ocr_line' id='line_1_57' title="bbox 146 3292 1721 3377; baseline 0.017 -33"><span class='ocrx_word' id='word_1_386' title='bbox 146 3302 384 3360; x_wconf 83' lang='lat' dir='ltr'><strong><em>apostata</em></strong></span> <span class='ocrx_word' id='word_1_387' title='bbox 438 3292 666 3351; x_wconf 82' lang='lat' dir='ltr'><strong><em>ell&#39;ectus</em></strong></span> <span class='ocrx_word' id='word_1_388' title='bbox 701 3299 1134 3368; x_wconf 82' lang='lat' dir='ltr'><strong><em>quamplurimas</em></strong></span> <span class='ocrx_word' id='word_1_389' title='bbox 1180 3308 1498 3377; x_wconf 89' lang='lat' dir='ltr'><strong><em>angelorum</em></strong></span> <span class='ocrx_word' id='word_1_390' title='bbox 1535 3328 1721 3371; x_wconf 91' lang='lat' dir='ltr'><strong><em>secum</em></strong></span> 
     </span>
    </p>
   </div>
   <div class='ocr_carea' id='block_1_55' title="bbox 146 3383 1717 3478">
    <p class='ocr_par' dir='ltr' id='par_1_55' title="bbox 146 3383 1717 3478">
     <span class='ocr_line' id='line_1_58' title="bbox 146 3383 1717 3478; baseline 0.019 -45"><span class='ocrx_word' id='word_1_391' title='bbox 146 3383 415 3441; x_wconf 90' lang='lat' dir='ltr'><strong><em>declinare</em></strong></span> <span class='ocrx_word' id='word_1_392' title='bbox 474 3391 844 3457; x_wconf 71' lang='lat' dir='ltr'><strong><em>persuaserit,</em></strong></span> <span class='ocrx_word' id='word_1_393' title='bbox 879 3393 970 3461; x_wconf 90' lang='lat' dir='ltr'><strong><em>qui</em></strong></span> <span class='ocrx_word' id='word_1_394' title='bbox 1025 3404 1082 3451; x_wconf 89' lang='lat' dir='ltr'><strong><em>et</em></strong></span> <span class='ocrx_word' id='word_1_395' title='bbox 1134 3412 1279 3454; x_wconf 89' lang='lat' dir='ltr'><strong><em>nunc</em></strong></span> <span class='ocrx_word' id='word_1_396' title='bbox 1319 3417 1487 3472; x_wconf 89' lang='lat' dir='ltr'><strong><em>usque</em></strong></span> <span class='ocrx_word' id='word_1_397' title='bbox 1537 3409 1717 3478; x_wconf 86' lang='lat' dir='ltr'><strong><em>angeli</em></strong></span> 
     </span>
    </p>
   </div>
   <div class='ocr_carea' id='block_1_56' title="bbox 146 3472 1713 3568">
    <p class='ocr_par' dir='ltr' id='par_1_56' title="bbox 146 3472 1713 3568">
     <span class='ocr_line' id='line_1_59' title="bbox 146 3472 1713 3568; baseline 0.017 -41"><span class='ocrx_word' id='word_1_398' title='bbox 146 3472 310 3542; x_wconf 85' lang='lat' dir='ltr'><strong><em>ipsius</em></strong></span> <span class='ocrx_word' id='word_1_399' title='bbox 346 3488 754 3548; x_wconf 86' lang='lat' dir='ltr'><strong><em>nuncupantur.</em></strong></span> <span class='ocrx_word' id='word_1_400' title='bbox 812 3501 831 3535; x_wconf 74' lang='grc' dir='ltr'><strong><em>ι</em></strong></span> <span class='ocrx_word' id='word_1_401' title='bbox 873 3484 1136 3542; x_wconf 86' lang='lat' dir='ltr'><strong><em>Proclivis</em></strong></span> <span class='ocrx_word' id='word_1_402' title='bbox 1174 3504 1303 3561; x_wconf 89' lang='lat' dir='ltr'><strong><em>ergo</em></strong></span> <span class='ocrx_word' id='word_1_403' title='bbox 1351 3504 1469 3549; x_wconf 87' lang='lat' dir='ltr'><strong><em>erat</em></strong></span> <span class='ocrx_word' id='word_1_404' title='bbox 1494 3472 1713 3568; x_wconf 70' lang='lat' dir='ltr'><strong><em>Origeni</em></strong></span> 
     </span>
    </p>
   </div>
   <div class='ocr_carea' id='block_1_57' title="bbox 145 3563 1717 3652">
    <p class='ocr_par' dir='ltr' id='par_1_57' title="bbox 145 3563 1717 3652">
     <span class='ocr_line' id='line_1_60' title="bbox 145 3563 1717 3652; baseline 0.017 -33"><span class='ocrx_word' id='word_1_405' title='bbox 145 3563 195 3617; x_wconf 90' lang='lat' dir='ltr'><strong><em>in</em></strong></span> <span class='ocrx_word' id='word_1_406' title='bbox 228 3581 284 3622; x_wconf 89' lang='lat' dir='ltr'><strong><em>re</em></strong></span> <span class='ocrx_word' id='word_1_407' title='bbox 316 3567 527 3624; x_wconf 90' lang='lat' dir='ltr'><strong><em>lubrica</em></strong></span> <span class='ocrx_word' id='word_1_408' title='bbox 557 3579 611 3625; x_wconf 87' lang='lat' dir='ltr'><strong><em>et</em></strong></span> <span class='ocrx_word' id='word_1_409' title='bbox 657 3571 860 3628; x_wconf 87' lang='lat' dir='ltr'><strong><em>incerta</em></strong></span> <span class='ocrx_word' id='word_1_410' title='bbox 895 3574 1078 3646; x_wconf 85' lang='lat' dir='ltr'><strong><em>lapsus</em></strong></span> <span class='ocrx_word' id='word_1_411' title='bbox 1101 3619 1117 3641; x_wconf 91' lang='lat'><strong><em>,</em></strong></span> <span class='ocrx_word' id='word_1_412' title='bbox 1154 3592 1399 3652; x_wconf 89' lang='lat' dir='ltr'><strong><em>prompta</em></strong></span> <span class='ocrx_word' id='word_1_413' title='bbox 1435 3596 1493 3641; x_wconf 89' lang='lat' dir='ltr'><strong><em>et</em></strong></span> <span class='ocrx_word' id='word_1_414' title='bbox 1541 3563 1717 3647; x_wconf 75' lang='lat' dir='ltr'><strong><em>facilis</em></strong></span> 
     </span>
    </p>
   </div>
   <div class='ocr_carea' id='block_1_58' title="bbox 146 3656 1712 3741">
    <p class='ocr_par' dir='ltr' id='par_1_58' title="bbox 146 3656 1712 3741">
     <span class='ocr_line' id='line_1_61' title="bbox 146 3656 1712 3741; baseline 0.017 -31"><span class='ocrx_word' id='word_1_415' title='bbox 146 3656 197 3710; x_wconf 90' lang='lat' dir='ltr'><strong><em>in</em></strong></span> <span class='ocrx_word' id='word_1_416' title='bbox 224 3661 465 3715; x_wconf 81' lang='lat' dir='ltr'><strong><em>tenebris</em></strong></span> <span class='ocrx_word' id='word_1_417' title='bbox 493 3661 741 3720; x_wconf 83' lang='lat' dir='ltr'><strong><em>oﬂ&#39;ensio.</em></strong></span> <span class='ocrx_word' id='word_1_418' title='bbox 792 3663 860 3719; x_wconf 86' lang='lat' dir='ltr'><strong><em>Et</em></strong></span> <span class='ocrx_word' id='word_1_419' title='bbox 896 3666 999 3721; x_wconf 80' lang='lat' dir='ltr'><strong><em>fuit</em></strong></span> <span class='ocrx_word' id='word_1_420' title='bbox 1038 3682 1169 3723; x_wconf 86' lang='lat' dir='ltr'><strong><em>sane</em></strong></span> <span class='ocrx_word' id='word_1_421' title='bbox 1213 3671 1492 3741; x_wconf 83' lang='lat' dir='ltr'><strong><em>multiplex</em></strong></span> <span class='ocrx_word' id='word_1_422' title='bbox 1521 3718 1537 3740; x_wconf 95' lang='lat'><strong><em>,</em></strong></span> <span class='ocrx_word' id='word_1_423' title='bbox 1587 3680 1712 3737; x_wconf 92' lang='lat' dir='ltr'><strong><em>dum</em></strong></span> 
     </span>
    </p>
   </div>
   <div class='ocr_carea' id='block_1_59' title="bbox 143 3747 1711 3841">
    <p class='ocr_par' dir='ltr' id='par_1_59' title="bbox 143 3747 1711 3841">
     <span class='ocr_line' id='line_1_62' title="bbox 143 3747 1711 3841; baseline 0.017 -39"><span class='ocrx_word' id='word_1_424' title='bbox 143 3747 350 3822; x_wconf 87' lang='lat' dir='ltr'><strong><em>ingenio</em></strong></span> <span class='ocrx_word' id='word_1_425' title='bbox 365 3767 469 3808; x_wconf 91' lang='lat' dir='ltr'><strong><em>suo</em></strong></span> <span class='ocrx_word' id='word_1_426' title='bbox 497 3755 660 3809; x_wconf 90' lang='lat' dir='ltr'><strong><em>nimis</em></strong></span> <span class='ocrx_word' id='word_1_427' title='bbox 690 3756 926 3813; x_wconf 86' lang='lat' dir='ltr'><strong><em>conlisus</em></strong></span> <span class='ocrx_word' id='word_1_428' title='bbox 946 3768 1101 3813; x_wconf 80' lang='lat' dir='ltr'><strong><em>extra</em></strong></span> <span class='ocrx_word' id='word_1_429' title='bbox 1130 3759 1277 3816; x_wconf 89' lang='lat' dir='ltr'><strong><em>oleas</em></strong></span> <span class='ocrx_word' id='word_1_430' title='bbox 1322 3780 1711 3841; x_wconf 89' lang='lat' dir='ltr'><strong><em>nonnunquam</em></strong></span> 
     </span>
    </p>
   </div>
   <div class='ocr_carea' id='block_1_60' title="bbox 140 3841 1710 3923">
    <p class='ocr_par' dir='ltr' id='par_1_60' title="bbox 140 3841 1710 3923">
     <span class='ocr_line' id='line_1_63' title="bbox 140 3841 1710 3923; baseline 0.016 -26"><span class='ocrx_word' id='word_1_431' title='bbox 140 3841 432 3914; x_wconf 85' lang='lat' dir='ltr'><strong><em>divagatur.</em></strong></span> <span class='ocrx_word' id='word_1_432' title='bbox 475 3846 697 3917; x_wconf 86' lang='lat' dir='ltr'><strong><em>Singula</em></strong></span> <span class='ocrx_word' id='word_1_433' title='bbox 730 3850 817 3905; x_wconf 89' lang='lat' dir='ltr'><strong><em>bic</em></strong></span> <span class='ocrx_word' id='word_1_434' title='bbox 858 3854 1139 3912; x_wconf 88' lang='lat' dir='ltr'><strong><em>enucleate</em></strong></span> <span class='ocrx_word' id='word_1_435' title='bbox 1172 3860 1507 3917; x_wconf 86' lang='lat' dir='ltr'><strong><em>discutienda</em></strong></span> <span class='ocrx_word' id='word_1_436' title='bbox 1563 3875 1710 3923; x_wconf 88' lang='lat' dir='ltr'><strong><em>sunt.</em></strong></span> 
     </span>
    </p>
   </div>
   <div class='ocr_carea' id='block_1_61' title="bbox 202 3933 1708 4025">
    <p class='ocr_par' dir='ltr' id='par_1_61' title="bbox 202 3933 1708 4025">
     <span class='ocr_line' id='line_1_64' title="bbox 202 3933 1708 4025; baseline 0.017 -37"><span class='ocrx_word' id='word_1_437' title='bbox 202 3933 265 3989; x_wconf 80' lang='grc' dir='ltr'><strong><em>ιι.</em></strong></span> <span class='ocrx_word' id='word_1_438' title='bbox 302 3938 663 4006; x_wconf 65' lang='lat' dir='ltr'><strong><em>Qumrendum</em></strong></span> <span class='ocrx_word' id='word_1_439' title='bbox 708 3941 890 4011; x_wconf 86' lang='lat' dir='ltr'><strong><em>priore</em></strong></span> <span class='ocrx_word' id='word_1_440' title='bbox 928 3943 1047 4000; x_wconf 91' lang='lat' dir='ltr'><strong><em>loco</em></strong></span> <span class='ocrx_word' id='word_1_441' title='bbox 1090 3947 1220 4004; x_wconf 91' lang='lat' dir='ltr'><strong><em>illud</em></strong></span> <span class='ocrx_word' id='word_1_442' title='bbox 1271 3961 1397 4018; x_wconf 91' lang='lat' dir='ltr'><strong><em>est,</em></strong></span> <span class='ocrx_word' id='word_1_443' title='bbox 1434 3970 1543 4025; x_wconf 90' lang='lat' dir='ltr'><strong><em>quo</em></strong></span> <span class='ocrx_word' id='word_1_444' title='bbox 1570 3966 1708 4013; x_wconf 87' lang='lat' dir='ltr'><strong><em>tem-</em></strong></span> 
     </span>
    </p>
   </div>
   <div class='ocr_carea' id='block_1_62' title="bbox 136 4032 1703 4118">
    <p class='ocr_par' dir='ltr' id='par_1_62' title="bbox 136 4032 1703 4118">
     <span class='ocr_line' id='line_1_65' title="bbox 136 4032 1703 4118; baseline 0.015 -37"><span class='ocrx_word' id='word_1_445' title='bbox 136 4040 261 4096; x_wconf 89' lang='lat' dir='ltr'><strong><em>pore</em></strong></span> <span class='ocrx_word' id='word_1_446' title='bbox 286 4032 516 4101; x_wconf 88' lang='lat' dir='ltr'><strong><em>angelos</em></strong></span> <span class='ocrx_word' id='word_1_447' title='bbox 566 4047 595 4085; x_wconf 90' lang='lat' dir='ltr'><strong><em>a</em></strong></span> <span class='ocrx_word' id='word_1_448' title='bbox 652 4034 762 4090; x_wconf 87' lang='lat' dir='ltr'><strong><em>Deo</em></strong></span> <span class='ocrx_word' id='word_1_449' title='bbox 811 4040 1060 4096; x_wconf 89' lang='lat' dir='ltr'><strong><em>conditos</em></strong></span> <span class='ocrx_word' id='word_1_450' title='bbox 1107 4042 1377 4116; x_wconf 87' lang='lat' dir='ltr'><strong><em>Origenes</em></strong></span> <span class='ocrx_word' id='word_1_451' title='bbox 1409 4050 1703 4118; x_wconf 87' lang='lat' dir='ltr'><strong><em>statuerit;</em></strong></span> 
     </span>
    </p>
   </div>
   <div class='ocr_carea' id='block_1_63' title="bbox 138 4126 1704 4212">
    <p class='ocr_par' dir='ltr' id='par_1_63' title="bbox 138 4126 1704 4212">
     <span class='ocr_line' id='line_1_66' title="bbox 138 4126 1704 4212; baseline 0.016 -39"><span class='ocrx_word' id='word_1_452' title='bbox 138 4135 303 4192; x_wconf 91' lang='lat' dir='ltr'><strong><em>neque</em></strong></span> <span class='ocrx_word' id='word_1_453' title='bbox 330 4126 551 4196; x_wconf 87' lang='lat' dir='ltr'><strong><em>angelos</em></strong></span> <span class='ocrx_word' id='word_1_454' title='bbox 576 4128 854 4198; x_wconf 76' lang='lat' dir='ltr'><strong><em>duntaxat,</em></strong></span> <span class='ocrx_word' id='word_1_455' title='bbox 897 4134 992 4188; x_wconf 92' lang='lat' dir='ltr'><strong><em>sed</em></strong></span> <span class='ocrx_word' id='word_1_456' title='bbox 1028 4136 1262 4193; x_wconf 87' lang='lat' dir='ltr'><strong><em>rationis</em></strong></span> <span class='ocrx_word' id='word_1_457' title='bbox 1289 4139 1456 4195; x_wconf 91' lang='lat' dir='ltr'><strong><em>etiam</em></strong></span> <span class='ocrx_word' id='word_1_458' title='bbox 1486 4144 1704 4212; x_wconf 91' lang='lat' dir='ltr'><strong><em>partici-</em></strong></span> 
     </span>
    </p>
   </div>
   <div class='ocr_carea' id='block_1_64' title="bbox 137 4223 1704 4293">
    <p class='ocr_par' dir='ltr' id='par_1_64' title="bbox 137 4223 1704 4293">
     <span class='ocr_line' id='line_1_67' title="bbox 137 4223 1704 4293; baseline 0.015 -25"><span class='ocrx_word' id='word_1_459' title='bbox 137 4227 226 4280; x_wconf 87' lang='lat' dir='ltr'><strong><em>pes</em></strong></span> <span class='ocrx_word' id='word_1_460' title='bbox 249 4227 472 4272; x_wconf 86' lang='lat' dir='ltr'><strong><em>naturas</em></strong></span> <span class='ocrx_word' id='word_1_461' title='bbox 499 4234 687 4275; x_wconf 81' lang='lat' dir='ltr'><strong><em>omnes</em></strong></span> <span class='ocrx_word' id='word_1_462' title='bbox 710 4259 726 4285; x_wconf 90' lang='lat'><strong><em>,</em></strong></span> <span class='ocrx_word' id='word_1_463' title='bbox 761 4223 877 4278; x_wconf 87' lang='lat' dir='ltr'><strong><em>sive</em></strong></span> <span class='ocrx_word' id='word_1_464' title='bbox 908 4225 1184 4283; x_wconf 67' lang='lat' dir='ltr'><strong><em>daemones</em></strong></span> <span class='ocrx_word' id='word_1_465' title='bbox 1208 4269 1224 4293; x_wconf 92' lang='lat'><strong><em>,</em></strong></span> <span class='ocrx_word' id='word_1_466' title='bbox 1265 4231 1381 4285; x_wconf 85' lang='lat' dir='ltr'><strong><em>sive</em></strong></span> <span class='ocrx_word' id='word_1_467' title='bbox 1433 4234 1704 4292; x_wconf 82' lang='lat' dir='ltr'><strong><em>humanas</em></strong></span> 
     </span>
    </p>
   </div>
   <div class='ocr_carea' id='block_1_65' title="bbox 135 4307 1699 4398">
    <p class='ocr_par' dir='ltr' id='par_1_65' title="bbox 135 4307 1699 4398">
     <span class='ocr_line' id='line_1_68' title="bbox 135 4307 1699 4398; baseline 0.019 -41"><span class='ocrx_word' id='word_1_468' title='bbox 135 4307 353 4378; x_wconf 77' lang='lat' dir='ltr'><strong><em>animas,</em></strong></span> <span class='ocrx_word' id='word_1_469' title='bbox 382 4314 497 4368; x_wconf 83' lang='lat' dir='ltr'><strong><em>sive</em></strong></span> <span class='ocrx_word' id='word_1_470' title='bbox 530 4313 665 4368; x_wconf 91' lang='lat' dir='ltr'><strong><em>alias</em></strong></span> <span class='ocrx_word' id='word_1_471' title='bbox 688 4330 1038 4388; x_wconf 89' lang='lat' dir='ltr'><strong><em>quascunque</em></strong></span> <span class='ocrx_word' id='word_1_472' title='bbox 1064 4320 1210 4391; x_wconf 90' lang='lat' dir='ltr'><strong><em>(nam</em></strong></span> <span class='ocrx_word' id='word_1_473' title='bbox 1243 4334 1298 4379; x_wconf 91' lang='lat' dir='ltr'><strong><em>et</em></strong></span> <span class='ocrx_word' id='word_1_474' title='bbox 1327 4326 1461 4380; x_wconf 90' lang='lat' dir='ltr'><strong><em>alias</em></strong></span> <span class='ocrx_word' id='word_1_475' title='bbox 1490 4328 1699 4398; x_wconf 89' lang='lat' dir='ltr'><strong><em>pleras-</em></strong></span> 
     </span>
    </p>
   </div>
   <div class='ocr_carea' id='block_1_66' title="bbox 135 4406 1701 4493">
    <p class='ocr_par' dir='ltr' id='par_1_66' title="bbox 135 4406 1701 4493">
     <span class='ocr_line' id='line_1_69' title="bbox 135 4406 1701 4493; baseline 0.015 -37"><span class='ocrx_word' id='word_1_476' title='bbox 135 4416 233 4471; x_wconf 86' lang='lat' dir='ltr'><strong><em>que</em></strong></span> <span class='ocrx_word' id='word_1_477' title='bbox 265 4406 489 4461; x_wconf 87' lang='lat' dir='ltr'><strong><em>rationis</em></strong></span> <span class='ocrx_word' id='word_1_478' title='bbox 536 4418 812 4476; x_wconf 90' lang='lat' dir='ltr'><strong><em>compotes</em></strong></span> <span class='ocrx_word' id='word_1_479' title='bbox 842 4424 963 4464; x_wconf 89' lang='lat' dir='ltr'><strong><em>esse</em></strong></span> <span class='ocrx_word' id='word_1_480' title='bbox 1014 4415 1204 4485; x_wconf 90' lang='lat' dir='ltr'><strong><em>sensit)</em></strong></span> <span class='ocrx_word' id='word_1_481' title='bbox 1248 4420 1505 4486; x_wconf 91' lang='lat' dir='ltr'><strong><em>quoniam</em></strong></span> <span class='ocrx_word' id='word_1_482' title='bbox 1545 4422 1701 4493; x_wconf 85' lang='lat' dir='ltr'><strong><em>ejus-</em></strong></span> 
     </span>
    </p>
   </div>
   <div class='ocr_carea' id='block_1_67' title="bbox 134 4494 1691 4571">
    <p class='ocr_par' dir='ltr' id='par_1_67' title="bbox 134 4494 1691 4571">
     <span class='ocr_line' id='line_1_70' title="bbox 134 4494 1691 4571; baseline 0.016 -27"><span class='ocrx_word' id='word_1_483' title='bbox 134 4494 248 4546; x_wconf 90' lang='lat' dir='ltr'><strong><em>dem</em></strong></span> <span class='ocrx_word' id='word_1_484' title='bbox 311 4510 403 4551; x_wconf 86' lang='lat' dir='ltr'><strong><em>eas</em></strong></span> <span class='ocrx_word' id='word_1_485' title='bbox 456 4511 648 4550; x_wconf 90' lang='lat' dir='ltr'><strong><em>omnes</em></strong></span> <span class='ocrx_word' id='word_1_486' title='bbox 695 4513 819 4554; x_wconf 90' lang='lat' dir='ltr'><strong><em>esse</em></strong></span> <span class='ocrx_word' id='word_1_487' title='bbox 858 4502 998 4556; x_wconf 90' lang='lat' dir='ltr'><strong><em>inter</em></strong></span> <span class='ocrx_word' id='word_1_488' title='bbox 1032 4518 1091 4558; x_wconf 89' lang='lat' dir='ltr'><strong><em>se</em></strong></span> <span class='ocrx_word' id='word_1_489' title='bbox 1128 4514 1371 4571; x_wconf 68' lang='lat' dir='ltr'><strong><em>naturaa,</em></strong></span> <span class='ocrx_word' id='word_1_490' title='bbox 1409 4518 1465 4565; x_wconf 91' lang='lat' dir='ltr'><strong><em>et</em></strong></span> <span class='ocrx_word' id='word_1_491' title='bbox 1500 4515 1691 4569; x_wconf 89' lang='lat' dir='ltr'><strong><em>eodem</em></strong></span> 
     </span>
    </p>
   </div>
   <div class='ocr_carea' id='block_1_68' title="bbox 136 4583 1692 4667">
    <p class='ocr_par' dir='ltr' id='par_1_68' title="bbox 136 4583 1692 4667">
     <span class='ocr_line' id='line_1_71' title="bbox 136 4583 1692 4667; baseline 0.016 -32"><span class='ocrx_word' id='word_1_492' title='bbox 136 4589 366 4655; x_wconf 89' lang='lat' dir='ltr'><strong><em>tempore</em></strong></span> <span class='ocrx_word' id='word_1_493' title='bbox 405 4602 433 4640; x_wconf 94' lang='lat' dir='ltr'><strong><em>a</em></strong></span> <span class='ocrx_word' id='word_1_494' title='bbox 483 4583 591 4642; x_wconf 80' lang='lat' dir='ltr'><strong><em>Deo</em></strong></span> <span class='ocrx_word' id='word_1_495' title='bbox 623 4589 906 4659; x_wconf 89' lang='lat' dir='ltr'><strong><em>conditas,</em></strong></span> <span class='ocrx_word' id='word_1_496' title='bbox 942 4603 1163 4665; x_wconf 91' lang='lat' dir='ltr'><strong><em>tumque</em></strong></span> <span class='ocrx_word' id='word_1_497' title='bbox 1199 4597 1365 4654; x_wconf 82' lang='lat' dir='ltr'><strong><em>fuisse</em></strong></span> <span class='ocrx_word' id='word_1_498' title='bbox 1404 4602 1552 4667; x_wconf 88' lang='grc' dir='ltr'>νόας,</span> <span class='ocrx_word' id='word_1_499' title='bbox 1588 4605 1692 4661; x_wconf 86' lang='lat' dir='ltr'><strong><em>ltoc</em></strong></span> 
     </span>
    </p>
   </div>
   <div class='ocr_carea' id='block_1_69' title="bbox 133 4680 1687 4755">
    <p class='ocr_par' dir='ltr' id='par_1_69' title="bbox 133 4680 1687 4755">
     <span class='ocr_line' id='line_1_72' title="bbox 133 4680 1687 4755; baseline 0.017 -30"><span class='ocrx_word' id='word_1_500' title='bbox 133 4682 246 4740; x_wconf 89' lang='lat' dir='ltr'><strong><em>est,</em></strong></span> <span class='ocrx_word' id='word_1_501' title='bbox 294 4690 520 4745; x_wconf 75' lang='lat' dir='ltr'><strong><em>mentes;</em></strong></span> <span class='ocrx_word' id='word_1_502' title='bbox 576 4680 773 4738; x_wconf 90' lang='lat' dir='ltr'><strong><em>deinde</em></strong></span> <span class='ocrx_word' id='word_1_503' title='bbox 805 4698 934 4738; x_wconf 88' lang='lat' dir='ltr'><strong><em>vero</em></strong></span> <span class='ocrx_word' id='word_1_504' title='bbox 983 4699 1209 4755; x_wconf 89' lang='lat' dir='ltr'><strong><em>propter</em></strong></span> <span class='ocrx_word' id='word_1_505' title='bbox 1238 4692 1423 4747; x_wconf 85' lang='lat' dir='ltr'><strong><em>varios</em></strong></span> <span class='ocrx_word' id='word_1_506' title='bbox 1472 4695 1687 4751; x_wconf 89' lang='lat' dir='ltr'><strong><em>illarum</em></strong></span> 
     </span>
    </p>
   </div>
   <div class='ocr_carea' id='block_1_70' title="bbox 132 4774 1688 4849">
    <p class='ocr_par' dir='ltr' id='par_1_70' title="bbox 132 4774 1688 4849">
     <span class='ocr_line' id='line_1_73' title="bbox 132 4774 1688 4849; baseline 0.019 -30"><span class='ocrx_word' id='word_1_507' title='bbox 132 4776 298 4824; x_wconf 87' lang='lat' dir='ltr'><strong><em>motus</em></strong></span> <span class='ocrx_word' id='word_1_508' title='bbox 321 4812 336 4835; x_wconf 94' lang='lat'><strong><em>,</em></strong></span> <span class='ocrx_word' id='word_1_509' title='bbox 385 4788 450 4827; x_wconf 90' lang='lat' dir='ltr'><strong><em>ac</em></strong></span> <span class='ocrx_word' id='word_1_510' title='bbox 483 4774 754 4829; x_wconf 87' lang='lat' dir='ltr'><strong><em>diversum</em></strong></span> <span class='ocrx_word' id='word_1_511' title='bbox 809 4776 961 4833; x_wconf 89' lang='lat' dir='ltr'><strong><em>liberi</em></strong></span> <span class='ocrx_word' id='word_1_512' title='bbox 993 4781 1199 4837; x_wconf 87' lang='lat' dir='ltr'><strong><em>arbitrii</em></strong></span> <span class='ocrx_word' id='word_1_513' title='bbox 1236 4802 1392 4841; x_wconf 88' lang='lat' dir='ltr'><strong><em>usum</em></strong></span> <span class='ocrx_word' id='word_1_514' title='bbox 1428 4788 1480 4843; x_wconf 92' lang='lat' dir='ltr'><strong><em>in</em></strong></span> <span class='ocrx_word' id='word_1_515' title='bbox 1510 4793 1688 4849; x_wconf 88' lang='lat' dir='ltr'><strong><em>varios</em></strong></span> 
     </span>
    </p>
   </div>
   <div class='ocr_carea' id='block_1_71' title="bbox 130 4860 1692 4943">
    <p class='ocr_par' dir='ltr' id='par_1_71' title="bbox 130 4860 1692 4943">
     <span class='ocr_line' id='line_1_74' title="bbox 130 4860 1692 4943; baseline 0.019 -33"><span class='ocrx_word' id='word_1_516' title='bbox 130 4860 355 4927; x_wconf 84' lang='lat' dir='ltr'><strong><em>ordines,</em></strong></span> <span class='ocrx_word' id='word_1_517' title='bbox 388 4866 501 4919; x_wconf 91' lang='lat' dir='ltr'><strong><em>sive</em></strong></span> <span class='ocrx_word' id='word_1_518' title='bbox 527 4867 842 4934; x_wconf 78' lang='lat' dir='ltr'><strong><em>angelorum</em></strong></span> <span class='ocrx_word' id='word_1_519' title='bbox 872 4908 888 4933; x_wconf 96' lang='lat'><strong><em>,</em></strong></span> <span class='ocrx_word' id='word_1_520' title='bbox 927 4871 1041 4927; x_wconf 90' lang='lat' dir='ltr'><strong><em>sive</em></strong></span> <span class='ocrx_word' id='word_1_521' title='bbox 1070 4873 1346 4932; x_wconf 85' lang='lat' dir='ltr'><strong><em>hominum</em></strong></span> <span class='ocrx_word' id='word_1_522' title='bbox 1376 4918 1392 4943; x_wconf 96' lang='lat'><strong><em>,</em></strong></span> <span class='ocrx_word' id='word_1_523' title='bbox 1441 4882 1557 4937; x_wconf 88' lang='lat' dir='ltr'><strong><em>sive</em></strong></span> <span class='ocrx_word' id='word_1_524' title='bbox 1584 4884 1692 4939; x_wconf 69' lang='lat' dir='ltr'><strong><em>dae-</em></strong></span> 
     </span>
    </p>
   </div>
   <div class='ocr_carea' id='block_1_72' title="bbox 131 4956 1685 5042">
    <p class='ocr_par' dir='ltr' id='par_1_72' title="bbox 131 4956 1685 5042">
     <span class='ocr_line' id='line_1_75' title="bbox 131 4956 1685 5042; baseline 0.017 -39"><span class='ocrx_word' id='word_1_525' title='bbox 131 4964 336 5007; x_wconf 89' lang='lat' dir='ltr'><strong><em>monum</em></strong></span> <span class='ocrx_word' id='word_1_526' title='bbox 382 4956 730 5025; x_wconf 88' lang='lat' dir='ltr'><strong><em>distributas,</em></strong></span> <span class='ocrx_word' id='word_1_527' title='bbox 773 4964 1047 5018; x_wconf 89' lang='lat' dir='ltr'><strong><em>constanti</em></strong></span> <span class='ocrx_word' id='word_1_528' title='bbox 1092 4975 1147 5020; x_wconf 90' lang='lat' dir='ltr'><strong><em>et</em></strong></span> <span class='ocrx_word' id='word_1_529' title='bbox 1191 4967 1383 5024; x_wconf 88' lang='lat' dir='ltr'><strong><em>iterata</em></strong></span> <span class='ocrx_word' id='word_1_530' title='bbox 1415 4971 1685 5042; x_wconf 90' lang='lat' dir='ltr'><strong><em>Origenes</em></strong></span> 
     </span>
    </p>
   </div>
   <div class='ocr_carea' id='block_1_73' title="bbox 129 5044 1689 5129">
    <p class='ocr_par' dir='ltr' id='par_1_73' title="bbox 129 5044 1689 5129">
     <span class='ocr_line' id='line_1_76' title="bbox 129 5044 1689 5129; baseline 0.017 -36"><span class='ocrx_word' id='word_1_531' title='bbox 129 5044 415 5103; x_wconf 87' lang='lat' dir='ltr'><strong><em>assertione</em></strong></span> <span class='ocrx_word' id='word_1_532' title='bbox 444 5050 716 5118; x_wconf 89' lang='lat' dir='ltr'><strong><em>prodidit,</em></strong></span> <span class='ocrx_word' id='word_1_533' title='bbox 760 5060 816 5105; x_wconf 88' lang='lat' dir='ltr'><strong><em>ttt</em></strong></span> <span class='ocrx_word' id='word_1_534' title='bbox 845 5067 987 5124; x_wconf 69' lang='lat' dir='ltr'><strong><em>saepe</em></strong></span> <span class='ocrx_word' id='word_1_535' title='bbox 1019 5056 1071 5110; x_wconf 89' lang='lat' dir='ltr'><strong><em>in</em></strong></span> <span class='ocrx_word' id='word_1_536' title='bbox 1106 5063 1463 5129; x_wconf 90' lang='lat' dir='ltr'><strong><em>sequentibus</em></strong></span> <span class='ocrx_word' id='word_1_537' title='bbox 1496 5074 1689 5121; x_wconf 90' lang='lat' dir='ltr'><strong><em>osten-</em></strong></span> 
     </span>
    </p>
   </div>
   <div class='ocr_carea' id='block_1_74' title="bbox 129 5135 1690 5225">
    <p class='ocr_par' dir='ltr' id='par_1_74' title="bbox 129 5135 1690 5225">
     <span class='ocr_line' id='line_1_77' title="bbox 129 5135 1690 5225; baseline 0.017 -39"><span class='ocrx_word' id='word_1_538' title='bbox 129 5135 322 5196; x_wconf 90' lang='lat' dir='ltr'><strong><em>demus.</em></strong></span> <span class='ocrx_word' id='word_1_539' title='bbox 354 5141 694 5212; x_wconf 84' lang='lat' dir='ltr'><strong><em>Atquoniam</em></strong></span> <span class='ocrx_word' id='word_1_540' title='bbox 712 5148 868 5219; x_wconf 89' lang='lat' dir='ltr'><strong><em>vulgo</em></strong></span> <span class='ocrx_word' id='word_1_541' title='bbox 894 5151 1130 5220; x_wconf 89' lang='lat' dir='ltr'><strong><em>ignorari</em></strong></span> <span class='ocrx_word' id='word_1_542' title='bbox 1169 5153 1381 5219; x_wconf 90' lang='lat' dir='ltr'><strong><em>scribit,</em></strong></span> <span class='ocrx_word' id='word_1_543' title='bbox 1412 5170 1522 5225; x_wconf 92' lang='lat' dir='ltr'><strong><em>quo</em></strong></span> <span class='ocrx_word' id='word_1_544' title='bbox 1550 5166 1690 5211; x_wconf 87' lang='lat' dir='ltr'><strong><em>tem-</em></strong></span> 
     </span>
    </p>
   </div>
   <div class='ocr_carea' id='block_1_75' title="bbox 128 5239 1681 5319">
    <p class='ocr_par' dir='ltr' id='par_1_75' title="bbox 128 5239 1681 5319">
     <span class='ocr_line' id='line_1_78' title="bbox 128 5239 1681 5319; baseline 0.016 -38"><span class='ocrx_word' id='word_1_545' title='bbox 128 5241 245 5294; x_wconf 89' lang='lat' dir='ltr'><strong><em>pore</em></strong></span> <span class='ocrx_word' id='word_1_546' title='bbox 289 5248 483 5292; x_wconf 67' lang='lat' dir='ltr'><strong><em>creatze</em></strong></span> <span class='ocrx_word' id='word_1_547' title='bbox 524 5239 629 5295; x_wconf 67' lang='lat' dir='ltr'><strong><em>illa:</em></strong></span> <span class='ocrx_word' id='word_1_548' title='bbox 671 5241 781 5296; x_wconf 85' lang='lat' dir='ltr'><strong><em>sint</em></strong></span> <span class='ocrx_word' id='word_1_549' title='bbox 812 5258 842 5297; x_wconf 92' lang='lat' dir='ltr'><strong><em>a</em></strong></span> <span class='ocrx_word' id='word_1_550' title='bbox 882 5242 1010 5309; x_wconf 92' lang='lat' dir='ltr'><strong><em>Deo,</em></strong></span> <span class='ocrx_word' id='word_1_551' title='bbox 1041 5261 1139 5300; x_wconf 92' lang='lat' dir='ltr'><strong><em>nec</em></strong></span> <span class='ocrx_word' id='word_1_552' title='bbox 1171 5247 1462 5317; x_wconf 90' lang='lat' dir='ltr'><strong><em>quidquam</em></strong></span> <span class='ocrx_word' id='word_1_553' title='bbox 1495 5261 1681 5319; x_wconf 89' lang='lat' dir='ltr'><strong><em>aperte</em></strong></span> 
     </span>
    </p>
   </div>
   <div class='ocr_carea' id='block_1_76' title="bbox 127 5329 1676 5405">
    <p class='ocr_par' dir='ltr' id='par_1_76' title="bbox 127 5329 1676 5405">
     <span class='ocr_line' id='line_1_79' title="bbox 127 5329 1676 5405; baseline 0.018 -34"><span class='ocrx_word' id='word_1_554' title='bbox 127 5332 275 5388; x_wconf 85' lang='lat' dir='ltr'><strong><em>super</em></strong></span> <span class='ocrx_word' id='word_1_555' title='bbox 298 5341 358 5379; x_wconf 86' lang='lat' dir='ltr'><strong><em>ea</em></strong></span> <span class='ocrx_word' id='word_1_556' title='bbox 394 5344 450 5382; x_wconf 85' lang='lat' dir='ltr'><strong><em>re</em></strong></span> <span class='ocrx_word' id='word_1_557' title='bbox 476 5329 742 5399; x_wconf 85' lang='lat' dir='ltr'><strong><em>deﬁnivit,</em></strong></span> <span class='ocrx_word' id='word_1_558' title='bbox 770 5335 1101 5405; x_wconf 76' lang='lat' dir='ltr'><strong><em>coniecturis</em></strong></span> <span class='ocrx_word' id='word_1_559' title='bbox 1124 5338 1389 5395; x_wconf 83' lang='lat' dir='ltr'><strong><em>duntaxat</em></strong></span> <span class='ocrx_word' id='word_1_560' title='bbox 1420 5344 1676 5399; x_wconf 90' lang='lat' dir='ltr'><strong><em>utendum</em></strong></span> 
     </span>
    </p>
   </div>
   <div class='ocr_carea' id='block_1_77' title="bbox 126 5414 1677 5503">
    <p class='ocr_par' dir='ltr' id='par_1_77' title="bbox 126 5414 1677 5503">
     <span class='ocr_line' id='line_1_80' title="bbox 126 5414 1677 5503; baseline 0.019 -42"><span class='ocrx_word' id='word_1_561' title='bbox 126 5419 218 5465; x_wconf 84' lang='lat' dir='ltr'><strong><em>est.</em></strong></span> <span class='ocrx_word' id='word_1_562' title='bbox 264 5414 542 5476; x_wconf 85' lang='lat' dir='ltr'><strong><em>Probabile</em></strong></span> <span class='ocrx_word' id='word_1_563' title='bbox 589 5425 719 5479; x_wconf 88' lang='lat' dir='ltr'><strong><em>mihi</em></strong></span> <span class='ocrx_word' id='word_1_564' title='bbox 763 5428 980 5496; x_wconf 89' lang='lat' dir='ltr'><strong><em>quidem</em></strong></span> <span class='ocrx_word' id='word_1_565' title='bbox 1013 5430 1072 5483; x_wconf 80' lang='lat' dir='ltr'><strong><em>ﬁt</em></strong></span> <span class='ocrx_word' id='word_1_566' title='bbox 1112 5440 1336 5486; x_wconf 87' lang='lat' dir='ltr'><strong><em>naturas</em></strong></span> <span class='ocrx_word' id='word_1_567' title='bbox 1370 5432 1677 5503; x_wconf 89' lang='lat' dir='ltr'><strong><em>hujusmodi</em></strong></span> 
     </span>
    </p>
   </div>
   <div class='ocr_carea' id='block_1_78' title="bbox 126 5502 1670 5597">
    <p class='ocr_par' dir='ltr' id='par_1_78' title="bbox 126 5502 1670 5597">
     <span class='ocr_line' id='line_1_81' title="bbox 126 5502 1670 5597; baseline 0.02 -44"><span class='ocrx_word' id='word_1_568' title='bbox 126 5502 187 5555; x_wconf 87' lang='lat' dir='ltr'><strong><em>ab</em></strong></span> <span class='ocrx_word' id='word_1_569' title='bbox 228 5516 423 5566; x_wconf 67' lang='lat' dir='ltr'><strong><em>aeterno</em></strong></span> <span class='ocrx_word' id='word_1_570' title='bbox 469 5525 678 5571; x_wconf 82' lang='lat' dir='ltr'><strong><em>creatas</em></strong></span> <span class='ocrx_word' id='word_1_571' title='bbox 721 5534 751 5573; x_wconf 89' lang='lat' dir='ltr'><strong><em>a</em></strong></span> <span class='ocrx_word' id='word_1_572' title='bbox 807 5520 915 5575; x_wconf 86' lang='lat' dir='ltr'><strong><em>lleo</em></strong></span> <span class='ocrx_word' id='word_1_573' title='bbox 954 5520 1241 5591; x_wconf 91' lang='lat' dir='ltr'><strong><em>Origenem</em></strong></span> <span class='ocrx_word' id='word_1_574' title='bbox 1289 5526 1670 5597; x_wconf 82' lang='lat' dir='ltr'><strong><em>existimasse;</em></strong></span> 
     </span>
    </p>
   </div>
   <div class='ocr_carea' id='block_1_79' title="bbox 123 5602 1668 5689">
    <p class='ocr_par' dir='ltr' id='par_1_79' title="bbox 123 5602 1668 5689">
     <span class='ocr_line' id='line_1_82' title="bbox 123 5602 1668 5689; baseline 0.021 -44"><span class='ocrx_word' id='word_1_575' title='bbox 123 5602 554 5660; x_wconf 89' lang='lat' dir='ltr'><strong><em>quemadmodum</em></strong></span> <span class='ocrx_word' id='word_1_576' title='bbox 590 5625 863 5680; x_wconf 87' lang='lat' dir='ltr'><strong><em>nunquam</em></strong></span> <span class='ocrx_word' id='word_1_577' title='bbox 891 5629 995 5667; x_wconf 91' lang='lat' dir='ltr'><strong><em>non</em></strong></span> <span class='ocrx_word' id='word_1_578' title='bbox 1026 5616 1143 5670; x_wconf 90' lang='lat' dir='ltr'><strong><em>sine</em></strong></span> <span class='ocrx_word' id='word_1_579' title='bbox 1168 5620 1286 5671; x_wconf 91' lang='lat' dir='ltr'><strong><em>luce</em></strong></span> <span class='ocrx_word' id='word_1_580' title='bbox 1325 5618 1424 5673; x_wconf 89' lang='lat' dir='ltr'><strong><em>sibi</em></strong></span> <span class='ocrx_word' id='word_1_581' title='bbox 1466 5635 1668 5689; x_wconf 70' lang='lat' dir='ltr'><strong><em>coazva,</em></strong></span> 
     </span>
    </p>
   </div>
   <div class='ocr_carea' id='block_1_80' title="bbox 123 5683 1671 5783">
    <p class='ocr_par' dir='ltr' id='par_1_80' title="bbox 123 5683 1671 5783">
     <span class='ocr_line' id='line_1_83' title="bbox 123 5683 1671 5783; baseline 0.02 -46"><span class='ocrx_word' id='word_1_582' title='bbox 123 5683 238 5783; x_wconf 80' lang='lat' dir='ltr'><strong><em>licet</em></strong></span> <span class='ocrx_word' id='word_1_583' title='bbox 272 5700 649 5766; x_wconf 80' lang='lat' dir='ltr'><strong><em>aseproducta</em></strong></span> <span class='ocrx_word' id='word_1_584' title='bbox 682 5703 761 5758; x_wconf 90' lang='lat' dir='ltr'><strong><em>sol</em></strong></span> <span class='ocrx_word' id='word_1_585' title='bbox 784 5702 904 5759; x_wconf 84' lang='lat' dir='ltr'><strong><em>fuit.</em></strong></span> <span class='ocrx_word' id='word_1_586' title='bbox 942 5707 1447 5765; x_wconf 87' lang='lat' dir='ltr'><strong><em>Demonstrabimus</em></strong></span> <span class='ocrx_word' id='word_1_587' title='bbox 1472 5683 1671 5783; x_wconf 84' lang='lat' dir='ltr'><strong><em>quippe</em></strong></span> 
     </span>
    </p>
   </div>
   <div class='ocr_carea' id='block_1_81' title="bbox 122 5774 1665 5887">
    <p class='ocr_par' dir='ltr' id='par_1_81' title="bbox 122 5774 1665 5887">
     <span class='ocr_line' id='line_1_84' title="bbox 122 5774 1665 5887; baseline 0.025 -59"><span class='ocrx_word' id='word_1_588' title='bbox 122 5774 277 5848; x_wconf 80' lang='lat' dir='ltr'><strong><em>intra,</em></strong></span> <span class='ocrx_word' id='word_1_589' title='bbox 311 5799 620 5854; x_wconf 86' lang='lat' dir='ltr'><strong><em>persuasum</em></strong></span> <span class='ocrx_word' id='word_1_590' title='bbox 657 5793 827 5887; x_wconf 61' lang='lat' dir='ltr'><strong><em>Ffuisse</em></strong></span> <span class='ocrx_word' id='word_1_591' title='bbox 858 5798 932 5854; x_wconf 94' lang='lat' dir='ltr'><strong><em>illi</em></strong></span> <span class='ocrx_word' id='word_1_592' title='bbox 971 5801 1227 5857; x_wconf 89' lang='lat' dir='ltr'><strong><em>mundum</em></strong></span> <span class='ocrx_word' id='word_1_593' title='bbox 1268 5804 1472 5863; x_wconf 89' lang='lat' dir='ltr'><strong><em>idcirco</em></strong></span> <span class='ocrx_word' id='word_1_594' title='bbox 1502 5822 1529 5860; x_wconf 88' lang='lat' dir='ltr'><strong><em>a</em></strong></span> <span class='ocrx_word' id='word_1_595' title='bbox 1554 5806 1665 5865; x_wconf 89' lang='lat' dir='ltr'><strong><em>Deo</em></strong></span> 
     </span>
    </p>
   </div>
   <div class='ocr_carea' id='block_1_82' title="bbox 1852 1955 3433 2045">
    <p class='ocr_par' dir='ltr' id='par_1_82' title="bbox 1852 1955 3433 2045">
     <span class='ocr_line' id='line_1_85' title="bbox 1852 1955 3433 2045; baseline 0.013 -37"><span class='ocrx_word' id='word_1_596' title='bbox 1852 1955 2097 2024; x_wconf 89' lang='lat' dir='ltr'><strong><em>tigerint.</em></strong></span> <span class='ocrx_word' id='word_1_597' title='bbox 2134 1959 2287 2025; x_wconf 89' lang='lat' dir='ltr'><strong><em>Quod</em></strong></span> <span class='ocrx_word' id='word_1_598' title='bbox 2328 1970 2386 2014; x_wconf 90' lang='lat' dir='ltr'><strong><em>ttt</em></strong></span> <span class='ocrx_word' id='word_1_599' title='bbox 2423 1961 2808 2020; x_wconf 88' lang='lat' dir='ltr'><strong><em>Adamantium</em></strong></span> <span class='ocrx_word' id='word_1_600' title='bbox 2848 1969 2921 2022; x_wconf 90' lang='lat' dir='ltr'><strong><em>ita</em></strong></span> <span class='ocrx_word' id='word_1_601' title='bbox 2952 1972 3189 2028; x_wconf 87' lang='lat' dir='ltr'><strong><em>sensisse</em></strong></span> <span class='ocrx_word' id='word_1_602' title='bbox 3225 1984 3433 2045; x_wconf 88' lang='lat' dir='ltr'><strong><em>putem,</em></strong></span> 
     </span>
    </p>
   </div>
   <div class='ocr_carea' id='block_1_83' title="bbox 1852 2047 3429 2133">
    <p class='ocr_par' dir='ltr' id='par_1_83' title="bbox 1852 2047 3429 2133">
     <span class='ocr_line' id='line_1_86' title="bbox 1852 2047 3429 2133; baseline 0.013 -33"><span class='ocrx_word' id='word_1_603' title='bbox 1852 2047 1980 2102; x_wconf 82' lang='lat' dir='ltr'><strong><em>facit</em></strong></span> <span class='ocrx_word' id='word_1_604' title='bbox 2009 2048 2418 2106; x_wconf 86' lang='lat' dir='ltr'><strong><em>Platonicorum</em></strong></span> <span class='ocrx_word' id='word_1_605' title='bbox 2455 2059 2819 2111; x_wconf 90' lang='lat' dir='ltr'><strong><em>recentiorum</em></strong></span> <span class='ocrx_word' id='word_1_606' title='bbox 2854 2063 3173 2129; x_wconf 88' lang='lat' dir='ltr'><strong><em>auctoritas,</em></strong></span> <span class='ocrx_word' id='word_1_607' title='bbox 3199 2080 3429 2133; x_wconf 90' lang='lat' dir='ltr'><strong><em>quorum</em></strong></span> 
     </span>
    </p>
   </div>
   <div class='ocr_carea' id='block_1_84' title="bbox 1849 2142 3431 2216">
    <p class='ocr_par' dir='ltr' id='par_1_84' title="bbox 1849 2142 3431 2216">
     <span class='ocr_line' id='line_1_87' title="bbox 1849 2142 3431 2216; baseline 0.013 -22"><span class='ocrx_word' id='word_1_608' title='bbox 1849 2142 2155 2197; x_wconf 90' lang='lat' dir='ltr'><strong><em>consimilis</em></strong></span> <span class='ocrx_word' id='word_1_609' title='bbox 2186 2154 2303 2197; x_wconf 91' lang='lat' dir='ltr'><strong><em>erat</em></strong></span> <span class='ocrx_word' id='word_1_610' title='bbox 2332 2148 2720 2216; x_wconf 81' lang='lat' dir='ltr'><strong><em>prepemodum</em></strong></span> <span class='ocrx_word' id='word_1_611' title='bbox 2758 2151 2949 2206; x_wconf 87' lang='lat' dir='ltr'><strong><em>iisdem</em></strong></span> <span class='ocrx_word' id='word_1_612' title='bbox 2992 2154 3058 2209; x_wconf 92' lang='lat' dir='ltr'><strong><em>de</em></strong></span> <span class='ocrx_word' id='word_1_613' title='bbox 3099 2157 3263 2213; x_wconf 89' lang='lat' dir='ltr'><strong><em>rebus</em></strong></span> <span class='ocrx_word' id='word_1_614' title='bbox 3304 2175 3431 2213; x_wconf 88' lang='lat' dir='ltr'><strong><em>sen-</em></strong></span> 
     </span>
    </p>
   </div>
   <div class='ocr_carea' id='block_1_85' title="bbox 1846 2234 3425 2319">
    <p class='ocr_par' dir='ltr' id='par_1_85' title="bbox 1846 2234 3425 2319">
     <span class='ocr_line' id='line_1_88' title="bbox 1846 2234 3425 2319; baseline 0.013 -33"><span class='ocrx_word' id='word_1_615' title='bbox 1846 2234 2038 2296; x_wconf 88' lang='lat' dir='ltr'><strong><em>tentia,</em></strong></span> <span class='ocrx_word' id='word_1_616' title='bbox 2065 2242 2122 2288; x_wconf 90' lang='lat' dir='ltr'><strong><em>ut</em></strong></span> <span class='ocrx_word' id='word_1_617' title='bbox 2144 2246 2229 2290; x_wconf 86' lang='lat' dir='ltr'><strong><em>est</em></strong></span> <span class='ocrx_word' id='word_1_618' title='bbox 2256 2241 2397 2308; x_wconf 90' lang='lat' dir='ltr'><strong><em>apud</em></strong></span> <span class='ocrx_word' id='word_1_619' title='bbox 2432 2240 2793 2309; x_wconf 71' lang='lat' dir='ltr'><strong><em>Augustinum</em></strong></span> <span class='ocrx_word' id='word_1_620' title='bbox 2823 2244 2916 2303; x_wconf 93' lang='lat' dir='ltr'><strong><em>lib.</em></strong></span> <span class='ocrx_word' id='word_1_621' title='bbox 2951 2261 2985 2300; x_wconf 72' lang='grc' dir='ltr'><strong>Χ</strong></span> <span class='ocrx_word' id='word_1_622' title='bbox 3044 2247 3120 2303; x_wconf 88' lang='lat' dir='ltr'><strong><em>De</em></strong></span> <span class='ocrx_word' id='word_1_623' title='bbox 3142 2251 3280 2304; x_wconf 87' lang='lat' dir='ltr'><strong><em>civit.</em></strong></span> <span class='ocrx_word' id='word_1_624' title='bbox 3307 2251 3425 2319; x_wconf 86' lang='lat' dir='ltr'><strong><em>Dei,</em></strong></span> 
     </span>
    </p>
   </div>
   <div class='ocr_carea' id='block_1_86' title="bbox 1844 2327 3424 2416">
    <p class='ocr_par' dir='ltr' id='par_1_86' title="bbox 1844 2327 3424 2416">
     <span class='ocr_line' id='line_1_89' title="bbox 1844 2327 3424 2416; baseline 0.014 -38"><span class='ocrx_word' id='word_1_625' title='bbox 1844 2339 1962 2395; x_wconf 89' lang='lat' dir='ltr'><strong><em>cap.</em></strong></span> <span class='ocrx_word' id='word_1_626' title='bbox 1999 2327 2087 2382; x_wconf 79' lang='lat' dir='ltr'><strong><em>5t.</em></strong></span> <span class='ocrx_word' id='word_1_627' title='bbox 2130 2328 2286 2386; x_wconf 82' lang='lat' dir='ltr'><strong><em>Facit</em></strong></span> <span class='ocrx_word' id='word_1_628' title='bbox 2332 2340 2385 2387; x_wconf 91' lang='lat' dir='ltr'><strong><em>et</em></strong></span> <span class='ocrx_word' id='word_1_629' title='bbox 2438 2335 2540 2390; x_wconf 90' lang='lat' dir='ltr'><strong><em>iste</em></strong></span> <span class='ocrx_word' id='word_1_630' title='bbox 2577 2334 2893 2408; x_wconf 86' lang='lat' dir='ltr'><strong><em>Hieronymi</em></strong></span> <span class='ocrx_word' id='word_1_631' title='bbox 2939 2343 3089 2397; x_wconf 90' lang='lat' dir='ltr'><strong><em>locus</em></strong></span> <span class='ocrx_word' id='word_1_632' title='bbox 3125 2345 3190 2397; x_wconf 88' lang='lat' dir='ltr'><strong><em>ad</em></strong></span> <span class='ocrx_word' id='word_1_633' title='bbox 3242 2358 3362 2416; x_wconf 90' lang='lat' dir='ltr'><strong><em>cap.</em></strong></span> <span class='ocrx_word' id='word_1_634' title='bbox 3406 2362 3424 2401; x_wconf 80' lang='grc' dir='ltr'>ι</span> 
     </span>
    </p>
   </div>
   <div class='ocr_carea' id='block_1_87' title="bbox 1846 2417 3425 2493">
    <p class='ocr_par' dir='ltr' id='par_1_87' title="bbox 1846 2417 3425 2493">
     <span class='ocr_line' id='line_1_90' title="bbox 1846 2417 3425 2493; baseline 0.014 -23"><span class='ocrx_word' id='word_1_635' title='bbox 1846 2417 2015 2486; x_wconf 85' lang='lat' dir='ltr'><strong><em>Epist.</em></strong></span> <span class='ocrx_word' id='word_1_636' title='bbox 2047 2421 2115 2474; x_wconf 91' lang='lat' dir='ltr'><strong><em>ad</em></strong></span> <span class='ocrx_word' id='word_1_637' title='bbox 2150 2418 2328 2475; x_wconf 89' lang='lat' dir='ltr'><strong><em>Titum</em></strong></span> <span class='ocrx_word' id='word_1_638' title='bbox 2363 2441 2377 2477; x_wconf 92' lang='lat'><strong>:</strong></span> <span class='ocrx_word' id='word_1_639' title='bbox 2424 2443 2444 2477; x_wconf 82' lang='grc' dir='ltr'>ι</span> <span class='ocrx_word' id='word_1_640' title='bbox 2484 2425 2590 2480; x_wconf 84' lang='lat' dir='ltr'><strong><em>Sex</em></strong></span> <span class='ocrx_word' id='word_1_641' title='bbox 2622 2426 2786 2481; x_wconf 89' lang='lat' dir='ltr'><strong><em>millia</em></strong></span> <span class='ocrx_word' id='word_1_642' title='bbox 2820 2431 3047 2485; x_wconf 92' lang='lat' dir='ltr'><strong><em>necdum</em></strong></span> <span class='ocrx_word' id='word_1_643' title='bbox 3083 2435 3255 2489; x_wconf 91' lang='lat' dir='ltr'><strong><em>nostri</em></strong></span> <span class='ocrx_word' id='word_1_644' title='bbox 3274 2436 3425 2493; x_wconf 90' lang='lat' dir='ltr'><strong><em>orbis</em></strong></span> 
     </span>
    </p>
   </div>
   <div class='ocr_carea' id='block_1_88' title="bbox 1841 2508 3419 2596">
    <p class='ocr_par' dir='ltr' id='par_1_88' title="bbox 1841 2508 3419 2596">
     <span class='ocr_line' id='line_1_91' title="bbox 1841 2508 3419 2596; baseline 0.015 -33"><span class='ocrx_word' id='word_1_645' title='bbox 1841 2508 2140 2580; x_wconf 90' lang='lat' dir='ltr'><strong><em>implentur</em></strong></span> <span class='ocrx_word' id='word_1_646' title='bbox 2188 2516 2362 2581; x_wconf 86' lang='lat' dir='ltr'><strong><em>anni;</em></strong></span> <span class='ocrx_word' id='word_1_647' title='bbox 2427 2528 2483 2573; x_wconf 88' lang='lat' dir='ltr'><strong><em>et</em></strong></span> <span class='ocrx_word' id='word_1_648' title='bbox 2539 2530 2774 2589; x_wconf 90' lang='lat' dir='ltr'><strong><em>quantas</em></strong></span> <span class='ocrx_word' id='word_1_649' title='bbox 2834 2524 2987 2592; x_wconf 89' lang='lat' dir='ltr'><strong><em>prius</em></strong></span> <span class='ocrx_word' id='word_1_650' title='bbox 3040 2529 3419 2596; x_wconf 77' lang='lat' dir='ltr'><strong><em>aeternitates,</em></strong></span> 
     </span>
    </p>
   </div>
   <div class='ocr_carea' id='block_1_89' title="bbox 1839 2613 3420 2688">
    <p class='ocr_par' dir='ltr' id='par_1_89' title="bbox 1839 2613 3420 2688">
     <span class='ocr_line' id='line_1_92' title="bbox 1839 2613 3420 2688; baseline 0.015 -34"><span class='ocrx_word' id='word_1_651' title='bbox 1839 2614 2041 2672; x_wconf 90' lang='lat' dir='ltr'><strong><em>quanta</em></strong></span> <span class='ocrx_word' id='word_1_652' title='bbox 2084 2614 2349 2676; x_wconf 89' lang='lat' dir='ltr'><strong><em>tempora,</em></strong></span> <span class='ocrx_word' id='word_1_653' title='bbox 2369 2620 2607 2680; x_wconf 89' lang='lat' dir='ltr'><strong><em>quantas</em></strong></span> <span class='ocrx_word' id='word_1_654' title='bbox 2626 2613 2948 2669; x_wconf 75' lang='lat' dir='ltr'><strong><em>szeculorum</em></strong></span> <span class='ocrx_word' id='word_1_655' title='bbox 2983 2618 3222 2688; x_wconf 85' lang='lat' dir='ltr'><strong><em>origines</em></strong></span> <span class='ocrx_word' id='word_1_656' title='bbox 3251 2621 3420 2679; x_wconf 81' lang='lat' dir='ltr'><strong><em>fuisse</em></strong></span> 
     </span>
    </p>
   </div>
   <div class='ocr_carea' id='block_1_90' title="bbox 1839 2693 3419 2778">
    <p class='ocr_par' dir='ltr' id='par_1_90' title="bbox 1839 2693 3419 2778">
     <span class='ocr_line' id='line_1_93' title="bbox 1839 2693 3419 2778; baseline 0.013 -31"><span class='ocrx_word' id='word_1_657' title='bbox 1839 2693 2213 2752; x_wconf 79' lang='lat' dir='ltr'><strong><em>arbitrantium</em></strong></span> <span class='ocrx_word' id='word_1_658' title='bbox 2242 2708 2354 2766; x_wconf 92' lang='lat' dir='ltr'><strong><em>est,</em></strong></span> <span class='ocrx_word' id='word_1_659' title='bbox 2386 2700 2440 2754; x_wconf 91' lang='lat' dir='ltr'><strong><em>in</em></strong></span> <span class='ocrx_word' id='word_1_660' title='bbox 2471 2702 2668 2770; x_wconf 90' lang='lat' dir='ltr'><strong><em>quibus</em></strong></span> <span class='ocrx_word' id='word_1_661' title='bbox 2695 2705 2893 2775; x_wconf 88' lang='lat' dir='ltr'><strong><em>angeli,</em></strong></span> <span class='ocrx_word' id='word_1_662' title='bbox 2934 2708 3139 2778; x_wconf 88' lang='lat' dir='ltr'><strong><em>throni,</em></strong></span> <span class='ocrx_word' id='word_1_663' title='bbox 3169 2711 3419 2767; x_wconf 90' lang='lat' dir='ltr'><strong><em>domina-</em></strong></span> 
     </span>
    </p>
   </div>
   <div class='ocr_carea' id='block_1_91' title="bbox 1841 2784 3416 2866">
    <p class='ocr_par' dir='ltr' id='par_1_91' title="bbox 1841 2784 3416 2866">
     <span class='ocr_line' id='line_1_94' title="bbox 1841 2784 3416 2866; baseline 0.015 -29"><span class='ocrx_word' id='word_1_664' title='bbox 1841 2784 2033 2851; x_wconf 89' lang='lat' dir='ltr'><strong><em>tiones,</em></strong></span> <span class='ocrx_word' id='word_1_665' title='bbox 2076 2798 2395 2861; x_wconf 63' lang='lat' dir='ltr'><strong><em>catteraeque</em></strong></span> <span class='ocrx_word' id='word_1_666' title='bbox 2434 2793 2663 2848; x_wconf 89' lang='lat' dir='ltr'><strong><em>virtutes</em></strong></span> <span class='ocrx_word' id='word_1_667' title='bbox 2698 2798 2987 2853; x_wconf 89' lang='lat' dir='ltr'><strong><em>servierint</em></strong></span> <span class='ocrx_word' id='word_1_668' title='bbox 3024 2799 3155 2866; x_wconf 89' lang='lat' dir='ltr'><strong><em>Deo,</em></strong></span> <span class='ocrx_word' id='word_1_669' title='bbox 3190 2812 3245 2857; x_wconf 87' lang='lat' dir='ltr'><strong><em>et</em></strong></span> <span class='ocrx_word' id='word_1_670' title='bbox 3287 2804 3416 2861; x_wconf 90' lang='lat' dir='ltr'><strong><em>abs-</em></strong></span> 
     </span>
    </p>
   </div>
   <div class='ocr_carea' id='block_1_92' title="bbox 1839 2885 3415 2964">
    <p class='ocr_par' dir='ltr' id='par_1_92' title="bbox 1839 2885 3415 2964">
     <span class='ocr_line' id='line_1_95' title="bbox 1839 2885 3415 2964; baseline 0.015 -35"><span class='ocrx_word' id='word_1_671' title='bbox 1839 2890 1946 2945; x_wconf 88' lang='lat' dir='ltr'><strong><em>que</em></strong></span> <span class='ocrx_word' id='word_1_672' title='bbox 2004 2887 2306 2950; x_wconf 90' lang='lat' dir='ltr'><strong><em>temporum</em></strong></span> <span class='ocrx_word' id='word_1_673' title='bbox 2338 2885 2547 2942; x_wconf 89' lang='lat' dir='ltr'><strong><em>vicibus</em></strong></span> <span class='ocrx_word' id='word_1_674' title='bbox 2574 2898 2738 2958; x_wconf 91' lang='lat' dir='ltr'><strong><em>atque</em></strong></span> <span class='ocrx_word' id='word_1_675' title='bbox 2763 2892 3030 2946; x_wconf 90' lang='lat' dir='ltr'><strong><em>mensuris</em></strong></span> <span class='ocrx_word' id='word_1_676' title='bbox 3054 2893 3162 2949; x_wconf 93' lang='lat' dir='ltr'><strong><em>Deo</em></strong></span> <span class='ocrx_word' id='word_1_677' title='bbox 3186 2894 3415 2964; x_wconf 87' lang='lat' dir='ltr'><strong><em>jubente</em></strong></span> 
     </span>
    </p>
   </div>
   <div class='ocr_carea' id='block_1_93' title="bbox 1831 2968 3411 3056">
    <p class='ocr_par' dir='ltr' id='par_1_93' title="bbox 1831 2968 3411 3056">
     <span class='ocr_line' id='line_1_96' title="bbox 1831 2968 3411 3056; baseline 0.011 -34"><span class='ocrx_word' id='word_1_678' title='bbox 1831 2968 2219 3027; x_wconf 87' lang='lat' dir='ltr'><strong><em>substiterint?</em></strong></span> <span class='ocrx_word' id='word_1_679' title='bbox 2256 2993 2275 3026; x_wconf 74' lang='grc' dir='ltr'>ι</span> <span class='ocrx_word' id='word_1_680' title='bbox 2317 2973 2442 3031; x_wconf 72' lang='lat' dir='ltr'><strong><em>Haec</em></strong></span> <span class='ocrx_word' id='word_1_681' title='bbox 2476 2977 2876 3049; x_wconf 89' lang='lat' dir='ltr'><strong><em>Origcnismum</em></strong></span> <span class='ocrx_word' id='word_1_682' title='bbox 2927 2984 3186 3053; x_wconf 86' lang='lat' dir='ltr'><strong><em>sapiunt,</em></strong></span> <span class='ocrx_word' id='word_1_683' title='bbox 3229 2987 3411 3056; x_wconf 83' lang='lat' dir='ltr'><strong><em>qualia</em></strong></span> 
     </span>
    </p>
   </div>
   <div class='ocr_carea' id='block_1_94' title="bbox 1832 3062 3406 3150">
    <p class='ocr_par' dir='ltr' id='par_1_94' title="bbox 1832 3062 3406 3150">
     <span class='ocr_line' id='line_1_97' title="bbox 1832 3062 3406 3150; baseline 0.016 -37"><span class='ocrx_word' id='word_1_684' title='bbox 1832 3062 2003 3117; x_wconf 87' lang='lat' dir='ltr'><strong><em>multa</em></strong></span> <span class='ocrx_word' id='word_1_685' title='bbox 2042 3063 2465 3124; x_wconf 89' lang='lat' dir='ltr'><strong><em>Commentariis</em></strong></span> <span class='ocrx_word' id='word_1_686' title='bbox 2514 3073 2627 3127; x_wconf 91' lang='lat' dir='ltr'><strong><em>suis</em></strong></span> <span class='ocrx_word' id='word_1_687' title='bbox 2674 3074 3033 3148; x_wconf 82' lang='lat' dir='ltr'><strong><em>Hieronymus</em></strong></span> <span class='ocrx_word' id='word_1_688' title='bbox 3069 3092 3406 3150; x_wconf 89' lang='lat' dir='ltr'><strong><em>asperserat.</em></strong></span> 
     </span>
    </p>
   </div>
   <div class='ocr_carea' id='block_1_95' title="bbox 1829 3153 3404 3238">
    <p class='ocr_par' dir='ltr' id='par_1_95' title="bbox 1829 3153 3404 3238">
     <span class='ocr_line' id='line_1_98' title="bbox 1829 3153 3404 3238; baseline 0.014 -30"><span class='ocrx_word' id='word_1_689' title='bbox 1829 3153 2028 3209; x_wconf 89' lang='lat' dir='ltr'><strong><em>Facilis</em></strong></span> <span class='ocrx_word' id='word_1_690' title='bbox 2068 3173 2211 3212; x_wconf 92' lang='lat' dir='ltr'><strong><em>nunc</em></strong></span> <span class='ocrx_word' id='word_1_691' title='bbox 2237 3169 2317 3214; x_wconf 90' lang='lat' dir='ltr'><strong><em>est</em></strong></span> <span class='ocrx_word' id='word_1_692' title='bbox 2351 3160 2564 3217; x_wconf 90' lang='lat' dir='ltr'><strong><em>Leontii</em></strong></span> <span class='ocrx_word' id='word_1_693' title='bbox 2603 3163 2845 3237; x_wconf 80' lang='lat' dir='ltr'><strong><em>Byzantii</em></strong></span> <span class='ocrx_word' id='word_1_694' title='bbox 2879 3170 3194 3228; x_wconf 90' lang='lat' dir='ltr'><strong><em>intellectus</em></strong></span> <span class='ocrx_word' id='word_1_695' title='bbox 3217 3216 3231 3238; x_wconf 92' lang='lat'><strong><em>,</em></strong></span> <span class='ocrx_word' id='word_1_696' title='bbox 3282 3190 3404 3231; x_wconf 93' lang='lat' dir='ltr'><strong><em>cum</em></strong></span> 
     </span>
    </p>
   </div>
   <div class='ocr_carea' id='block_1_96' title="bbox 1826 3243 3407 3340">
    <p class='ocr_par' dir='ltr' id='par_1_96' title="bbox 1826 3243 3407 3340">
     <span class='ocr_line' id='line_1_99' title="bbox 1826 3243 3407 3340; baseline 0.017 -45"><span class='ocrx_word' id='word_1_697' title='bbox 1826 3243 1902 3297; x_wconf 79' lang='lat' dir='ltr'><strong><em>ait.</em></strong></span> <span class='ocrx_word' id='word_1_698' title='bbox 1948 3244 2215 3300; x_wconf 83' lang='lat' dir='ltr'><strong><em>Scholior.</em></strong></span> <span class='ocrx_word' id='word_1_699' title='bbox 2247 3258 2351 3303; x_wconf 89' lang='lat' dir='ltr'><strong><em>act.</em></strong></span> <span class='ocrx_word' id='word_1_700' title='bbox 2387 3252 2491 3306; x_wconf 86' lang='lat' dir='ltr'><strong><em>IO:</em></strong></span> <span class='ocrx_word' id='word_1_701' title='bbox 2526 3254 2637 3308; x_wconf 76' lang='grc' dir='ltr'><strong><em>Καὶ</em></strong></span> <span class='ocrx_word' id='word_1_702' title='bbox 2674 3255 2875 3323; x_wconf 78' lang='grc' dir='ltr'>οὕτως,</span> <span class='ocrx_word' id='word_1_703' title='bbox 2916 3262 3124 3332; x_wconf 89' lang='lat' dir='ltr'><strong><em>inquit,</em></strong></span> <span class='ocrx_word' id='word_1_704' title='bbox 3152 3267 3407 3340; x_wconf 73' lang='grc' dir='ltr'>περὶτῆς</span> 
     </span>
    </p>
   </div>
   <div class='ocr_carea' id='block_1_97' title="bbox 1825 3336 3403 3433">
    <p class='ocr_par' dir='ltr' id='par_1_97' title="bbox 1825 3336 3403 3433">
     <span class='ocr_line' id='line_1_100' title="bbox 1825 3336 3403 3433; baseline 0.018 -48"><span class='ocrx_word' id='word_1_705' title='bbox 1825 3336 2221 3408; x_wconf 81' lang='grc' dir='ltr'><strong><em>προῡπάρξεως</em></strong></span> <span class='ocrx_word' id='word_1_706' title='bbox 2267 3340 2518 3408; x_wconf 74' lang='grc' dir='ltr'><strong><em>ἐδόξαζεν</em></strong></span> <span class='ocrx_word' id='word_1_707' title='bbox 2576 3346 2912 3422; x_wconf 82' lang='grc' dir='ltr'>(Ὡριγένης)</span> <span class='ocrx_word' id='word_1_708' title='bbox 2951 3353 3142 3420; x_wconf 78' lang='grc' dir='ltr'>οὕτως,</span> <span class='ocrx_word' id='word_1_709' title='bbox 3178 3336 3258 3410; x_wconf 74' lang='grc' dir='ltr'>ὅτι</span> <span class='ocrx_word' id='word_1_710' title='bbox 3298 3336 3403 3433; x_wconf 55' lang='lat' dir='ltr'><strong><em>uno</em></strong></span> 
     </span>
    </p>
   </div>
   <div class='ocr_carea' id='block_1_98' title="bbox 1820 3425 3404 3515">
    <p class='ocr_par' dir='ltr' id='par_1_98' title="bbox 1820 3425 3404 3515">
     <span class='ocr_line' id='line_1_101' title="bbox 1820 3425 3404 3515; baseline 0.02 -39"><span class='ocrx_word' id='word_1_711' title='bbox 1820 3425 1929 3479; x_wconf 83' lang='grc' dir='ltr'><strong><em>τῶν</em></strong></span> <span class='ocrx_word' id='word_1_712' title='bbox 1970 3426 2182 3482; x_wconf 81' lang='grc' dir='ltr'><strong><em>αἰώνων</em></strong></span> <span class='ocrx_word' id='word_1_713' title='bbox 2215 3432 2332 3496; x_wconf 85' lang='grc' dir='ltr'><strong><em>νὸες</em></strong></span> <span class='ocrx_word' id='word_1_714' title='bbox 2367 3428 2509 3505; x_wconf 79' lang='grc' dir='ltr'>ἦσαν</span> <span class='ocrx_word' id='word_1_715' title='bbox 2554 3438 2755 3503; x_wconf 81' lang='grc' dir='ltr'>πάντες</span> <span class='ocrx_word' id='word_1_716' title='bbox 2798 3443 3049 3515; x_wconf 78' lang='grc' dir='ltr'>καθαροὶ,</span> <span class='ocrx_word' id='word_1_717' title='bbox 3086 3449 3180 3503; x_wconf 75' lang='grc' dir='ltr'>καὶ</span> <span class='ocrx_word' id='word_1_718' title='bbox 3204 3450 3255 3501; x_wconf 84' lang='grc' dir='ltr'>οἱ</span> <span class='ocrx_word' id='word_1_719' title='bbox 3288 3425 3404 3506; x_wconf 71' lang='grc' dir='ltr'>δαίε-</span> 
     </span>
    </p>
   </div>
   <div class='ocr_carea' id='block_1_99' title="bbox 1822 3523 3401 3612">
    <p class='ocr_par' dir='ltr' id='par_1_99' title="bbox 1822 3523 3401 3612">
     <span class='ocr_line' id='line_1_102' title="bbox 1822 3523 3401 3612; baseline 0.019 -43"><span class='ocrx_word' id='word_1_720' title='bbox 1822 3535 2002 3588; x_wconf 85' lang='grc' dir='ltr'>μονες,</span> <span class='ocrx_word' id='word_1_721' title='bbox 2030 3523 2125 3575; x_wconf 77' lang='grc' dir='ltr'>καὶ</span> <span class='ocrx_word' id='word_1_722' title='bbox 2166 3526 2222 3577; x_wconf 80' lang='grc' dir='ltr'>αἱ</span> <span class='ocrx_word' id='word_1_723' title='bbox 2249 3526 2445 3596; x_wconf 76' lang='grc' dir='ltr'>ψυχαὶ,</span> <span class='ocrx_word' id='word_1_724' title='bbox 2486 3530 2580 3583; x_wconf 74' lang='grc' dir='ltr'>καὶ</span> <span class='ocrx_word' id='word_1_725' title='bbox 2625 3533 2674 3585; x_wconf 83' lang='grc' dir='ltr'>οἱ</span> <span class='ocrx_word' id='word_1_726' title='bbox 2716 3534 2933 3604; x_wconf 81' lang='grc' dir='ltr'>ἄγγελοι</span> <span class='ocrx_word' id='word_1_727' title='bbox 2963 3537 3401 3612; x_wconf 74' lang='grc' dir='ltr'><strong><em>λειτουργοῦντες</em></strong></span> 
     </span>
    </p>
   </div>
   <div class='ocr_carea' id='block_1_100' title="bbox 1818 3608 3400 3696">
    <p class='ocr_par' dir='ltr' id='par_1_100' title="bbox 1818 3608 3400 3696">
     <span class='ocr_line' id='line_1_103' title="bbox 1818 3608 3400 3696; baseline 0.021 -36"><span class='ocrx_word' id='word_1_728' title='bbox 1818 3608 1894 3679; x_wconf 84' lang='grc' dir='ltr'>τῷ</span> <span class='ocrx_word' id='word_1_729' title='bbox 1932 3610 2071 3682; x_wconf 83' lang='grc' dir='ltr'>Θεῷ,</span> <span class='ocrx_word' id='word_1_730' title='bbox 2116 3615 2211 3696; x_wconf 62' lang='grc' dir='ltr'>καὶ</span> <span class='ocrx_word' id='word_1_731' title='bbox 2256 3616 2355 3681; x_wconf 81' lang='grc' dir='ltr'><strong><em>τὰς</em></strong></span> <span class='ocrx_word' id='word_1_732' title='bbox 2403 3620 2623 3684; x_wconf 74' lang='grc' dir='ltr'>ἐντολὰς</span> <span class='ocrx_word' id='word_1_733' title='bbox 2677 3623 2842 3678; x_wconf 81' lang='grc' dir='ltr'>αὐτοῦ</span> <span class='ocrx_word' id='word_1_734' title='bbox 2900 3608 3199 3696; x_wconf 55' lang='grc' dir='ltr'>ποιοῦντεξξ</span> <span class='ocrx_word' id='word_1_735' title='bbox 3244 3635 3302 3688; x_wconf 87' lang='grc' dir='ltr'>Ὁ</span> <span class='ocrx_word' id='word_1_736' title='bbox 3339 3608 3400 3693; x_wconf 62' lang='grc' dir='ltr'><strong><em>δέ</em></strong></span> 
     </span>
    </p>
   </div>
   <div class='ocr_carea' id='block_1_101' title="bbox 1814 3695 3398 3795">
    <p class='ocr_par' dir='ltr' id='par_1_101' title="bbox 1814 3695 3398 3795">
     <span class='ocr_line' id='line_1_104' title="bbox 1814 3695 3398 3795; baseline 0.021 -47"><span class='ocrx_word' id='word_1_737' title='bbox 1814 3695 2058 3763; x_wconf 81' lang='grc' dir='ltr'>διάϐολος</span> <span class='ocrx_word' id='word_1_738' title='bbox 2088 3695 2168 3765; x_wconf 76' lang='grc' dir='ltr'><strong><em>εἷς</em></strong></span> <span class='ocrx_word' id='word_1_739' title='bbox 2198 3702 2293 3769; x_wconf 82' lang='grc' dir='ltr'>ὣν,</span> <span class='ocrx_word' id='word_1_740' title='bbox 2330 3706 2519 3781; x_wconf 76' lang='grc' dir='ltr'>ἐπειδὴ</span> <span class='ocrx_word' id='word_1_741' title='bbox 2548 3711 2611 3765; x_wconf 73' lang='grc' dir='ltr'><strong><em>τὸ</em></strong></span> <span class='ocrx_word' id='word_1_742' title='bbox 2654 3712 2997 3779; x_wconf 85' lang='grc' dir='ltr'>αὐτεξούσιον</span> <span class='ocrx_word' id='word_1_743' title='bbox 3036 3718 3201 3791; x_wconf 68' lang='grc' dir='ltr'>εἶχεν,</span> <span class='ocrx_word' id='word_1_744' title='bbox 3233 3726 3398 3795; x_wconf 74' lang='grc' dir='ltr'>ἠϐου-</span> 
     </span>
    </p>
   </div>
   <div class='ocr_carea' id='block_1_102' title="bbox 1814 3786 3394 3883">
    <p class='ocr_par' dir='ltr' id='par_1_102' title="bbox 1814 3786 3394 3883">
     <span class='ocr_line' id='line_1_105' title="bbox 1814 3786 3394 3883; baseline 0.022 -44"><span class='ocrx_word' id='word_1_745' title='bbox 1814 3786 1951 3859; x_wconf 85' lang='grc' dir='ltr'><strong><em>λήθη</em></strong></span> <span class='ocrx_word' id='word_1_746' title='bbox 1981 3791 2299 3865; x_wconf 84' lang='grc' dir='ltr'>ἀντιστῆναι</span> <span class='ocrx_word' id='word_1_747' title='bbox 2324 3798 2401 3870; x_wconf 83' lang='grc' dir='ltr'>τῷ</span> <span class='ocrx_word' id='word_1_748' title='bbox 2427 3800 2564 3873; x_wconf 80' lang='grc' dir='ltr'>Θεῷ,</span> <span class='ocrx_word' id='word_1_749' title='bbox 2593 3806 2685 3859; x_wconf 78' lang='grc' dir='ltr'><strong><em>καὶ</em></strong></span> <span class='ocrx_word' id='word_1_750' title='bbox 2717 3806 2975 3864; x_wconf 80' lang='grc' dir='ltr'><strong><em>ἀπώσατο</em></strong></span> <span class='ocrx_word' id='word_1_751' title='bbox 2998 3786 3202 3868; x_wconf 71' lang='grc' dir='ltr'>αὺτδνδ</span> <span class='ocrx_word' id='word_1_752' title='bbox 3228 3786 3359 3883; x_wconf 62' lang='lat' dir='ltr'><strong><em>Oed;</em></strong></span> <span class='ocrx_word' id='word_1_753' title='bbox 3378 3838 3394 3853; x_wconf 73' lang='grc' dir='ltr'><strong>ο</strong></span> 
     </span>
    </p>
   </div>
   <div class='ocr_carea' id='block_1_103' title="bbox 1814 3882 3395 3975">
    <p class='ocr_par' dir='ltr' id='par_1_103' title="bbox 1814 3882 3395 3975">
     <span class='ocr_line' id='line_1_106' title="bbox 1814 3882 3395 3975; baseline 0.022 -45"><span class='ocrx_word' id='word_1_754' title='bbox 1814 3882 2226 3955; x_wconf 77' lang='grc' dir='ltr'>συναπέστησαν</span> <span class='ocrx_word' id='word_1_755' title='bbox 2251 3887 2307 3941; x_wconf 85' lang='grc' dir='ltr'>δὲ</span> <span class='ocrx_word' id='word_1_756' title='bbox 2332 3890 2481 3961; x_wconf 81' lang='grc' dir='ltr'>αὐτῷ</span> <span class='ocrx_word' id='word_1_757' title='bbox 2508 3896 2679 3950; x_wconf 79' lang='grc' dir='ltr'>πᾶσαι</span> <span class='ocrx_word' id='word_1_758' title='bbox 2719 3900 2777 3951; x_wconf 80' lang='grc' dir='ltr'>αἱ</span> <span class='ocrx_word' id='word_1_759' title='bbox 2804 3900 2960 3955; x_wconf 86' lang='grc' dir='ltr'>ἄλλαι</span> <span class='ocrx_word' id='word_1_760' title='bbox 2985 3904 3264 3975; x_wconf 82' lang='grc' dir='ltr'>δυνάμεις,</span> <span class='ocrx_word' id='word_1_761' title='bbox 3296 3882 3395 3965; x_wconf 76' lang='grc' dir='ltr'>καὶ</span> 
     </span>
    </p>
   </div>
   <div class='ocr_carea' id='block_1_104' title="bbox 1810 3973 3394 4065">
    <p class='ocr_par' dir='ltr' id='par_1_104' title="bbox 1810 3973 3394 4065">
     <span class='ocr_line' id='line_1_107' title="bbox 1810 3973 3394 4065; baseline 0.022 -42"><span class='ocrx_word' id='word_1_762' title='bbox 1810 3973 1858 4024; x_wconf 84' lang='lat' dir='ltr'><strong><em>oi</em></strong></span> <span class='ocrx_word' id='word_1_763' title='bbox 1894 3973 1993 4043; x_wconf 85' lang='grc' dir='ltr'><strong><em>μὲν</em></strong></span> <span class='ocrx_word' id='word_1_764' title='bbox 2037 3977 2175 4031; x_wconf 86' lang='grc' dir='ltr'>πάνυ</span> <span class='ocrx_word' id='word_1_765' title='bbox 2214 3980 2635 4054; x_wconf 84' lang='grc' dir='ltr'>ἁμαρτήσαντες</span> <span class='ocrx_word' id='word_1_766' title='bbox 2663 3989 2918 4061; x_wconf 80' lang='grc' dir='ltr'>δαίμονες</span> <span class='ocrx_word' id='word_1_767' title='bbox 2958 3973 3305 4065; x_wconf 78' lang='grc' dir='ltr'>ἐγένοντο-οἱ</span> <span class='ocrx_word' id='word_1_768' title='bbox 3335 4004 3394 4058; x_wconf 84' lang='grc' dir='ltr'>δὲ</span> 
     </span>
    </p>
   </div>
   <div class='ocr_carea' id='block_1_105' title="bbox 1809 4064 3388 4162">
    <p class='ocr_par' dir='ltr' id='par_1_105' title="bbox 1809 4064 3388 4162">
     <span class='ocr_line' id='line_1_108' title="bbox 1809 4064 3388 4162; baseline 0.02 -46"><span class='ocrx_word' id='word_1_769' title='bbox 1809 4064 1889 4117; x_wconf 78' lang='grc' dir='ltr'>ἔτι</span> <span class='ocrx_word' id='word_1_770' title='bbox 1927 4066 2164 4138; x_wconf 78' lang='grc' dir='ltr'>ἔλαττον,</span> <span class='ocrx_word' id='word_1_771' title='bbox 2200 4072 2439 4142; x_wconf 69' lang='grc' dir='ltr'>ἄγγελον</span> <span class='ocrx_word' id='word_1_772' title='bbox 2480 4078 2530 4130; x_wconf 77' lang='grc' dir='ltr'>οἱ</span> <span class='ocrx_word' id='word_1_773' title='bbox 2567 4078 2623 4132; x_wconf 89' lang='grc' dir='ltr'>δὲ</span> <span class='ocrx_word' id='word_1_774' title='bbox 2658 4080 2736 4134; x_wconf 80' lang='grc' dir='ltr'>ἔτι</span> <span class='ocrx_word' id='word_1_775' title='bbox 2754 4082 2972 4140; x_wconf 81' lang='grc' dir='ltr'>ἔλαττον</span> <span class='ocrx_word' id='word_1_776' title='bbox 3012 4089 3339 4162; x_wconf 78' lang='grc' dir='ltr'>ἀρχάγγελοι</span> <span class='ocrx_word' id='word_1_777' title='bbox 3371 4110 3388 4126; x_wconf 77' lang='grc'><strong><em>⁸</em></strong></span> 
     </span>
    </p>
   </div>
   <div class='ocr_carea' id='block_1_106' title="bbox 1808 4159 3389 4257">
    <p class='ocr_par' dir='ltr' id='par_1_106' title="bbox 1808 4159 3389 4257">
     <span class='ocr_line' id='line_1_109' title="bbox 1808 4159 3389 4257; baseline 0.02 -47"><span class='ocrx_word' id='word_1_778' title='bbox 1808 4159 1900 4211; x_wconf 71' lang='grc' dir='ltr'><strong><em>καὶ</em></strong></span> <span class='ocrx_word' id='word_1_779' title='bbox 1914 4160 2087 4226; x_wconf 80' lang='grc' dir='ltr'>οὕτως</span> <span class='ocrx_word' id='word_1_780' title='bbox 2104 4164 2303 4237; x_wconf 80' lang='grc' dir='ltr'>ἐφεξῆς</span> <span class='ocrx_word' id='word_1_781' title='bbox 2324 4166 2555 4235; x_wconf 76' lang='grc' dir='ltr'>ἕκαστος</span> <span class='ocrx_word' id='word_1_782' title='bbox 2580 4173 2719 4246; x_wconf 74' lang='grc' dir='ltr'>πρὸς</span> <span class='ocrx_word' id='word_1_783' title='bbox 2748 4175 2845 4247; x_wconf 80' lang='grc' dir='ltr'>τὴν</span> <span class='ocrx_word' id='word_1_784' title='bbox 2871 4159 3389 4257; x_wconf 28' lang='grc' dir='ltr'>οἰκείανῃὰιιαρτίαν</span> 
     </span>
    </p>
   </div>
   <div class='ocr_carea' id='block_1_107' title="bbox 1804 4250 3388 4342">
    <p class='ocr_par' dir='ltr' id='par_1_107' title="bbox 1804 4250 3388 4342">
     <span class='ocr_line' id='line_1_110' title="bbox 1804 4250 3388 4342; baseline 0.02 -40"><span class='ocrx_word' id='word_1_785' title='bbox 1804 4250 2101 4308; x_wconf 80' lang='grc' dir='ltr'>ἀπέλαϐεν·</span> <span class='ocrx_word' id='word_1_786' title='bbox 2157 4258 2511 4316; x_wconf 85' lang='grc' dir='ltr'>ὑπελείποντο</span> <span class='ocrx_word' id='word_1_787' title='bbox 2562 4265 2619 4318; x_wconf 83' lang='grc' dir='ltr'>δὲ</span> <span class='ocrx_word' id='word_1_788' title='bbox 2656 4269 2712 4321; x_wconf 80' lang='grc' dir='ltr'>αἱ</span> <span class='ocrx_word' id='word_1_789' title='bbox 2757 4268 2960 4342; x_wconf 75' lang='grc' dir='ltr'>ψυχαὶ,</span> <span class='ocrx_word' id='word_1_790' title='bbox 3016 4250 3388 4341; x_wconf 41' lang='grc' dir='ltr'>αἵτινες-οὐδὲ</span> 
     </span>
    </p>
   </div>
   <div class='ocr_carea' id='block_1_108' title="bbox 1802 4343 3382 4438">
    <p class='ocr_par' dir='ltr' id='par_1_108' title="bbox 1802 4343 3382 4438">
     <span class='ocr_line' id='line_1_111' title="bbox 1802 4343 3382 4438; baseline 0.021 -44"><span class='ocrx_word' id='word_1_791' title='bbox 1802 4345 2035 4399; x_wconf 83' lang='grc' dir='ltr'>τοσαῦτα</span> <span class='ocrx_word' id='word_1_792' title='bbox 2065 4343 2204 4421; x_wconf 79' lang='grc' dir='ltr'>ἦσαν</span> <span class='ocrx_word' id='word_1_793' title='bbox 2243 4353 2650 4428; x_wconf 83' lang='grc' dir='ltr'>ἁμαρτήσασαι,</span> <span class='ocrx_word' id='word_1_794' title='bbox 2691 4361 2779 4415; x_wconf 78' lang='grc' dir='ltr'>ἵνα</span> <span class='ocrx_word' id='word_1_795' title='bbox 2808 4363 3059 4435; x_wconf 84' lang='grc' dir='ltr'>δαίμονες</span> <span class='ocrx_word' id='word_1_796' title='bbox 3081 4370 3342 4438; x_wconf 82' lang='grc' dir='ltr'>γένωνται</span> <span class='ocrx_word' id='word_1_797' title='bbox 3368 4390 3382 4404; x_wconf 78' lang='grc' dir='ltr'><strong>ο</strong></span> 
     </span>
    </p>
   </div>
   <div class='ocr_carea' id='block_1_109' title="bbox 1801 4434 3379 4527">
    <p class='ocr_par' dir='ltr' id='par_1_109' title="bbox 1801 4434 3379 4527">
     <span class='ocr_line' id='line_1_112' title="bbox 1801 4434 3379 4527; baseline 0.02 -41"><span class='ocrx_word' id='word_1_798' title='bbox 1801 4434 1919 4488; x_wconf 79' lang='grc' dir='ltr'>οὐδὲ</span> <span class='ocrx_word' id='word_1_799' title='bbox 1950 4437 2112 4492; x_wconf 86' lang='grc' dir='ltr'>πάλιν</span> <span class='ocrx_word' id='word_1_800' title='bbox 2130 4439 2272 4495; x_wconf 75' lang='grc' dir='ltr'>οὕτω</span> <span class='ocrx_word' id='word_1_801' title='bbox 2300 4447 2666 4518; x_wconf 81' lang='grc' dir='ltr'><strong><em>κουφοτέρως,</em></strong></span> <span class='ocrx_word' id='word_1_802' title='bbox 2708 4451 2796 4505; x_wconf 79' lang='grc' dir='ltr'><strong><em>ἵνα</em></strong></span> <span class='ocrx_word' id='word_1_803' title='bbox 2833 4434 3052 4524; x_wconf 62' lang='grc' dir='ltr'>ἄγγελοι</span> <span class='ocrx_word' id='word_1_804' title='bbox 3082 4434 3379 4527; x_wconf 43' lang='grc' dir='ltr'>ἧένωνται·</span> 
     </span>
    </p>
   </div>
   <div class='ocr_carea' id='block_1_110' title="bbox 1728 4528 3383 4628">
    <p class='ocr_par' dir='ltr' id='par_1_110' title="bbox 1728 4528 3383 4628">
     <span class='ocr_line' id='line_1_113' title="bbox 1728 4528 3383 4628; baseline 0.019 -50"><span class='ocrx_word' id='word_1_805' title='bbox 1728 4540 1771 4595; x_wconf 82' lang='lat' dir='ltr'><strong>D</strong></span> <span class='ocrx_word' id='word_1_806' title='bbox 1800 4528 2057 4600; x_wconf 78' lang='grc' dir='ltr'>ἐποίησεν</span> <span class='ocrx_word' id='word_1_807' title='bbox 2099 4529 2191 4587; x_wconf 76' lang='grc' dir='ltr'>οὖν</span> <span class='ocrx_word' id='word_1_808' title='bbox 2234 4536 2325 4589; x_wconf 81' lang='grc' dir='ltr'><strong><em>τὸν</em></strong></span> <span class='ocrx_word' id='word_1_809' title='bbox 2366 4541 2607 4609; x_wconf 87' lang='grc' dir='ltr'>παρόντα</span> <span class='ocrx_word' id='word_1_810' title='bbox 2655 4543 2881 4615; x_wconf 82' lang='grc' dir='ltr'>κόσμον,</span> <span class='ocrx_word' id='word_1_811' title='bbox 2924 4548 3019 4602; x_wconf 66' lang='grc' dir='ltr'><strong><em>καὶ¹</em></strong></span> <span class='ocrx_word' id='word_1_812' title='bbox 3057 4550 3156 4624; x_wconf 81' lang='grc' dir='ltr'><strong><em>τὴν</em></strong></span> <span class='ocrx_word' id='word_1_813' title='bbox 3203 4553 3383 4628; x_wconf 74' lang='grc' dir='ltr'>ψυχὴν</span> 
     </span>
    </p>
   </div>
   <div class='ocr_carea' id='block_1_111' title="bbox 1803 4620 3382 4707">
    <p class='ocr_par' dir='ltr' id='par_1_111' title="bbox 1803 4620 3382 4707">
     <span class='ocr_line' id='line_1_114' title="bbox 1803 4620 3382 4707; baseline 0.017 -37"><span class='ocrx_word' id='word_1_814' title='bbox 1803 4620 2055 4692; x_wconf 84' lang='grc' dir='ltr'>συνέδησε</span> <span class='ocrx_word' id='word_1_815' title='bbox 2091 4622 2171 4694; x_wconf 84' lang='grc' dir='ltr'>τῷ</span> <span class='ocrx_word' id='word_1_816' title='bbox 2210 4623 2422 4696; x_wconf 81' lang='grc' dir='ltr'>σώματι</span> <span class='ocrx_word' id='word_1_817' title='bbox 2456 4629 2594 4700; x_wconf 83' lang='grc' dir='ltr'>πρὸς</span> <span class='ocrx_word' id='word_1_818' title='bbox 2636 4632 2873 4688; x_wconf 79' lang='grc' dir='ltr'>κόλασιν.</span> <span class='ocrx_word' id='word_1_819' title='bbox 2913 4653 2933 4686; x_wconf 79' lang='grc' dir='ltr'>ι</span> <span class='ocrx_word' id='word_1_820' title='bbox 2983 4620 3161 4707; x_wconf 80' lang='lat' dir='ltr'><strong><em>Atque</em></strong></span> <span class='ocrx_word' id='word_1_821' title='bbox 3190 4620 3382 4696; x_wconf 79' lang='lat' dir='ltr'><strong><em>ita</em></strong></span> 
     </span>
    </p>
   </div>
   <div class='ocr_carea' id='block_1_112' title="bbox 1804 4712 3377 4799">
    <p class='ocr_par' dir='ltr' id='par_1_112' title="bbox 1804 4712 3377 4799">
     <span class='ocr_line' id='line_1_115' title="bbox 1804 4712 3377 4799; baseline 0.018 -36"><span class='ocrx_word' id='word_1_822' title='bbox 1804 4712 1959 4765; x_wconf 89' lang='lat' dir='ltr'><strong><em>terim</em></strong></span> <span class='ocrx_word' id='word_1_823' title='bbox 2002 4716 2066 4769; x_wconf 91' lang='lat' dir='ltr'><strong><em>de</em></strong></span> <span class='ocrx_word' id='word_1_824' title='bbox 2095 4719 2525 4784; x_wconf 71' lang='lat' dir='ltr'><strong><em>praeexsistentia</em></strong></span> <span class='ocrx_word' id='word_1_825' title='bbox 2555 4722 2863 4799; x_wconf 83' lang='lat' dir='ltr'><strong><em>(Origenes)</em></strong></span> <span class='ocrx_word' id='word_1_826' title='bbox 2909 4731 3216 4799; x_wconf 89' lang='lat' dir='ltr'><strong><em>sentiebat,</em></strong></span> <span class='ocrx_word' id='word_1_827' title='bbox 3249 4745 3377 4791; x_wconf 89' lang='lat' dir='ltr'><strong><em>ante</em></strong></span> 
     </span>
    </p>
   </div>
   <div class='ocr_carea' id='block_1_113' title="bbox 1800 4802 3376 4889">
    <p class='ocr_par' dir='ltr' id='par_1_113' title="bbox 1800 4802 3376 4889">
     <span class='ocr_line' id='line_1_116' title="bbox 1800 4802 3376 4889; baseline 0.016 -35"><span class='ocrx_word' id='word_1_828' title='bbox 1800 4802 1993 4857; x_wconf 70' lang='lat' dir='ltr'><strong><em>saecula</em></strong></span> <span class='ocrx_word' id='word_1_829' title='bbox 2022 4814 2231 4861; x_wconf 91' lang='lat' dir='ltr'><strong><em>mentes</em></strong></span> <span class='ocrx_word' id='word_1_830' title='bbox 2262 4807 2431 4865; x_wconf 82' lang='lat' dir='ltr'><strong><em>fuisse</em></strong></span> <span class='ocrx_word' id='word_1_831' title='bbox 2460 4826 2622 4880; x_wconf 91' lang='lat' dir='ltr'><strong><em>puras</em></strong></span> <span class='ocrx_word' id='word_1_832' title='bbox 2648 4830 2839 4871; x_wconf 90' lang='lat' dir='ltr'><strong><em>omnes</em></strong></span> <span class='ocrx_word' id='word_1_833' title='bbox 2861 4858 2877 4879; x_wconf 95' lang='lat'><strong><em>,</em></strong></span> <span class='ocrx_word' id='word_1_834' title='bbox 2910 4828 2964 4873; x_wconf 93' lang='lat' dir='ltr'><strong><em>et</em></strong></span> <span class='ocrx_word' id='word_1_835' title='bbox 2995 4820 3292 4889; x_wconf 68' lang='lat' dir='ltr'><strong><em>daemones,</em></strong></span> <span class='ocrx_word' id='word_1_836' title='bbox 3317 4834 3376 4882; x_wconf 87' lang='lat' dir='ltr'><strong><em>et</em></strong></span> 
     </span>
    </p>
   </div>
   <div class='ocr_carea' id='block_1_114' title="bbox 1799 4897 3374 4986">
    <p class='ocr_par' dir='ltr' id='par_1_114' title="bbox 1799 4897 3374 4986">
     <span class='ocr_line' id='line_1_117' title="bbox 1799 4897 3374 4986; baseline 0.017 -38"><span class='ocrx_word' id='word_1_837' title='bbox 1799 4897 2029 4961; x_wconf 87' lang='lat' dir='ltr'><strong><em>animas,</em></strong></span> <span class='ocrx_word' id='word_1_838' title='bbox 2059 4908 2115 4955; x_wconf 87' lang='lat' dir='ltr'><strong><em>et</em></strong></span> <span class='ocrx_word' id='word_1_839' title='bbox 2149 4903 2369 4972; x_wconf 88' lang='lat' dir='ltr'><strong><em>angelos</em></strong></span> <span class='ocrx_word' id='word_1_840' title='bbox 2397 4907 2772 4964; x_wconf 87' lang='lat' dir='ltr'><strong><em>ministrantes</em></strong></span> <span class='ocrx_word' id='word_1_841' title='bbox 2805 4912 2935 4977; x_wconf 91' lang='lat' dir='ltr'><strong><em>Deo,</em></strong></span> <span class='ocrx_word' id='word_1_842' title='bbox 2968 4914 3193 4986; x_wconf 88' lang='lat' dir='ltr'><strong><em>ejusque</em></strong></span> <span class='ocrx_word' id='word_1_843' title='bbox 3219 4934 3374 4974; x_wconf 88' lang='lat' dir='ltr'><strong><em>man-</em></strong></span> 
     </span>
    </p>
   </div>
   <div class='ocr_carea' id='block_1_115' title="bbox 1798 4988 3372 5071">
    <p class='ocr_par' dir='ltr' id='par_1_115' title="bbox 1798 4988 3372 5071">
     <span class='ocr_line' id='line_1_118' title="bbox 1798 4988 3372 5071; baseline 0.017 -32"><span class='ocrx_word' id='word_1_844' title='bbox 1798 4988 1921 5042; x_wconf 88' lang='lat' dir='ltr'><strong><em>data</em></strong></span> <span class='ocrx_word' id='word_1_845' title='bbox 1952 5003 2335 5060; x_wconf 87' lang='lat' dir='ltr'><strong><em>exsequentes.</em></strong></span> <span class='ocrx_word' id='word_1_846' title='bbox 2385 4993 2668 5053; x_wconf 83' lang='lat' dir='ltr'><strong><em>Diabolum</em></strong></span> <span class='ocrx_word' id='word_1_847' title='bbox 2700 5012 2881 5071; x_wconf 87' lang='lat' dir='ltr'><strong><em>autem</em></strong></span> <span class='ocrx_word' id='word_1_848' title='bbox 2912 5042 2927 5067; x_wconf 97' lang='lat'><strong><em>,</em></strong></span> <span class='ocrx_word' id='word_1_849' title='bbox 2959 5018 3082 5059; x_wconf 93' lang='lat' dir='ltr'><strong><em>cum</em></strong></span> <span class='ocrx_word' id='word_1_850' title='bbox 3117 4988 3255 5065; x_wconf 52' lang='lat' dir='ltr'><strong><em>un&#39;us</em></strong></span> <span class='ocrx_word' id='word_1_851' title='bbox 3282 5024 3372 5065; x_wconf 85' lang='lat' dir='ltr'><strong><em>es-</em></strong></span> 
     </span>
    </p>
   </div>
   <div class='ocr_carea' id='block_1_116' title="bbox 1793 5083 3369 5162">
    <p class='ocr_par' dir='ltr' id='par_1_116' title="bbox 1793 5083 3369 5162">
     <span class='ocr_line' id='line_1_119' title="bbox 1793 5083 3369 5162; baseline 0.018 -31"><span class='ocrx_word' id='word_1_852' title='bbox 1793 5090 1916 5145; x_wconf 88' lang='lat' dir='ltr'><strong><em>set,</em></strong></span> <span class='ocrx_word' id='word_1_853' title='bbox 1952 5083 2209 5149; x_wconf 88' lang='lat' dir='ltr'><strong><em>quoniam</em></strong></span> <span class='ocrx_word' id='word_1_854' title='bbox 2249 5086 2465 5140; x_wconf 89' lang='lat' dir='ltr'><strong><em>arbitrii</em></strong></span> <span class='ocrx_word' id='word_1_855' title='bbox 2498 5089 2754 5146; x_wconf 89' lang='lat' dir='ltr'><strong><em>libertate</em></strong></span> <span class='ocrx_word' id='word_1_856' title='bbox 2795 5094 3062 5162; x_wconf 90' lang='lat' dir='ltr'><strong><em>pollebat,</em></strong></span> <span class='ocrx_word' id='word_1_857' title='bbox 3091 5098 3203 5156; x_wconf 92' lang='lat' dir='ltr'><strong><em>Deo</em></strong></span> <span class='ocrx_word' id='word_1_858' title='bbox 3236 5106 3369 5159; x_wconf 75' lang='lat' dir='ltr'><strong><em>resi-</em></strong></span> 
     </span>
    </p>
   </div>
   <div class='ocr_carea' id='block_1_117' title="bbox 1790 5172 3367 5263">
    <p class='ocr_par' dir='ltr' id='par_1_117' title="bbox 1790 5172 3367 5263">
     <span class='ocr_line' id='line_1_120' title="bbox 1790 5172 3367 5263; baseline 0.018 -42"><span class='ocrx_word' id='word_1_859' title='bbox 1790 5180 1935 5224; x_wconf 90' lang='lat' dir='ltr'><strong><em>stere</em></strong></span> <span class='ocrx_word' id='word_1_860' title='bbox 1984 5172 2217 5229; x_wconf 88' lang='lat' dir='ltr'><strong><em>voluisse</em></strong></span> <span class='ocrx_word' id='word_1_861' title='bbox 2246 5216 2261 5241; x_wconf 90' lang='lat'><strong><em>,</em></strong></span> <span class='ocrx_word' id='word_1_862' title='bbox 2317 5192 2552 5247; x_wconf 90' lang='lat' dir='ltr'><strong><em>eumque</em></strong></span> <span class='ocrx_word' id='word_1_863' title='bbox 2593 5199 2623 5235; x_wconf 89' lang='lat' dir='ltr'><strong><em>a</em></strong></span> <span class='ocrx_word' id='word_1_864' title='bbox 2679 5184 2787 5237; x_wconf 90' lang='lat' dir='ltr'><strong><em>Deo</em></strong></span> <span class='ocrx_word' id='word_1_865' title='bbox 2834 5185 2999 5242; x_wconf 77' lang='lat' dir='ltr'><strong><em>fuisse</em></strong></span> <span class='ocrx_word' id='word_1_866' title='bbox 3045 5193 3367 5263; x_wconf 85' lang='lat' dir='ltr'><strong><em>expulsum;</em></strong></span> 
     </span>
    </p>
   </div>
   <div class='ocr_carea' id='block_1_118' title="bbox 1790 5265 3368 5351">
    <p class='ocr_par' dir='ltr' id='par_1_118' title="bbox 1790 5265 3368 5351">
     <span class='ocr_line' id='line_1_121' title="bbox 1790 5265 3368 5351; baseline 0.02 -40"><span class='ocrx_word' id='word_1_867' title='bbox 1790 5275 2003 5331; x_wconf 88' lang='lat' dir='ltr'><strong><em>unaque</em></strong></span> <span class='ocrx_word' id='word_1_868' title='bbox 2027 5278 2147 5319; x_wconf 91' lang='lat' dir='ltr'><strong><em>cum</em></strong></span> <span class='ocrx_word' id='word_1_869' title='bbox 2176 5265 2290 5335; x_wconf 92' lang='lat' dir='ltr'><strong><em>ipso</em></strong></span> <span class='ocrx_word' id='word_1_870' title='bbox 2321 5269 2615 5327; x_wconf 87' lang='lat' dir='ltr'><strong><em>descivisse</em></strong></span> <span class='ocrx_word' id='word_1_871' title='bbox 2630 5289 2818 5332; x_wconf 90' lang='lat' dir='ltr'><strong><em>omnes</em></strong></span> <span class='ocrx_word' id='word_1_872' title='bbox 2846 5279 2983 5336; x_wconf 89' lang='lat' dir='ltr'><strong><em>alias</em></strong></span> <span class='ocrx_word' id='word_1_873' title='bbox 3010 5283 3239 5341; x_wconf 88' lang='lat' dir='ltr'><strong><em>virtutes</em></strong></span> <span class='ocrx_word' id='word_1_874' title='bbox 3264 5328 3279 5351; x_wconf 93' lang='lat'><strong><em>,</em></strong></span> <span class='ocrx_word' id='word_1_875' title='bbox 3309 5298 3368 5343; x_wconf 88' lang='lat' dir='ltr'><strong><em>et</em></strong></span> 
     </span>
    </p>
   </div>
   <div class='ocr_carea' id='block_1_119' title="bbox 1787 5353 3366 5446">
    <p class='ocr_par' dir='ltr' id='par_1_119' title="bbox 1787 5353 3366 5446">
     <span class='ocr_line' id='line_1_122' title="bbox 1787 5353 3366 5446; baseline 0.02 -43"><span class='ocrx_word' id='word_1_876' title='bbox 1787 5367 1905 5421; x_wconf 86' lang='lat' dir='ltr'><strong><em>quae</em></strong></span> <span class='ocrx_word' id='word_1_877' title='bbox 1932 5353 2052 5423; x_wconf 91' lang='lat' dir='ltr'><strong><em>plus</em></strong></span> <span class='ocrx_word' id='word_1_878' title='bbox 2101 5372 2463 5429; x_wconf 88' lang='lat' dir='ltr'><strong><em>peccassent,</em></strong></span> <span class='ocrx_word' id='word_1_879' title='bbox 2493 5365 2768 5422; x_wconf 81' lang='lat' dir='ltr'><strong><em>daemones</em></strong></span> <span class='ocrx_word' id='word_1_880' title='bbox 2802 5373 3075 5441; x_wconf 89' lang='lat' dir='ltr'><strong><em>evasisse;</em></strong></span> <span class='ocrx_word' id='word_1_881' title='bbox 3110 5393 3233 5446; x_wconf 72' lang='lat' dir='ltr'><strong><em>quae</em></strong></span> <span class='ocrx_word' id='word_1_882' title='bbox 3261 5379 3366 5435; x_wconf 88' lang='lat' dir='ltr'><strong><em>mi-</em></strong></span> 
     </span>
    </p>
   </div>
   <div class='ocr_carea' id='block_1_120' title="bbox 1785 5449 3362 5539">
    <p class='ocr_par' dir='ltr' id='par_1_120' title="bbox 1785 5449 3362 5539">
     <span class='ocr_line' id='line_1_123' title="bbox 1785 5449 3362 5539; baseline 0.018 -41"><span class='ocrx_word' id='word_1_883' title='bbox 1785 5460 1887 5500; x_wconf 90' lang='lat' dir='ltr'><strong><em>nus</em></strong></span> <span class='ocrx_word' id='word_1_884' title='bbox 1913 5487 1928 5511; x_wconf 95' lang='lat'><strong><em>,</em></strong></span> <span class='ocrx_word' id='word_1_885' title='bbox 1958 5449 2179 5517; x_wconf 83' lang='lat' dir='ltr'><strong><em>angelos</em></strong></span> <span class='ocrx_word' id='word_1_886' title='bbox 2211 5469 2226 5519; x_wconf 90' lang='lat'><strong>;</strong></span> <span class='ocrx_word' id='word_1_887' title='bbox 2261 5468 2382 5522; x_wconf 67' lang='lat' dir='ltr'><strong><em>quas</em></strong></span> <span class='ocrx_word' id='word_1_888' title='bbox 2412 5457 2592 5514; x_wconf 90' lang='lat' dir='ltr'><strong><em>minus</em></strong></span> <span class='ocrx_word' id='word_1_889' title='bbox 2637 5462 2802 5517; x_wconf 85' lang='lat' dir='ltr'><strong><em>etiam</em></strong></span> <span class='ocrx_word' id='word_1_890' title='bbox 2827 5502 2844 5529; x_wconf 91' lang='lat'><strong><em>,</em></strong></span> <span class='ocrx_word' id='word_1_891' title='bbox 2885 5468 3268 5539; x_wconf 85' lang='lat' dir='ltr'><strong><em>arcltangelos;</em></strong></span> <span class='ocrx_word' id='word_1_892' title='bbox 3304 5480 3362 5526; x_wconf 83' lang='lat' dir='ltr'><strong><em>et</em></strong></span> 
     </span>
    </p>
   </div>
   <div class='ocr_carea' id='block_1_121' title="bbox 1784 5536 3358 5629">
    <p class='ocr_par' dir='ltr' id='par_1_121' title="bbox 1784 5536 3358 5629">
     <span class='ocr_line' id='line_1_124' title="bbox 1784 5536 3358 5629; baseline 0.017 -39"><span class='ocrx_word' id='word_1_893' title='bbox 1784 5536 1857 5590; x_wconf 90' lang='lat' dir='ltr'><strong><em>ita</em></strong></span> <span class='ocrx_word' id='word_1_894' title='bbox 1906 5537 2305 5612; x_wconf 88' lang='lat' dir='ltr'><strong><em>consequenter</em></strong></span> <span class='ocrx_word' id='word_1_895' title='bbox 2356 5564 2797 5625; x_wconf 89' lang='lat' dir='ltr'><strong><em>unumquemque</em></strong></span> <span class='ocrx_word' id='word_1_896' title='bbox 2841 5572 2939 5627; x_wconf 91' lang='lat' dir='ltr'><strong><em>pro</em></strong></span> <span class='ocrx_word' id='word_1_897' title='bbox 2988 5574 3086 5615; x_wconf 91' lang='lat' dir='ltr'><strong><em>suo</em></strong></span> <span class='ocrx_word' id='word_1_898' title='bbox 3133 5571 3358 5629; x_wconf 88' lang='lat' dir='ltr'><strong><em>peccato</em></strong></span> 
     </span>
    </p>
   </div>
   <div class='ocr_carea' id='block_1_122' title="bbox 1785 5632 3354 5719">
    <p class='ocr_par' dir='ltr' id='par_1_122' title="bbox 1785 5632 3354 5719">
     <span class='ocr_line' id='line_1_125' title="bbox 1785 5632 3354 5719; baseline 0.017 -36"><span class='ocrx_word' id='word_1_899' title='bbox 1785 5632 2053 5701; x_wconf 88' lang='lat' dir='ltr'><strong><em>recepisse</em></strong></span> <span class='ocrx_word' id='word_1_900' title='bbox 2087 5640 2364 5704; x_wconf 65' lang='lat' dir='ltr'><strong><em>prmtnium</em></strong></span> <span class='ocrx_word' id='word_1_901' title='bbox 2402 5658 2415 5695; x_wconf 89' lang='lat'><strong>:</strong></span> <span class='ocrx_word' id='word_1_902' title='bbox 2454 5642 2690 5713; x_wconf 91' lang='lat' dir='ltr'><strong><em>reliquas</em></strong></span> <span class='ocrx_word' id='word_1_903' title='bbox 2722 5657 2901 5703; x_wconf 91' lang='lat' dir='ltr'><strong><em>autem</em></strong></span> <span class='ocrx_word' id='word_1_904' title='bbox 2924 5650 3092 5705; x_wconf 82' lang='lat' dir='ltr'><strong><em>fuisse</em></strong></span> <span class='ocrx_word' id='word_1_905' title='bbox 3121 5653 3354 5719; x_wconf 88' lang='lat' dir='ltr'><strong><em>animas,</em></strong></span> 
     </span>
    </p>
   </div>
   <div class='ocr_carea' id='block_1_123' title="bbox 1782 5737 3350 5814">
    <p class='ocr_par' dir='ltr' id='par_1_123' title="bbox 1782 5737 3350 5814">
     <span class='ocr_line' id='line_1_126' title="bbox 1782 5737 3350 5814; baseline 0.016 -38"><span class='ocrx_word' id='word_1_906' title='bbox 1782 5737 1902 5791; x_wconf 74' lang='lat' dir='ltr'><strong><em>quae</em></strong></span> <span class='ocrx_word' id='word_1_907' title='bbox 1924 5741 2030 5780; x_wconf 87' lang='lat' dir='ltr'><strong><em>non</em></strong></span> <span class='ocrx_word' id='word_1_908' title='bbox 2064 5737 2270 5783; x_wconf 90' lang='lat' dir='ltr'><strong><em>tantum</em></strong></span> <span class='ocrx_word' id='word_1_909' title='bbox 2303 5748 2658 5800; x_wconf 88' lang='lat' dir='ltr'><strong><em>peccaverant</em></strong></span> <span class='ocrx_word' id='word_1_910' title='bbox 2684 5780 2698 5804; x_wconf 95' lang='lat'><strong><em>,</em></strong></span> <span class='ocrx_word' id='word_1_911' title='bbox 2734 5751 2793 5795; x_wconf 92' lang='lat' dir='ltr'><strong><em>ut</em></strong></span> <span class='ocrx_word' id='word_1_912' title='bbox 2822 5744 3092 5801; x_wconf 72' lang='lat' dir='ltr'><strong><em>daemones</em></strong></span> <span class='ocrx_word' id='word_1_913' title='bbox 3119 5746 3350 5814; x_wconf 80' lang='lat' dir='ltr'><strong><em>tierent;</em></strong></span> 
     </span>
    </p>
   </div>
   <div class='ocr_carea' id='block_1_124' title="bbox 1784 5823 3347 5913">
    <p class='ocr_par' dir='ltr' id='par_1_124' title="bbox 1784 5823 3347 5913">
     <span class='ocr_line' id='line_1_127' title="bbox 1784 5823 3347 5913; baseline 0.017 -44"><span class='ocrx_word' id='word_1_914' title='bbox 1784 5830 1961 5887; x_wconf 89' lang='lat' dir='ltr'><strong><em>neque</em></strong></span> <span class='ocrx_word' id='word_1_915' title='bbox 2016 5835 2227 5878; x_wconf 87' lang='lat' dir='ltr'><strong><em>rursum</em></strong></span> <span class='ocrx_word' id='word_1_916' title='bbox 2284 5823 2356 5879; x_wconf 90' lang='lat' dir='ltr'><strong><em>ita</em></strong></span> <span class='ocrx_word' id='word_1_917' title='bbox 2414 5825 2627 5899; x_wconf 88' lang='lat' dir='ltr'><strong><em>leviter,</em></strong></span> <span class='ocrx_word' id='word_1_918' title='bbox 2687 5842 2743 5889; x_wconf 93' lang='lat' dir='ltr'><strong><em>ut</em></strong></span> <span class='ocrx_word' id='word_1_919' title='bbox 2789 5837 2964 5909; x_wconf 87' lang='lat' dir='ltr'><strong><em>angeli</em></strong></span> <span class='ocrx_word' id='word_1_920' title='bbox 3016 5840 3347 5913; x_wconf 82' lang='lat' dir='ltr'><strong><em>evaderent;</em></strong></span> 
     </span>
    </p>
   </div>
  </div>
