3836 6236
470 350 575 405 ειη

1744 348 1799 401 Ρ.
1848 348 2163 405 DANIELIS
2199 350 2431 405 HUETII

3615 353 3722 407 8i8

464 466 719 521 mundum
757 465 939 535 itaque
973 466 1116 519 hunc
1153 464 1462 519 condidisse
1486 505 1499 526 ,
1530 465 1883 535 animamque
1906 483 2033 536 sup-
2067 474 2107 528 Α
2140 483 2259 522 esse
2282 467 2533 538 Origenis
2563 466 2745 535 opinio
2777 467 2874 520 fuit
2903 510 2916 533 ,
2955 468 3047 522 sed
3079 483 3140 522 ea
3175 477 3351 523 tamen
3384 478 3619 538 propter
3648 472 3723 523 in-

465 560 609 628 plicii
642 574 802 613 causa
834 559 1049 627 corpori
1082 558 1389 627 colligasse.
1427 575 1444 607 ι
1480 556 1823 611 Creatiouem
1870 560 2032 627 inter,

463 662 521 707 et
565 662 845 720 peccatum
870 691 885 713 ,
916 660 971 703 et
1015 664 1228 718 [uenam
1258 690 1272 712 ,
1302 658 1635 703 momentum
1669 650 1779 704 fere
1812 652 2030 706 unicum

466 743 842 798 intercessisse
900 741 1137 811 intellige
1164 783 1179 806 ,
1230 751 1393 809 atque
1442 742 1555 795 haec
1602 742 1710 812 πρὸ
1757 743 1865 797 τῶν
1900 743 2031 797 αἰώ-

380 895 389 903 _
463 854 588 899 νων,
624 838 675 890 id
705 845 789 889 est
818 835 881 886 ab
912 843 1133 895 «eterna,
1166 832 1484 901 contigisse.
1514 833 1590 887 Ad
1621 833 1876 903 Origenis
1910 851 2027 889 seu-

465 932 687 985 tentiam
728 927 934 982 accedit
962 936 1153 981 auctor
1186 924 1559 979 Commentarii
1599 928 1652 978 in
1688 924 1789 978 Job
1817 968 1831 990 ,
1867 942 2030 995 quem

470 1023 633 1076 vertit
683 1021 1011 1084 Perionius;
1075 1021 1152 1073 ait
1200 1020 1344 1072 enim
1378 1034 1391 1072 :
1428 1037 1446 1069 I
1495 1018 1550 1071 In
1603 1018 1813 1072 diabolo
1854 1030 2031 1073 autem

465 1114 789 1185 principium
821 1112 1163 1165 formatiouis
1196 1111 1600 1178 intelligendum
1630 1121 1732 1175 est,
1760 1127 1863 1163 non
1891 1110 2031 1177 quod

468 1207 710 1259 omnium
739 1220 855 1272 quae
887 1204 1097 1259 ratione
1123 1215 1179 1258 et
1204 1204 1385 1256 animo
1414 1202 1800 1270 intelliguntur,
1827 1203 2034 1271 primus

465 1297 535 1351 sit
563 1295 817 1360 effectus;
851 1296 945 1349 sed
975 1294 1115 1362 quod
1133 1293 1250 1348 sine
1284 1302 1546 1361 tempore,
1576 1294 2030 1361 quemadmodum

465 1387 615 1439 locus
656 1385 742 1438 ille
762 1384 1022 1439 declarat.
1063 1402 1082 1435 ι

536 1473 620 1530 Ill.
668 1475 965 1529 Videndum
995 1470 1190 1527 deinde
1221 1470 1511 1541 angelosne
1548 1481 1865 1541 corporatos
1892 1486 2031 1537 esse,

464 1583 533 1622 an
559 1584 787 1638 corpore
813 1581 999 1620 carere
1036 1562 1310 1633 Origenes
1341 1565 1640 1619 arbitratus
1674 1564 1763 1618 sit.
1804 1564 1919 1618 Non
1953 1580 2035 1619 sa-

467 1661 537 1716 tis
567 1669 744 1713 antetu
788 1657 1079 1727 explicata,
1112 1666 1166 1712 et
1203 1667 1350 1710 certa
1384 1656 1601 1710 videtur
1638 1656 1808 1724 prima
1856 1655 2034 1711 fronte

464 1753 586 1819 ejus
622 1751 793 1814 ratio;
831 1766 951 1803 nam
993 1748 1285 1819 pugnantia
1316 1762 1499 1802 secum
1525 1762 1647 1801 esse
1687 1747 1837 1801 dicas
1864 1788 1879 1811 ,
1912 1762 2033 1818 qua:

2142 560 2347 625 signem
2385 557 2735 611 subtilitatem
2765 599 2778 622 ,
2812 572 2933 609 cum
2974 557 3198 627 reliquis
3232 559 3417 612 mundi
3465 562 3723 628 corpori-

2140 652 2239 703 bus
2277 659 2589 716 comparata
2614 690 2627 709 ,
2665 648 2966 714 spiritualia
2997 690 3011 713 ,
3059 659 3117 703 ut
3153 652 3510 705 ostendemus
3555 651 3721 719 paulo

2140 749 2262 809 post
2286 780 2299 801 ,
2334 750 2389 792 et
2423 740 2739 807 incorporea
2772 738 2872 789 dici
2908 753 3065 805 posse
3104 756 3114 791 :
3150 740 3396 807 quamvis
3431 753 3569 807 ergo
3596 750 3722 794 ante

2141 830 2325 884 mundi
2359 828 2515 895 hujus
2543 829 2788 897 corporei
2819 827 3092 896 Opificium
3121 830 3334 883 condita
3376 844 3444 883 ea
3487 830 3716 896 fuerint,

2140 935 2365 989 corpore
2395 931 2570 974 tamen
2614 920 2692 973 sui
2740 919 2957 988 generis
3007 918 3177 974 fuisse
3217 921 3525 986 instructa;
3556 935 3622 974 ac
3657 935 3720 974 ne

2143 1010 2194 1063 in
2229 1011 2408 1080 primo
2446 1011 2660 1079 quidem
2713 1011 2803 1063 illo
2846 1018 2989 1063 statu
3024 1010 3112 1063 diu
3158 1025 3551 1079 perseverasse
3578 1053 3593 1078 ,
3626 1011 3719 1066 sed

2140 1101 2378 1155 admisso
2420 1104 2601 1154 statim
2646 1110 2929 1170 postquam
2964 1109 3147 1155 creata
3178 1111 3303 1155 sunt
3335 1112 3567 1169 peccato
3595 1142 3610 1163 ,
3664 1103 3718 1155 in

2140 1194 2406 1246 crassiora
2457 1197 2715 1246 continuo
2771 1208 2998 1260 corpora
3047 1193 3293 1260 supplicii
3330 1209 3492 1247 causa
3549 1194 3718 1247 fuisse

2142 1282 2417 1336 iunnersa.
2469 1282 2669 1336 Practer
2721 1284 2999 1351 superiora
3040 1281 3345 1336 testimonia
3394 1284 3599 1352 quibus
3628 1300 3717 1335 an-

2140 1374 2273 1444 gelis
2326 1390 2520 1444 corpus
2565 1375 2857 1442 afﬁngitur,
2912 1376 3188 1430 recitanda
3230 1390 3448 1445 quoque
3485 1390 3550 1431 ea
3596 1391 3717 1444 qua

2142 1466 2315 1519 locum
2340 1464 2592 1535 Origeuis
2616 1482 2777 1535 supra
2799 1466 3017 1520 allatum
3049 1466 3324 1535 excipiunt
3349 1486 3360 1518 ε
3402 1486 3421 1517 ι
3466 1466 3535 1521 Ut
3563 1483 3711 1534 ergo,

2142 1562 2335 1631 inquit,
2372 1563 2619 1631 superius
2647 1562 2883 1616 diximus
2907 1602 2921 1625 ,
2952 1563 3248 1616 materialis
3271 1564 3586 1617 substantia
3619 1565 3713 1617 hn-

2134 1652 2222 1719 jus
2262 1653 2443 1706 mundi
2500 1652 2704 1706 habens
2754 1664 3002 1706 naturam
3033 1693 3049 1721 ,
3095 1668 3212 1721 qua:
3242 1668 3305 1707 ex
3357 1656 3613 1709 omnibus
3650 1655 3715 1708 ad

2141 1744 2322 1797 omnia
2381 1742 2819 1809 transformatur,
2874 1760 2997 1799 cum
3036 1747 3100 1799 ad
3151 1746 3438 1801 inferiores
3470 1762 3714 1817 quosque

465 1844 691 1898 diversis
729 1841 881 1896 libris
912 1856 1073 1910 super
1110 1854 1176 1894 eo
1218 1850 1542 1909 argumento
1572 1839 1848 1894 disseruit.
1894 1840 2028 1907 Qui-
2060 1854 2102 1909 Β
2133 1836 2387 1899 trahitur,
2436 1837 2486 1889 in
2515 1838 2842 1891 crassiorem
2897 1838 3142 1902 corporis
3210 1847 3415 1891 statum
3489 1840 3714 1893 solidio-

466 1946 679 1999 cunque
730 1938 909 1983 tamen
951 1929 1188 1982 animum
1243 1929 1308 1981 ad
1360 1927 1478 1995 ejus
1532 1929 1693 1981 verba
1741 1929 2036 1983 attenderit

466 2023 775 2092 diligenter,
825 2021 983 2073 aliter
1023 2018 1308 2087 judicabit.
1365 2018 1504 2072 Rata
1550 2020 1743 2088 quippe
1783 2020 1882 2072 fuit
1920 2018 2036 2087 ejus

466 2125 523 2169 et
550 2124 806 2169 constans
852 2112 1033 2181 opinio
1088 2111 1305 2181 angelos
1352 2126 1582 2181 corpore
1620 2126 1739 2166 esse
1778 2112 2031 2174 indutos,

466 2208 560 2262 sed
594 2206 775 2260 subtili
803 2215 859 2259 et
898 2204 1050 2259 tenui
1082 2219 1095 2257 :
1128 2218 1258 2257 nam
1306 2204 1397 2260 lib.
1438 2219 1452 2257 ι
1506 2203 1576 2257 De
1613 2203 1862 2271 princip.,
1913 2217 2033 2270 cap.

464 2298 521 2363 6,
546 2314 694 2351 num.
724 2296 778 2362 4,
815 2296 1126 2365 pronuntiat
1166 2313 1183 2346 ι
1222 2296 1388 2349 solius
1422 2294 1549 2359 Dei,
1600 2294 1654 2348 id
1681 2305 1764 2347 est
1822 2292 1995 2347 Patris
2018 2334 2031 2359 ,

462 2400 517 2444 et
547 2388 689 2453 Filii,
724 2397 779 2442 et
803 2386 1036 2456 Spiritus
1059 2386 1233 2441 sancti
1268 2394 1473 2440 natura:
1500 2386 1551 2439 id
1586 2389 1861 2454 proprium
1892 2399 2032 2447 esse,

464 2494 523 2537 ut
551 2484 667 2537 sine
697 2478 959 2533 materiali
1008 2478 1309 2532 substantia
1338 2516 1353 2542 ,
1387 2486 1439 2531 et
1474 2476 1679 2546 absque
1712 2477 1816 2531 ulla
1843 2493 2035 2547 corpo-

466 2588 573 2630 rea:
623 2570 940 2642 adjectionis
974 2568 1236 2623 societate
1277 2568 1608 2638 intelligatur
1640 2568 1959 2623 subsistere.
2010 2587 2028 2620 ι

461 2666 633 2733 Quem
674 2665 846 2717 locum
882 2660 1037 2716 aﬂert
1074 2662 1131 2716 S.
1187 2660 1424 2715 Thomas
1473 2676 1524 2729 p.
1560 2678 1599 2724 t,
1640 2678 1693 2729 q.
1745 2661 1833 2727 5|,
1881 2677 1933 2716 a.
1977 2662 2029 2725 1,

460 2770 690 2824 eamque
717 2752 1022 2821 opinionem
1073 2752 1140 2804 ab
1171 2750 1413 2820 antiquis
1465 2750 1805 2819 philosophis
1839 2749 2030 2820 Orige-

464 2861 589 2900 nem
634 2844 885 2898 hausisse
923 2850 1221 2897 asseverat.
1268 2839 1514 2897 Clariora
1554 2842 1719 2896 etiam
1752 2842 2031 2912 proloqui-

464 2936 662 2991 turlib.
695 2950 733 2989 ll
788 2932 1025 3004 ejusdem
1054 2931 1237 3001 operis
1258 2971 1272 2994 ,
1308 2947 1426 3002 cap.
1459 2932 1513 3000 2,
1541 2948 1687 2988 num.
1719 2934 1767 2996 l,
1802 2945 1857 2987 et
1884 2942 2033 3003 post-

462 3044 624 3100 quam
652 3029 899 3097 qumsivit
929 3045 995 3082 an
1043 3042 1308 3083 summam
1351 3027 1669 3080 beatitatem
1701 3028 1905 3095 adeptae
1947 3042 2032 3079 ra-

462 3120 610 3176 tione
653 3118 918 3187 pollentes
952 3128 1157 3172 naturae
1205 3133 1399 3187 corpus
1433 3118 1648 3186 penitus
1682 3132 1879 3171 exuere
1910 3132 2033 3187 pos-

2140 1942 2361 1997 remque
2403 1926 2685 1992 formatur,
2724 1928 2796 1982 ita
2840 1938 2897 1982 ut
2926 1930 3169 1985 visibiles
3198 1931 3331 1985 istas
3364 1932 3558 1985 mundi
3591 1947 3715 2001 spe-

2137 2021 2267 2085 cies,
2297 2020 2587 2089 variasque
2617 2020 2914 2091 distinguat
2947 2040 2960 2076 :
2993 2038 3114 2077 cum
3139 2037 3267 2078 vero
3291 2023 3715 2091 perfectioribus

2137 2112 2408 2166 ministrat
2446 2121 2502 2166 et
2527 2112 2877 2175 beatioribus,
2923 2113 2976 2165 in
3003 2113 3210 2183 fulgore
3246 2114 3559 2168 caelestium
3600 2130 3717 2169 eor-

2136 2219 2324 2273 porum
2351 2203 2541 2268 micat,
2589 2213 2638 2257 et
2669 2204 2930 2273 spiritalis
2962 2206 3203 2273 corporis
3245 2207 3587 2261 indumentis
3635 2207 3716 2261 vel

2136 2296 2357 2365 angelos
2390 2295 2507 2359 Dei,
2541 2295 2624 2349 vel
2663 2295 2801 2350 filios
2827 2298 3242 2353 resurrectionis
3266 2310 3525 2353 exornat.
3560 2320 3579 2353 ι
3611 2302 3713 2355 Sed

2136 2398 2190 2441 et
2228 2387 2319 2441 lib.
2351 2403 2425 2453 tv,
2450 2388 2502 2441 in
2534 2388 2981 2456 anacephalzeosi,
3023 2406 3173 2444 num.
3221 2390 3290 2445 '55
3319 2409 3334 2444 :
3365 2409 3383 2441 ι
3421 2392 3535 2461 (28)
3564 2391 3716 2446 Sem-

2137 2495 2233 2549 per
2264 2489 2441 2533 autem
2468 2488 2629 2533 erunt
2670 2480 3013 2537 rationabiles
3054 2492 3279 2545 naturae,
3321 2500 3447 2553 quae
3473 2486 3717 2556 indigent

2139 2571 2449 2625 indumento
2470 2585 2732 2640 corporeo
2761 2584 2776 2625 :
2803 2586 3014 2641 semper
3057 2588 3185 2643 ergo
3208 2577 3313 2629 erit
3350 2587 3553 2629 natura
3599 2592 3717 2630 cor—

2137 2678 2322 2731 porea,
2345 2663 2497 2733 cujus
2525 2664 2851 2721 indumentis
2881 2664 2955 2718 uti
2988 2679 3209 2720 necesse
3231 2676 3317 2721 est
3356 2670 3719 2724 rationabiles

2135 2766 2432 2809 creaturas.
2466 2753 2576 2809 Nisi
2601 2756 2724 2825 quis
2753 2765 2901 2825 putet
2923 2772 3084 2827 posse
3129 2774 3185 2813 se
3230 2758 3351 2813 ullis
3391 2764 3717 2815 assertioni-

2136 2845 2235 2901 bus
2276 2846 2567 2903 ostendere
2604 2848 2747 2917 quod
2790 2850 2963 2919 possit
2986 2860 3178 2904 natura
3212 2852 3562 2907 rationabilis
3590 2854 3711 2907 abs-

2134 2954 2239 3007 que
2280 2939 2387 2995 ullo
2418 2956 2645 3009 corpore
2694 2944 2860 2996 vitam
2896 2941 3111 3011 degere.
3156 2942 3259 2997 Sed
3289 2958 3457 3011 quam
3503 2944 3723 2999 difﬁcile

2135 3030 2226 3093 sit,
2252 3040 2305 3085 et
2328 3046 2487 3099 quam
2528 3046 2668 3101 pene
2708 3034 3039 3101 impossibile
3077 3034 3376 3089 intellectui
3421 3048 3645 3097 nostro.
3672 3039 3722 3092 in

2136 3122 2505 3192 superioribus
2526 3124 2735 3193 singula
2768 3125 3100 3181 disserentes
3125 3128 3497 3184 ostendimus.
3530 3150 3549 3181 ι
3582 3131 3723 3197 Qua—

461 3213 595 3275 sint,
618 3212 829 3279 sibique
858 3211 909 3265 id
940 3228 958 3261 c
998 3210 1374 3265 diﬂicillimum
1407 3221 1461 3264 et
1491 3225 1623 3279 pene
1648 3209 1979 3277 impossibile
2008 3228 2026 3261 ι
2059 3189 2101 3247 C
2135 3189 2351 3283 propter
2389 3224 2443 3270 et
2464 3189 2691 3271 Pltotius
2716 3217 2840 3272 cod.
2892 3233 3001 3283 cvi,
3043 3217 3450 3290 Theognostum
3486 3189 3725 3277 Ale;an-

461 3303 632 3359 videri
678 3302 849 3367 dixit;
885 3302 1197 3371 addiditque
1227 3340 1242 3366 ,
1275 3301 1416 3370 quod
1462 3311 1515 3355 et
1559 3303 1803 3370 sequenti
1855 3302 2032 3370 capite

463 3398 659 3452 iterum
694 3404 941 3464 usurpat,
970 3408 1192 3449 necesse
1225 3393 1339 3448 fore
1371 3394 1423 3447 in
1456 3394 1682 3447 nihilum
1714 3394 1884 3461 redigi
1910 3410 2033 3449 cor—

465 3503 684 3558 poream
738 3497 1029 3553 naturam,
1083 3486 1535 3554 quemadmodum
1585 3486 1651 3538 de
1710 3485 1878 3538 nihilo
1931 3483 2033 3538 fuit

460 3588 765 3650 procreata,
786 3579 829 3632 si
861 3578 1011 3633 utilis
1044 3592 1165 3632 esse
1195 3578 1501 3638 desineret;
1538 3586 1646 3629 tum
1678 3576 1856 3631 subdit
1880 3592 2027 3629 num.

462 3670 501 3725 2
535 3684 548 3722 :
573 3688 593 3721 ι
619 3670 675 3723 Si
703 3685 828 3723 vero
855 3668 1183 3738 impossibile
1199 3678 1281 3722 est
1308 3668 1410 3722 hoc
1435 3666 1541 3721 ullo
1570 3666 1726 3721 modo
1752 3665 2029 3731 offirmari,

461 3765 515 3818 id
550 3772 676 3828 est,
713 3763 854 3832 quod
900 3764 1083 3816 vivere
1114 3769 1310 3830 prteter
1344 3775 1544 3829 corpus
1574 3760 1747 3829 possit
1780 3758 1885 3813 ulla
1926 3759 2031 3813 alia

462 3866 651 3912 natura
685 3896 701 3921 ,
751 3865 946 3925 praeter
985 3855 1199 3909 Patrem
1226 3893 1242 3917 ,
1288 3862 1344 3907 et
1386 3851 1581 3907 Filium
1612 3893 1627 3918 ,
1673 3861 1729 3906 et
1768 3849 2029 3921 Spiritum

463 3956 737 4010 sanctum,
770 3947 1067 4002 necessitas
1094 3944 1496 4014 consequentia
1523 3958 1587 3999 ae
1632 3943 1858 3997 rationis
1882 3957 2031 3997 coar-

462 4048 575 4096 ctat
605 4040 825 4110 intelligi
855 4080 869 4103 ,
898 4039 1269 4110 principaliter
1294 4037 1514 4107 quidem
1560 4044 1771 4091 creatas
1794 4050 1913 4089 esse
1949 4049 2033 4087 ra-

462 4132 749 4187 tionabiles
802 4143 1059 4199 naturas;
1112 4133 1450 4186 materialem
1489 4145 1619 4184 vero
1670 4130 2031 4183 substantiam

463 4224 714 4295 opinione
744 4223 962 4292 quidem
984 4234 1037 4277 et
1062 4222 1335 4277 intellectu
1361 4221 1535 4276 solum
1570 4220 1812 4289 separari
1840 4218 1907 4273 ab
1928 4219 2030 4286 eis,

462 4325 518 4371 et
554 4330 650 4384 pro
700 4316 829 4385 ipsis
854 4354 870 4380 ,
912 4314 993 4369 vel
1031 4324 1154 4384 post
1200 4316 1342 4384 ipsas
1387 4310 1645 4367 effectam
1688 4310 1904 4375 videri,
1938 4310 2032 4364 sed

458 4422 735 4478 nunquam
789 4408 905 4463 sine
948 4408 1065 4477 ipsa
1099 4421 1193 4461 eas
1224 4407 1305 4460 vel
1345 4405 1547 4458 vixisse
1580 4404 1657 4457 vel
1684 4404 1863 4457 vivere
1897 4420 1909 4455 :
1947 4417 2033 4455 so—

458 4501 563 4557 lius
612 4516 844 4570 namque
892 4498 1178 4554 Trinitatis
1230 4498 1548 4566 incorporea
1600 4496 1711 4549 vita
1765 4494 2030 4549 exsistere

458 4605 607 4651 recte
651 4597 949 4666 putabitur.
1013 4613 1033 4646 ›
1087 4593 1212 4647 llazc
1265 4589 1564 4646 insectandi
1604 4588 1855 4659 Origenis
1906 4588 2025 4641 viro

458 4700 655 4758 magno
677 4687 1022 4758 praebuerunt
1051 4692 1450 4754 argumentum,
1485 4684 1627 4751 quod
1655 4697 1777 4736 cum
1806 4679 2026 4751 angelos

457 4788 512 4833 et
540 4781 762 4835 rationis
793 4792 1023 4849 capaces
1055 4778 1271 4831 animas
1298 4777 1459 4846 longo
1506 4774 1791 4829 intervallo
1833 4786 2025 4843 corpo-

459 4872 609 4926 ribus
660 4873 902 4927 caruisse
960 4870 1087 4925 alibi
1142 4870 1360 4934 diXerit,
1423 4870 1475 4921 id
1540 4878 1717 4921 tamen
1758 4866 1873 4920 ﬁeri
1921 4881 2025 4921 non

460 4980 617 5033 posse
646 4965 733 5020 hic
762 4962 1130 5018 aliirntaverit.
1168 4960 1369 5014 Verum
1394 4977 1476 5013 res
1518 4959 1677 5015 aliter
1722 4975 1780 5013 se
1833 4959 2023 5022 habet;

460 5055 570 5127 (27)
594 5073 714 5111 nam
732 5072 1020 5127 corporeus
1044 5056 1257 5126 quidem
1281 5054 1501 5124 angelos
1522 5062 1578 5106 et
1609 5053 1816 5105 animas
1841 5066 2026 5106 revera

526 5236 657 5309 (‘27),
684 5235 825 5291 Nam
872 5252 1143 5309 corporeos
1184 5237 1393 5309 quidem
1446 5233 1656 5309 angelos
1703 5242 1748 5283 et
1794 5232 2022 5309 anima_s,

457 5303 561 5362 etc'.
620 5303 754 5360 'Vide
808 5303 972 5375 paulo
1024 5306 1159 5359 infra
1223 5304 1629 5357 observationes
1697 5312 1912 5354 nostras
1968 5303 2023 5353 in

462 5394 608 5430 num.
642 5378 695 5431 5.

525 5448 641 5519 (28)
692 5448 908 5514 Semper
936 5455 1132 5503 autem.
1169 5453 1273 5495 etc.
1309 5442 1475 5509 Hujus
1522 5449 1808 5519 contextus
1839 5450 2020 5519 poste-

458 5509 651 5572 rto‘retn
685 5509 889 5586 partem
928 5524 1415 5586 utpoteerroneam
1443 5552 1455 5572 ,
1484 5522 1537 5586 et
1578 5528 1606 5565 a
1646 5509 2020 5586 Rttﬁno_dissi-

461 5582 713 5641 mulatatn
745 5587 826 5640 sic
863 5586 1082 5639 exhibet
1115 5582 1477 5652 Hieronymus
1519 5582 1571 5635 in
1603 5582 1853 5652 epistaad
1888 5582 2019 5633 Avi-

459 5666 570 5709 tum
602 5674 615 5708 :
654 5674 672 5707 ι
709 5654 764 5710 Si
800 5655 935 5723 quis,
961 5663 1139 5706 autem
1173 5651 1409 5720 potuerit
1440 5653 1723 5705 ostendere
1772 5651 2020 5723 incorpo-

461 5726 625 5777 ralem
655 5719 1137 5797 ratioriabilemque
1171 5719 1441 5797 naturam,
1472 5737 1594 5776 cum
1624 5719 2016 5797 exspoliaverit

455 5808 517 5848 se
544 5808 811 5862 corpore,
865 5794 1045 5848 vivere
1085 5807 1182 5860 per
1228 5793 1574 5863 semetipsam
1601 5831 1617 5855 .
1656 5803 1708 5847 et
1758 5792 1810 5845 in
1847 5792 2015 5859 pejori

2132 3305 2348 3360 drinum
2384 3306 2520 3359 libro
2544 3320 2741 3374 quarto
2778 3306 3182 3379 Hypatyposeon
3210 3327 3275 3363 ex
3302 3322 3497 3367 mente
3519 3327 3579 3368 et
3600 3330 3721 3369 sen-

2134 3397 2300 3451 tentia
2326 3396 2580 3467 Origenis
2630 3400 2913 3467 scripsisse
2957 3400 3147 3463 refert,
3175 3402 3380 3472 angelis
3412 3414 3477 3459 et
3520 3408 3723 3461 daemo-

2133 3490 2293 3543 nibus
2315 3489 2474 3543 exilia
2498 3504 2722 3561 corpora
2750 3505 2871 3547 esse
2895 3493 3301 3562 circumposita.

2204 3576 2293 3633 ιν.
2347 3580 2452 3636 Sed
2484 3582 2729 3650 quamvis
2778 3583 3194 3639 rationabilibus
3248 3586 3469 3641 naturis
3527 3604 3724 3657 corpus

2133 3671 2333 3726 diserte
2367 3683 2421 3726 et
2453 3674 2655 3743 liquido
2683 3674 2951 3731 allinxerit
2982 3675 3266 3746 Origenes,
3308 3693 3338 3731 a
3370 3693 3433 3733 se
3471 3682 3724 3735 diversus

2132 3764 2284 3818 abire
2336 3765 2549 3821 videtur
2584 3766 2705 3821 aliis
2735 3767 2871 3821 locis
2895 3806 2911 3831 ,
2949 3777 3002 3822 et
3032 3782 3229 3836 corpus
3264 3769 3471 3823 iisdem
3515 3775 3724 3827 naturis

2133 3855 2440 3911 detrahere.
2473 3858 2565 3912 Sic
2587 3857 2773 3913 bomil.
2809 3858 2830 3911 i
2872 3858 2928 3912 in
2959 3857 3173 3923 Gencs.,
3205 3875 3354 3912 num.
3393 3860 3432 3913 2
3469 3880 3487 3915 ;
3527 3882 3547 3913 ι
3596 3866 3725 3919 Cum

2132 3948 2274 4001 enim
2298 3962 2358 4002 ea
2390 3963 2509 4017 quae
2538 3948 2784 4004 facturus
2813 3959 2931 4004 erat
2968 3949 3131 4015 Deus,
3164 3965 3229 4005 ex
3262 3952 3463 4020 spiritu
3506 3966 3726 4011 consta-

2134 4049 2327 4095 rentet
2346 4056 2589 4111 corpore,
2622 4044 2725 4097 ista
2767 4042 2836 4097 de
2884 4057 3044 4097 causa
3084 4043 3137 4096 in
3182 4044 3462 4113 principio
3500 4058 3561 4101 et
3596 4060 3723 4101 ante

2130 4132 2311 4185 omnia
2334 4132 2531 4187 caalum
2560 4133 2760 4187 dicitur
2787 4130 3013 4197 factum,
3041 4133 3092 4186 id
3132 4144 3215 4189 est
3255 4136 3444 4190 omnis
3504 4139 3727 4208 spirita-

2134 4222 2198 4277 lis
2238 4224 2745 4293 substantia,super
2774 4239 2935 4293 quam
2964 4224 3105 4279 velut
3141 4228 3191 4279 in
3226 4228 3429 4281 throno
3456 4233 3721 4299 qundam,

2130 4325 2184 4369 et
2206 4317 2332 4371 sede
2370 4316 2508 4370 Deus
2532 4316 2843 4385 requiescit.
2880 4316 3026 4371 Istud
3056 4328 3234 4371 autem
3260 4320 3495 4387 etelum,
3540 4324 3597 4379 id
3645 4334 3723 4379 est

2133 4406 2557 4471 firmamentum,
2591 4423 2912 4476 corporeum
2934 4420 3036 4463 est.
3074 4427 3093 4459 ι
3132 4407 3232 4463 Ubi
3259 4426 3384 4463 cum
3411 4414 3721 4481 spiritalem

2136 4498 2493 4552 substantiam
2543 4508 2781 4568 apponat
2816 4514 3092 4569 corporerr
3118 4538 3133 4563 ,
3174 4503 3429 4569 sequitur
3468 4520 3602 4559 esse
3642 4506 3711 4559 in-

2133 4600 2483 4655 c0rpoream;
2532 4596 2585 4640 et
2647 4597 2823 4641 l0ttl.l
2872 4587 3229 4641 Commentar.
3260 4590 3317 4640 in
3340 4587 3547 4657 luam,
3579 4608 3717 4647 num.

2134 4678 2199 4732 17
2228 4699 2240 4732 :
2273 4680 2381 4731 Kal.
2419 4680 2711 4747 ἀναγκαῖον
2738 4680 3024 4749 ἐπιστῆσαι
3078 4682 3125 4731 εξ
3162 4680 3324 4734 ἄῦλον
3393 4682 3587 4755 πάντη
3639 4684 3721 4737 καὶ

2136 4768 2425 4840 ἀσώματον
2459 4769 2600 4843 ζωὴν
2627 4768 2843 4835 ζώντων
2874 4772 2930 4823 ὲν
2984 4772 3339 4842 μακαριότητι
3386 4774 3507 4828 τῶν
3536 4778 3715 4844 ἁγίων,

2133 4861 2162 4911 ὁ
2190 4862 2515 4933 καλούμενος
2553 4862 2770 4934 δράκων
2802 4862 2952 4929 ἄξιος
2975 4862 3265 4931 γεγένηται
3293 4866 3604 4920 ἀποπεσὼν
3632 4867 3715 4933 τῆς

2134 4953 2377 5025 καθαρᾶς
2406 4955 2571 5025 ζωῆς,
2604 4956 2710 5026 πρὸ
2753 4954 2969 5008 πάντων
3001 4955 3281 5024 ἐνδεθῆναι
3308 4957 3415 5028 ὕλῃ
3479 4962 3580 5013 καὶ
3626 4959 3717 5011 σώ-

2136 5063 2268 5116 ματι
2292 5064 2304 5075 ο
2330 5057 2386 5100 et
2417 5057 2559 5102 ιοιιιο
2590 5064 2680 5111 xx,
2719 5065 2864 5102 lltltll.
2890 5047 2980 5114 22,
3007 5049 3231 5109 Πάντως
3261 5048 3400 5116 γοῦν
3435 5052 3549 5105 κᾶν
3574 5050 3719 5105 toﬁs!)

2130 5230 2440 5286 conditione
2488 5244 2606 5284 esse
2668 5232 2878 5297 quando
2932 5229 3251 5299 corporibus
3309 5234 3607 5297 vestitur;
3667 5232 3714 5283 in

2130 5300 2386 5368 meliori,
2441 5301 2658 5369 quando
2709 5301 2793 5353 illa
2851 5303 3069 5370 deponit
3119 5320 3132 5353 :
3182 5300 3319 5353 nulli
3365 5303 3600 5356 dubium
3646 5311 3717 5354 est

2131 5384 2359 5437 corpora
2396 5386 2499 5424 non
2532 5370 2903 5438 principaliter
2929 5371 3225 5441 subsistere
3253 5410 3268 5436 ,
3294 5373 3395 5425 sed
3422 5388 3525 5441 per
3555 5374 3715 5425 inter-

2132 5441 2271 5493 valla
2299 5453 2353 5494 et
2380 5445 2450 5495 ob
2479 5443 2659 5496 varios
2685 5452 2862 5494 motus
2898 5440 3299 5494 rationabilium
3330 5440 3716 5497 creaturarum

2131 5525 2273 5565 nunc
2298 5512 2437 5575 fieri,
2470 5520 2529 5563 ut
2566 5512 2657 5580 qui
2689 5511 2772 5564 his
2811 5509 3092 5578 indigent,
3118 5512 3435 5566 vestiantur
3466 5532 3479 5543 ·
3518 5525 3576 5569 et
3609 5528 3716 5565 rur-

2129 5594 2246 5633 sum
2290 5597 2408 5635 cum
2455 5580 2541 5634 illa
2590 5582 2977 5650 depravatione
3010 5581 3260 5649 lapsuum
3292 5597 3355 5635 se
3401 5584 3471 5637 ad
3504 5583 3713 5636 meliora

2126 5652 2512 5712 correxerint,
2560 5650 2783 5722 dissolvi
2832 5652 2885 5707 in
2926 5650 3201 5706 nihilum:
3235 5662 3292 5707 et
3343 5653 3456 5709 hac
3507 5664 3714 5722 semper

2125 5722 2465 5777 successione
2499 5720 2721 5776 variari.
2764 5739 2783 5773 ι
2820 5742 2826 5751 α
