3836 6236
210 362 313 416 849

1028 360 1601 419 ORIGENIANORUM
1645 363 1771 417 LIB.
1816 363 1880 422 ll.
1923 364 2076 417 CAP.
2118 364 2184 426 ll,
2230 362 2505 430 QUAZST.
2548 364 2612 418 ν.

3345 368 3451 425 856

204 479 317 552 ἔχει
348 482 377 534 ὁ
409 480 648 543 διάϐολος
676 480 849 551 δόγμα
904 482 1098 552 ἀληθὲς
1155 486 1280 557 περὶ
1333 487 1523 540 ἑαυτοῦ
1587 488 1780 540 ἐννοῶν
1810 494 1852 548 Α
1883 487 1989 539 οὐδ’
2026 489 2101 549 εἰς
2154 487 2263 558 πῦρ
2306 488 2671 558 ἀναλυομένην
2702 489 2801 559 τὴν
2841 488 3125 561 ἀνθρώπου
3176 490 3383 563 ψυχὴν,
3418 493 3453 564 ἦ

203 574 284 627 ὅτι
336 572 550 641 λογικός
613 574 749 635 ἐστι,
786 574 877 627 καὶ
903 574 985 626 ὅτι
1015 574 1078 627 τὸ
1122 576 1321 629 τοιόνδε
1356 577 1453 647 μὲν
1493 576 1773 649 ἄνθρωπός

199 665 318 717 ἐστι
344 707 357 728 ,
393 663 451 716 τὸ
498 664 699 717 τοιόνδε
760 664 1007 732 ἅγγελος,
1072 667 1166 719 καὶ
1209 666 1268 719 τὸ
1293 668 1434 721 τοιὸν
1461 668 1557 738 μὲν
1597 669 1774 740 σῶμα,

197 757 293 810 κει).
344 758 493 809 ποῖον
530 755 704 826 σῶμα,
736 755 863 809 ἄλλο
903 756 957 809 δέ
1011 774 1057 810 τι
1100 757 1285 829 ἕτερον
1341 756 1610 829 σώματος.
1644 759 1772 814 ltetn

196 847 291 902 lib.
332 847 510 916 ιΠερὶ
544 847 762 917 ἀρχῶν,
808 864 926 917 cap.
986 847 1039 913 7,
1100 864 1244 902 num.
1289 849 1314 903 l
1361 866 1375 902 :
1436 869 1454 901 ι
1497 849 1775 906 Manileste

195 958 329 1011 ergo
372 943 424 996 in
459 943 675 997 Christo
710 951 765 996 et
820 956 916 1010 per
961 940 1234 996 Christum
1283 941 1420 995 facta
1485 957 1606 998 esse
1656 958 1774 998 om-

192 1035 385 1095 nia,et
424 1042 601 1087 creata
647 1034 957 1102 pronuntiat
1015 1031 1232 1104 (Paulus
1282 1031 1396 1088 Col.
1446 1034 1609 1101 ι,16)
1657 1035 1773 1089 sive

192 1124 446 1186 visibilia,
508 1139 625 1193 qua:
691 1133 815 1178 sunt
883 1123 1218 1190 corporalia;
1270 1124 1381 1178 sive
1460 1124 1770 1189 invisibilia,

197 1230 319 1281 qum
369 1228 470 1267 nou
516 1214 619 1267 alia
658 1213 819 1267 etiam
868 1214 1137 1277 arbitror,
1186 1230 1346 1281 quam
1400 1216 1768 1283 incorporeas,

199 1306 617 1376 spiritualesque
669 1307 930 1372 virtutes;
968 1324 986 1356 ι
1023 1305 1217 1361 et.lib.
1268 1322 1302 1359 ll
1342 1306 1478 1373 Περὶ
1537 1305 1768 1376 ἀρχῶν,

190 1412 316 1462 cap.
346 1397 400 1461 5,
432 1414 580 1451 num.
611 1396 644 1451 6
679 1415 691 1451 :
726 1416 743 1447 ι
787 1394 902 1450 Non
931 1396 1074 1451 enini
1107 1397 1246 1450 idem
1278 1396 1591 1464 intelligitur
1628 1399 1769 1465 quod

187 1485 325 1541 dicit
354 1500 414 1539 ea
443 1501 561 1554 qua:
584 1501 687 1539 nou
721 1486 989 1550 videntur,
1006 1493 1060 1538 et
1077 1499 1135 1539 ea
1163 1500 1280 1553 quae
1310 1484 1595 1540 invisibilia
1622 1499 1765 1541 sunt.

184 1579 262 1633 Ea
298 1594 532 1645 namque
563 1595 683 1648 quae
713 1591 839 1632 sunt
866 1579 1177 1641 invisibilia,
1211 1594 1315 1631 non
1356 1579 1528 1633 solum
1563 1594 1665 1633 non
1698 1583 1768 1632 vi-

182 1664 401 1729 dentur,
437 1663 530 1716 sed
591 1678 658 1716 ne
705 1672 954 1716 naturam
991 1663 1206 1731 quidem
1255 1663 1458 1718 habent
1501 1674 1559 1717 ut
1601 1662 1765 1718 videri

180 1757 413 1824 possint,
448 1770 566 1821 quae
591 1754 764 1809 Grieci
805 1752 1092 1823 ἀσώματα,
1120 1754 1171 1809 id
1199 1767 1282 1808 est
1332 1756 1633 1821 incorporea
1669 1771 1761 1824 ap-

1879 578 1977 649 τὴν
2026 578 2350 647 ἀγγέλων,ἢ
2390 578 2613 650 Θρόνων,
2648 579 2680 650 ἢ
2724 582 3081 653 κυριοτήτων,
3115 581 3147 652 ἢ
3184 582 3388 653 ἀρχῶν,
3416 583 3451 655 ἢ

1878 672 2137 738 ἐξουσιῶν
2156 673 2468 724 ὑπόστασιν.
2491 672 2612 727 Ideo
2629 672 2959 741 Sophronias
2969 672 3453 743 Jerosolyniitaiius

1877 763 1930 818 in
1967 764 2191 832 epistola
2222 765 2286 816 ad
2317 763 2563 832 Sergium
2605 763 2792 817 scribit
2826 762 3140 834 Origenem,
3177 764 3451 834 ipsiusque

1876 870 2137 923 sequaces
2186 855 2387 909 dixisse
2444 857 2652 909 animas
2708 864 2833 909 ante
2895 870 3124 926 corpora
3180 872 3346 911 carne
3392 865 3450 915 et
3502 928 3509 933 ἱ

1874 962 2101 1016 corpore
2154 958 2431 1002 carentem
2487 949 2651 1002 vitam
2692 948 2869 1019 egisse
2915 949 2968 1002 in
3030 949 3169 1005 coelo
3210 950 3447 1005 nondum

1871 1050 2074 1094 creato.

1945 1129 2011 1185 ν.
2044 1132 2098 1184 In
2130 1130 2213 1185 his
2239 1145 2421 1186 secum
2468 1132 2593 1187 licet
2620 1147 2861 1202 pugnare
2888 1131 3135 1186 videatur
3164 1133 3443 1203 Origenes,

1873 1222 2029 1277 facile
2046 1232 2223 1277 tamen
2250 1224 2621 1279 discordantes
2650 1223 2750 1279 loci
2775 1225 3132 1279 conciliantur
3149 1242 3164 1280 :
3184 1225 3298 1295 (29)
3320 1242 3443 1280 nam

1873 1313 2093 1383 angelos
2133 1316 2205 1368 ita
2242 1330 2532 1384 corporeos
2560 1330 2679 1369 esse
2703 1315 2838 1379 vult,
2871 1326 2926 1369 ut
2954 1316 3225 1385 spiritales
3253 1318 3446 1373 nihilo-

1873 1408 2050 1461 minus
2072 1421 2193 1461 esse
2216 1407 2365 1473 velit,
2397 1409 2539 1475 quod
2563 1408 2786 1476 spiritus
2817 1407 2949 1461 nihil
2978 1408 3085 1461 sint
3116 1407 3259 1462 aliud
3279 1423 3441 1478 quam

1870 1514 2079 1553 summa
2129 1499 2438 1567 exiguitatis
2482 1513 2704 1567 corpora
2736 1538 2750 1563 ,
2824 1497 3120 1564 cujusmodi
3175 1510 3299 1554 sunt
3345 1516 3444 1554 an—

1871 1589 2077 1659 gelica;
2125 1591 2322 1645 asserit
2368 1592 2562 1661 quippe
2615 1590 2731 1646 loco
2788 1605 2950 1658 supra
3004 1590 3164 1645 allato
3195 1610 3213 1642 ι
3266 1603 3436 1645 mate-

1868 1682 2057 1737 rialem
2091 1682 2448 1737 substantiam
2480 1684 2637 1753 hujus
2674 1684 2878 1747 mundi,
2904 1682 3163 1753 spiritalis
3193 1684 3439 1752 corporis

1870 1772 2199 1828 indumentis
2226 1773 2308 1827 vel
2340 1773 2557 1843 angelos
2590 1773 2705 1838 Dei,
2736 1774 2816 1827 vel
2850 1774 2986 1829 lilios
3024 1777 3438 1833 resurrectionis

182 1848 475 1918 pellarunt.
504 1846 626 1900 Haec
655 1856 832 1900 autem
870 1846 936 1899 de
978 1847 1175 1915 quibus
1223 1845 1421 1901 Paulus
1444 1847 1607 1901 dicit:
1634 1846 1763 1912 Quae

1868 1879 2162 1931 exornare;
2200 1884 2219 1918 ι
2260 1875 2318 1919 ut
2370 1866 2645 1918 hominum
2680 1880 2893 1936 quoque
2940 1882 3162 1936 corpora
3195 1879 3314 1937 post
3354 1885 3438 1924 re-

179 1956 289 1993 nati
340 1939 581 1992 videntur
606 1939 671 2002 ¹⁰,
704 1947 952 1991 naturam
996 1937 1215 2006 quidem
1270 1937 1470 1992 habent
1510 1948 1568 1991 ut
1596 1942 1762 1993 videri

178 2030 412 2098 possint,
457 2030 688 2083 nondum
729 2039 908 2083 tamen
960 2029 1130 2083 videri
1159 2028 1227 2081 ab
1270 2028 1355 2083 his
1394 2030 1588 2097 quibus
1642 2046 1765 2099 pro.

181 2122 471 2175 mittuntur
519 2121 773 2189 exponit;
809 2140 827 2171 ι
865 2130 919 2175 et
953 2120 1114 2174 istud.
1143 2135 1172 2173 e
1195 2120 1287 2175 lib.
1334 2135 1391 2173 Ill
1423 2161 1432 2183 ,
1475 2136 1595 2191 cap.
1629 2121 1723 2176 ult.
1746 2163 1760 2187 ,

180 2226 331 2265 num.
354 2211 382 2263 7
411 2228 423 2262 :
451 2230 467 2260 ι
491 2211 677 2265 Omnis
710 2211 874 2281 igitur
910 2213 1024 2266 haec
1054 2213 1191 2265 ratio
1216 2212 1318 2266 hoc
1346 2213 1761 2282 continet,quod

175 2303 316 2358 duas
358 2303 635 2373 generales
671 2313 894 2357 naturas
948 2303 1253 2357 condiderit
1292 2304 1473 2369 Deus;
1513 2316 1761 2358 naturam

173 2395 466 2460 visibilem,
490 2396 539 2449 id
565 2406 645 2451 est
669 2411 1004 2465 corpoream,
1043 2406 1094 2450 et
1125 2407 1372 2449 naturain
1409 2396 1758 2457 invisibilem,

173 2504 296 2557 qua:
328 2498 411 2543 est
445 2490 788 2556 incorporea,
810 2508 827 2539 i
859 2491 1032 2543 ethoc
1064 2489 1308 2542 omnium
1359 2488 1757 2558 apertissimum

174 2582 271 2636 liii.
297 2599 345 2636 iv
375 2581 551 2651 operis
581 2582 849 2649 ejusdem,
878 2598 1024 2635 num.
1050 2582 1116 2634 ‘27
1146 2600 1158 2634 :
1186 2599 1202 2630 ι
1237 2579 1341 2635 Sed
1360 2589 1413 2634 et
1438 2596 1645 2635 rursum
1666 2596 1760 2650 per

170 2673 446 2728 Christum
468 2684 649 2729 creata
680 2675 949 2728 dixitesse
978 2675 1159 2728 omnia
1182 2674 1411 2727 visibilia
1440 2685 1494 2728 et
1520 2675 1760 2730 invisibi-

172 2766 268 2821 lia.
294 2767 395 2821 Per
420 2768 561 2837 quod
584 2767 888 2821 declaratur
909 2782 1027 2821 esse
1057 2767 1289 2820 etiamin
1318 2767 1581 2821 creaturis
1599 2783 1758 2837 quas-

170 2859 295 2911 dam
312 2859 605 2915 invisihilcs
620 2859 913 2913 secundum
934 2861 1313 2929 proprietatem
1333 2874 1483 2913 suam
1502 2862 1755 2914 substan-

174 2954 300 3006 tias.
320 2951 424 3007 Sed
450 2953 529 3006 Ιιίιε
546 2952 792 3022 quamvis
809 2954 937 3021 ipsa:
957 2968 1058 3006 nou
1083 2953 1191 3007 sint
1222 2966 1517 3022 corporeai,
1537 2962 1757 3005 utuntur

175 3054 358 3099 tamen
404 3044 742 3113 corporibus,
763 3046 889 3100 licet
923 3046 1051 3113 ipsa:
1082 3046 1188 3099 sint
1221 3060 1480 3113 corporea
1511 3047 1757 3105 substan,

162 3137 243 3190 tia
269 3137 533 3192 meliores.
556 3137 644 3190 Illa
665 3152 794 3191 vero
823 3138 1123 3193 substantia
1149 3137 1452 3203 Trinitatis,
1472 3154 1590 3206 quae
1606 3140 1753 3208 prin-

164 3231 370 3297 cipium
403 3240 506 3297 e-t,
531 3240 585 3285 et
615 3247 778 3286 causa
810 3231 1073 3294 omnium,
1103 3247 1167 3285 ex
1199 3247 1301 3301 qua
1335 3233 1538 3296 omnia,
1569 3243 1622 3286 et
1651 3246 1745 3300 per

160 3336 328 3389 quam
355 3322 559 3386 omnia,
598 3334 652 3377 et
679 3323 731 3376 in
768 3338 872 3390 qua
908 3324 1111 3386 omnia,
1135 3338 1306 3391 neque
1332 3339 1544 3393 corpus,
1573 3340 1745 3393 neque

162 3415 219 3467 in
256 3429 485 3484 corpore
513 3430 634 3471 esse
676 3415 940 3471 credenda
976 3429 1078 3480 εει,
1116 3418 1209 3470 sed
1250 3432 1313 3470 ex
1355 3426 1464 3469 ιοιο
1506 3417 1747 3485 incorpo'

160 3519 281 3559 rea.
322 3524 338 3555 ι
378 3506 480 3559 Sed
512 3516 561 3560 et
610 3506 700 3560 lib.
743 3523 789 3559 νι
825 3520 1005 3560 contra
1037 3506 1197 3573 Cels.,
1226 3524 1371 3561 num.
1400 3508 1458 3560 7|
1502 3524 1514 3558 :
1554 3508 1744 3578 Ἡμεῖς

160 3596 243 3661 δὲ,
264 3597 457 3667 inquit,
485 3598 775 3669 ἀσώματον
797 3599 983 3653 οὐσίαν
1014 3600 1114 3652 οὑκ
1146 3600 1300 3669 ἴσμεν
1333 3600 1743 3671 ὲκπυρουμὲνην

244 3719 286 3749 ¹⁰
316 3718 355 3771 ιι
393 3722 516 3775 (ἷοτ.
545 3737 618 3786 ιν,
651 3722 734 3776 18.

239 3836 349 3903 (29)
396 3836 531 3908 Nam
563 3837 773 3905 angelos
804 3840 877 3890 ita
902 3855 1174 3900 corporeo:
1212 3855 1322 3892 esse
1345 3838 1474 3903 vult,
1508 3852 1564 3893 ut
1589 3842 1744 3908 spiri-

163 3907 297 3977 tales
342 3906 680 3959 nihilominus
726 3924 834 3960 esse
872 3910 1010 3974 velit,
1036 3915 1172 3977 quod
1219 3911 1431 3976 spiritus
1470 3906 1739 3964 η;1ιξι⁷δὶιιι

160 3976 315 4047 aliud
338 3993 491 4044 quam
519 3993 735 4029 summa:
757 3976 1055 4047 exiguitatis
1081 3996 1320 4047 corpora,
1343 3993 1447 4033 etc.
1475 3981 1549 4032 Ex
1580 3998 1737 4047 supra

160 4046 830 4119 allatissequeutibusque
846 4046 925 4119 ac
947 4050 1210 4102 similibus
1235 4050 1367 4103 locis
1384 4088 1401 4112 ,
1427 4067 1532 4103 uoti
1559 4046 1740 4119 sequi-

161 4128 257 4168 tur
274 4116 556 4182 Oi'igenem
579 4126 823 4170 naturain
842 4118 1033 4172 anima:
1053 4128 1106 4172 et
1129 4119 1354 4172 aliorum
1380 4116 1658 4187 spirituum
1687 4121 1737 4173 in

158 4201 394 4253 corpore
424 4188 767 4252 qu.:ntumvis
798 4187 979 4241 subtili
1018 4190 1282 4255 posuisse.
1322 4190 1376 4241 ld
1410 4189 1579 4241 solum
1611 4204 1740 4242 cou—

162 4256 347 4309 ticitur
382 4256 550 4322 ipsum
585 4256 736 4323 juxta
787 4273 850 4309 ac
903 4257 1207 4313 Platonicos
1250 4269 1466 4325 putasse
1507 4260 1734 4320 animas,

158 4326 408 4392 aliasque
448 4326 778 4381 substantias
811 4327 1177 4389 rationabiles,
1215 4340 1406 4381 natura
1435 4345 1528 4381 sua
1559 4330 1736 4382 incor-

159 4410 357 4464 poreas
382 4404 434 4447 et
460 4396 780 4460 invisibiles,
817 4399 1135 4463 corpoi'ibus
1177 4406 1353 4451 tamen
1387 4401 1540 4465 quasi
1579 4400 1734 4451 indu-

158 4474 349 4518 iiieuto
378 4479 432 4516 et
486 4465 731 4517 vehicqu
782 4467 1153 4527 circiiinvolvi,
1188 4482 1358 4534 neque
1406 4470 1469 4521 iis
1501 4485 1735 4534 unquam

156 4535 386 4588 omnino
418 4535 633 4597 nudari,
667 4545 849 4603 utpote
876 4551 995 4604 quae
1025 4539 1177 4589 llllllIB
1221 4539 1595 4603 comprehendi
1634 4555 1735 4589 non

154 4608 391 4672 possint,
421 4620 519 4659 nec
568 4606 618 4656 in
667 4608 774 4659 ullo
812 4622 1074 4674 corporeo
1121 4607 1236 4659 loco
1264 4612 1579 4671 consistere,
1607 4610 1737 4675 qniii

154 4678 438 4741 indigeant
477 4691 702 4743 corpore
731 4677 794 4728 ad
820 4688 1064 4729 naturam
1108 4676 1206 4728 loci
1263 4676 1402 4730 illius
1431 4693 1737 4731 accommo-

152 4745 284 4798 dato
306 4760 319 4808 ;
340 4745 431 4797 sed
462 4757 657 4813 printer
674 4762 917 4799 crassum
944 4748 1043 4798 hoc
1071 4761 1263 4812 corpus
1293 4762 1401 4815 quo
1425 4748 1475 4799 in
1501 4748 1599 4801 hac
1630 4749 1735 4800 vita

152 4815 455 4867 induuntur
485 4814 697 4877 animae,
736 4827 888 4868 certo
930 4817 1163 4883 quodam
1200 4814 1588 4870 eas’connexas
1620 4834 1739 4871 esse

152 4884 313 4937 aerio
352 4899 580 4953 corpore
614 4886 758 4951 quod
801 4899 894 4938 eas
936 4887 1133 4953 ubique
1170 4887 1589 4954 sequitur,quod
1618 4904 1735 4941 ser-

150 4964 284 5007 vaiit
319 4954 483 5007 etiam
508 4955 750 5022 depasiio
782 4956 1058 5018 crassiora,
1087 4960 1226 5023 quod
1259 4958 1488 5022 denique
1520 4974 1738 5009 vocatur

149 5040 180 5077 a
215 5023 523 5093 Porphyrio
556 5034 610 5077 et
640 5024 850 5078 Plotino
887 5044 905 5075 ‹
936 5026 1176 5092 spiritale
1209 5036 1260 5077 et
1289 5026 1516 5079 interius
1546 5030 1737 5080 anima:

149 5096 559 5147 indumentum.
611 5113 629 5144 ι
661 5094 773 5147 lino
823 5108 1017 5164 praeter
1062 5096 1254 5163 duplex
1310 5098 1471 5148 hocce
1516 5112 1732 5163 corpus,

150 5165 492 5235 I’liilopouus
519 5165 737 5217 tertium
759 5167 1004 5235 agnoscit
1029 5168 1282 5219 subtilius
1309 5177 1363 5218 et
1385 5167 1565 5234 purius
1594 5171 1734 5234 quod

150 5247 313 5287 vocat
344 5233 505 5306 σῶμα
541 5233 814 5306 οὐράνιονξ
845 5236 1081 5306 αἰθέριον
1104 5277 1116 5299 ,
1148 5248 1201 5289 et
1233 5233 1533 5304 αὑγοὲιδές,
1567 5233 1734 5302 quod-

150 5320 256 5371 qne
308 5304 827 5358 aniinabtis’trihuit
858 5304 982 5372 qua!
1022 5310 1087 5360 ab
1134 5305 1409 5359 amictibus
1462 5308 1736 5373 corporeis

148 5376 337 5427 libera:
368 5386 515 5427 sunt.
537 5373 761 5428 Proclus
786 5387 839 5428 et
860 5376 1133 5429 Hierocles
1169 5378 1295 5429 illud
1321 5388 1473 5429 vocat
1497 5377 1557 5427 τὸ
1584 5393 1735 5428 πνευ-

150 5445 384 5515 ματικὸν
415 5446 601 5515 δχημα
630 5445 728 5515 τῆς
762 5446 985 5515 λογικῆς
1017 5446 1213 5515 ψυχῆς,
1249 5466 1265 5495 ι
1310 5448 1550 5513 spiritale
1591 5449 1736 5501 vehi-

147 5518 333 5586 culum
393 5518 730 5570 rationabilis
778 5519 992 5572 animae.
1032 5538 1050 5568 ι
1088 5523 1156 5569 At
1197 5518 1350 5570 valde
1393 5517 1731 5586 peregrinum

148 5585 203 5656 in
255 5584 660 5639 Platonicorum
699 5589 914 5656 scriptis
952 5605 1073 5641 eum
1128 5602 1249 5642 esse
1292 5584 1649 5655 oportet,qui
1682 5590 1733 5641 in

149 5655 322 5709 hocce
356 5656 554 5722 duplici
592 5655 836 5711 interiori
888 5658 967 5709 vel
1022 5659 1286 5710 alterutro
1339 5657 1588 5711 vehiculo
1641 5674 1733 5712 eos

147 5727 421 5791 putaverit
448 5728 644 5779 animae
679 5738 924 5781 naturam
976 5729 1235 5795 posuisse.
1281 5728 1478 5795 Aperte
1518 5737 1733 5781 sentcn-

148 5800 279 5848 tiain
321 5810 475 5849 suam
509 5798 576 5851 de
616 5798 915 5853 animarum
952 5810 1143 5854 natura
1176 5797 1429 5865 exprimit
1472 5797 1733 5867 Origenes

1867 1956 2258 2011 surrectionem
2305 1957 2566 2027 spiritalia
2616 1956 2733 2012 fore
2768 1958 3005 2013 declarat
3035 1959 3270 2015 Paulusl
3306 1961 3430 2021 Cor.

1865 2063 1955 2110 xv,
1987 2047 2076 2101 44.
2111 2049 2343 2115 Angelos
2391 2063 2551 2117 porro
2584 2064 2703 2102 cum
2736 2060 2952 2118 pr0pter
3011 2053 3261 2105 eximiam
3320 2069 3436 2106 cor-

1865 2153 2053 2207 porum
2111 2140 2459 2194 subtilitatem
2501 2141 2772 2209 spiritales
2825 2141 3042 2203 dixerit,
3086 2144 3432 2212 incorporeos

1867 2244 2080 2299 quoque
2109 2232 2524 2298 quodammodo,
2553 2240 2607 2284 et
2643 2233 3093 2304 καταχρηστικῶς
3120 2233 3225 2288 dici
3275 2250 3433 2305 posse

1862 2320 2093 2383 censuit,
2129 2320 2307 2373 habita
2336 2322 2632 2389 praesertim
2659 2336 2942 2391 corporum
2996 2335 3300 2379 nostrorum
3344 2341 3432 2379 ra-

1861 2408 2026 2472 tione,
2050 2425 2168 2478 quae
2195 2424 2376 2464 crassa
2413 2420 2557 2464 sunt.
2595 2408 2648 2464 ld
2681 2411 2794 2478 ipse
2836 2413 3118 2467 manifeste
3148 2414 3346 2469 indicat
3375 2415 3427 2468 iu

1864 2502 2128 2570 prooemio
2176 2501 2435 2555 libroruin
2471 2502 2546 2557 De
2591 2504 2839 2573 princip.,
2880 2521 3027 2559 num.
3054 2505 3107 2570 8,
3131 2521 3254 2561 cum
3281 2507 3427 2560 enim

1861 2593 2273 2663 appellationem
2331 2592 2623 2662 ἀσωμάτου
2668 2596 2719 2650 in
2771 2596 3067 2665 Scripturis
3117 2597 3427 2667 neutiquam

1860 2687 2109 2756 usurpari
2151 2688 2399 2751 dixisset,
2436 2687 2621 2756 objicit
2668 2690 2768 2743 sibi
2819 2689 2991 2744 locum
3020 2690 3308 2758 quemdam
3360 2706 3428 2745 ex

1858 2780 2161 2850 apocrypho
2198 2779 2401 2843 libello,
2433 2781 2524 2850 qui
2547 2780 2693 2835 Petri
2728 2780 2975 2835 Doctrina
3007 2782 3343 2851 inscribitur,
3372 2784 3425 2837 in

1860 2885 1969 2938 quo
2010 2871 2286 2938 discipulis
2316 2872 2444 2926 dicit
2480 2872 2732 2927 Chrisms
2774 2888 2835 2927 se
2873 2888 2982 2927 non
3031 2889 3151 2929 esse
3186 2892 3204 2925 ‹
3236 2876 3428 2929 daemo-

1860 2963 2005 3016 nium
2041 2962 2445 3032 incorporeum.
2489 2984 2507 3017 ι
2541 2965 2847 3034 Respondet
2876 2964 3137 3034 Origenes
3168 2965 3308 3019 inter
3334 2981 3425 3020 ec-

1859 3055 2195 3111 clesiasticos
2222 3057 2388 3113 libros
2420 3057 2569 3112 Petri
2592 3057 2898 3112 Doctrinam
2924 3072 3028 3111 non
3058 3058 3242 3119 haberi
3272 3075 3285 3123 ;
3310 3068 3421 3113 tum

1780 3188 1823 3246 C
1857 3147 2003 3201 addit
2038 3166 2051 3203 :
2093 3169 2111 3201 ί
2158 3151 2309 3217 Quod
2355 3150 2516 3205 etiam
2551 3151 2597 3205 si
2645 3151 2815 3220 ipsum
2872 3152 3282 3214 concederetur,
3314 3167 3420 3205 non

1854 3242 1993 3296 idem
2023 3257 2214 3297 sensus
2246 3244 2315 3298 ibi
2361 3258 2427 3297 ex
2468 3244 2583 3313 ipso
2610 3258 2859 3298 sermone
2905 3242 3195 3313 ἀσωμάτου
3228 3243 3428 3298 indica-

1855 3339 2023 3396 retur,
2051 3332 2141 3399 qui
2171 3347 2199 3384 a
2226 3330 2429 3387 Graecis
2467 3341 2521 3387 et
2566 3331 2855 3402 gentilibus
2882 3333 3191 3387 auctoribus
3235 3342 3421 3388 osten-

1852 3419 2017 3481 ditur,
2039 3436 2161 3474 cum
2185 3421 2251 3475 de
2274 3421 2587 3489 incorporea
2618 3432 2806 3475 natura
2832 3435 2861 3473 a
2881 3421 3212 3491 philosophis
3240 3423 3424 3493 dispu-

1854 3519 2018 3565 tatur.
2063 3510 2118 3565 ln
2151 3513 2251 3566 hoc
2293 3514 2437 3566 enim
2484 3513 2662 3566 libello
2697 3513 3068 3582 incorporeum
3094 3514 3416 3568 daemonium

1852 3602 2006 3667 dixit,
2044 3617 2141 3672 pro
2165 3616 2230 3656 eo
2276 3604 2416 3671 quod
2450 3603 2563 3672 ipse
2590 3602 2676 3657 ille
2703 3603 3009 3671 quicunque
3053 3615 3135 3658 est
3181 3604 3419 3670 habitus,

1851 3838 1942 3892 lib.
1973 3853 2044 3891 vu
2094 3846 2274 3889 contra
2295 3834 2549 3904 :Celsum,
2616 3853 2760 3890 num.
2793 3838 2903 3892 5‘2:
2950 3857 2970 3889 ι
3009 3838 3294 3905 Quoniam,
3336 3841 3421 3895 in-

1850 3911 1986 3978 quit,
2020 3907 2426 3979 resurrectionis
2452 3908 2643 3971 dogina
2671 3908 2790 3979 ideo
2820 3908 3009 3962 Celsus
3047 3912 3260 3975 irridet,
3289 3911 3416 3979 quia

1850 3976 1954 4032 iioii
1985 3976 2252 4044 intelligit,
2276 3992 2374 4031 nec
2406 3980 2610 4029 audivit
2636 3978 2736 4031 nisi
2765 3980 2829 4032 ab
2858 3980 3121 4047 imperitis
3151 3982 3240 4046 qui
3274 3976 3420 4035 nullo

1850 4048 1974 4101 illud
2006 4058 2327 4120 argumento
2353 4056 2602 4120 astruere
2634 4058 2899 4115 poterant,
2922 4050 3050 4104 utile
3086 4051 3418 4120 luerit,pra:-

1850 4129 1933 4171 ter
1959 4133 2017 4171 ea
2049 4133 2165 4184 qua:
2196 4117 2296 4168 hac
2334 4117 2401 4169 de
2455 4132 2511 4167 re
2562 4132 2720 4184 supra
2762 4121 2901 4173 dicta
2939 4130 3082 4183 sunt,
3121 4122 3221 4173 hoc
3252 4117 3413 4174 unum

1846 4191 2169 4249 observare,
2215 4202 2332 4253 qua:
2360 4188 2422 4239 de
2461 4188 2852 4241 resurrectione
2889 4190 3179 4253 tradimus,
3211 4193 3416 4245 ea'iion

1845 4257 2134 4325 prolicisci,
2152 4266 2206 4307 ut
2237 4256 2424 4309 Celsus
2445 4265 2617 4323 putat,
2636 4273 2702 4309 ex
2738 4258 2875 4311 male
2906 4259 3174 4314 intellecta
3199 4262 3412 4313 anima-

1849 4344 1963 4380 rum
1993 4344 2022 4380 e
2054 4327 2368 4398 corporibus
2397 4327 2447 4377 in
2494 4342 2719 4398 corpora
2768 4329 3123 4395 migratione;
3159 4333 3251 4383 sed
3288 4332 3416 4398 quia

1842 4400 2041 4451 scimus
2066 4396 2324 4460 animum,
2356 4406 2546 4448 natura
2578 4396 2948 4464 incorpoream
2989 4411 3039 4451 et
3067 4396 3413 4465 iiivisiliileiii,

1843 4467 1893 4519 in
1928 4467 2073 4519 nullo
2100 4481 2361 4532 corporeo
2386 4467 2685 4536 consistere
2709 4467 2843 4529 loco,
2871 4470 2999 4536 quin
3025 4468 3258 4535 indigeat
3290 4485 3413 4523 cor-

1844 4553 1976 4603 pore
2008 4538 2072 4587 ad
2123 4546 2378 4608 naturam
2421 4535 2562 4588 illius
2604 4536 2705 4589 loci
2761 4535 3173 4592 accommodato
3211 4557 3224 4592 :
3270 4542 3414 4608 quod

1841 4622 2040 4673 corpus
2078 4608 2235 4677 modo
2255 4605 2470 4673 quidem
2498 4615 2686 4677 gestat,
2708 4616 2870 4659 exuto
2898 4609 3062 4674 priori
3088 4608 3228 4677 quod
3252 4605 3411 4663 antea

1842 4676 2225 4746 necessarium,
2258 4687 2443 4742 postea
2477 4675 2664 4728 inutile
2705 4678 2796 4739 lit;
2833 4678 2990 4729 modo
3026 4675 3202 4731 autem
3252 4693 3414 4746 super

1842 4747 1966 4798 illud
2004 4745 2142 4813 qunti
2180 4745 2328 4811 prius
2364 4747 2617 4809 habebat,
2654 4746 2893 4798 induitur
2942 4749 3163 4801 meliore
3189 4745 3410 4817 quoin-

1839 4818 1980 4883 diget
2029 4827 2084 4867 ut
2116 4817 2205 4885 ad,
2228 4817 2491 4880 puriores,
2524 4819 2787 4868 aethereos
2809 4856 2825 4878 ,
2861 4818 3214 4885 cmlestesque
3266 4818 3412 4875 locos

1838 4887 2133 4952 perveniat.
2187 4884 2278 4937 Sic
2329 4886 2380 4939 iii
2441 4885 2538 4937 hac
2591 4886 2695 4938 vita
2741 4902 2993 4948 nascens,
3044 4884 3411 4942 nieiiibratiam

1838 4957 1986 5009 exuit
2024 4972 2125 5023 qua
2161 4970 2277 5007 eam
2318 4958 2368 5006 iii
2406 4956 2558 5007 vulva
2601 4958 2791 5009 matris
2835 4957 3044 5010 obvolvi
3087 4959 3219 5011 utile
3267 4974 3410 5022 erat,

1839 5030 2073 5092 quaiidiu
2112 5028 2161 5078 iii
2192 5040 2254 5078 ea
2294 5025 2425 5088 l'uit;
2457 5026 2548 5081 sed
2578 5035 2862 5093 antequam
2899 5027 3042 5079 illam
3071 5038 3252 5091 exuat,
3286 5046 3410 5084 cor—

1839 5110 1935 5162 pus
1961 5096 2131 5147 iuduit
2164 5096 2303 5163 quod
2334 5106 2449 5148 erat
2490 5097 2702 5148 interra
2738 5099 2946 5150 victuro
2972 5104 3405 5163 necessarium,»

1837 5177 1941 5219 etc.
1972 5166 2062 5218 llis
2091 5165 2407 5237 priemissis,
2440 5165 2598 5237 facile
2632 5166 3002 5222 discordantes
3029 5168 3276 5237 Origeiiis
3304 5171 3407 5225 loci

1837 5240 2210 5309 Cttllt'lllﬂllllll'.
2268 5234 2693 5309 Quaiidoigitur
2722 5238 3068 5305 incorporeus
3113 5234 3330 5309 angelos
3353 5250 3411 5295 et.

1837 5308 2045 5359 animus
2080 5309 2233 5367 dicit,
2270 5324 2374 5358 non
2416 5309 2482 5359 ad
2508 5308 2877 5373 iiiipei'itoruin
2917 5325 3129 5375 captum
3171 5308 3291 5366 sese
3318 5329 3410 5365 att-

1838 5379 2161 5437 coniuiodat,
2189 5375 2280 5429 sed
2316 5387 2505 5429 natura
2539 5392 2632 5428 sua
2684 5379 3033 5445 incorporeus
3079 5382 3355 5435 existimat
3390 5400 3405 5437 :

1835 5454 1890 5499 et
1918 5448 2132 5515 quando
2178 5462 2469 5514 corporeus
2500 5463 2594 5499 eos
2623 5448 2779 5508 dicit,
2808 5466 2911 5501 non
2940 5465 3031 5504 eos
3055 5452 3125 5503 ita
3154 5468 3275 5506 esse
3312 5468 3406 5506 na-
3448 5458 3452 5464 ‘

1839 5514 1972 5589 tura
2008 5533 2102 5571 sua
2154 5527 2327 5586 putat,
2370 5535 2433 5569 ac
2464 5519 2690 5586 proinde
2720 5536 2822 5571 non
2861 5521 2971 5572 vult
3011 5523 3235 5589 spiritus
3275 5524 3405 5576 nihil
3444 5514 3457 5528 ι

1837 5586 1975 5659 aliud
2009 5602 2158 5649 esse,
2195 5603 2354 5659 quam
2393 5604 2616 5659 summa:
2662 5591 2967 5658 exiguitatis
3008 5586 3260 5659 corpora,
3308 5594 3407 5647 sed

1838 5657 1949 5709 \ult
1973 5671 2067 5730 eos
2090 5657 2272 5730 subtili
2294 5670 2347 5710 et
2373 5657 2787 5730 aeriocorpore,
2813 5663 2954 5726 quod
2981 5657 3134 5714 vocat
3148 5664 3406 5730 spiritale,

1836 5728 1989 5791 quasi
2026 5728 2339 5781 indumento
2371 5738 2424 5781 et
2461 5727 2703 5780 \eliiculu
2747 5733 2983 5785 exterius
3029 5727 3401 5789 cirt'u'uivolvi;

1841 5796 1968 5851 Vide
1997 5798 2152 5868 paulo
2184 5797 2319 5851 intra
2352 5808 2540 5867 quiest.
2574 5799 2626 5851 (3'
2658 5798 2946 5863 Deaninia,
2980 5818 3128 5857 num.
3164 5804 3195 5859 ’ὅ
3225 5814 3281 5858 et
3320 5804 3402 5877 15,
