3860 6230
428 327 526 384 851

1697 317 1760 375 P.
1804 316 2120 373 DANIELlS
2159 316 2393 373 HUETll

3570 309 3675 365 832

423 442 506 496 vel
531 436 962 505 circumscriptio
992 435 1277 493 daemonici
1304 449 1572 505 corporis,
1603 451 1707 491 non
1742 446 1823 492 est
1846 436 2001 491 simi-
2033 447 2074 496 A
2108 438 2329 492 nitionis
2386 434 2523 491 ratio
2550 442 2669 499 est,
2696 432 2890 488 horum
2920 431 3038 487 sine
3066 428 3228 483 dubio
3251 436 3305 483 et
3327 427 3516 483 eadem
3549 430 3674 483 sub-

421 535 491 588 lis
519 532 643 587 huic
677 540 860 586 nostro
886 528 1143 586 crassiori
1176 538 1230 583 et
1258 528 1457 582 visibili
1492 528 1703 597 corpori
1743 545 1757 581 :
1794 528 1888 584 sed
1912 543 2001 583 se-

419 624 657 680 cundum
685 638 905 678 sensum
924 621 1039 689 ejus
1061 622 1151 691 qui
1174 620 1481 689 composuit
1505 620 1651 674 illam
1677 623 2003 691 scripturam

420 716 827 786 intelligendum
884 726 969 770 est
1010 716 1155 784 quod
1207 715 1341 768 dixit
1379 730 1393 777 ;
1428 712 1481 767 id
1520 723 1605 766 est
1654 728 1757 767 non
1793 727 1853 768 se
1901 714 2005 768 tale

420 822 639 878 corpus,
664 808 825 892 quale
855 808 1058 862 habent
1086 806 1381 873 daemones,
1412 804 1554 874 quod
1584 812 1666 859 est
1688 804 2005 859 naturaliter

419 900 642 965 subtile,
668 909 722 954 et
755 899 903 967 velut
929 913 1062 952 aura
1109 908 1290 963 tenue,
1316 906 1370 952 et
1417 905 1637 965 propter
1664 896 1765 950 hoc
1792 896 1874 951 vel
1910 914 2004 967 pu-

422 1000 567 1043 tatur
596 1005 625 1043 a
647 989 851 1052 multis,
886 988 970 1044 vel
1010 989 1209 1043 dicitur
1251 990 1650 1058 incorporeum,
1684 988 1780 1043 sed
1806 989 2005 1044 habere

419 1096 481 1136 se
508 1096 705 1151 corpus
733 1082 963 1137 solidum
989 1096 1043 1136 et
1070 1080 1357 1152 palpabile.
1378 1081 1432 1135 ln
1460 1083 1847 1136 consuetudine
1879 1096 2004 1136 vero

419 1174 702 1229 hominum
747 1190 906 1229 omne
932 1175 1073 1241 quod
1116 1173 1223 1227 tale
1264 1188 1371 1227 non
1409 1171 1591 1237 fuerit,
1627 1174 2001 1242 incorporeum

419 1266 845 1337 simplicioribus
869 1267 954 1319 vel
978 1264 1401 1333 imperitioribus
1429 1265 1766 1319 nominatur:
1788 1264 1933 1319 velut
1957 1264 2002 1319 si

419 1363 541 1431 quis
582 1378 761 1418 aerem
794 1363 957 1418 istum
990 1378 1096 1430 quo
1135 1361 1383 1426 fruimur,
1421 1362 1801 1428 incorporeum
1838 1362 2001 1428 dicat,

418 1454 856 1524 quandoquidem
895 1468 998 1508 non
1033 1463 1116 1509 est
1142 1452 1246 1508 tale
1281 1468 1498 1521 corpus,
1530 1461 1589 1507 ut
1620 1453 2002 1522 comprehendi

420 1560 485 1599 ac
535 1547 708 1600 teneri
752 1544 941 1614 possit,
978 1545 1295 1614 argentique
1326 1546 1601 1599 resistere.
1643 1564 1662 1596 ι
1696 1544 1753 1599 Si
1788 1544 2004 1614 quando

419 1635 585 1705 igitur
613 1634 836 1704 angelos
869 1635 1005 1688 dixit
1029 1633 1488 1701 incorporeos,ad
1520 1634 1896 1703 imperitorum
1920 1650 2006 1688 ca-

418 1737 569 1796 ptum
596 1741 717 1782 sese
762 1727 1223 1788 accommodasse.
1265 1736 1321 1781 et
1348 1730 1503 1798 juxta
1535 1727 1685 1797 vulgi
1717 1736 2003 1783 consuetu-

418 1819 599 1874 dinem
624 1818 860 1873 locutunt
893 1818 1064 1874 fuisse
1093 1820 1401 1875 credamus.

491 1908 580 1964 Vl.
614 1908 724 1965 Nec
772 1926 1089 1977 corpoream
1141 1911 1345 1982 angelis
1396 1921 1642 1965 naturam
1692 1912 2003 1968 attribuisse

417 2013 736 2066 contentus,
776 2004 1012 2057 animam
1047 2003 1112 2057 iis
1137 2004 1357 2073 insuper
1377 2006 1629 2073 ascripsit
1656 2004 1749 2059 lib.
1780 2020 1819 2058 ιι
1859 2006 2001 2073 Περὶ

418 2090 637 2161 ἀρχῶν,
662 2109 781 2161 cap.
816 2092 871 2160 8,
895 2110 1043 2146 nmn.
1078 2094 1101 2146 1
1139 2112 1151 2146 :
1190 2112 1208 2145 ι
1244 2094 1501 2163 Superest
1529 2095 1596 2148 de
1642 2096 1884 2165 angelico
1908 2112 2001 2151 or-

419 2184 545 2237 dine
574 2185 872 2253 requirere,
918 2196 1096 2237 utrum
1129 2194 1184 2238 et
1236 2184 1335 2254 ipsi
1385 2186 1594 2239 animas
1640 2188 1900 2251 habeant,
1933 2202 2001 2240 an

418 2278 615 2331 animze
648 2278 789 2342 sint,
824 2277 910 2331 vel
953 2277 1020 2331 de
1053 2277 1264 2331 caeteris
1308 2277 1533 2341 divinis,
1586 2278 2004 2348 caelestibusque

421 2370 733 2435 virtutibus,
761 2370 853 2424 sed
880 2380 935 2424 et
964 2370 1031 2423 de
1059 2368 1350 2424 contrariis
1396 2368 1776 2438 potestatibus.
1802 2369 2004 2425 Aucto-

418 2465 635 2518 ritatem
685 2464 900 2532 quidem
941 2462 1137 2517 divinae
1185 2461 1480 2530 Scriptura:
1529 2476 1754 2531 usquam
1803 2462 2001 2517 nullam

421 2560 746 2623 invenimus,
784 2561 923 2627 quod
960 2557 1045 2611 vel
1090 2557 1292 2627 angeli,
1353 2557 1436 2611 vel
1480 2557 1523 2611 si
1568 2558 1658 2627 qui
1692 2558 1801 2613 sint
1832 2558 2002 2615 divini

420 2652 645 2719 spiritus
673 2652 901 2706 ministri
941 2650 1056 2713 Dei,
1097 2650 1181 2703 vel
1213 2650 1420 2704 animas
1450 2650 1671 2715 habere,
1694 2650 1778 2704 vel
1808 2650 2004 2703 anima:

420 2746 672 2800 dicantur
719 2765 732 2799 :
778 2745 1074 2799 animantia
1118 2754 1293 2798 tamen
1339 2758 1460 2798 esse
1508 2758 1538 2798 a
1590 2744 2004 2814 quamplurimis

420 2839 745 2893 sentiuntur.
787 2858 805 2890 ι
844 2837 1205 2908 Hieronymus
1247 2838 1409 2905 epist.
1455 2836 1523 2890 65
1556 2837 1623 2891 ad
1660 2835 2000 2898 Pammach.,

420 2930 593 2999 cap.5
618 2952 628 2985 :
650 2949 669 2981 ι
697 2929 803 2984 Nec
833 2928 1093 2998 Origenes
1123 2943 1356 2996 unquam
1382 2927 1519 2982 dixit
1542 2943 1609 2982 ex
1642 2927 1847 2997 angelis
1880 2927 2000 2980 ani-

425 3038 542 3076 mas
574 3022 715 3087 ﬁeri,
750 3036 871 3075 cum
896 3023 1041 3089 ipsos
1075 3022 1296 3091 angelos
1326 3035 1520 3074 nomen
1552 3034 1673 3073 esse
1708 3019 1870 3073 oﬂicii
1904 3020 2001 3072 do-

423 3123 562 3179 ceat,
587 3129 691 3166 non
719 3122 957 3176 naturae;
993 3114 1045 3166 in
1082 3114 1235 3168 libris
1268 3114 1409 3168 enim
1442 3112 1581 3181 Περὶ
1609 3108 1816 3181 ἀρχῶν
1839 3120 1895 3166 et
1915 3126 2005 3164 an-

422 3206 591 3276 gelos,
636 3216 692 3257 et
738 3206 983 3262 thronos.
1018 3213 1073 3258 et
1119 3205 1551 3269 dominationes,
1609 3211 1905 3272 potestates
1948 3210 2003 3256 et

422 3310 662 3356 rectores
688 3298 868 3352 mundi
900 3306 953 3350 et
981 3298 1347 3360 tenebrarum,
1372 3306 1428 3351 et
1451 3311 1611 3351 omne
1643 3311 1836 3351 nomen
1860 3295 2002 3364 quod

422 3397 734 3451 nominatur
761 3411 863 3447 non
900 3392 1071 3449 solum
1097 3394 1148 3446 in
1190 3393 1441 3461 prazsenti
1471 3392 1687 3455 sazculo,
1725 3392 1817 3446 sed
1842 3381 1894 3446 in
1921 3393 2003 3445 fu-

424 3498 566 3550 turo,
610 3487 745 3541 dicit
778 3487 991 3539 animas
1019 3500 1139 3539 esse
1190 3500 1375 3539 eorum
1413 3500 1723 3554 corporum,
1757 3501 1877 3554 quae
1918 3487 2004 3540 vel

420 3580 712 3643 desiderio,
742 3581 826 3634 vel
851 3579 1152 3635 ministerio
1179 3579 1534 3647 susceperint.
1568 3598 1587 3629 ›
1621 3578 1868 3634 Profecto
1898 3595 2001 3634 non

420 3680 503 3727 est
540 3684 847 3743 promptum
878 3672 1020 3726 dictu
1047 3686 1279 3739 quanam
1315 3671 1525 3726 ratione
1568 3673 1804 3725 animam
1836 3686 2004 3741 ange-

422 3766 490 3823 lis
519 3767 695 3821 inesse
747 3780 907 3835 posse
946 3765 1213 3819 senserit:
1253 3780 1375 3818 nam
1417 3776 1773 3833 quaereretur,
1826 3765 2000 3818 anima

423 3859 511 3912 illa
556 3874 888 3929 corporeane
929 3858 1021 3920 sit,
1054 3874 1121 3911 an
1156 3868 1367 3912 contra.
1404 3858 1733 3925 Corpoream
1776 3858 2005 3911 dixisset

422 3951 628 4022 utique,
663 3968 784 4006 nam
823 3952 953 4007 nihil
996 3963 1189 4020 praeter
1226 3951 1393 4005 Deum
1430 3951 1801 4019 incorporeum
1834 3950 2000 4003 ducit.

423 4044 606 4100 Tenue
638 4060 767 4112 ergo
799 4054 853 4098 et
880 4058 1342 4110 monogrammum
1377 4056 1573 4109 corpus
1602 4043 1668 4094 ab
1706 4043 1811 4095 alio
1845 4042 2003 4111 longe

423 4138 738 4191 tenuissimo
774 4146 829 4189 et
860 4135 1258 4203 simplicissime
1302 4149 1529 4202 corpore
1558 4132 1850 4186 animatum
1882 4149 2001 4189 esse

423 4228 606 4282 dicere
650 4226 943 4280 debuisset.
982 4226 1086 4279 Sed
1134 4224 1289 4295 paulo
1336 4231 1495 4292 post,
1527 4225 1752 4289 num.2,
1786 4225 2003 4293 angelos

420 4320 665 4375 decernit
703 4334 883 4373 meras
910 4333 1028 4372 esse
1054 4319 1281 4371 animas.
1322 4336 1341 4369 ι
1383 4319 1456 4371 De
1490 4333 1554 4370 eo
1586 4332 1716 4371 vero
1743 4318 1881 4387 quod
1909 4317 1999 4372 Dei

423 4409 610 4461 anima
638 4408 689 4461 in
723 4408 1021 4476 Scripturis
1045 4407 1373 4471 nominatur,
1396 4406 1632 4475 qualiter
1660 4408 1881 4478 intelligi
1906 4410 1999 4463 de-

2106 530 2307 585 stantia
2343 537 2447 583 est.
2476 548 2495 581 ι
2537 526 2668 581 Tale
2714 524 2913 590 aliquid
2958 523 3121 578 habet
3147 522 3239 576 lib.
3285 537 3323 575 ιι
3374 522 3426 573 in
3461 518 3671 574 Cautio.

2105 623 2386 685 canticor.,
2426 635 2549 690 pag.
2580 618 2646 674 58
2675 637 2689 673 :
2729 636 2747 669 ι
2786 617 2853 671 Ει
2881 616 3061 671 adhuc
3084 613 3405 683 agnitionem
3444 612 3528 664 sui
3561 610 3675 663 ani-

2106 732 2190 770 ma
2219 716 2480 785 requirat,
2508 713 2553 768 si
2580 720 2665 767 est
2692 711 2888 781 aliquis
2913 709 3080 774 ordo,
3108 716 3199 760 aut
3223 715 3347 761 sunt
3371 703 3537 773 aliqui
3560 702 3670 771 spi-

2106 810 2242 864 ritus
2273 807 2512 878 ejusdem
2556 804 2869 860 substantia:
2901 815 3023 855 cum
3071 800 3208 869 ipsa,
3258 798 3346 851 alii
3390 811 3520 850 vero
3568 810 3673 849 non

2104 900 2366 967 ejusdem,
2397 898 2489 953 sed
2517 896 2715 952 diversi
2750 895 2819 948 ab
2841 909 2927 957 ea,
2961 892 3013 946 id
3033 891 3196 954 est,si
3224 899 3348 944 sunt
3371 898 3427 942 et
3455 888 3548 941 alii
3569 887 3672 954 spi-

2108 996 2242 1049 ritus
2272 992 2726 1056 rationabiles,ut
2752 991 2866 1059 ipsa
2901 996 3079 1054 est,et
3099 985 3187 1039 alii
3219 993 3469 1040 carentes
3504 980 3672 1035 ratio-

2105 1104 2173 1144 ne
2203 1105 2216 1141 :
2243 1099 2297 1142 et
2326 1088 2370 1141 si
2399 1086 2588 1142 eadem
2614 1094 2697 1139 est
2747 1083 2916 1151 ipsius
2959 1096 3082 1151 quae
3105 1088 3160 1135 et
3194 1077 3511 1146 angelorum
3550 1074 3673 1128 sub-

2105 1179 2590 1249 stantia,quoniam
2606 1161 2942 1249 frationabile
2964 1189 2994 1229 a
3016 1170 3319 1228 rationabili
3341 1180 3670 1239 nequaquam

2107 1272 2327 1329 diﬂ'erre
2353 1271 2613 1327 creditur.
2648 1288 2671 1322 ι

2177 1367 2285 1421 VII.
2318 1365 2647 1436 Angelorum
2688 1372 2867 1419 autem
2902 1363 3042 1417 inter
3068 1367 3124 1414 et
3151 1358 3454 1413 daemonum
3482 1368 3672 1424 corpus

2106 1457 2394 1514 discrimen
2444 1454 2658 1524 aliquod
2717 1452 2998 1509 tenuitatis
3052 1448 3367 1512 constituit,
3418 1447 3669 1516 quoniam

2106 1551 2375 1619 graviora,
2399 1549 2483 1604 vel
2512 1547 2793 1604 subtiliora
2823 1560 3087 1613 corpora,
3113 1557 3213 1612 pro
3244 1541 3533 1596 criminum
3563 1553 3672 1592 mo-

2107 1644 2195 1711 do,
2227 1641 2500 1697 mentibus
2522 1639 2702 1695 addita
2735 1638 2902 1693 fuisse
2934 1637 3184 1706 opinatus
3209 1643 3313 1697 est,
3334 1644 3393 1686 ut
3420 1632 3669 1685 diximus.

2110 1733 2398 1803 Postquam
2439 1733 2583 1787 enim
2627 1731 2697 1786 ob
2741 1727 3037 1800 nequitiam
3077 1728 3349 1781 daemones
3376 1723 3521 1778 coelo
3556 1732 3677 1778 sunt

2034 1805 2074 1857 Β
2104 1823 2401 1889 exturbati,
2431 1821 2704 1877 crassiore
2738 1820 2973 1889 quodam
3021 1832 3249 1888 corpore
3287 1817 3677 1884 circumseptos

2102 1932 2223 1971 esse
2250 1915 2595 1970 existimavit.
2633 1914 2725 1969 Sic
2755 1914 2845 1967 ille
2876 1922 3005 1966 tont.
3046 1928 3057 1965 I
3089 1912 3146 1965 in
3172 1911 3355 1973 10am,
3388 1924 3535 1967 num_
3579 1907 3675 1961 i7:

2115 2012 2174 2063 'O
2195 2010 2521 2080 καλούμενος
2543 2008 2758 2079 δράκων
2778 2006 2928 2071 ἄξιος
2947 2004 3235 2075 γεγένηται
3266 2000 3560 2055 ἀποπεσὼν
3580 2001 3679 2071 τῆς

2103 2104 2351 2175 καθαρᾶς
2386 2103 2552 2173 ζωῆς,
2590 2101 2695 2171 πρὸ
2738 2102 2956 2155 πάντων
2993 2098 3269 2167 ἐνδεθῆναι
3303 2094 3403 2166 ὕλῃ
3440 2094 3537 2147 καὶ
3572 2092 3678 2147 σώ-

2110 2214 2258 2268 ματι.
2290 2195 2442 2262 Quod
2474 2196 2540 2248 de
2565 2193 2781 2246 diabolo
2811 2192 3025 2255 statuit,
3057 2192 3124 2244 de
3167 2188 3420 2242 omnibus
3466 2200 3679 2255 quoque

2105 2289 2437 2345 daamonibus
2486 2284 2892 2355 intelligendum
2951 2292 3054 2338 est.
3109 2284 3284 2349 Atque
3332 2280 3433 2333 hoc
3488 2293 3681 2345 corpus

2104 2384 2342 2439 crassius
2389 2380 2516 2435 licet
2566 2378 2841 2447 angelico,
2870 2390 2991 2431 esse
3040 2384 3219 2429 tamen
3246 2375 3377 2428 dicit
3415 2372 3681 2442 praemio

2104 2476 2196 2529 lib.
2233 2473 2373 2542 Περὶ
2407 2471 2627 2542 ἀρχῶν,
2667 2486 2817 2524 num.
2846 2468 2904 2534 8,
2940 2486 2959 2519 ι
3015 2465 3331 2521 naturaliter
3377 2464 3597 2529 subtile,
3627 2473 3680 2519 et

2104 2568 2250 2622 velut
2284 2580 2411 2619 aura
2448 2575 2627 2632 tenue,
2661 2583 2678 2614 ι
2710 2577 2774 2616 ex
2808 2575 2933 2615 aere
2981 2559 3232 2614 nimirum
3291 2558 3503 2611 rariore
3550 2570 3681 2611 eon-

2106 2668 2330 2713 textum.
2364 2657 2515 2725 Quod
2551 2656 2605 2709 in
2630 2669 2696 2709 eo
2717 2652 2992 2723 redarguit
3019 2650 3381 2721 Hieronymus
3406 2650 3570 2717 epist.
3587 2648 3676 2711 59.

2104 2752 2169 2806 ad
2191 2751 2360 2814 Avit.,
2392 2763 2514 2818 cap.
2549 2749 2601 2802 1.
2634 2748 2703 2801 At
2730 2760 2847 2800 eam
2877 2754 3055 2798 tamen
3082 2758 3369 2812 corporum
3395 2743 3685 2797 diversita-

2107 2852 2212 2897 tem
2247 2842 2385 2896 citra
2418 2840 2584 2894 ullum
2635 2847 2843 2893 natura:
2876 2836 3167 2892 discrimen
3202 2835 3464 2905 Origenes
3489 2836 3684 2889 admit-

2107 2936 2190 2991 tit.
2218 2934 2501 2990 Diabolum
2532 2932 2732 3002 quippe
2770 2931 2914 2983 inter
2944 2938 3000 2982 et
3024 2926 3270 2998 angelum
3296 2926 3462 2980 ullam
3489 2927 3686 2989 οὐσίας

2105 3027 2459 3083 dill‘erentiam
2502 3040 2622 3081 esse
2672 3034 2831 3093 negat
2862 3032 2989 3078 tom.
3029 3038 3101 3075 xx
3124 3023 3177 3074 in
3201 3020 3386 3081 Joan.,
3419 3018 3683 3073 num.20.

2105 3119 2214 3173 Nec
2240 3127 2499 3186 repugnat
2524 3116 2664 3182 quod
2698 3116 2912 3185 scripsit
2943 3114 3032 3168 lib.
3063 3128 3119 3165 ιιι
3138 3119 3320 3165 contra
3342 3108 3505 3174 Cels.,
3532 3126 3686 3167 num.

2104 3213 2169 3267 '57
2207 3230 2220 3265 :
2253 3212 2317 3264 Oi
2340 3210 2394 3263 δὲ
2413 3209 2507 3263 τοῦ
2527 3207 2663 3262 Θεοῦ
2686 3208 2817 3261 θεῖοι
2851 3209 2943 3262 καὶ
2964 3208 3106 3275 ἅγιοι
3139 3204 3357 3273 ἄγγελοι
3380 3204 3554 3273 ἄλλης
3581 3205 3691 3257 εἰσὶ

2106 3305 2338 3372 φύσεως,
2378 3305 2471 3357 καὶ
2503 3301 2872 3374 προαιρέσεως
2898 3300 3046 3370 παρὰ
3079 3302 3205 3363 τοὺς
3224 3299 3316 3352 ἐπὶ
3337 3298 3442 3368 γῆς
3476 3297 3690 3359 πάντας

2104 3400 2386 3467 δαίμονας.
2416 3396 2573 3450 Aliud
2601 3405 2682 3449 est
2717 3396 2859 3447 enim
2895 3392 3074 3462 φύσις.
3111 3392 3253 3445 aliud
3286 3391 3470 3444 οὐσία.

2175 3487 2307 3542 Vlll.
2333 3489 2506 3557 Atque
2540 3485 2751 3553 singula
2798 3485 2911 3539 ha'c
2943 3484 3134 3551 placita
3174 3484 3393 3537 Patrum
3424 3496 3691 3537 numerus

2105 3580 2362 3642 defemlit.
2391 3578 2480 3648 qui
2521 3579 2659 3632 utin
2693 3591 2751 3631 re
2782 3577 3012 3641 incerta,
3045 3590 3221 3645 neque
3271 3575 3691 3630 deﬁnitionibus

2106 3672 2356 3727 Ecclesia:
2400 3668 2831 3737 circumscripta,
2859 3668 3039 3725 animo
3068 3685 3164 3723 suo
3190 3668 3505 3738 morigerati
3537 3677 3691 3725 sunt.

2104 3764 2406 3834 Corporeos
2437 3779 2556 3819 esse
2596 3763 2811 3833 angelos
2838 3763 3059 3832 quinam
3095 3777 3157 3815 ex
3198 3760 3301 3815 illis
3347 3760 3691 3829 putaverint,

2105 3859 2300 3924 partim
2359 3856 2640 3910 laudamus
2694 3856 2746 3908 in
2818 3853 3289 3910 observationibus
3356 3853 3569 3907 nostris
3624 3852 3693 3907 ad

2104 3964 2223 4018 pag.
2271 3948 2375 4003 815
2412 3949 2543 4001 tomi
2591 3963 2700 4001 xvu
2741 3944 3030 3999 Comment.
3090 3944 3333 4013 Or'gem's
3390 3945 3450 3997 in
3492 3944 3692 3998 Matth.

2105 4043 2309 4110 Quibus
2330 4042 2451 4096 addi
2484 4051 2707 4105 possunt
2727 4039 2974 4095 Justinus
2997 4040 3048 4092 in
3076 4037 3284 4107 Dialog.
3317 4054 3438 4090 cum
3463 4036 3694 4108 Τωβία

2104 4137 2351 4191 Clemens
2377 4133 2777 4187 Alexandrinus
2809 4128 3026 4198 Pwdag.
3070 4129 3160 4183 lib.
3193 4146 3231 4192 I,
3262 4144 3381 4197 cap.
3405 4128 3482 4195 6;
3513 4130 3701 4184 Maca-

2104 4229 2216 4282 rius
2243 4228 2387 4278 hom.
2409 4225 2471 4289 4;
2501 4223 2801 4278 Methodius
2825 4222 2962 4289 apud
2991 4219 3396 4280 Photium,cod.
3418 4234 3694 4282 ccxxuv;

2104 4320 2524 4391 Cyrillnslib.tx
2567 4321 2620 4370 in
2647 4315 2810 4370 Joan.
2836 4332 2850 4380 ;
2877 4312 3188 4370 Gennadius
3214 4313 3306 4368 lib.
3348 4311 3425 4366 De
3448 4314 3694 4383 dogmat.

2103 4412 2331 4478 Eodem,
2369 4427 2489 4480 cap.
2517 4412 2575 4465 11
2612 4419 2665 4465 et
2687 4410 2755 4464 12
2787 4428 2801 4475 ;
2829 4408 3131 4463 Bernardus
3157 4407 3249 4461 lib.
3285 4421 3315 4458 v
3342 4406 3422 4459 De
3450 4409 3704 4461 conside»

422 4499 567 4557 heat.
593 4508 646 4553 et
672 4500 896 4565 sentire,
922 4509 974 4555 et
1011 4499 1251 4569 proferre
1278 4498 1489 4553 diﬁicile
1519 4508 1633 4564 est;
1659 4500 1824 4554 semel
1858 4500 2000 4555 enim
2036 4501 2079 4555 D
2110 4509 2313 4558 ratione
2333 4504 2399 4557 ad
2432 4503 2756 4572 Eugenium,
2788 4512 2843 4554 et
2874 4500 2961 4553 alii
2994 4499 3323 4569 complures.
3354 4498 3501 4564 Quid
3542 4500 3697 4567 quod

421 4592 720 4660 simplicem
752 4592 901 4645 illam
941 4601 1285 4656 naturam,et
1314 4592 1517 4659 absque
1553 4590 1714 4645 ullius
1742 4589 2002 4658 abjectio-

422 4684 507 4737 nis
540 4684 885 4749 permistione
908 4684 1222 4753 proﬁtemur
1245 4699 1257 4741 :
1281 4693 1455 4736 tamen
1478 4686 1856 4753 quoquomodo
1883 4698 2004 4739 sen-

423 4775 665 4829 tiendum
700 4784 802 4839 est,
845 4776 1118 4830 nominari
1168 4776 1383 4829 interim
1418 4776 1510 4831 Dei
1538 4779 1719 4832 anima
1756 4778 1998 4845 videtur;

422 4867 489 4921 de
527 4866 744 4923 Christo
785 4883 914 4923 vero
960 4885 1065 4923 non
1111 4869 1404 4924 dubitatur.
1442 4870 1508 4924 Et
1555 4872 1676 4925 ideo
1722 4886 1828 4925 non
1872 4872 2001 4926 mihi

420 4961 635 5014 videtur
665 4960 955 5016 absurdum
1002 4962 1163 5015 etiam
1210 4961 1276 5015 de
1325 4964 1532 5016 sanctis
1577 4961 1814 5030 angelis,
1843 4976 1995 5017 caete-

419 5049 607 5117 risque
639 5050 951 5105 cmlestibus
984 5050 1275 5104 virtutibus
1317 5051 1419 5104 tale
1452 5052 1650 5119 aliquid
1685 5051 1765 5106 vel
1792 5053 1992 5116 dicere,

420 5140 504 5194 vel
541 5142 744 5195 sentire
777 5160 789 5194 :
817 5142 1080 5211 siquidem
1124 5142 1364 5197 deﬁnitio
1388 5143 1475 5197 illa
1520 5144 1711 5197 anima:
1748 5145 1908 5197 etiam
1942 5145 1994 5198 in

422 5232 569 5302 ipsos
616 5233 827 5287 videtur
877 5234 1174 5288 incurrere.
1233 5233 1364 5300 Quis
1415 5235 1554 5288 enim
1609 5235 1998 5290 rationabiliter

410 5324 704 5395 ~sensibiles
739 5340 834 5380 eos
865 5340 1019 5386 esse.
1052 5325 1136 5380 vel
1175 5325 1399 5380 mobiles
1449 5326 1647 5394 poterit
1690 5327 1997 5395 denegare?

423 5418 573 5485 Quod
604 5417 647 5472 si
683 5428 829 5472 recta
858 5417 959 5472 ista
1000 5418 1213 5471 videtur
1247 5431 1362 5471 esse
1397 5417 1660 5482 deﬁnitio,
1695 5419 1835 5484 quod
1872 5421 1999 5473 sub-

423 5508 621 5564 Stantia
674 5509 1071 5563 rationabiliter
1117 5506 1422 5571 sensibilis,
1460 5518 1516 5562 et
1569 5510 1781 5565 mobilis
1817 5510 1996 5565 anima

424 5602 655 5665 dicatur,
683 5601 894 5655 videtur
920 5599 1033 5654 haec
1059 5600 1250 5655 eadem
1278 5600 1519 5653 deﬁnitio
1541 5601 1703 5654 etiam
1735 5601 1803 5655 ad
1826 5616 1993 5671 ange-

425 5709 504 5748 los
544 5694 834 5760 pertinere.
876 5692 1013 5759 Quid
1045 5692 1188 5747 enim
1218 5690 1362 5745 aliud
1396 5694 1447 5745 in
1485 5694 1587 5747 illis
1613 5710 1774 5762 quam
1806 5709 1995 5749 sensus

426 5786 756 5869 rationabilis
800 5797 854 5843 et
887 5795 1064 5842 motus
1091 5796 1171 5845 est
1201 5787 1224 5841 ?
1254 5784 1488 5860 Quorum
1523 5798 1697 5843 autem
1728 5802 1833 5843 una
1863 5786 1993 5843 deﬁ-

2103 4599 2344 4653 eamdem
2373 4596 2697 4651 sententiam
2732 4595 2784 4647 in
2839 4593 2983 4646 Actis
3014 4593 3254 4661 septima:
3302 4592 3501 4661 synodi
3532 4606 3700 4647 (acu-

2103 4690 2344 4752 menicaa,
2382 4702 2486 4741 non
2532 4685 2807 4740 deﬁnitam
2834 4685 3073 4755 quidem,
3106 4685 3198 4739 sed
3233 4694 3411 4739 tamen
3463 4698 3702 4754 expres-

2100 4798 2216 4836 sam
2258 4781 2596 4849 reperimus:
2630 4781 2764 4833 adeo
2792 4780 2916 4832 trita
2955 4795 3075 4843 usu,
3111 4786 3164 4831 et
3187 4778 3703 4833 vetustissimorum

2107 4872 2478 4941 theologorum
2525 4886 2796 4926 consensu
2829 4869 3081 4923 tralatitia
3113 4868 3210 4922 luit
3237 4882 3301 4923 ea
3336 4869 3547 4937 opinio.

2176 4960 2492 5015 Notavimus
2545 4961 2833 5031 Origenem
2869 4974 3093 5030 corpora
3138 4960 3263 5013 licet
3295 4961 3509 5026 angelis
3536 4959 3707 5013 aliin-

2093 5066 2326 5124 gentem,
2375 5058 2561 5111 eadem
2612 5056 2744 5123 ipsis
2802 5054 3091 5123 aliquando
3146 5053 3437 5107 detrahere
3486 5053 3704 5122 visum.

2092 5150 2234 5205 Idem
2271 5151 2562 5206 observare
2590 5149 2714 5202 licet
2756 5150 2807 5201 in
2838 5147 3037 5202 Basilio
3065 5148 3155 5217 qui
3201 5146 3454 5214 quamvis
3493 5159 3709 5212 corpo-

2094 5259 2214 5300 reos
2242 5242 2464 5313 angelos
2489 5241 2685 5296 dixerit
2710 5241 2805 5295 lib.
2839 5240 2913 5294 De
2950 5239 3149 5308 Spiritu
3183 5249 3387 5300 sancto,
3431 5252 3559 5307 cap.
3602 5237 3705 5300 16,

2095 5347 2150 5391 et
2188 5337 2336 5399 alibi,
2379 5336 2595 5390 eosdem
2649 5345 2826 5388 tamen
2863 5334 3106 5403 corporis
3134 5343 3386 5402 expertes
3414 5348 3549 5389 esse
3593 5334 3701 5389 lib.

2095 5445 2149 5483 tv
2174 5441 2353 5484 contra
2388 5427 2620 5484 Eunom.
2670 5428 2919 5482 afﬁrmat.
2952 5424 3106 5481 Unde
3147 5442 3277 5481 vero
3316 5438 3439 5480 orta
3498 5438 3590 5482 est
3646 5429 3703 5482 in

2095 5522 2324 5594 Origene
2375 5524 2660 5577 observata
2705 5537 2735 5575 a
2788 5520 2941 5576 nobis
2998 5519 3383 5589 discrepantia,
3443 5521 3702 5577 indidem

2092 5619 2181 5672 illa
2224 5634 2437 5688 quoque
2484 5618 2669 5672 Basilii
2715 5616 2953 5687 profecta
2999 5626 3103 5681 est,
3146 5632 3208 5671 ex
3251 5632 3446 5672 vocum
3494 5633 3704 5687 nempe

2092 5714 2280 5778 abnsu,
2305 5720 2351 5764 et
2377 5712 2703 5767 crassiorum
2731 5726 3014 5780 corporum
3036 5721 3296 5779 respectu.
3328 5710 3552 5779 Optime
3572 5712 3703 5765 Cae-

2093 5807 2267 5864 sarius
2317 5805 2520 5877 Dialog.
2576 5824 2615 5873 ι,
2683 5808 2941 5878 interrog.
3018 5806 3086 5860 18
3130 5847 3142 5861 .
3204 5802 3519 5876 Ἀσώματοι
3594 5808 3697 5877 μὲν
