3860 6230
174 427 178 430 ἠ
210 345 318 400 853

1032 346 1606 407 ORIGENIANORUM
1647 352 1773 409 LIB.
1816 352 1882 418 ll,
1923 353 2075 409 CAP.
2118 353 2183 419 ll,
2223 351 2497 420 QUIEST.
2542 351 2608 405 V.

3343 342 3447 399 854

208 457 299 515 οὖν
352 460 574 530 ἄγγελοι
622 462 743 517 καθ’
784 464 949 535 ἡμᾶς,
989 466 1145 537 σῶμα
1182 468 1238 521 δὲ
1280 468 1674 538 καθ’ὲαυτοὺς,
1711 471 1778 533 ὡς

1890 492 2013 559 reis,
2040 503 2163 562 post
2195 491 2401 562 lapsum
2447 505 2575 545 vero
2621 485 2976 544 crassioribus
3009 484 3238 555 illigatos
3281 484 3447 538 fuisse

203 553 425 625 ἄνεμος,
480 555 514 626 ἢ
572 555 714 627 πῦρ,
768 556 801 628 ἢ
864 558 1173 631 καπνὸς,ἢ
1225 563 1361 634 ἀήρ·
1404 562 1631 634 σώματα
1678 565 1785 635 γὰρ

204 647 509 717 ὑπάρχουσι
548 647 738 712 λεπτὰ,
768 650 862 703 καὶ
906 649 1042 704 ἄῡλα
1062 691 1076 715 ,
1108 652 1211 719 ἔξω
1242 654 1339 724 τῆς
1368 657 1639 727 ἡμετέρας
1678 675 1784 710 πα-

202 738 454 810 χύτητοςο
499 741 722 812 σώματα
776 743 885 815 γὰρ
936 746 1253 818 ἐπουράνια,
1282 751 1377 803 καὶ
1401 746 1625 821 σώματα
1660 751 1782 803 ὲπί-

200 831 327 901 γειά
360 850 523 903 φησιν
547 836 575 887 ὁ
600 834 753 903 ἅγιος
799 837 1135 901 Ἀπόστολος.
1185 859 1201 891 ι
1230 842 1532 908 lncorporei
1567 842 1780 911 quidem

200 933 333 978 sunt
353 925 525 993 angeli
554 928 845 982 secundum
875 945 1002 995 nos;
1053 946 1250 1000 corpus
1279 947 1405 987 vero
1430 943 1558 988 sunt
1584 949 1783 989 secun.

202 1013 330 1068 dum
376 1030 452 1081 se,
506 1028 562 1071 ut
595 1030 808 1086 ventus,
852 1022 933 1076 vel
967 1022 1125 1092 ignis,
1166 1024 1248 1077 vel
1306 1024 1506 1091 fumus,
1539 1028 1623 1083 vel
1666 1042 1785 1100 aer.

200 1106 444 1177 Corpora
477 1112 621 1165 enim
660 1122 788 1165 sunt
817 1114 1022 1178 tenuia,
1051 1115 1291 1170 materia:
1318 1117 1557 1186 expertia
1577 1158 1594 1185 ,
1626 1127 1779 1173 extra

201 1212 445 1257 nostram
488 1204 924 1258 crassitudinem.
964 1206 1203 1274 Corpora
1249 1209 1391 1262 enim
1432 1211 1698 1276 coelestia,
1726 1221 1780 1266 et

199 1308 432 1362 corpora
462 1297 740 1350 terrestria
772 1296 907 1351 dicit
933 1307 1154 1352 sanctus
1193 1298 1483 1367 Apostolus
1514 1303 1579 1356 “.
1626 1322 1645 1356 ι
1679 1303 1775 1359 Cui

200 1385 536 1439 simillimum
582 1386 711 1440 illud
746 1397 828 1442 est
870 1387 1114 1443 Cassiani
1164 1388 1355 1445 Collat.
1385 1408 1481 1457 vn,
1512 1409 1635 1463 cap.
1664 1395 1769 1449 15:

203 1495 225 1529 ι
258 1476 411 1532 Licet
439 1479 583 1533 enim
613 1480 1021 1549 pronuntiemus
1056 1483 1343 1538 nonnullas
1373 1501 1491 1541 esse
1521 1487 1773 1556 Spiritua-

200 1572 281 1625 les
314 1578 559 1636 naturas,
587 1583 643 1625 ut
679 1582 804 1628 sunt
848 1574 1061 1643 angeli,
1097 1576 1429 1646 archangeli,
1455 1590 1772 1649 cmterteque

200 1662 443 1724 virtutes,
464 1662 574 1729 ipsa
601 1676 812 1730 quoque
836 1664 1012 1717 anima
1047 1674 1252 1730 nostra,
1280 1666 1360 1720 vel
1384 1677 1530 1723 certe
1560 1684 1653 1723 aer
1672 1671 1772 1725 iste

196 1751 455 1817 subtilis;
502 1762 675 1805 tamen
724 1752 1056 1821 incorporea:
1103 1754 1409 1809 nullatenus
1445 1757 1769 1813 aestimandae

197 1856 345 1900 sunt.
386 1845 594 1899 Habent
629 1848 770 1900 enim
802 1849 1098 1901 secundum
1144 1863 1202 1903 se
1248 1862 1463 1917 corpus,
1509 1864 1616 1919 quo
1641 1851 1767 1904 sub-

195 1937 416 2001 sistunt,
437 1938 558 1992 licet
588 1937 755 1992 multo
779 1938 991 1992 tenuius
1010 1952 1167 2006 quam
1195 1955 1313 1995 nos.
1337 1939 1467 1994 Nam
1491 1951 1615 1996 sunt
1641 1957 1766 1997 cor-

197 2044 327 2098 pora
358 2031 651 2085 secundum
672 2030 913 2100 Apostoli
935 2034 1261 2088 sententiam
1290 2033 1361 2088 ita
1391 2030 1617 2090 dicentis
1649 2054 1662 2091 :
1704 2036 1770 2091 Et

199 2136 430 2190 corpora
470 2122 735 2188 ctelestia,
779 2134 834 2177 et
868 2135 1095 2193 corpora
1131 2128 1404 2180 terrestria
1438 2128 1500 2180 ¹¹.
1545 2146 1563 2178 ι
1594 2128 1770 2197 Appo-

194 2213 303 2266 site
338 2212 463 2266 item
488 2211 782 2282 Gregorius
811 2212 1036 2283 Magnus
1057 2216 1276 2278 Moral.,
1302 2232 1419 2286 cap.
1441 2217 1474 2271 5
1505 2238 1516 2271 ;
1555 2236 1573 2269 ‹
1604 2217 1766 2272 Com-

193 2305 475 2372 paratione
511 2305 731 2373 quidem
756 2315 1061 2360 nostrorum
1087 2322 1371 2377 corporum
1402 2309 1619 2379 angelos
1666 2310 1770 2378 spi-

197 2394 337 2449 ritus
368 2410 486 2449 esse
517 2396 678 2462 dicit;
716 2397 808 2450 sed
848 2398 1249 2466 comparatione
1281 2400 1475 2454 summi
1516 2410 1571 2455 et
1599 2401 1766 2455 incir-

196 2486 509 2554 cumscripti
541 2485 773 2554 Spiritus
793 2502 914 2543 esse
933 2503 1147 2557 corpus.
1183 2507 1203 2539 ι
1234 2488 1329 2544 Cui
1355 2491 1503 2560 paria
1540 2493 1769 2547 succinit

198 2576 566 2632 Damascenus
594 2580 685 2659 lib.
720 2594 759 2634 ll
791 2580 867 2635 De
898 2581 1083 2634 ortltod
1111 2580 1229 2649 ﬁd.,
1260 2596 1377 2651 cap.
1413 2581 1465 2639 3.
1495 2582 1628 2637 Hinc
1657 2584 1767 2639 Au-

196 2669 444 2739 gustinus
482 2672 756 2725 sexcentis
790 2671 913 2725 licet
942 2671 1075 2726 locis
1115 2688 1430 2742 corpoream
1454 2674 1763 2745 angelorum

195 2774 320 2815 esse
355 2771 603 2815 naturam
640 2765 1082 2832 pr0pugnaverit,
1129 2764 1419 2833 aliquando
1450 2777 1626 2821 tamen
1656 2770 1766 2835 spi-

198 2852 465 2919 ritualem,
492 2864 548 2907 et
584 2854 983 2909 intellectualem
1007 2872 1124 2911 eam
1156 2857 1402 2925 appellat,
1420 2861 1764 2927 quemadmo-

197 2945 325 2999 dum
374 2946 665 3000 Cassianus
691 2957 745 3001 et
770 2945 1100 3015 Bernardus,
1141 2950 1231 3020 qui
1265 2965 1368 3005 nou
1400 2950 1558 3005 aliam
1585 2960 1762 3006 tamen

198 3051 361 3105 quam
411 3037 743 3105 Augustinus
795 3040 1100 3106 opinionem
1134 3042 1400 3109 persecuti
1453 3052 1597 3096 sunt.
1647 3042 1764 3112 Ipse

1884 585 2198 654 corporibus
2232 584 2475 639 deﬁnivit
2524 582 2804 652 Origenes,
2854 581 2906 635 in
2937 595 3003 635 eo
3049 576 3446 634 consentientes

1884 676 2049 732 habet
2096 675 2379 730 Miuutium
2411 674 2668 736 Felicem,
2702 673 2793 743 qui
2830 691 2848 724 ι
2886 672 3020 726 istos
3049 670 3270 738 spiritus
3310 667 3444 723 sim-

1882 767 2176 837 plicitatem
2217 766 2533 822 substantiae
2571 780 2680 821 suae
2717 764 3015 834 perdidisse
3045 782 3064 813 ι
3099 762 3366 824 decernit,
3390 770 3445 814 et

1880 861 2234 931 Augustinum
2255 859 2345 929 qui
2376 858 2456 914 sic
2482 858 2698 913 disserit
2727 856 2822 913 lib.
2853 872 2913 911 ιιι
2940 854 3010 909 De
3040 852 3221 908 Cenes.
3244 854 3311 907 ad
3333 852 3441 931 lit.j,

1881 970 2000 1024 cap.
2034 954 2142 1007 lt):
2175 970 2194 1003 ι
2228 950 2285 1007 Si
2327 961 2506 1005 autem
2564 959 2987 1020 transgressores
3020 947 3120 1010 illi,
3144 932 3442 1014 antequam

1883 1047 2402 1116 transgrederentur,
2420 1042 2659 1098 ctelestia
2690 1055 2914 1109 corpora
2943 1039 3205 1109 gerebant
3224 1078 3238 1100 ,
3270 1052 3443 1107 neque

1881 1139 1981 1193 hoc
2005 1138 2200 1191 mirum
2232 1146 2335 1201 est,
2355 1134 2399 1191 si
2429 1147 2688 1189 conversa
2719 1140 2843 1187 sunt
2864 1145 2930 1186 ex
2957 1145 3113 1201 paena
3139 1128 3194 1184 in
3227 1142 3440 1184 aeream

1876 1229 2213 1301 qualitatem.
2254 1247 2273 1279 ι

1946 1321 2098 1376 Nunc
2118 1335 2265 1385 vero,
2286 1320 2387 1375 etsi
2409 1332 2663 1388 expresse
2684 1317 2751 1371 ab
2775 1314 3013 1371 Ecclesia
3036 1313 3313 1369 deﬁnitum
3336 1327 3441 1367 non

1875 1425 1978 1479 est,
2012 1424 2192 1469 utrum
2240 1412 2419 1481 angeli
2466 1410 2783 1480 corporibus
2833 1406 3090 1476 implicati
3126 1405 3255 1467 sint,
3294 1420 3444 1458 com-

1877 1520 2038 1562 mune
2068 1518 2244 1560 tamen
2290 1506 2391 1559 hoc
2422 1512 2503 1559 est
2550 1516 2615 1556 ac
2654 1512 2949 1569 receptum,
2981 1510 3036 1554 et
3070 1497 3447 1567 theologorum

1871 1601 2111 1657 omnium
2162 1614 2427 1654 consensu
2469 1596 2823 1666 approbatum
2871 1594 3091 1663 dogma,
3122 1592 3261 1661 quod
3288 1591 3434 1645 omni

1871 1695 1990 1749 ⁵ἰιιοε
2010 1708 2232 1763 corpore
2246 1691 2461 1762 spoliat,
2478 1700 2536 1744 ut
2559 1688 2888 1743 contrarium
2913 1686 3158 1756 quisquis
3178 1685 3333 1739 hodie
3350 1684 3432 1737 af-

1799 1822 1840 1877 B
1874 1786 2201 1850 ﬁrmaverit,
2230 1800 2327 1855 pro
2382 1786 2669 1838 temerario
2719 1790 2773 1835 et
2815 1778 3112 1847 prtefidenti
3161 1776 3441 1833 habendus

1869 1882 1940 1936 sit
1965 1888 2279 1949 :postquam
2302 1878 2353 1932 in
2384 1877 2433 1931 id
2456 1876 2733 1929 decretum
2762 1872 3037 1929 consensit
3072 1870 3440 1925 Lateranense

1870 1971 2156 2027 concilium
2188 1983 2305 2038 cap.
2338 1969 2364 2023 1
2403 1983 2417 2019 :
2468 1986 2486 2018 ι
2530 1966 2758 2020 Creator
2797 1963 3036 2016 omnium
3093 1958 3436 2014 invisibilium

1870 2071 1926 2117 et
1957 2061 2270 2123 visibilium,
2296 2057 2657 2127 spiritualium
2687 2069 2742 2111 et
2797 2052 3182 2124 corporalium,
3211 2051 3302 2120 qui
3339 2065 3437 2105 sua

1869 2149 2219 2219 omnipotenti
2244 2148 2443 2203 virtute
2469 2147 2626 2202 simul
2661 2148 2728 2203 ab
2762 2146 2913 2201 initio
2944 2143 3200 2213 temporis
3233 2150 3438 2194 utram-

1870 2253 1975 2309 que
2002 2239 2068 2295 de
2106 2238 2278 2293 nihilo
2325 2239 2569 2295 condidit
2619 2248 2929 2293 creaturam
2952 2275 2968 2301 ,
2997 2231 3326 2302 spiritualem
3381 2242 3439 2286 et

1868 2330 2225 2400 corporalem,
2268 2329 2569 2401 angelicam
2604 2326 2855 2383 videlicet
2891 2335 2947 2379 et
2985 2323 3336 2386 mundanam,
3370 2335 3435 2375 ac

1867 2422 2060 2477 deinde
2087 2422 2416 2486 humanam,‘
2439 2420 2591 2490 quasi
2640 2431 2980 2474 communem
3014 2431 3081 2470 ex
3125 2427 3349 2483 corpore
3381 2420 3437 2466 et

1868 2514 2059 2581 spiritu
2094 2515 2456 2570 constitutam.
2494 2532 2513 2564 ›
2553 2512 2672 2580 Quo
2703 2512 2921 2566 decreto
2952 2506 3286 2577 Origenistas
3327 2503 3434 2574 peti

1872 2603 1928 2659 S.
1961 2604 2195 2661 Thomas
2223 2604 2594 2661 existimabat.

1941 2694 2030 2752 IX.
2058 2696 2230 2750 Porro
2272 2694 2528 2765 quidquid
2560 2695 2626 2749 de
2672 2690 2877 2761 angelis
2906 2688 3125 2743 tradidit
3150 2686 3432 2757 Origenes.

1867 2790 1951 2845 vel
1999 2790 2172 2844 sacris
2223 2787 2307 2842 vel
2359 2786 2602 2855 profanis
2647 2782 2963 2838 auctoribus
3027 2790 3298 2848 utcunque
3351 2776 3437 2831 de-

1867 2883 2091 2937 fendere
2112 2880 2305 2951 potuit.
2329 2878 2539 2947 Corpus
2562 2878 2766 2947 angelis
2788 2874 2984 2931 ascribi
3031 2873 3244 2928 videtur
3293 2869 3431 2940 psal.

1866 2992 1980 3039 cm,
2017 2975 2088 3029 ιε
2140 2992 2158 3025 ι
2191 2973 2291 3039 Qui
2329 2972 2462 3026 facis
2490 2970 2709 3040 angelos
2744 2978 2866 3023 tuos
2894 2967 3136 3038 spiritus,
3171 2972 3228 3020 et
3269 2962 3433 3018 mini—

1867 3081 2010 3124 stros
2054 3076 2173 3121 tuos
2216 3064 2393 3133 ignem
2444 3070 2752 3117 urentem.»
2810 3058 2939 3126 Quae
2980 3056 3228 3128 quamvis
3276 3053 3435 3108 aliter

194 3144 412 3231 quoque
443 3129 809 3184 Tenumanus
836 3132 939 3231 ,ἥδ’
974 3132 1047 3231 De
1088 3149 1244 3231 eam?
1279 3132 1493 3231 leris‘i’
1544 3149 1661 3231 ea?"
1695 3135 1759 3199 δ’
1790 3166 1830 3222 C
1865 3160 2056 3231 exponi
2099 3129 2326 3229 possint,
2374 3156 2543 3210 Detnn
2598 3168 2790 3223 nempe
2833 3163 2995 3207 vento
3046 3161 3098 3205 et
3140 3150 3284 3220 igne,
3315 3159 3432 3201 tan-

195 3222 418 3290 angelos
462 3240 479 3273 ι
527 3231 734 3277 natura:
767 3225 1083 3277 substantia:
1112 3225 1440 3292 spiritualis;
1475 3237 1528 3281 et
1562 3227 1606 3280 si
1637 3242 1761 3281 cor-

194 3314 347 3382 poris
378 3314 627 3381 alicujus,
655 3316 736 3371 sui
769 3325 945 3371 tamen
976 3319 1188 3387 generis
1229 3337 1247 3370 ι
1291 3333 1409 3374 esse
1435 3320 1689 3375 declarat.

271 3406 548 3463 Haesitatio
595 3426 811 3479 quoque
847 3410 933 3464 illa
994 3411 1257 3480 Origenis,
1301 3428 1405 3481 qua
1454 3414 1665 3469 dubitat
1694 3430 1760 3468 an

195 3512 396 3569 praeter
422 3516 619 3570 corpus
647 3502 883 3556 animam
909 3517 1122 3571 quoque
1146 3483 1346 3573 angelis
1375 3505 1637 3573 assignet,
1670 3506 1762 3558 de-

192 3593 437 3646 fenditur
471 3593 793 3647 auctoritate
822 3593 1097 3648 Claudiani
1138 3593 1380 3648 Mamerti
1419 3595 1759 3661 Viennensis,

192 3696 249 3739 et
272 3684 563 3757 Fulgentii,
599 3701 825 3754 quorum
857 3685 945 3740 ille
973 3686 1288 3754 pronuntiat
1329 3705 1347 3737 ι
1385 3696 1635 3741 constare
1661 3702 1760 3740 an-

190 3775 371 3844 gelum
396 3792 460 3829 ex
490 3792 717 3847 corpore
740 3786 794 3831 et
819 3778 1009 3847 spiritu
1040 3778 1306 3847 praecipua
1327 3778 1465 3832 inter
1486 3786 1761 3833 creaturas

193 3870 457 3937 dignitate
491 3869 755 3935 formato;
805 3890 823 3922 ι
864 3870 1022 3938 hujus
1051 3883 1178 3923 vero
1213 3870 1377 3924 verba
1410 3869 1522 3924 btec
1559 3879 1685 3925 sunt
1708 3871 1759 3924 in

192 3958 331 4013 libro
371 3960 444 4013 De
495 3961 751 4016 Trinitate
781 3978 797 4014 :
830 3981 848 4014 ι
884 3962 1051 4016 Plane
1091 3976 1157 4015 ex
1200 3962 1394 4031 duplici
1428 3976 1523 4016 eos
1564 3960 1760 4033 (ange-

191 4050 298 4122 Ιο›)
332 4068 450 4108 esse
485 4055 783 4109 substantia
813 4064 1062 4110 asserunt
1091 4056 1269 4124 magni
1304 4063 1358 4109 et
1383 4055 1524 4110 docti
1555 4056 1676 4111 viri.
1708 4056 1761 4110 id

189 4153 278 4197 est
303 4159 368 4198 ex
395 4146 584 4213 spiritu
622 4148 959 4217 incorporeo,
985 4164 1093 4219 quo
1126 4163 1155 4202 a
1178 4148 1273 4202 Dei
1305 4151 1762 4219 contemplatione

190 4250 467 4304 nunquam
500 4240 757 4294 recedunt
776 4257 789 4294 :
809 4248 864 4294 et
894 4254 960 4296 ex
983 4255 1231 4310 corpore,
1251 4256 1347 4311 per
1370 4245 1513 4311 quod
1543 4257 1609 4298 ex
1633 4254 1763 4298 tem-

187 4341 322 4394 pore
358 4330 667 4387 hominibus
695 4341 975 4403 apparent.
1007 4353 1025 4386 ι
1065 4334 1133 4388 At
1162 4336 1490 4404 Augustinus
1508 4340 1760 4406 praeditos

190 4420 390 4476 animis
421 4424 641 4493 angelos
666 4440 787 4480 esse
810 4432 987 4495 negat,
1010 4434 1065 4480 et
1095 4437 1213 4495 post
1234 4428 1589 4497 Augustinum
1618 4430 1759 4485 Fau-

186 4520 305 4567 stus
332 4512 600 4580 Reiensis,
626 4517 718 4585 qui
751 4518 851 4573 hac
888 4520 1099 4574 ratione
1130 4521 1542 4588 reprehenditur
1573 4538 1603 4576 a
1640 4523 1754 4577 Ma-

188 4615 362 4659 merto
394 4605 702 4671 Viennensi,
722 4610 861 4680 quod
887 4625 1084 4681 corpus
1106 4623 1299 4680 sponte
1327 4627 1422 4669 sua
1444 4616 1624 4672 virere
1648 4634 1752 4671 non

184 4697 377 4765 possit,
414 4699 518 4754 nisi
576 4701 723 4756 vitali
774 4704 966 4772 spiritu
997 4704 1063 4758 ad
1109 4705 1275 4759 vitam
1323 4709 1609 4762 excitetur.
1648 4710 1751 4764 Sed

187 4789 503 4845 llamertum
536 4808 633 4848 sua
670 4795 881 4849 videtur
911 4796 1164 4852 fefellisse
1188 4798 1350 4862 ratio,
1379 4814 1500 4853 nam
1537 4800 1750 4857 vitalem

186 4881 364 4949 ipsum
393 4884 638 4951 spiritum
667 4886 749 4942 vel
782 4888 1156 4958 incorporeum
1188 4904 1307 4943 esse
1328 4890 1489 4955 dicet,
1522 4892 1601 4946 vel
1633 4908 1753 4947 cor-

185 4985 415 5040 poreum
436 4974 513 5037 ;si
539 4975 915 5044 incorporeum
939 4994 1060 5033 esse
1090 4980 1425 5048 velit,quare
1446 4997 1551 5037 non
1588 4992 1749 5036 totam

183 5061 373 5118 itidem
419 5066 595 5135 angeli
656 5077 903 5124 naturam
955 5087 1051 5141 pro
1107 5072 1421 5142 incorporea
1479 5075 1749 5141 admittat,

181 5169 348 5209 causa
387 5172 491 5210 non
524 5170 642 5223 est;
673 5161 717 5214 si
762 5175 1102 5229 corporeum,
1130 5173 1186 5218 at
1217 5165 1417 5219 nullum
1457 5181 1650 5234 corpus
1683 5184 1748 5221 ex

180 5245 303 5313 ejus
357 5252 621 5304 sententia
674 5263 863 5321 sponte
911 5270 1005 5309 sua
1044 5258 1225 5311 vivere
1263 5267 1456 5325 potest,
1480 5273 1607 5328 ergo
1645 5260 1750 5314 alio

184 5337 377 5406 spiritu
414 5341 686 5397 excitante
712 5345 950 5399 vivescat
978 5360 1201 5401 necesse
1230 5356 1341 5405 est.
1366 5348 1563 5402 Eadem
1592 5365 1751 5418 porro

180 5427 253 5483 de
281 5430 443 5485 tertio
474 5432 564 5487 illo
601 5436 829 5502 spiritu,
868 5446 1028 5505 atque
1060 5438 1197 5491 idem
1230 5439 1295 5493 de
1336 5450 1562 5508 quarto,
1593 5452 1646 5495 et
1671 5443 1749 5497 sic

108 5508 129 5527 ⁸
180 5517 236 5573 in
265 5518 530 5577 infinitum
558 5538 860 5582 recurreret
889 5530 1134 5597 quastio.

253 5611 405 5679 Quod
432 5618 654 5686 angelos
675 5630 852 5674 autem
884 5622 1215 5677 tenuioribus
1246 5624 1474 5692 primum
1510 5635 1561 5680 et
1583 5627 1747 5681 aethe—

260 5804 302 5835 ¹¹
328 5804 345 5859 l
370 5806 493 5861 Cor.
522 5823 607 5874 xv,
648 5809 732 5863 ιίΟ.

814 5811 853 5842 ¹¹
892 5811 1016 5865 ibid.
1097 5812 1137 5843 ³³
1170 5811 1206 5863 ll
1266 5811 1384 5867 Par.
1425 5828 1509 5877 xx,
1548 5814 1634 5866 57.

1708 5814 1743 5843 ’ὀ
1771 5812 1891 5868 Jon.
1924 5829 1961 5879 I,
2004 5812 2046 5867 6.
2121 5813 2159 5841 ³⁵
2186 5810 2313 5866 Gen.
2353 5828 2462 5878 xix,
2494 5812 2581 5867 21.

1862 3270 2023 3322 quam
2073 3252 2335 3307 ministris
2364 3259 2419 3303 et
2458 3248 2689 3319 angelis,
2732 3246 3021 3315 aliquando
3044 3242 3152 3309 uti;
3188 3252 3242 3296 et
3273 3250 3432 3295 vento

1862 3344 2100 3411 quidem,
2138 3342 2284 3396 velut
2313 3356 2433 3394 cum
2462 3336 2737 3406 Josaphati
2763 3342 2817 3389 et
2837 3332 3085 3390 Ochosiae
3110 3345 3276 3386 naves
3299 3344 3431 3384 con-

1866 3434 2107 3498 trivito”;
2157 3433 2237 3488 vel
2274 3448 2394 3487 cum
2448 3432 2709 3486 adversus
2736 3426 2926 3482 Jonam
2982 3426 3034 3479 in
3070 3422 3294 3478 Tbarsis
3349 3422 3432 3475 fu-

1861 3527 2095 3597 gientem
2137 3544 2155 3577 ι
2184 3524 2327 3579 misit
2351 3533 2570 3578 ventum
2607 3536 2855 3591 magnum
2891 3520 2943 3573 in
2989 3533 3162 3581 mare,
3196 3527 3251 3571 et
3282 3516 3429 3570 facta

1861 3629 1944 3674 est
1969 3626 2262 3686 tempestas
2288 3631 2475 3684 magna
2504 3617 2555 3670 in
2584 3615 2719 3668 mari
2752 3614 2829 3677 ι⁸;
2865 3631 2883 3663 ›
2916 3614 3036 3681 igne
3058 3618 3257 3675 autem,
3284 3607 3430 3663 velut

1862 3726 1985 3766 cum
2009 3727 2027 3764 ι
2051 3710 2315 3764 Dominus
2346 3708 2479 3777 pluit
2504 3722 2665 3775 super
2687 3704 2973 3761 Sodomam
2995 3713 3048 3757 et
3069 3700 3425 3758 Gomorrham

1862 3802 2082 3870 sulphur
2128 3812 2183 3854 et
2222 3800 2398 3869 ignem
2420 3800 2490 3860 ¹⁸ς
2525 3817 2543 3849 ι
2580 3797 2660 3851 vel
2696 3811 2815 3850 cum
2868 3814 2889 3847 ι
2920 3795 3058 3865 ignis
3113 3806 3363 3864 egressus
3394 3807 3426 3844 a

1862 3893 2091 3947 Domino
2116 3891 2395 3947 interfecit
2426 3893 2685 3945 ducentos
2710 3889 3097 3960 quinquaginta
3131 3888 3299 3950 viros,
3335 3884 3426 3955 qui

1861 3983 2158 4040 offerebant
2187 3986 2465 4040 incensum
2495 3983 2537 4013 ¹⁶
2589 4005 2599 4036 :
2651 4001 2669 4032 ι
2725 3982 3076 4036 nihilominus
3123 3991 3299 4035 tamen
3351 3980 3425 4032 ita

1860 4078 2147 4145 exponitur
2191 4090 2221 4129 a
2285 4076 2467 4131 multis
2505 4072 2817 4128 Davidicum
2872 4073 3044 4128 illud:
3078 4072 3179 4139 Qui
3221 4071 3427 4141 angelis

1863 4169 1967 4222 tuis
1998 4167 2297 4234 spiritalem
2345 4174 2594 4221 naturam
2620 4176 2674 4222 et
2696 4167 2904 4236 igneam
2939 4164 3191 4220 tribuisti.
3223 4164 3314 4218 Sic
3344 4164 3429 4217 in-

1863 4258 2065 4314 tellexit
2096 4258 2463 4313 Tertullianus
2489 4257 2584 4311 lib.
2616 4273 2652 4311 ιι
2686 4268 2868 4311 contra
2894 4255 3179 4321 Marciam,
3213 4268 3331 4323 cap.
3357 4254 3426 4321 8;

1860 4352 1940 4406 sic
1990 4351 2346 4421 Hieronymus
2413 4350 2467 4403 in
2520 4366 2592 4403 vn
2653 4348 2903 4410 Daniel.;
2945 4347 3022 4401 sic
3095 4345 3427 4403 Severianus

1860 4440 2212 4497 Gabalitanus
2264 4442 2448 4496 homil.
2506 4440 2581 4505 4;
2633 4441 2711 4495 sic
2766 4440 2877 4508 ipse
2932 4438 3192 4509 Origenes
3246 4438 3342 4493 lib.
3387 4451 3425 4491 tt

1788 4513 1832 4567 D
1861 4535 2001 4602 Περὶ
2033 4534 2251 4604 ἀρχῶν,
2282 4550 2399 4604 cap.
2425 4537 2479 4595 8,
2515 4550 2664 4588 num.
2700 4535 2753 4588 5.
2786 4532 3083 4588 Conﬁrmat
3114 4532 3427 4599 interpreta-

1863 4629 2059 4682 tionem
2093 4629 2233 4682 banc
2263 4644 2455 4682 nomen
2484 4636 2703 4692 nis-1w,
2736 4626 2877 4695 quod
2909 4624 3084 4694 primo
3107 4625 3422 4692 angelorum

1859 4719 2033 4773 ordini
2060 4717 2330 4771 tribuitur.
2359 4717 2531 4772 Vertit
2552 4734 2735 4772 vocem
2762 4717 2907 4770 illam
2932 4716 3219 4787 Dionysius
3245 4730 3364 4784 cap.
3390 4715 3426 4771 5

1857 4819 1914 4863 et
1942 4810 1972 4861 7
2004 4809 2077 4863 De
2104 4809 2294 4865 caelesti
2318 4807 2604 4872 hierarch.,
2640 4807 2995 4879 épnpncedtc,
3021 4819 3074 4863 et
3104 4807 3423 4879 θερμαίνον-

1859 4918 1974 4965 τας.
2006 4901 2298 4970 Gregorius
2327 4916 2456 4956 vero
2500 4902 2686 4954 homil.
2711 4902 2799 4964 54,
2846 4902 3209 4963 incendentes,
3246 4911 3300 4956 et
3346 4918 3427 4954 ar-

1859 4996 2067 5058 dentes,
2097 5002 2157 5048 ut
2179 5002 2234 5048 et
2263 4992 2504 5048 Isidorus
2547 4994 2639 5046 lib.
2670 5009 2745 5047 vn
2780 4991 2983 5063 Origin.
3004 5033 3019 5057 ,
3051 5008 3169 5061 cap.
3194 4992 3244 5046 5.
3288 4991 3427 5047 Hinc

1861 5082 2182 5140 Severianus
2238 5084 2421 5139 homil.
2453 5085 2478 5137 1
2546 5084 2618 5138 De
2667 5084 2875 5151 opiﬁcio
2935 5085 3152 5150 mundi,
3205 5084 3424 5155 angelos

1858 5177 2035 5245 ignem
2074 5192 2194 5231 esse
2224 5177 2388 5231 dicit:
2427 5178 2501 5230 Οὐ
2544 5177 2653 5247 γὰρ
2690 5176 2872 5247 μόνον,
2915 5176 3106 5245 inquit,
3156 5175 3314 5229 τοῦτο
3362 5176 3424 5229 τὺ

1857 5267 1968 5337 πῦρ
1998 5270 2164 5331 ἐστιν,
2192 5266 2325 5321 ἀλλὰ
2360 5267 2451 5320 καὶ
2479 5267 2536 5319 αἱ
2568 5267 2680 5320 ἄνω
2723 5266 2979 5337 δυνάμεις
3026 5264 3134 5338 πῦρ
3162 5269 3287 5331 εἰσι,
3332 5267 3424 5322 καὶ

1857 5357 2116 5426 συγγενές
2162 5360 2278 5411 ἐστι
2314 5358 2375 5410 τὸ
2423 5357 2531 5411 ἄνω
2568 5357 2678 5429 πῦρ
2722 5356 2911 5411 τούτου
2956 5356 3049 5410 τοῦ
3094 5362 3227 5430 παρ’
3268 5359 3418 5428 ἡμῖν.

1864 5464 1880 5496 ι
1910 5447 2026 5500 Non
2057 5447 2200 5501 enim
2244 5452 2389 5501 solus
2433 5457 2511 5500 est
2556 5447 2644 5501 hic
2694 5447 2865 5515 ignis,
2908 5448 2999 5500 sed
3035 5456 3088 5499 et
3116 5447 3421 5514 superiores

1857 5538 2087 5594 virtutes
2122 5541 2258 5611 ignis
2298 5549 2459 5601 sunt,
2509 5548 2562 5592 et
2608 5549 2866 5608 cognatus
2913 5550 2995 5591 est
3042 5538 3286 5606 superior
3331 5538 3420 5591 ille

1856 5631 1995 5700 ignis
2060 5632 2217 5700 hujus
2270 5632 2504 5686 nostri.)
2564 5633 2756 5685 Eodem
2803 5633 3016 5702 quidem
3077 5630 3240 5684 refert
3288 5629 3416 5683 illud

2666 5814 2707 5844 ¹⁶
2738 5811 2891 5866 Num.
2928 5826 3037 5875 xvi,
3074 5808 3166 5867 '55.
