3860 6230
438 294 545 354 855

1716 290 1779 346 Ρ.
1822 274 2140 345 DANIELts
2178 279 2413 339 HUETII

3570 258 3683 313 856

440 413 713 485 propheta'
758 409 991 465 Joannes
1039 407 1401 462 Damascenus
1452 406 1546 462 lib.
1592 408 1632 460 ιι
1681 405 1756 460 De
1801 416 2008 459 armoa.
2042 412 2081 462 A
2112 404 2203 457 sed
2229 414 2349 455 cum
2373 390 2661 467 synagogis
2688 385 2966 485 gentium:
3009 380 3168 485 cNeIe
3190 393 3317 433 vero
3338 376 3560 479 mirum,
3598 378 3687 431 Ῐη-

438 504 564 574 ﬁde,
601 519 717 573 cap.
737 502 804 569 3;
839 500 931 555 sed
961 500 1206 569 spiritum
1230 507 1285 552 et
1305 498 1483 568 ignem
1517 497 1755 551 materiai
1786 510 1847 549 ac
1880 511 2004 550 cor-

440 598 587 669 poris
636 605 910 667 expertem
962 592 1178 663 angelos
1226 605 1349 646 esse
1413 588 1703 659 pertendit.
1765 587 1841 640 Ex
1905 586 2005 640 hoc

437 690 648 761 psalmo
674 689 927 742 inductus
956 686 1168 739 videtur
1197 682 1456 754 Origenes
1486 690 1544 736 ut
1580 681 1735 749 ignea
1774 695 2003 749 corpora

440 778 648 849 angelis
675 775 955 838 tribueret,
992 788 1115 827 eum
1149 772 1446 842 praesertim
1488 772 1614 825 deos
1645 770 1798 823 Plato
1826 771 2007 840 igneos

441 883 559 922 esse
594 866 943 929 decrevisset,
982 876 1038 918 ut
1080 875 1163 920 est
1196 866 1335 934 apud
1380 863 1653 918 Laertium
1696 863 1748 916 in
1787 862 2009 917 Platone

441 971 495 1016 et
533 960 838 1023 Aristotele,
890 958 979 1027 qui
1026 958 1207 1012 subdit
1256 967 1434 1011 tamen
1485 956 1641 1026 paulo
1687 965 1809 1025 post
1857 970 2008 1010 asse-

443 1067 657 1106 verasse
688 1051 860 1116 ipsum
888 1065 1113 1120 corpore
1140 1050 1304 1103 Deum
1338 1058 1392 1104 et
1424 1051 1603 1103 anima
1632 1063 1842 1112 carere,
1867 1049 2008 1117 quod

442 1154 496 1198 et
542 1143 667 1198 alibi
713 1144 891 1198 itcrat.
941 1143 1119 1211 Atque
1163 1143 1277 1196 haec
1324 1142 1397 1195 ita
1444 1140 1719 1195 conciliari
1768 1148 2005 1210 possunt,

442 1253 711 1292 summum
783 1235 1022 1290 omnium
1086 1233 1416 1289 conditorem
1487 1246 1550 1286 ac
1615 1232 2007 1286 moderatorem

443 1331 609 1386 Deum
654 1344 880 1396 corpore
923 1328 1237 1382 destitutum
1275 1339 1418 1391 esse,
1467 1340 1624 1380 secus
1656 1333 1832 1378 autem
1870 1323 2009 1378 infe-

443 1424 615 1477 riores
672 1422 801 1477 deos
844 1422 1079 1489 supremi
1126 1419 1267 1474 illius
1314 1418 1611 1473 ministros.
1655 1418 1807 1485 Quod
1854 1416 2012 1487 plane

442 1515 511 1569 ab
544 1515 776 1585 Origene
807 1528 1122 1582 expressum
1168 1521 1268 1575 est,
1306 1526 1426 1565 cum
1458 1510 1567 1566 Deo
1615 1510 1851 1565 detraxit
1890 1524 2012 1563 cor-

442 1623 579 1675 pus,
625 1607 830 1676 angelis
851 1605 1126 1674 adiunxit.
1168 1601 1373 1658 Caetera
1416 1604 1531 1672 ejus
1571 1602 1639 1657 de
1679 1602 1885 1673 angelis
1920 1602 2012 1656 do-

443 1707 642 1765 gmata,
682 1713 711 1751 e
741 1696 1137 1751 Platenicorum
1166 1694 1279 1748 fere
1326 1695 1542 1749 exedris
1580 1695 1823 1749 derivata
1860 1701 2006 1748 sunt.

513 1786 582 1843 Χ,
629 1752 1005 1843 Ὀίῐθηείοηεπι
1061 1800 1275 1855 quoque
1330 1783 1518 1839 habui;
1575 1785 1716 1855 quod
1762 1783 2014 1839 Genesi,“
2051 1768 2094 1824 Β
2123 1752 3141 1855 ιιτθιειιὶοιιίμιιίιιω,θάιιίιιθιιόῖθεμ

445 1880 738 1950 eXplanaas
782 1880 959 1937 dixit.
1012 1879 1168 1947 aquis
1221 1892 1339 1947 qua:
1389 1890 1553 1945 supra
1610 1878 2013 1929 (irritamentum

446 1979 590 2039 sunt,
634 1980 688 2025 et
735 1985 853 2039 quae
886 1968 1022 2023 infra
1051 2010 1065 2033 ,
1104 1968 1355 2024 cmlestes
1398 1967 1748 2034 infernasque
1790 1966 2017 2021 virtutes

446 2061 652 2131 tropice
690 2059 1014 2131 signiﬁcari;
1058 2068 1225 2128 atque
1270 2059 1396 2114 hinc
1445 2071 1615 2127 aquas
1650 2057 1770 2111 illas
1806 2057 1871 2111 ad
1901 2057 2018 2111 lau-

446 2153 542 2207 des
614 2151 821 2205 Domini
898 2150 1153 2205 dicendas
1215 2150 1497 2218 provocari
1561 2148 1695 2218 psal.
1773 2163 2013 2214 chvtu,

444 2241 500 2309 4,
554 2251 609 2297 ct
659 2242 793 2297 Dan.
832 2258 914 2307 ιιι,
954 2241 1043 2297 60.
1079 2239 1207 2296 Haec
1248 2242 1493 2309 quamvis
1538 2240 1827 2310 allegorice
1873 2241 2015 2295 dicta

448 2344 707 2405 agnoscat
752 2333 978 2389 Basilius
1025 2333 1188 2389 ltomil
1235 2334 1269 2387 5
1317 2333 1373 2386 in
1416 2331 1713 2396 Hexaem.,
1771 2333 2017 2401 repudiat

455 2427 828 2493 nihilominus,
866 2437 919 2482 et
958 2437 1214 2495 tanquam
1244 2426 1575 2480 somniorum
1610 2423 1938 2492 coniecturis
1964 2435 2018 2480 et

448 2519 678 2573 anilibus
712 2519 902 2574 fabulis
937 2518 1131 2574 similia
1164 2519 1455 2587 redarguit.
1496 2518 1789 2585 Redarguit
1814 2527 1868 2572 et
1894 2518 2018 2587 Epi-

448 2613 676 2681 phanius
708 2612 761 2666 in
798 2611 1024 2679 epistola
1057 2612 1124 2665 ad
1160 2608 1420 2665 Joannem
1456 2608 1821 2680 Jerosolymit.
1844 2651 1857 2670 .
1894 2624 2013 2679 cap.

447 2702 482 2759 ‘5
505 2746 519 2764 ,
552 2712 606 2757 et
630 2704 760 2757 haer.
789 2719 940 2770 inv,
968 2719 1088 2771 cap.
1126 2702 1179 2756 4.
1231 2701 1525 2771 Redarguit
1560 2712 1615 2756 et
1653 2701 2016 2773 Hieronymus

447 2796 610 2861 epist.
643 2794 701 2847 ﬁl
756 2794 821 2847 ad
871 2792 1180 2847 Pammach.
1207 2830 1222 2856 ,
1268 2806 1390 2860 cap.
1421 2792 1473 2848 5.
1512 2790 1809 2861 Redarguit
1853 2804 1908 2845 et
1951 2806 2013 2844 ex

451 2884 631 2940 Basilii
669 2886 849 2941 verbis
873 2884 1213 2938 Justinianus
1242 2884 1292 2936 in
1324 2883 1550 2952 epistola
1590 2883 1655 2936 ad
1691 2882 1925 2948 Menam,
1964 2893 2020 2938 et

452 2980 504 3031 in
556 2993 618 3034 ea
674 2978 817 3032 hunc
858 2986 1174 3045 contorquet
1215 2975 1773 3029 anathematismum:
1822 2972 1890 3025 Εῐ
1936 2991 2017 3037 τις

450 3068 597 3138 λέγει
626 3069 872 3140 οὐρανὸν,
905 3070 996 3121 καὶ
1027 3068 1196 3138 ἥλιον,
1238 3067 1331 3119 καὶ
1361 3066 1607 3137 σελήνην,
1639 3067 1731 3118 καὶ
1764 3065 2012 3134 ἀστέρας.

451 3163 546 3217 καὶ
592 3161 760 3215 ὕδατα
802 3161 871 3214 τὰ
913 3160 1165 3230 ὑπεράνω
1204 3158 1311 3211 τῶν
1353 3156 1596 3228 οὐρανῶν
1623 3156 1897 3228 ἐμψύχους
1925 3159 2018 3210 καὶ

457 3253 646 3317 ὑλικὰς
675 3254 834 3323 (lege.
873 3252 1116 3320 λογικάς,
1153 3251 1295 3319 quod
1325 3251 1458 3303 vidit
1486 3249 1843 3319 Gaudentius)
1878 3246 2017 3304 εἷναί

451 3362 602 3408 τινας
635 3345 917 3414 δυνάμεις,
962 3344 1208 3414 ἀνάθεμα
1237 3342 1393 3395 ἔστω.
1434 3361 1452 3393 ι
1479 3341 1532 3394 Si
1581 3342 1701 3412 quis
1735 3342 1865 3396 dicit
1909 3355 2021 3396 etB-

456 3438 584 3500 lum,
633 3448 688 3489 et
724 3440 888 3489 sofem
937 3444 991 3489 et
1035 3435 1214 3488 lunam
1263 3444 1318 3489 et
1363 3434 1567 3497 stellas,
1615 3444 1671 3488 et
1707 3448 1871 3503 aquas
1908 3449 2022 3504 qua:

456 3528 617 3596 super
644 3526 810 3581 ccelos
844 3535 988 3591 sunt,
1024 3526 1288 3579 animatas
1315 3536 1368 3579 et
1403 3525 1695 3580 rationales
1717 3540 1838 3580 esse
1861 3540 2023 3595 quas-

457 3621 579 3673 dam
614 3619 861 3683 virtutes,
900 3619 1184 3671 anathema
1221 3617 1313 3671 sit.
1352 3636 1369 3668 ι
1398 3618 1547 3683 Quod
1576 3626 1629 3672 et
1652 3632 1682 3671 a
1714 3616 2022 3688 Sophronio

459 3711 512 3766 in
552 3711 771 3780 epistola
821 3712 886 3765 ad
922 3710 1172 3781 Sergium
1209 3712 1518 3764 damnatur.

531 3803 642 3874 (30)
705 3804 871 3873 Hujus
924 3802 1141 3872 quidem
1191 3803 1449 3857 doctrina:
1505 3802 1726 3871 vestigia
1781 3804 2023 3871 quaedam

460 3895 724 3961 reperisse
766 3893 893 3946 mihi
940 3893 1121 3946 videor
1173 3892 1353 3945 homil.
1398 3890 1468 3946 23
1514 3892 1572 3944 in
1615 3891 1743 3944 Luc.
1786 3906 1804 3943 :
1848 3890 2023 3946 «Pro-

460 3984 635 4052 phetas
660 3997 871 4051 quoque
900 3981 1021 4051 ipsi,
1054 3982 1227 4050 inquit
1246 3980 1597 4050 Origenes,et
1620 3981 1845 4049 apostoli
1870 3997 2029 4037 omne

462 4077 605 4147 quod
636 4083 907 4140 resonant,
938 4089 1043 4129 non
1079 4073 1247 4129 solum
1290 4073 1620 4135 hominibus,
1652 4074 1746 4126 sed
1776 4081 1831 4126 et
1862 4087 2026 4143 ange-

462 4168 528 4221 lis
553 4167 864 4236 prtcdicant.
893 4164 1043 4232 Quod
1074 4174 1132 4219 ut
1169 4167 1309 4220 scias
1342 4178 1527 4217 verum
1556 4184 1569 4218 :
1608 4183 1627 4215 ι
1659 4166 1908 4232 Attende,
1946 4166 2026 4219 iu-

460 4261 598 4331 quit,
628 4258 847 4320 coelum,
877 4267 931 4311 et
963 4257 1152 4326 loquar
1176 4258 1217 4288 "
1243 4274 1258 4322 ;
1305 4257 1357 4310 in
1388 4263 1679 4325 conspectu
1717 4255 2027 4326 angelorum

461 4353 682 4423 psallam
710 4351 805 4406 tibi
830 4350 872 4382 ¹⁸
888 4367 902 4417 ;
918 4370 936 4402 ι
959 4358 1012 4405 et
1032 4368 1045 4404 :
1070 4351 1355 4417 «Laudate,
1370 4349 1489 4403 cmli
1510 4348 1790 4415 ctelorum,
1808 4359 1861 4403 et
1881 4364 2034 4419 aqua:

2110 491 2249 560 quit,
2295 487 2436 556 quod
2464 482 2722 549 Origenes
2756 477 3014 546 pleraque
3045 471 3099 525 in
3130 470 3295 524 Deum
3340 468 3519 560 minus
3552 482 3688 521 con-

2112 559 2380 635 venientia
2409 579 2745 632 commentus
2767 578 2823 621 et
2851 564 3184 637 prolocutus,
3208 559 3518 630 paradisum
3550 572 3689 627 quo-

2112 687 2216 743 que
2246 681 2301 726 et
2325 684 2513 738 aquas,
2543 678 2662 734 quas
2695 671 2801 715 tam
2838 658 2975 713 infra
3007 669 3164 724 quam
3188 666 3348 720 supra
3370 650 3690 743 ﬁrmamen-

2115 740 2225 818 tum
2262 776 2382 817 esse
2417 759 2692 818 dicuntur,
2743 746 3077 819 allegoricdis
3099 751 3333 813 exponat
3371 741 3499 812 (hoc
3538 740 3686 794 enim

2115 855 2180 907 de
2217 852 2334 922 ipso
2371 864 2475 904 non
2511 860 2710 917 parvus
2744 840 3112 913 professorum
3143 832 3389 889 veritatis
3426 844 3689 885 numerus

2115 942 2363 1015 asserit);
2406 955 2506 995 nec
2545 951 2711 1007 aquas
2758 950 2879 988 cum
2927 927 3197 986 nonnullis
3228 924 3542 981 doctoribus
3585 922 3691 978 He-

2116 1039 2298 1102 braeis,
2344 1045 2450 1089 tam
2487 1033 2683 1104 priscis
2709 1042 2870 1099 quam
2901 1020 3322 1083 recentioribus,
3373 1017 3441 1071 ad
3485 1015 3692 1086 angeli-

2117 1144 2208 1185 cos
2250 1128 2469 1182 ordines
2507 1122 2696 1189 refert,
2742 1119 2832 1175 sed
2879 1115 3115 1187 gentium
3147 1110 3434 1182 synagogis
3474 1124 3693 1162 accom-

2119 1220 2323 1281 modat,
2349 1230 2467 1285 qua:
2499 1212 2718 1284 quidem
2751 1205 3175 1264 scaturientibus
3202 1201 3357 1270 aquis
3392 1198 3603 1254 similes
3640 1198 3695 1251 in

2119 1284 2427 1375 ntultijugas
2474 1304 2631 1365 ﬁdes,
2678 1308 2734 1354 et
2772 1294 3063 1351 multiﬁdas
3110 1289 3363 1344 derivata
3406 1295 3461 1340 et
3506 1284 3697 1339 eﬂusa:

2120 1405 2264 1461 sunt,
2308 1396 2479 1450 donec
2536 1392 2587 1445 in
2640 1404 2800 1444 unam
2842 1385 3175 1457 Synagogam
3223 1378 3426 1434 Christi
3477 1375 3697 1446 appari-

2123 1490 2267 1543 tione
2301 1500 2396 1557 per
2433 1492 2660 1555 angusta
2704 1480 3129 1549 confragosaque
3159 1473 3272 1527 loca
3300 1470 3535 1524 ﬂuentes
3567 1481 3697 1521 coa-

2126 1581 2358 1634 luerunt.
2393 1595 2410 1629 ι
2460 1576 2613 1642 Quod
2645 1571 2822 1643 palam
2851 1572 2917 1624 de
2944 1567 3175 1637 Origene
3200 1563 3571 1634 praedicarunt
3596 1559 3697 1612 viri

2126 1685 2338 1743 graves,
2379 1669 2430 1723 id
2475 1667 2748 1721 inﬁciatur
2789 1662 3028 1725 Nicetas,
3062 1659 3106 1713 si
3145 1656 3305 1710 modo
3349 1653 3483 1707 ﬁdes
3524 1652 3698 1705 inter-

3193 1744 3424 1800 Notetur
3474 1741 3701 1797 interim

2120 1862 2381 1918 aquarum
2427 1844 2767 1917 ἐπουρανίων
2797 1839 3187 1911 expositionem
3216 1840 3285 1890 ab
3314 1834 3563 1889 Hebraeis
3590 1847 3707 1888 ma-

2117 1943 2301 2013 gistris
2332 1938 2672 2009 proﬂuxisse.

2193 2034 2270 2089 Ex
2305 2031 2676 2101 superioribus
2698 2026 2878 2095 colligi
2904 2033 3097 2095 potest,
3127 2024 3241 2078 haec
3267 2019 3501 2076 diversis
3526 2018 3707 2073 modis

2124 2129 2192 2182 ab
2225 2124 2459 2195 Origene
2490 2122 2656 2177 fuisse
2691 2120 2968 2190 exposita;
3014 2114 3399 2185 multiplicibus
3436 2123 3491 2166 et
3534 2112 3705 2165 variis

2119 2218 2368 2276 sensibus
2414 2231 2480 2272 ex
2519 2214 2751 2285 simplici
2800 2213 2998 2266 litterae
3036 2217 3287 2264 contextu
3327 2222 3426 2277 pro
3458 2215 3705 2273 tempore

2118 2312 2288 2368 erutis
2321 2320 2376 2365 et
2401 2308 2671 2372 evolutis,
2714 2320 2820 2359 non
2864 2303 3141 2357 destructo
3182 2310 3357 2353 tamen
3394 2306 3453 2351 et
3500 2297 3704 2351 abolito

2119 2407 2312 2461 littera:
2339 2418 2522 2460 sensu.
2551 2401 2609 2457 Si
2641 2401 2818 2455 minus
2846 2414 2908 2454 ea
2932 2398 3109 2466 placet
3126 2394 3425 2457 excusatio,
3454 2393 3707 2446 admitte-

2119 2506 2208 2553 tur
2242 2496 2465 2552 forsitan
2493 2494 2611 2548 hzec
2638 2492 2830 2556 altera,
2866 2490 3084 2561 angelos
3116 2487 3336 2557 intelligi
3373 2487 3443 2539 ab
3467 2484 3705 2553 Origene

2123 2591 2212 2660 qui
2254 2588 2407 2658 aquis
2447 2593 2708 2656 praesunt,
2751 2584 2890 2638 sicut
2929 2582 3304 2636 universarum
3336 2593 3525 2632 rerum
3568 2590 3705 2647 prte-

2121 2682 2264 2737 sides
2297 2678 2518 2748 angelos
2557 2677 2737 2733 ﬁnxit.
2788 2675 3024 2745 Legatur
3063 2673 3270 2728 decima
3310 2672 3429 2738 ejus
3462 2672 3518 2723 in
3557 2668 3705 2723 lere-

2121 2776 2282 2828 miam
2340 2772 2598 2836 homilia,
2659 2787 2807 2824 num.
2846 2770 2909 2834 6,
2964 2769 3016 2822 iu
3068 2782 3171 2837 qua
3212 2766 3521 2819 doctrinam
3566 2764 3705 2817 hanc

2122 2868 2380 2935 explicat,
2428 2876 2589 2933 atque
2636 2863 2707 2916 ita
2750 2860 3060 2917 concludit:
3100 2856 3284 2920 Οὕτως
3322 2855 3386 2927 δὴ
3432 2854 3571 2926 ἐρῶ,
3612 2856 3706 2908 καὶ

2123 2960 2227 3029 γῆν
2275 2956 2527 3026 λέγεσθαι
2576 2955 2665 3007 τὸν
2688 2954 2779 3007 ἐπὶ
2826 2953 2928 3021 γῆς
2946 2950 3273 3020 τεταγμένον
3303 2948 3566 3015 ἄγγελον,
3617 2948 3709 3000 καὶ

2123 3052 2266 3122 ὕδωρ
2295 3047 2542 3117 λέγεσθαι
2570 3046 2661 3099 τὸν
2701 3045 2792 3098 ἐπὶ
2827 3043 3018 3105 ὓδατος
3076 3040 3405 3110 τεταγμένον
3451 3039 3707 3107 ἄγγελον,

2122 3144 2242 3197 καθ’
2290 3143 2315 3195 ὃ
2363 3141 2641 3194 λέλεκται·
2691 3136 2957 3191 Εἵδοσάν
2981 3152 3053 3189 σε
3094 3134 3299 3196 ὕδατα,
3344 3136 3375 3186 ὀ
3417 3133 3592 3199 Θεὸς,
3627 3134 3711 3187 ει-

2121 3233 2315 3286 δοσάην
2351 3248 2425 3285 σε
2463 3230 2673 3285 ὕδατα.

2195 3324 2249 3379 lu
2288 3323 2541 3393 Origeuis
2585 3320 2908 3377 sententiam
2959 3316 3071 3372 fere
3124 3316 3373 3371 concedit
3413 3316 3714 3385 Gregorius

2124 3416 2400 3488 Nyssenus
2428 3414 2522 3468 lib.
2550 3414 2604 3466 in
2627 3410 3021 3474 Hexaemeron;
3052 3424 3174 3462 nam
3205 3423 3374 3477 aquas
3416 3409 3544 3463 illas
3576 3424 3713 3477 quas

2127 3512 2194 3561 ab
2236 3507 2390 3576 aquis
2421 3504 2767 3559 inferioribus
2794 3504 2957 3556 Deum
2986 3502 3237 3555 divisisse
3272 3511 3464 3555 narrat
3496 3500 3713 3572 Moyses

2128 3600 2365 3653 secundo
2390 3595 2685 3651 creationis
2710 3596 2817 3656 die,
2843 3593 3093 3647 ctelestes
3118 3593 3344 3646 virtutes
3372 3592 3711 3661 interpreta-

2129 3700 2249 3755 tur;
2293 3698 2349 3741 at
2388 3686 2675 3741 inferiores
2721 3700 2890 3755 aquas
2934 3701 3030 3754 pro
3078 3684 3233 3739 malis
3278 3686 3488 3754 angelis
3529 3687 3713 3739 neuti-

2133 3797 2293 3852 quam
2328 3779 2576 3848 accipere
2624 3794 2682 3833 se
2726 3778 2984 3832 declarat.
3031 3777 3243 3831 Placuit
3272 3790 3489 3846 quoque
3525 3778 3716 3845 Opinio

2131 3877 2322 3930 isthtec
2356 3872 2659 3941 Augustino
2709 3870 2803 3924 lib.
2835 3886 2933 3925 xm
2970 3868 3242 3939 Confert,
3287 3885 3409 3939 cap.
3448 3870 3538 3923 15.
3584 3870 3718 3925 Tale

2132 3971 2294 4023 etiam
2319 3968 2523 4036 aliquid
2549 3967 2610 4019 ad
2633 3963 2891 4033 Origenis
2922 3962 3224 4032 exemplum
3255 3973 3603 4017 commentus
3630 3973 3718 4017 est

2134 4061 2371 4118 Isidorus
2399 4060 2606 4130 Origin.
2640 4058 2731 4112 lib.
2764 4072 2874 4124 vn,
2906 4072 3025 4126 cap.
3052 4056 3104 4110 5.
3144 4075 3163 4106 ι
3197 4055 3382 4120 Unde,
3416 4055 3629 4125 inquit,
3661 4064 3719 4111 et

2133 4164 2254 4223 post
2283 4153 2403 4207 coeli
2450 4151 2779 4207 creationem
2823 4151 2876 4202 in
2925 4148 3191 4218 principio
3224 4147 3491 4216 reperitur
3530 4166 3545 4201 :
3585 4145 3716 4201 Fiat

2138 4246 2543 4313 ﬁrmamentum,
2569 4253 2615 4295 et
2641 4249 2879 4294 vocatum
2902 4250 2975 4293 est
2999 4239 3384 4308 ﬁrmamentum
3408 4238 3603 4291 (telum
3629 4240 3714 4303 ²⁶;

2140 4338 2392 4391 nimirum
2438 4335 2728 4389 ostendens
2775 4333 2920 4402 quod
2968 4340 3090 4401 post
3141 4332 3350 4385 ruinam
3390 4331 3716 4401 angelorum

460 4421 580 4516 quae
603 4459 763 4513 super
788 4443 954 4497 caelos
975 4453 1123 4504 sunt,
1166 4456 1358 4497 nomen
1387 4441 1597 4495 DOIIIini
1624 4441 1690 4494 ιο.
1712 4458 1731 4492 ι
1776 4440 2028 4494 Attamen
2070 4447 2109 4500 ι)
2144 4429 2409 4484 malorum
2442 4428 2498 4482 hi
2530 4427 2620 4495 qui
2652 4435 3100 4495 permanserunt.
3151 4421 3459 4476 ﬁrmitatem
3490 4434 3718 4478 aeternae

463 4539 519 4592 in
547 4538 717 4606 prima
742 4537 797 4589 in
832 4532 1073 4589 Genesim
1104 4534 1347 4597 homilia,
1380 4549 1525 4588 num.
1554 4533 1609 4597 2,
1639 4548 1757 4603 quae
1790 4534 1856 4588 de
1881 4534 2036 4603 aquis

463 4630 565 4684 iilis
605 4628 969 4698 superioribus
1013 4638 1065 4681 et
1120 4626 1467 4681 inferioribus
1512 4626 1658 4696 agit,
1692 4624 1871 4679 simile
1902 4625 2034 4679 nihil

464 4720 726 4787 offendas,
773 4720 864 4774 sed
900 4718 1209 4774 consimiles
1239 4717 1550 4786 allegorias,
1593 4716 1788 4784 quibus
1818 4716 1955 4771 ctelo
1983 4726 2038 4771 et

468 4814 809 4867 ﬁrmamento
848 4810 1109 4881 spiritalia
1154 4818 1213 4863 et
1255 4822 1515 4876 corporea
1555 4806 1848 4875 signiﬁcari
1885 4807 2032 4872 vult;

466 4906 618 4975 aquis
660 4922 788 4959 vero
840 4919 961 4975 quae
1013 4914 1138 4958 sunt
1183 4916 1344 4969 supra
1380 4900 1795 4962 ﬁrmamentum,
1851 4915 2030 4953 rerum

464 4998 768 5051 cmlestium
804 4995 1083 5066 mysteria.
1117 4995 1279 5046 Certe
1306 4990 1521 5045 Nicetas
1564 4989 1657 5042 lib.
1684 5004 1737 5043 tv
1774 4988 2030 5043 Thesaur.

466 5086 744 5140 orthodox.
794 5086 887 5152 ﬁd.
913 5124 927 5145 ,
964 5084 1092 5136 liter.
1141 5096 1268 5135 XXXI
1293 5122 1308 5146 ,
1345 5095 1514 5149 aquas
1555 5078 1672 5133 illas
1714 5094 1836 5132 cum
1873 5094 2037 5147 ange-

465 5174 586 5229 licis
632 5174 916 5227 ordinibus
952 5172 1237 5243 Origenem
1285 5185 1552 5238 nusquam
1592 5169 1886 5223 contulisse
1937 5171 2034 5237 ait,

537 5268 577 5298 "
612 5269 766 5322 Deut.
797 5283 947 5321 xxx"
977 5307 991 5332 ,
1026 5268 1078 5320 l.
1156 5267 1199 5299 ¹⁸
1232 5264 1378 5320 Psal.
1407 5279 1648 5329 cxxxvn,
1684 5265 1732 5317 l.

538 5363 650 5437 ('50)
688 5363 858 5433 Hujus
886 5365 1093 5437 quidem
1118 5360 1603 5437 doct_rinw__vestt:gia
1638 5359 1900 5429 quwdam,
1926 5372 2031 5437 etc.

466 5431 677 5490 Catenae
725 5431 781 5487 in
827 5431 958 5503 psal.
993 5449 1182 5490 xxvut.
1217 5433 1269 5493 5,
1329 5432 1469 5483 aliud
1496 5431 1852 5503 fragmentum
1884 5432 2038 5503 exhi-

469 5508 616 5562 lteut.
653 5510 703 5558 in
728 5501 839 5573 quo
859 5506 1058 5558 ciarius
1085 5502 1469 5573 doctriualrme
1498 5501 1859 5573 exprimitur:
1884 5502 2036 5573 φωνὴ

470 5578 567 5647 μὲν
593 5569 795 5644 Κυρίου
840 5574 1023 5637 ἁπλῶς
1178 5573 1281 5647 τῶν
1310 5571 1552 5647 ὑδάτων).
1586 5570 1744 5647 αὐτὸς
1787 5569 1843 5621 δὲ
1856 5570 1902 5647 ⁵ὁ
1930 5569 2039 5622 Κύὲ

473 5639 582 5715 ριος
612 5639 703 5699 ἐπὶ
737 5647 941 5699 ὑδάτων
972 5644 1194 5696 πολλῶν.
1239 5641 1565 5715 Αογικὰςδίε
1599 5639 1785 5715 eam;
1822 5640 1917 5715 νῦν
1946 5658 2038 5711 ση-

476 5710 669 5790 μαίνει.
697 5718 760 5770 τὰ
809 5717 990 5773 ὕδατα.
1038 5712 1383 5781 Γενηθήτω,
1444 5712 1604 5781 φησὶ,
1656 5710 1714 5763 τὸ
1750 5710 2045 5781 στερέωμα

1814 5263 1856 5293 ¹⁹
1891 5261 2032 5317 Psal.
2062 5281 2283 5331 chvtu,
2316 5264 2367 5318 4.

2142 4521 2561 4591 perseverantiae
2578 4519 2854 4576 consecuti
2877 4528 3023 4580 sunt,
3048 4514 3192 4570 nullo
3209 4515 3317 4583 jam
3336 4512 3488 4581 lapsu
3507 4516 3713 4579 aversi,

2145 4613 2290 4669 nulla
2315 4611 2566 4681 superbia
2596 4612 2871 4673 cadentes,
2904 4610 2998 4664 sed
3035 4608 3263 4663 ﬁrmiter
3298 4607 3349 4661 in
3398 4606 3492 4660 Dei
3525 4622 3715 4662 amore

2140 4718 2194 4761 et
2221 4704 2676 4773 contemplatione
2711 4710 3009 4765 manentes,
3066 4700 3197 4755 nihil
3235 4700 3376 4754 aliud
3408 4699 3573 4755 dulce
3616 4700 3714 4754 ln-

2141 4799 2290 4861 bent,
2325 4796 2427 4849 nisi
2454 4809 2575 4850 eum
2608 4812 2636 4848 a
2666 4809 2774 4864 quo
2806 4796 2975 4847 creati
3010 4800 3155 4847 sunt.
3188 4811 3206 4844 ι

2214 4891 2302 4946 XI.
2338 4890 2413 4944 De
2438 4889 2751 4958 angelorum
2798 4886 3069 4953 libertate,
3107 4884 3332 4950 meritis,
3374 4885 3576 4954 gratia,
3633 4899 3714 4939 re-

2145 4983 2517 5039 muneratione
2567 4995 2630 5034 ac
2661 4979 2837 5049 pomis
2872 4978 3037 5033 multa
3063 4978 3327 5045 Origenes
3357 4977 3427 5031 ab
3453 4978 3715 5033 Ecclesia

2147 5093 2331 5131 norma
2370 5076 2572 5129 dellexa
2621 5073 2967 5141 excogitavit.
3013 5070 3245 5125 Naturas
3274 5073 3476 5141 quippe
3524 5088 3718 5128 omnes

2145 5170 2354 5223 ratione
2407 5168 2661 5236 praeditas
2720 5167 2879 5220 unius
2934 5179 3056 5221 esse
3108 5163 3461 5233 ejusdemque
3512 5167 3716 5234 speciei

2446 5260 2491 5292 ¹⁰
2522 5262 2655 5316 Gen.
2690 5276 2728 5326 ι,
2762 5263 2814 5323 6,
2847 5259 2899 5312 8.

2141 5363 2209 5415 ἐν
2235 5361 2401 5429 μέσῳ
2428 5357 2532 5411 τοῦ
2561 5357 2777 5422 ὕδατος
2797 5396 2813 5418 ,
2849 5356 2939 5409 καὶ
2974 5356 3129 5409 ἔστω
3161 5353 3524 5421 διαχωρίζον-
3571 5356 3716 5429 {Vol

2143 5427 2357 5502 quidem
2405 5430 2610 5502 Domini
2665 5429 2986 5494 simpliciter
3031 5436 3114 5478 est
3145 5440 3306 5502 super
3339 5440 3511 5502 aquas
3541 5441 3557 5486 ;
3587 5427 3718 5502 ipse

2146 5494 2323 5554 autem
2353 5501 2605 5554 Dominus
2662 5513 2822 5566 super
2872 5511 3041 5565 aquas
3084 5494 3715 5566 multas.__liatiouabiles

2149 5583 2353 5625 natura}
2383 5572 2481 5623 hoc
2518 5568 2634 5629 loco
2669 5562 2821 5635 aquis
2869 5562 3256 5636 signiﬁcantur.
3309 5562 3433 5615 Fiat
3464 5606 3479 5631 ,
3516 5566 3713 5633 inquit,

2151 5642 2533 5710 ﬁrmamentum
2558 5640 2613 5692 in
2647 5639 2999 5710 medioaqnat
3021 5677 3034 5700 ,
3065 5645 3111 5710 et
3143 5637 3205 5689 sit
3238 5636 3493 5710 divide-ns.
3528 5655 3548 5687 ι
3595 5638 3713 5693 lkec

2154 5705 2365 5767 exstant
2394 5719 2587 5765 nostra:
2622 5708 2870 5764 editionis
2908 5720 3035 5761 tom.
3072 5706 3131 5775 ll,
3172 5722 3287 5776 pag.
3322 5705 3447 5759 659.
