3836 6236
257 251 363 307 857

1070 251 1651 310 ORIGENIANORUM
1694 252 1826 311 LIB.
1868 252 1934 321 II,
1970 254 2124 312 CAP.
2168 256 2233 327 Il,
2269 254 2546 326 QUEST.
2585 257 2653 313 V.

3397 263 3503 319 858

257 374 506 429 credidit.
535 374 768 445 Angelos
801 382 978 431 autem
1010 376 1180 432 bonos
1211 386 1265 432 et
1301 378 1490 443 malos,
1539 388 1594 433 et
1623 378 1833 435 animas
1863 386 1911 442 Δ
1938 381 2020 436 dis
2052 380 2359 450 opinionem
2408 382 2548 438 inter
2578 381 2876 454 praecipuos
2916 397 3129 439 errores
3156 382 3371 454 Otigrni
3409 400 3504 439 ex—

258 466 569 522 hominibus
591 482 654 522 ac
685 467 956 523 sideribus
988 468 1190 523 inditas
1223 470 1274 522 in
1318 486 1441 524 eum
1485 486 1707 527 censum
1742 487 1830 525 re-

254 556 405 623 tulit,
446 565 503 611 ut
553 572 718 627 supra
766 566 1042 613 ostensmn
1091 570 1197 614 est.
1249 559 1354 614 llas
1396 570 1519 615 ante
1576 562 1831 616 mundum

250 659 482 705 naturas
514 665 543 703 a
578 649 689 706 Deo
722 650 966 706 conditas
1018 652 1186 707 fuisse
1236 663 1385 707 ratus
1422 662 1539 716 est,
1590 669 1653 707 ac
1700 655 1836 711 bene

253 743 343 798 vel
393 742 532 797 male
584 744 775 812 agendi
818 743 1077 799 facultate
1124 745 1439 809 instructas,
1496 762 1601 815 qua
1654 747 1833 815 prius-

254 848 418 900 quam
450 844 759 899 uterentur,
807 835 964 901 νόας,
1020 836 1121 890 hoc
1155 847 1237 891 est
1284 848 1475 892 mentes
1507 837 1707 902 fuisse;
1739 838 1833 893 sed

254 925 444 977 statim
468 938 529 978 ea
562 940 705 991 usas,
735 936 788 978 et
817 927 1047 981 diversis
1073 928 1290 996 quidem
1325 929 1522 995 modis,
1555 945 1681 983 cum
1713 930 1834 986 alia:

254 1014 309 1067 in
349 1016 556 1077 vitium.
599 1017 651 1071 in
707 1018 963 1073 virtutem
1002 1019 1120 1074 alia:
1172 1021 1463 1086 ferrentur,
1500 1038 1597 1091 pro
1627 1023 1834 1077 meritis

250 1120 376 1160 esse
416 1106 651 1172 habitas,
685 1120 739 1164 et
768 1111 965 1180 partim
1007 1112 1246 1167 admisso
1278 1114 1485 1168 scelere
1521 1114 1572 1168 in
1605 1114 1831 1183 profun-

252 1196 384 1249 dum
452 1197 798 1261 deturbatas,
849 1200 1046 1269 partim
1112 1202 1274 1255 etiam
1327 1212 1548 1271 propter
1601 1203 1834 1258 leviores

250 1302 427 1343 noxas
471 1304 501 1345 e
543 1290 913 1358 superioribus
964 1292 1244 1348 ordinibus
1292 1293 1530 1362 deiectas
1577 1296 1643 1350 ad
1701 1295 1835 1350 infe-

256 1380 433 1436 riores
466 1383 762 1447 transiisse,
791 1396 843 1438 et
870 1387 936 1440 ad
976 1386 1264 1440 animanda
1294 1400 1509 1454 quoque
1551 1385 1831 1440 hominum

250 1486 481 1539 corpora
528 1489 648 1530 esse
694 1476 994 1543 demissas;
1050 1478 1184 1532 adeo
1237 1486 1295 1531 ut
1340 1490 1665 1547 quocunque
1713 1476 1833 1532 loco

251 1562 384 1629 sint,
415 1574 695 1633 acceptum
727 1566 777 1620 id
805 1568 1014 1622 meritis
1053 1570 1166 1623 suis
1196 1567 1400 1622 referre
1427 1568 1696 1623 debeant:
1727 1568 1831 1633 ψυ-

250 1654 357 1725 χὰς
381 1664 581 1722 autem,
618 1656 717 1711 hoc
741 1666 824 1712 est
848 1660 1077 1721 animas,
1109 1669 1233 1712 tunc
1256 1661 1516 1724 evasisse,
1548 1668 1830 1728 postquam

1931 471 2177 541 probrari
2217 471 2408 526 solitos
2448 480 2734 526 enumerat
2780 482 2972 527 auctor
3019 487 3318 542 anonymus
3363 474 3502 539 apud

1933 559 2181 616 Photium
2227 563 2348 616 cod.
2388 577 2553 616 cxvu.
2602 562 2895 617 Enumerat
2936 572 2992 617 et
3038 563 3199 617 istum
3234 580 3249 615 :
3289 564 3410 615 Ὅτι
3440 565 3504 615 ἐκ

1935 647 2338 713 καταπτώσεως
2376 645 2539 720 ἦλθον
2574 651 2623 701 οἱ
2663 649 2807 718 ἆγιοι
2839 650 2977 722 (lego
3016 650 3252 723 ἄγγελοι)
3293 653 3371 715 εἰς
3411 651 3505 706 τὸν

1936 740 2138 811 κόσμον
2158 783 2173 807 ,
2216 740 2330 794 ἀλλ’
2362 742 2421 793 οὺ
2454 741 2519 794 δι’
2546 740 2743 813 ἐτέρων
2781 741 3094 814 Θεραπείαν.
3130 762 3148 793 ι
3180 744 3409 812 Angelus
3450 744 3502 797 in

1936 832 2190 884 mundum
2224 847 2288 885 ex
2316 831 2490 899 lapsu,
2536 847 2641 885 non
2684 844 2905 902 propter
2935 833 3158 887 aliorum
3185 836 3501 903 obsequium

1937 922 2169 978 venisse.
2199 941 2217 973 ι
2254 922 2595 977 Justinianus
2625 932 2883 991 prmterea
2920 925 2973 977 in
3002 926 3225 994 epistola
3258 926 3323 978 ad
3353 926 3504 995 quin-

1936 1022 2040 1067 tam
2076 1015 2374 1083 synodum,
2418 1031 2576 1083 quam
2609 1016 2802 1069 recitat
2826 1014 3131 1082 Cedrenus,
3170 1025 3226 1071 et
3267 1017 3505 1086 Sapltro-

1937 1105 2056 1158 nius
2093 1106 2145 1158 in
2182 1106 2408 1175 epistola
2452 1108 2519 1161 ad
2548 1105 2816 1177 Sergium,
2847 1108 3084 1177 ejusdem
3115 1109 3356 1162 criminis
3382 1108 3503 1163 Ori-

1937 1210 2128 1263 geuem
2170 1206 2484 1262 arcessunt;
2542 1198 2766 1253 arcessit
2802 1199 3032 1266 denique
3080 1208 3133 1252 et
3166 1198 3225 1255 S.
3267 1198 3504 1254 Thomas

1933 1300 1989 1355 p.
2030 1303 2083 1351 t,
2110 1301 2164 1354 q.
2196 1287 2263 1340 64
2287 1328 2302 1351 ,
2343 1303 2392 1340 a.
2423 1288 2488 1353 2,
2523 1298 2577 1343 et
2619 1289 2671 1343 in
2722 1290 3067 1358 Expositione
3110 1305 3271 1343 aurea
3300 1291 3356 1344 in
3381 1290 3501 1344 Jobi

1937 1389 2087 1446 caput
2125 1394 2197 1439 tv,
2229 1381 2525 1434 cavendum
2558 1380 2634 1434 ait
2662 1381 2729 1435 ab
2761 1381 3000 1451 hoc-ejus
3028 1396 3233 1444 errore,
3260 1398 3364 1451 quo
3394 1384 3504 1453 spi-

1938 1471 2071 1524 ritus
2120 1486 2472 1542 quoscunque
2523 1485 2737 1527 creatos
2795 1473 3079 1529 instabiles
3138 1476 3388 1539 asseruit,
3445 1484 3502 1529 et

1933 1577 2089 1631 posse
2120 1563 2183 1615 ad
2217 1566 2540 1632 pravitatem
2573 1564 2816 1633 perduci.

2005 1652 2139 1709 XIII.
2158 1655 2529 1710 C0nsulendus
2549 1657 2614 1709 ad
2629 1656 2741 1711 lucc
2764 1657 3027 1710 Maximus
3045 1666 3250 1726 martyr
3269 1658 3320 1709 in
3343 1656 3503 1710 scho-

250 1747 323 1799 ab
364 1762 547 1801 amore
578 1747 667 1801 Dei
703 1748 919 1805 fuerunt
951 1750 1316 1820 ἀποψυγεῖσαι
1340 1790 1356 1815 ,
1402 1751 1502 1806 hac
1540 1768 1662 1805 vero
1689 1752 1832 1806 arbi-
1864 1746 1904 1801 Β
1934 1745 2019 1800 liis
2042 1746 2110 1800 ad
2139 1761 2259 1816 cap.
2289 1746 2322 1800 6
2352 1747 2593 1817 Dionysii
2629 1747 2704 1801 De
2727 1749 3061 1802 ecclesiastic.
3099 1749 3385 1812 trierarclt”
3411 1749 3500 1803 ubi

254 1837 342 1888 trii
386 1837 632 1892 libertate
662 1841 962 1894 etiamnum
1006 1854 1233 1896 naturas
1283 1842 1398 1897 illas
1435 1844 1726 1896 rationales
1755 1844 1825 1897 ita

252 1926 385 1993 frui,
426 1929 539 1983 sive
573 1929 824 1985 humanis
863 1934 1179 2001 corporibus
1215 1934 1502 2003 implicatae
1525 1974 1538 1997 ,
1569 1934 1683 1988 sive
1714 1934 1826 1988 dae-

252 2037 442 2075 moues
489 2020 643 2075 facta:
687 2024 832 2088 sint,
884 2025 996 2079 sive
1049 2026 1351 2095 angelicum
1407 2028 1652 2080 ordinem
1696 2026 1826 2079 reti-

253 2123 452 2177 neant,
488 2124 543 2168 ut
581 2130 715 2169 nova
749 2117 979 2171 subinde
1028 2127 1245 2186 peccata
1290 2117 1341 2170 in
1392 2133 1450 2172 se
1496 2118 1824 2186 concipiant,

256 2204 337 2257 vel
369 2205 617 2259 virtutem
656 2208 1072 2275 amplectantur,
1107 2219 1159 2262 et
1204 2224 1300 2276 pro
1339 2219 1482 2263 recte
1513 2218 1605 2262 aut
1636 2211 1827 2279 nequi-

252 2306 336 2349 ter
363 2299 548 2364 gestis,
585 2299 670 2352 vel
698 2300 1070 2368 deprimantur
1097 2302 1148 2354 in
1198 2299 1474 2364 inferiora,
1509 2302 1589 2355 vel
1627 2303 1694 2356 ad
1736 2318 1827 2357 su-

251 2388 468 2456 periora
500 2391 867 2444 conscendant
895 2409 907 2444 :
943 2392 1238 2460 permutari
1267 2407 1396 2463 ergo
1440 2393 1660 2448 ordines
1687 2393 1823 2459 illos,

250 2490 309 2534 et
347 2496 412 2534 ex
448 2483 651 2551 angelis
695 2483 960 2549 homines,
998 2500 1062 2537 ex
1100 2484 1407 2539 hominibus
1450 2487 1741 2551 dazmoaes,
1772 2495 1827 2540 et

253 2572 492 2626 \‘iciSsim
532 2574 699 2637 alios,
740 2574 982 2644 aliosque
1022 2576 1252 2630 evadere
1287 2595 1300 2630 :
1348 2577 1619 2631 diabolum
1669 2593 1697 2631 a
1731 2592 1824 2632 ne-

248 2663 424 2732 quitia
452 2663 667 2731 quidem
697 2665 761 2718 ad
790 2665 1010 2719 meliora
1050 2680 1207 2733 posse
1235 2667 1500 2729 converti,
1531 2667 1624 2721 sed
1661 2666 1821 2730 nolle,

248 2760 308 2806 et
338 2753 387 2805 in
423 2754 641 2822 perfidia
674 2770 763 2808 sua
795 2756 1120 2810 destinatum
1148 2755 1439 2812 obdurare.
1465 2756 1663 2812 Gratim
1696 2772 1825 2812 vero

252 2845 534 2909 auxilium,
577 2846 717 2914 quod
750 2847 967 2915 angelos
1009 2848 1060 2900 iu
1100 2849 1388 2904 sanctitate
1436 2850 1738 2912 confirmat,
1772 2858 1827 2905 et

249 2951 285 2990 a
317 2937 552 3005 peccatis
584 2937 866 3006 prohibet;
910 2939 993 2993 vel
1026 2938 1261 3008 ejusdem
1309 2942 1498 3010 gratiae
1530 2941 1823 3005 defectum,

248 3044 361 3092 quo
392 3028 468 3091 fit,
502 3040 558 3081 ut
590 3045 617 3082 a
649 3031 885 3099 nequitia
914 3031 1182 3086 dazmones
1217 3049 1319 3086 non
1347 3044 1649 3104 emergant,
1681 3033 1824 3087 nullo

252 3118 415 3171 modo
446 3118 653 3172 videtur
687 3135 999 3187 agnoscere.
1032 3120 1293 3175 Futurum
1325 3132 1505 3175 autem
1534 3122 1824 3191 aliquandi-

252 3220 430 3277 putat,
462 3218 518 3263 nt
547 3219 753 3264 naturae
788 3210 892 3264 illa:
922 3227 1129 3277 omnes,
1163 3212 1276 3267 sive
1325 3214 1658 3282 angelorum,
1709 3213 1828 3268 sive

250 3300 580 3365 daamuuum,
602 3301 714 3354 sive
736 3303 1031 3365 hominum,
1055 3318 1213 3356 causa
1225 3320 1271 3355 m
1295 3305 1479 3357 dicant
1499 3319 1676 3358 coram
1692 3305 1824 3369 Deo,

250 3400 310 3443 et
340 3406 515 3443 rerum
554 3407 583 3444 a
634 3407 693 3445 se
726 3402 996 3457 gestarum
1033 3393 1292 3446 rationem
1335 3394 1576 3459 reddant,
1622 3411 1684 3449 ac
1730 3410 1827 3461 pro

257 3478 470 3532 meritis
509 3489 878 3543 exornentur;
939 3480 1157 3533 interim
1198 3489 1390 3550 ,tamen
1460 3485 1636 3537 varios
1708 3484 1826 3538 illos

252 3570 472 3624 ordines
518 3584 580 3622 ac
610 3579 783 3623 status
824 3586 919 3638 pro
960 3573 1246 3627 virtutibus
1275 3588 1338 3627 ac
1369 3574 1514 3629 vitiis
1546 3577 1823 3645 consequi.

329 3658 442 3715 XII.
494 3659 715 3714 Summa
768 3664 881 3716 haec
923 3674 1005 3718 est
1035 3663 1372 3734 Origenianae
1415 3665 1480 3720 de
1517 3667 1824 3734 angelorum

256 3763 454 3808 natura
502 3762 556 3807 et
600 3753 806 3807 meritis
854 3755 1145 3819 doctrinae,
1197 3771 1357 3825 quam
1406 3760 1665 3813 conviciis
1715 3761 1827 3815 suis

256 3845 515 3900 Ecclesia:
545 3845 735 3900 Patres
783 3848 1165 3910 perfuderunt;
1205 3848 1509 3905 Melhndius
1559 3852 1827 3920 praecipue

256 3937 310 3987 in
343 3936 478 3991 libro
503 3935 575 3990 De
606 3939 1022 4003 resurrectione;
1059 3937 1390 4007 Theophilus
1415 3942 1823 3998 Alexandrinus

252 4024 503 4081 Paschal.
532 4028 555 4081 I
586 4041 640 4082 et
661 4029 730 4092 2;
771 4028 1103 4097 Epiphanius
1130 4030 1182 4083 in
1207 4032 1367 4100 epist.
1397 4034 1462 4086 ad
1488 4033 1641 4088 Joan.
1674 4035 1827 4089 Jcro-

249 4114 448 4184 solym.
472 4157 487 4181 ,
535 4132 653 4183 cap.
682 4116 808 4179 λοι
856 4118 1051 4174 lia-res.
1081 4134 1239 4185 LXIV,
1274 4138 1392 4190 cap.
1425 4122 1497 4186 4;
1549 4122 1826 4179 Netuesius

252 4206 335 4261 De
375 4221 563 4263 natura
592 4211 836 4272 hominis,
874 4226 991 4281 cap.
1018 4213 1087 4277 5;
1127 4213 1384 4269 Leontius
1417 4215 1675 4272 Scholior.
1704 4218 1820 4271 Act.

256 4296 346 4363 10,
374 4299 526 4366 cujus
555 4302 715 4354 verba
743 4317 903 4370 supra
933 4305 1293 4371 adduximus;
1331 4305 1682 4375 Hieronymus
1701 4323 1819 4359 cum

1929 1837 2396 1891 animadversione
2411 1838 2627 1907 dignum
2646 1848 2727 1892 est
2745 1839 2883 1906 quod
2910 1842 2985 1894 ait
3003 1856 3067 1894 ex
3087 1838 3338 1911 Origene,
3360 1840 3503 1894 κατὰ

1930 1927 2029 1996 τὴν
2047 1926 2335 1995 ἀναλογίαν
2358 1927 2457 1997 τῆς
2485 1930 2837 1999 παρατροπῆς
2861 1929 3088 1982 ἕκαστον
3106 1929 3213 1982 τῶν
3239 1931 3503 2000 οὐρανίων

1930 2018 2227 2089 ταγμάτων
2253 2017 2498 2089 σώμασιν
2530 2018 2802 2090 ἐνδεθῆναι
2832 2018 3191 2091 λεπτοτέροις.
3223 2042 3239 2073 ι
3268 2022 3372 2075 Pro
3395 2023 3501 2077 cri-

1930 2115 2091 2167 minis
2144 2114 2353 2167 ratione
2409 2129 2844 2182 unumquemque
2900 2116 3150 2171 ordinum
3200 2118 3499 2172 cmlestium

1928 2207 2246 2274 corporibus
2279 2206 2614 2259 tenuioribus
2644 2206 2860 2275 illigari.
2892 2226 2910 2258 ι
2944 2207 3234 2262 Contraria
3269 2210 3502 2267 Maximo

1931 2297 2091 2351 tradit
2120 2296 2449 2365 Augustinus
2484 2296 2657 2350 lib.-XI
2686 2295 2762 2350 De
2782 2298 2925 2351 cirit.
2957 2299 3070 2364 Dei,
3102 2314 3220 2368 cap.
3249 2301 3341 2368 25,
3370 2315 3499 2355 sen-

1927 2388 2063 2442 sisse
2107 2387 2291 2442 dicens
2325 2386 2611 2455 Origenem
2658 2388 2869 2442 animas
2920 2404 3015 2458 pro
3066 2392 3272 2446 ratione
3304 2406 3499 2460 pecca-

1927 2487 2101 2534 torum
2139 2495 2357 2533 suorum
2386 2479 2637 2548 graviora
2683 2495 2911 2548 corpora
2956 2481 3215 2548 induere;
3250 2484 3392 2553 quod
3427 2484 3498 2538 ita

1927 2574 2225 2642 impugnat,
2254 2571 2306 2626 id
2342 2573 2386 2625 si
2424 2572 2493 2625 sit
2519 2610 2535 2638 ,
2565 2572 2785 2640 gravius
2812 2573 3036 2625 tlartttoui
3062 2573 3274 2642 adjuugi
3303 2573 3501 2628 debere

1926 2680 2126 2732 corpus
2149 2679 2310 2731 quam
2351 2663 2579 2729 homini,
2613 2672 2795 2731 utpote
2823 2664 2911 2731 qui
2944 2663 3063 2732 plus
3095 2664 3353 2732 peccarit.
3391 2663 3500 2717 Du-

1927 2757 2062 2811 bitat
2109 2755 2350 2823 profecto
2388 2756 2649 2825 Origenes
2691 2764 2811 2807 utra
2856 2754 3083 2809 inferior
3129 2756 3200 2810 sit
3240 2755 3501 2810 daemonis

1928 2858 2142 2911 natura,
2173 2862 2239 2899 an
2271 2846 2505 2900 hominis
2539 2846 2720 2915 (quam
2762 2847 3000 2917 angelica
3026 2848 3192 2900 etiam
3235 2856 3499 2913 praestan-

1930 2941 2119 2995 tiorem
2175 2954 2295 2994 esse
2338 2936 2705 2993 Tertullianus
2755 2939 2849 2993 lib.
2896 2955 2933 2992 tt
2987 2950 3165 2992 contra
3198 2937 3497 3004 Marciam,

1929 3049 2047 3103 cap.
2076 3032 2127 3094 8,
2162 3031 2481 3101 autumavit)
2529 3031 2863 3101 proindeque
2908 3032 3137 3085 delinire
3184 3046 3288 3085 non
3324 3041 3500 3099 potest

1931 3133 2102 3177 utram
2140 3123 2381 3191 suscipit,
2414 3123 2504 3192 qui
2557 3123 2867 3192 graviorum
2921 3122 3185 3176 scelerum
3236 3136 3358 3175 reus
3390 3121 3445 3174 fit
3482 3139 3495 3175 :

1939 3214 2261 3284 Ἐπίστησον
2309 3213 2397 3278 δὲ,
2448 3213 2618 3282 inquit
2666 3223 2835 3267 tom.t
2884 3214 2940 3267 in
2974 3212 3177 3277 10am,
3225 3229 3375 3269 num.
3408 3215 3500 3281 55,

1928 3304 2151 3374 πότερον
2180 3301 2464 3374 ἄνθρωπός
2507 3304 2621 3355 ἐστι
2660 3303 2719 3355 τὸ
2749 3302 2991 3373 ἔσχατον,
3032 3303 3064 3374 ἢ
3094 3302 3160 3356 τὰ
3196 3304 3503 3375 καλούμενα

1928 3394 2274 3465 καταχθόνια,
2317 3387 2391 3447 ὦν
2429 3396 2533 3447 εἰσι
2571 3395 2664 3447 καὶ
2703 3397 2751 3446 οἱ
2794 3394 3082 3465 δαίμονες,
3118 3395 3234 3464 ἦτοι
3277 3396 3498 3461 πάντες,

1928 3488 1961 3558 ἣ
1990 3505 2152 3551 τινες.
2188 3488 2248 3541 Et
2275 3486 2431 3555 paulo
2461 3487 2714 3554 superius
2743 3505 2753 3538 :
2788 3485 2944 3538 Οὕτω
2963 3487 3146 3557 καὶτῷ
3172 3486 3371 3559 λογικῷ
3397 3505 3497 3540 κα-

1926 3579 2187 3632 ταϐατέον
2224 3579 2316 3631 ἐπὶ
2341 3579 2565 3648 ἔσχατον
2597 3578 2833 3645 λογικὸν,
2870 3577 3011 3647 τάχα
3037 3579 3135 3630 οὐκ
3161 3578 3287 3630 ἄλλο
3328 3597 3377 3631 τι
3406 3579 3500 3632 τοῦ

1926 3670 2210 3742 ἀνθρώπου
2236 3670 2520 3740 τυγχάνον.
2561 3667 2900 3723 Postremum
2933 3669 3019 3721 hic
3051 3669 3224 3723 locum
3268 3672 3501 3723 homini-

1926 3764 2027 3817 bus
2060 3763 2317 3832 assignat.
2349 3761 2550 3815 Contra
2594 3771 2730 3815 tom.
2761 3777 2827 3814 xv
2870 3761 2925 3814 in
2961 3759 3152 3814 Matth.
3180 3800 3194 3825 ,
3231 3777 3375 3814 num.
3404 3761 3497 3829 ‘27,

1928 3856 2159 3924 priorem
2213 3854 2387 3906 locum
2438 3852 2677 3920 angelis,
2732 3852 3090 3921 posteriorem
3140 3852 3496 3919 daemonibus,

1934 3945 2165 3999 medium
2222 3944 2530 3998 hominibus
2585 3943 2810 3997 tribuit:
2848 3945 2910 3995 Oi
2950 3942 3005 3995 δὲ
3041 3943 3335 4014 ἄνθρωποι,
3375 3946 3500 4000 ὅσον

1926 4039 2004 4099 εἰς
2032 4035 2314 4107 σύγκρισιν
2340 4036 2583 4104 ἀγγέλων
2606 4034 2823 4105 ἔσχατοι
2852 4036 3229 4106 τυγχάνοντες,
3260 4038 3499 4105 γίνονται

1926 4124 2171 4193 ἀγγέλων
2221 4124 2447 4191 πρῶτοι,
2486 4122 2591 4175 τῶν
2633 4125 2706 4195 μὴ
2753 4127 3101 4195 τηρησάντων
3148 4126 3247 4197 τὴν
3293 4126 3498 4179 ἑαυτῶν

1928 4219 2122 4288 ἀρχήν.
2167 4216 2298 4270 Cum
2348 4216 2654 4269 hominibus
2688 4230 2816 4284 ergo
2848 4218 3175 4285 quandoque
3207 4224 3497 4283 tltciuones,

1928 4309 2173 4362 homines
2229 4320 2358 4361 vero
2412 4308 2736 4374 quandoque
2802 4316 3087 4375 postponat
3140 4309 3496 4374 daemonibus,

251 4391 378 4445 alibi
410 4408 571 4460 smpe,
611 4402 719 4445 tum
750 4395 981 4446 maxime
1008 4395 1166 4463 epist.
1225 4396 1317 4457 59,
1359 4398 1421 4449 ad
1443 4399 1606 4460 Avit.,
1632 4399 1820 4467 cap.l,
1858 4412 1899 4465 ι)
1932 4409 2152 4451 naturas
2201 4397 2493 4451 rationales
2550 4410 2647 4465 pro
2696 4397 2964 4464 gravitate
3008 4398 3269 4452 scelerum
3303 4399 3497 4453 huma-

253 4485 345 4537 tibi
390 4495 588 4553 praeter
640 4485 741 4537 alia
792 4486 1001 4555 insigne
1050 4489 1205 4549 istud,
1254 4489 1415 4541 habet
1461 4504 1476 4541 :
1541 4508 1557 4539 t
1588 4489 1828 4558 Cumque

251 4579 433 4632 omnia
479 4578 625 4631 vario
684 4593 934 4632 sermone
991 4590 1275 4634 tractasset
1324 4580 1628 4653 (Origenes)
1682 4598 1829 4636 asse-

252 4684 381 4723 rens
408 4669 674 4723 diabolum
722 4686 826 4723 non
863 4671 1177 4740 incapacem
1223 4687 1343 4727 esse
1372 4673 1586 4727 virtutis
1611 4714 1625 4737 ,
1663 4682 1717 4727 et
1749 4684 1829 4727 ta-

252 4774 379 4814 men
415 4761 640 4815 necdum
675 4762 811 4815 velle
853 4780 1044 4833 capere
1078 4765 1373 4828 virtutem;
1417 4765 1482 4817 ad
1525 4777 1826 4820 extremum

253 4867 505 4907 sermone
558 4854 819 4909 latissimo
864 4857 1157 4923 disputavit
1210 4857 1497 4925 angelum,
1554 4858 1669 4911 sive
1708 4859 1824 4912 ani-

255 4960 401 4998 tnam
430 4984 445 5010 ,
473 4957 562 5000 aut
593 4960 739 5003 certe
770 4950 1092 5011 daemonem,
1126 4964 1262 5017 quos
1292 4950 1450 5001 unius
1484 4950 1678 5003 asserit
1710 4964 1829 5005 esse

253 5047 485 5104 natura},
533 5044 626 5095 sed
667 5043 1000 5096 diversarum
1031 5041 1398 5104 voluntatum,
1434 5057 1529 5109 pro
1560 5044 1828 5109 magnitu-

256 5129 383 5184 dine
417 5130 752 5199 negligentia:
780 5142 832 5186 et
862 5136 1100 5187 stultitiae
1128 5132 1427 5199 jumentum
1476 5148 1631 5201 posse
1674 5134 1825 5187 fieri:

250 5230 311 5277 et
337 5237 433 5291 pro
466 5224 650 5278 dolore
682 5240 990 5294 pmnarutn,
1023 5236 1077 5278 et
1112 5225 1250 5293 ignis
1282 5224 1499 5284 ardore,
1530 5226 1699 5293 magis
1726 5225 1826 5279 eli-

253 5326 381 5381 gere
420 5323 478 5367 ut
535 5316 749 5369 brutum
797 5318 997 5370 animal
1028 5318 1138 5379 sit,
1177 5327 1231 5370 et
1262 5317 1313 5369 in
1357 5319 1517 5385 aquis
1548 5317 1749 5369 habitet
1779 5326 1833 5370 ct

254 5404 536 5472 fluctibus,
573 5423 635 5461 ac
679 5424 873 5479 corpus
916 5424 1193 5463 assumere
1238 5408 1400 5475 hujus
1434 5408 1516 5461 vel
1551 5407 1692 5460 illius
1732 5423 1829 5477 μθ·-

255 5498 401 5553 coris
440 5517 453 5552 :
493 5509 552 5552 ut
600 5500 755 5554 nobis
790 5516 897 5554 non
934 5501 1105 5553 solum
1161 5499 1598 5567 quadrupedum,
1649 5500 1742 5553 sed
1778 5507 1833 5553 ct

254 5587 485 5658 piscium
516 5603 743 5656 corpora
776 5589 884 5643 sint
918 5590 1172 5642 timenda.
1206 5607 1223 5639 ι
1258 5589 1432 5657 Atque
1470 5590 1610 5642 hanc
1642 5592 1706 5643 de
1735 5606 1831 5643 na-

254 5681 388 5737 turis
424 5682 778 5738 rationalibus
806 5683 856 5737 iu
886 5684 1243 5747 iumentorum
1277 5696 1503 5749 corpora
1538 5680 1828 5737 demitten-

1928 4507 2049 4543 nam
2071 4490 2291 4543 induere
2328 4498 2571 4540 naturam
2594 4526 2610 4551 ,
2641 4496 2695 4541 et
2722 4488 3106 4557 gravissimum
3135 4504 3333 4559 corpus
3366 4492 3493 4545 sub-

1926 4580 2004 4633 ire
2065 4592 2447 4644 nonnunquam
2486 4576 2715 4640 statuit,
2764 4592 3153 4646 nonnunquam
3200 4596 3330 4635 vero
3384 4582 3499 4637 da:-

1927 4682 2143 4719 tnonunt
2200 4676 2485 4728 naturam,
2552 4664 2908 4732 subtiliusque
2961 4682 3157 4736 corpus
3204 4670 3495 4726 asciscere.

1927 4758 2065 4824 Quin
2095 4756 2255 4810 etiam
2288 4756 2560 4809 daturones
2587 4756 2741 4808 novis
2770 4756 3026 4812 admissis
3055 4759 3353 4817 sceleribus
3398 4767 3497 4819 ho-

1935 4849 2104 4901 mines
2132 4846 2269 4910 lieri,
2296 4856 2349 4899 et
2386 4844 2632 4898 homines
2657 4842 2893 4898 vicissim
2926 4863 3185 4903 novarum
3220 4850 3497 4920 culparum

1935 4954 2053 4993 reos
2079 4940 2129 4991 in
2162 4940 2465 4993 daemonum
2502 4947 2751 4991 naturam
2777 4948 2831 4990 et
2861 4952 3057 5007 corpus
3092 4944 3325 4997 transire
3352 4960 3501 4998 assc-

1934 5034 2004 5085 rit
2054 5031 2192 5100 apud
2229 5030 2615 5100 Hieronymum
2662 5033 2822 5099 epist.
2849 5032 2918 5087 59
2966 5035 3031 5086 ad
3057 5036 3201 5089 Avit.
3235 5075 3250 5099 ,
3279 5050 3395 5104 cap.
3434 5038 3499 5091 I:

1939 5140 1955 5172 ι
1984 5120 2060 5174 Ita
2098 5131 2316 5182 cuncta,
2355 5119 2551 5187 inqtnt,
2601 5122 2800 5175 variari
2843 5122 3217 5197 (arbitramur)
3254 5133 3311 5179 ut
3334 5136 3387 5179 et
3410 5129 3500 5196 qui

1936 5226 2076 5266 nunc
2112 5210 2275 5263 homo
2305 5219 2416 5276 est,
2465 5211 2635 5278 possit
2666 5214 2715 5266 in
2750 5214 2856 5269 alio
2890 5216 3087 5269 mundo
3113 5218 3322 5271 daemon
3353 5220 3501 5287 fieri;

1930 5320 1984 5360 ct
2018 5308 2106 5376 qui
2142 5309 2347 5359 (lanuuii
2384 5316 2486 5369 est,
2529 5314 2583 5359 et
2619 5306 2981 5376 nrgligeutius
3016 5310 3229 5378 egerit,
3270 5310 3324 5363 in
3358 5326 3506 5364 cras-

1927 5400 2071 5454 siora
2121 5414 2346 5469 corpora
2400 5399 2699 5467 relegetur,
2748 5399 2797 5450 id
2856 5410 2977 5463 est,
3030 5410 3085 5451 ιιι
3136 5402 3294 5453 homo
3339 5402 3450 5453 fiat.
3480 5420 3497 5451 ι

1929 5489 2072 5545 Idem
2115 5490 2473 5559 llieronytnus
2506 5490 2558 5543 in
2613 5490 2737 5542 illud
2783 5488 2982 5545 Jcrem.
3014 5507 3178 5554 nix,
3218 5491 3286 5544 Η
3323 5511 3336 5544 :
3387 5511 3405 5542 ι
3441 5494 3505 5548 Et

1934 5587 2189 5637 reducam
2221 5583 2592 5651 captivitatem
2637 5594 2898 5647 vestram,
2939 5594 2991 5636 et
3041 5584 3377 5652 congregaho
3406 5600 3500 5639 vos

1940 5680 2002 5734 de
2031 5677 2294 5732 universis
2330 5674 2609 5745 gentibus,
2647 5682 2699 5729 et
2740 5675 2807 5730 de
2835 5672 3244 5743 cunctis-locis,
3278 5676 3342 5729 ad
3384 5688 3507 5746 qua;
