3860 6230
358 293 463 350 Θῦο

1625 289 1687 342 Ρ.
1731 283 2042 342 DANIELIS
2081 284 2314 341 HUETII

3507 285 3631 342 860

358 416 542 489 expuli
576 431 712 477 vos,
746 414 877 471 dicit
908 414 1190 472 Dominus.
1241 416 1305 471 Et
1353 418 1551 473 reverti
1592 432 1689 471 vos
1746 415 1935 468 factam
1967 416 2201 479 Asupra
2261 407 2646 477 descripsimus
2726 403 2932 461 sanctis
2987 403 3269 473 bellisque
3323 403 3630 459 ordinibus

360 514 427 569 de
485 514 601 568 loco
658 513 723 567 ad
759 527 919 581 quem
966 511 1356 579 transmigrare
1399 525 1496 565 vos
1540 508 1661 562 feci.
1692 527 1711 560 ι
1748 504 1938 575 Orige-

362 625 522 676 nem,
562 623 723 678 quem
779 605 1013 660 delirum
1070 604 1422 671 interpretem
1476 599 1739 670 appellat,
1789 612 1936 651 som-

362 703 515 757 niare
546 702 621 754 ait
657 701 868 755 ruinam
900 697 1143 753 caelestis
1176 693 1473 748 Jerusalem
1505 694 1590 748 his
1623 690 1938 761 significari,

361 804 418 849 et
447 810 539 849 eos
573 802 820 863 spectare
848 790 1163 844 vaticinium
1186 829 1199 850 ,
1226 788 1314 855 qui
1360 788 1480 840 inde
1509 786 1718 839 dimissi
1755 784 1806 837 in
1838 783 1941 837 hoc

365 888 568 940 mundo
591 894 900 949 versantur,
937 883 1285 949 futurumque
1319 890 1376 932 ut
1407 888 1525 949 post
1551 894 1651 931 Lxx
1688 892 1859 931 annos
1887 877 1938 930 in

365 977 539 1031 locum
569 977 859 1045 pristinum
894 974 1275 1035 restituantur,
1305 972 1350 1025 si
1380 973 1538 1025 modo
1569 971 1621 1025 id
1648 971 1802 1026 bonis
1829 970 1942 1025 suis

365 1069 619 1136 operibus
654 1066 936 1136 promeriti
970 1065 1077 1119 sint
1099 1105 1113 1127 ,
1146 1075 1334 1133 utpote
1374 1064 1465 1133 qui
1514 1073 1704 1132 sponte
1743 1065 1793 1117 in
1828 1064 1941 1118 hare

367 1173 596 1227 corpora
637 1158 1031 1210 descendentes
1062 1165 1214 1209 recte
1240 1158 1451 1225 egerint
1489 1174 1501 1208 :
1539 1155 1628 1224 qui
1662 1164 1839 1208 autem
1874 1154 1942 1207 ad

370 1252 584 1297 terrena
626 1243 739 1297 htec
766 1258 887 1297 sese
930 1251 1123 1311 sponte
1154 1243 1459 1309 demittere,
1487 1253 1541 1299 ct
1587 1244 1783 1298 fratres
1813 1260 1942 1299 suos

369 1334 570 1388 imitari
621 1334 916 1401 noluerint,
967 1334 1200 1405 idipsutn
1247 1351 1501 1405 passuros
1534 1338 1674 1405 quod
1705 1336 1943 1391 Sedecia:

368 1428 644 1496 ipsiusque
700 1427 894 1495 populo
949 1428 1315 1482 comminatur
1365 1429 1661 1495 Dominus,
1704 1430 1940 1483 futurum

368 1534 563 1588 nempe
590 1530 647 1572 ut
680 1519 860 1573 mittat
904 1519 957 1573 in
990 1534 1085 1574 eos
1130 1520 1390 1589 gladium,
1428 1531 1482 1575 et
1518 1522 1737 1586 famem,
1764 1532 1816 1577 et
1848 1538 1942 1591 pe-

367 1621 542 1676 stem;
582 1630 599 1660 t
628 1621 681 1663 et
709 1612 795 1665 det
825 1612 876 1665 in
903 1611 1240 1665 vexationem
1270 1613 1535 1668 universis
1562 1614 1739 1684 regnis
1765 1624 1941 1678 terrae,

367 1716 476 1770 quo
507 1701 713 1755 scilicet
751 1718 1090 1771 nequaquam
1130 1703 1406 1767 homines,
1456 1705 1547 1757 sed
1597 1707 1727 1759 fiant
1771 1720 1943 1761 aereae

368 1804 683 1863 potestates,
725 1804 780 1848 et
829 1796 939 1849 sint
984 1798 1122 1863 apud
1155 1807 1380 1850 cunctos
1411 1796 1631 1865 angelos
1677 1797 1765 1867 qui
1812 1812 1942 1865 prae-

368 1886 477 1939 sint
525 1885 752 1953 singulis
799 1886 1092 1954 provinciis
1136 1886 1187 1940 in
1240 1888 1717 1953 maledictiouem,
1778 1901 1833 1944 et
1889 1891 1941 1945 in

369 1984 668 2045 stuporem,
716 1977 768 2031 in
826 1977 1065 2044 sibilum,
1114 1986 1167 2032 et
1228 1978 1280 2031 in
1334 1978 1683 2048 opprobrium
1737 1983 1945 2036 cunctis

370 2068 660 2135 gentibus;
697 2076 748 2121 et
782 2068 883 2123 hoc
915 2083 1008 2123 eos
1054 2068 1261 2123 idcirco
1308 2084 1581 2136 passuros,
1622 2071 1745 2138 quia
1782 2072 1943 2125 verba

371 2158 759 2226 prophetarum
791 2160 843 2213 in
886 2160 1091 2215 caelesti
1120 2158 1415 2215 Jerusalem
1438 2163 1625 2217 audire
1653 2164 1942 2229 noluerint,

371 2249 461 2316 qui
493 2263 586 2303 eos
621 2249 980 2304 hortabantur
1006 2260 1063 2304 ut
1101 2251 1167 2304 ad
1208 2260 1421 2305 terrena
1448 2253 1856 2319 descenderent,
1893 2264 1946 2310 et

368 2353 566 2406 corpus
579 2339 898 2394 humilitatis
917 2349 1334 2406 assumerent,et
1351 2351 1467 2396 acta
1487 2346 1801 2412 poenitentia
1825 2356 1947 2414 post

370 2447 556 2486 verum
583 2432 968 2487 sabbatismum
990 2432 1161 2487 locum
1207 2434 1493 2501 pristinum
1527 2438 1883 2506 possiderent.
1920 2458 1938 2490 ›

445 2520 582 2577 XIV.
615 2524 900 2578 Erroribus
932 2539 1092 2593 porro
1120 2524 1226 2579 illis
1248 2540 1467 2595 aspersa
1494 2538 1618 2583 sunt
1640 2530 1945 2586 Adamantii

372 2628 535 2684 Opera
571 2632 690 2684 qua:
724 2626 959 2681 exstant,
995 2632 1132 2687 quos
1161 2619 1205 2672 si
1232 2619 1511 2689 sigillatim
1541 2621 1780 2678 indicare
1838 2635 1948 2679 sat-

373 2721 616 2775 agamus,
667 2707 953 2763 abutemur
996 2710 1107 2763 otio
1160 2721 1366 2779 nostro,
1439 2722 1491 2768 et
1571 2714 1757 2771 lectori
1797 2716 1948 2771 fasti-

374 2799 519 2851 diutn
580 2800 933 2853 movebimus.
990 2801 1222 2857 lllustria
1280 2814 1457 2859 tamen
1506 2807 1775 2875 seligenda
1823 2821 1948 2864 sunt

375 2892 643 2958 quaedam,
676 2908 781 2961 quo
805 2894 966 2949 dictis
991 2895 1190 2950 nostris
1218 2896 1352 2952 fides
1382 2900 1724 2972 adjungatur.
1763 2903 1948 2957 Tertio

373 2997 503 3051 ergo
551 2983 687 3037 libro
738 2986 875 3055 Περὶ
918 2989 1151 3057 ἀρχῶν,
1190 3005 1307 3061 cap.
1340 2993 1373 3046 5
1399 3032 1414 3057 ,
1470 3009 1616 3048 num.
1645 2995 1710 3060 4,
1750 2995 1949 3051 sicdis—

2040 503 2266 572 subjecti
2318 511 2445 557 sunt
2475 515 2539 555 ac
2590 498 2810 570 regendi
2849 511 2865 551 :
2910 512 3139 567 quorum
3192 494 3460 563 adjutorio
3505 496 3627 561 usi,

2039 608 2094 650 et
2121 595 2548 650 institutionibus
2577 608 2642 646 ac
2695 589 2996 660 disciplinis
3050 588 3378 644 salutaribus
3438 587 3632 642 refor-

2041 690 2195 753 mati,
2236 688 2413 742 redire
2438 702 2500 742 ac
2540 684 2752 740 restitui
2777 683 2844 737 ad
2875 691 3071 737 statum
3102 680 3455 734 beatitudinis
3487 694 3629 749 pos-

2042 791 2186 836 sunt.
2224 780 2304 835 Ex
2338 780 2535 850 quibus
2569 777 2848 839 existimo,
2887 783 3050 843 prout
3096 788 3195 843 ego
3239 772 3447 828 sentire
3491 786 3628 841 pos-

2040 890 2181 939 sum,
2220 874 2364 928 hunc
2420 872 2664 926 ordinem
2730 868 2949 922 humani
3010 865 3226 937 generis
3282 866 3624 928 institutum,

2042 967 2133 1037 qui
2173 967 2357 1035 utique
2393 965 2447 1019 in
2475 964 2657 1019 futuro
2692 961 2920 1026 saeculo,
2979 960 3062 1015 vel
3108 959 3627 1028 supervenientibus

2042 1059 2274 1125 saeculis,
2305 1074 2427 1113 cum
2460 1057 2659 1112 etelum
2694 1069 2889 1109 novum
2912 1093 2927 1116 ,
2957 1061 3012 1107 et
3042 1062 3184 1107 terra
3245 1065 3383 1107 nova
3423 1064 3630 1104 secun-

2043 1153 2168 1206 dum
2200 1152 2394 1206 Isaiam
2424 1150 2529 1205 erit
2558 1150 2626 1213 “,
2665 1147 2983 1203 restituetur
3026 1145 3079 1199 in
3136 1144 3283 1199 illam
3324 1144 3626 1204 unitatem,

2042 1259 2201 1314 quam
2225 1243 2491 1310 promittit
2536 1241 2793 1296 Dominus
2828 1236 3005 1293 Jesus.
3042 1255 3062 1289 ι
3097 1236 3162 1291 Ει
3200 1251 3324 1290 mox
3357 1251 3510 1289 num.
3541 1235 3578 1289 5
3606 1252 3623 1286 :

2050 1354 2068 1387 α
2105 1336 2393 1391 Sciendum
2427 1344 2605 1388 tamen
2628 1341 2711 1387 est
2733 1331 3020 1401 quosdam,
3052 1330 3141 1399 qui
3187 1344 3253 1384 ex
3307 1344 3417 1383 uno
3470 1331 3630 1397 prin-

2044 1429 2207 1497 cipio,
2237 1429 2381 1497 quod
2412 1441 2577 1497 supra
2607 1426 2865 1489 diximus,
2898 1423 3099 1491 delapsi
3132 1431 3279 1487 sunt,
3316 1422 3372 1476 in
3408 1431 3624 1475 tantam

2046 1521 2419 1589 indignitatem
2478 1533 2544 1573 ac
2598 1517 2859 1571 malitiam
2909 1530 2968 1571 se
3020 1515 3255 1580 dedisse,
3307 1523 3367 1568 ut
3411 1513 3625 1584 indigni

2044 1614 2217 1669 habiti
2267 1613 2376 1667 sint
2424 1610 2770 1666 institutione
2820 1610 2943 1675 hac,
2980 1608 3065 1664 vel
3119 1608 3449 1674 eruditione,
3511 1621 3624 1675 qua

2044 1724 2141 1777 per
2172 1722 2389 1762 carnem
2449 1705 2744 1759 humanum
2811 1717 2979 1770 genus
3035 1701 3302 1769 adjutorio
3350 1700 3630 1755 virtutum

2045 1800 2349 1857 caaleslium
2386 1797 2687 1852 instituitur
2720 1806 2882 1866 atque
2905 1794 3188 1859 eruditur;
3247 1794 3341 1847 sed
3405 1805 3437 1846 e
3498 1805 3630 1844 con-

2046 1895 2218 1949 trario
2278 1893 2439 1947 etiam
2469 1890 2771 1945 adversarii
2829 1898 2989 1958 atque
3023 1897 3385 1957 repugnantes
3406 1884 3497 1939 his
3527 1883 3627 1952 qui

2049 1988 2375 2043 erudiuntur
2436 1993 2599 2052 atque
2662 1982 3000 2045 imbuuntur,
3057 1980 3339 2034 exsistunt.
3400 1996 3420 2029 ι
3479 1973 3627 2029 Tum

2048 2077 2207 2147 paulo
2235 2075 2498 2129 inferius:
2540 2094 2558 2125 ι
2593 2074 2812 2127 Interim
2840 2082 2946 2126 tam
2990 2073 3043 2126 in
3076 2073 3159 2125 his
3186 2086 3304 2141 qua:
3337 2069 3624 2131 videntur,

2047 2176 2101 2223 et
2127 2165 2512 2235 temporalibus
2542 2164 2785 2228 saeculis,
2821 2180 2985 2233 quam
3015 2165 3065 2218 in
3100 2163 3205 2217 illis
3237 2177 3361 2232 quae
3401 2176 3511 2215 non
3544 2162 3630 2213 vi»

2048 2261 2265 2322 dentur,
2294 2267 2348 2311 et
2377 2267 2577 2312 azterua
2610 2266 2755 2319 sunt,
2785 2272 2975 2312 omnes
3009 2258 3095 2312 isti
3128 2271 3224 2327 pro
3276 2255 3486 2318 ordine,
3523 2269 3629 2323 pro

2050 2352 2281 2416 ratione,
2309 2366 2405 2418 pro
2437 2352 2616 2413 modo,
2644 2360 2699 2405 et
2747 2350 3064 2404 meritorum
3116 2347 3470 2418 dignitatibus
3514 2346 3630 2399 dis-

2050 2453 2364 2515 pensantur,
2399 2452 2455 2495 ut
2486 2443 2574 2496 alii
2603 2444 2654 2496 in
2688 2442 2900 2511 primis,
2941 2441 3032 2495 alii
3084 2441 3137 2495 in
3167 2441 3442 2507 secundis,
3477 2453 3627 2492 non-

2048 2536 2177 2591 nulli
2206 2536 2366 2590 etiam
2399 2536 2451 2589 in
2485 2534 2688 2589 ultimis
2714 2533 3048 2603 temporibus
3071 2575 3086 2602 ,
3118 2542 3171 2588 et
3200 2549 3294 2603 per
3323 2532 3531 2602 majora
3559 2545 3626 2585 ac

2048 2630 2297 2699 graviora
2346 2628 2633 2698 supplicia,
2658 2643 2866 2681 necnon
2898 2637 2954 2681 et
2993 2628 3243 2681 diuturna
3265 2667 3281 2689 ,
3313 2640 3378 2678 ac
3409 2622 3623 2687 multis,

2049 2731 2108 2774 ut
2139 2720 2209 2774 ita
2242 2719 2443 2784 dicam,
2496 2719 2710 2774 saeculis
2762 2718 3008 2783 tolerata,
3038 2716 3404 2787 asperioribus
3436 2729 3626 2769 emen-

2049 2811 2359 2864 dationibus
2392 2810 2648 2880 reparati,
2679 2819 2734 2864 et
2754 2810 2987 2864 restituti
3019 2808 3419 2864 eruditionibus
3445 2809 3630 2877 primo

2052 2902 2331 2971 angelicis,
2370 2911 2481 2955 tum
2509 2903 2705 2956 deinde
2746 2903 2911 2957 etiam
2964 2902 3303 2969 superiorum
3351 2900 3627 2970 graduum

2049 2994 2362 3057 virtutibus,
2407 3004 2463 3050 et
2492 2994 2570 3049 sic
2611 3010 2706 3065 per
2734 2992 2943 3063 singula
2984 2995 3049 3046 ad
3093 2993 3371 3060 superiora
3433 3007 3630 3060 prove-

374 3086 571 3146 putat:
614 3098 632 3129 ι
691 3078 863 3135 Unius
910 3098 1145 3151 namque
1198 3095 1403 3141 natura:
1454 3102 1574 3142 esse
1627 3103 1811 3142 omnes
1862 3105 2016 3165 ra-C
2049 3089 2146 3155 eti,
2203 3104 2375 3157 usque
2414 3089 2480 3141 ad
2536 3103 2599 3142 ea
2652 3103 2771 3156 qua:
2828 3096 2955 3140 sunt
2986 3086 3269 3141 invisibilia
3330 3094 3385 3140 et
3418 3095 3631 3139 aeterna

377 3167 660 3224 tionabilcs
708 3180 991 3228 creaturas
1036 3190 1102 3227 ex
1151 3176 1332 3229 multis
1367 3179 1756 3234 assertionibus
1802 3196 1949 3235 cont-

375 3260 670 3325 probatur;
727 3275 824 3328 per
873 3262 1013 3329 quod
1071 3264 1241 3316 solum
1296 3264 1384 3319 Dei
1433 3264 1638 3332 iustitia
1682 3269 1732 3321 in
1776 3271 1949 3324 omni-

375 3350 478 3403 bus
529 3364 715 3403 carum
764 3352 1259 3420 dispensationihus
1303 3355 1515 3410 defendi
1564 3368 1774 3426 potest,
1821 3362 1947 3414 dum

375 3456 712 3509 unaqtneque
742 3442 793 3495 in
835 3446 1120 3515 Scmetipsa
1154 3447 1312 3501 habet
1341 3464 1553 3513 causas,
1580 3453 1720 3519 quod
1749 3452 1799 3505 in
1859 3453 1949 3508 illo

376 3533 458 3587 vel
491 3534 541 3587 in
569 3535 658 3589 illo
682 3536 805 3589 vita:
830 3537 1019 3591 ordine
1053 3539 1222 3606 posita
1249 3540 1338 3594 sit.
1384 3560 1402 3592 ι
1440 3541 1573 3596 Hinc
1601 3543 1786 3612 triplex
1819 3559 1951 3599 enu-

380 3638 553 3681 merat
587 3629 985 3683 rationabilium
1016 3643 1331 3685 naturarum
1365 3647 1532 3701 genus
1566 3634 1669 3688 huc
1700 3634 1948 3703 delapsa-

381 3737 518 3784 rum,
544 3737 727 3776 carum
764 3722 970 3777 scilicet
1010 3709 1137 3792 quas.
1169 3726 1334 3795 gestis
1365 3727 1477 3780 suis
1514 3726 1565 3780 id
1604 3726 1801 3781 fuerint
1826 3744 1951 3795 pro-

382 3815 647 3879 meritas;
726 3817 952 3869 aliarum
1010 3833 1130 3886 qum
1196 3819 1599 3887 aspectabilium
1661 3822 1952 3889 cupiditate

382 3920 547 3976 raptre
569 3910 673 3962 sint
697 3927 711 3973 ;
736 3920 787 3963 ct
814 3909 1023 3963 illarum
1047 3910 1261 3964 domum
1308 3927 1427 3980 quae
1453 3915 1614 3965 etiam
1645 3912 1827 3967 invita:
1882 3915 1948 3969 ad

377 4001 547 4057 offcia
571 4002 691 4057 aliis
711 4003 1015 4058 exhibenda
1046 4018 1075 4056 a
1102 4004 1211 4059 Deo
1243 4006 1509 4073 deputatae
1541 4006 1735 4071 sint,et
1763 4006 1814 4059 in
1840 4008 1952 4062 haec

378 4095 496 4149 loca
532 4095 804 4165 relegam.
830 4096 1034 4163 Quibus
1066 4097 1347 4151 hominum
1395 4097 1602 4151 animas
1648 4098 1948 4168 significat;

380 4198 494 4243 tum
543 4190 762 4259 angelos
816 4188 935 4243 illos
978 4190 1069 4258 qui
1124 4190 1380 4244 mulieres
1434 4190 1721 4245 adamasse
1762 4191 1950 4246 crediti

379 4296 505 4339 sunt
536 4298 564 4337 a
593 4283 968 4352 plerisque";
1005 4298 1069 4337 ac
1115 4283 1339 4353 angelos
1374 4282 1605 4352 denique
1637 4284 1817 4339 tutela:
1858 4287 1951 4340 ho-

379 4378 587 4432 minum
622 4376 922 4447 prmfcctos,
949 4375 1034 4429 vel
1062 4392 1157 4431 eos
1189 4392 1327 4446 quos
1353 4392 1379 4430 a
1440 4376 1549 4430 Deo
1581 4392 1685 4431 non
1734 4378 1947 4445 missos,

2051 3180 2392 3251 perveniant,
2421 3179 2647 3248 singulis
2676 3178 2928 3233 videlicet
2968 3177 3269 3246 quibusque
3314 3178 3628 3232 caelestium

2050 3272 2308 3325 virtutum
2358 3270 2550 3324 ofliciis
2596 3269 2823 3337 quadam
2867 3270 3226 3324 eruditionum
3278 3268 3461 3338 specie
3503 3284 3632 3337 per-

2050 3363 2270 3431 agratis.
2306 3362 2379 3416 Ex
2413 3376 2539 3430 quo,
2574 3372 2634 3414 ut
2669 3361 2880 3424 opinor,
2937 3360 3038 3415 hoc
3068 3360 3453 3430 consequentia
3503 3360 3624 3428 ipsa

2050 3455 2263 3510 videtur
2310 3455 2601 3509 ostendere
2636 3496 2650 3519 ,
2726 3467 3162 3521 unamquamque
3234 3451 3621 3506 rationabilem

2048 3558 2298 3602 naturam
2328 3562 2489 3616 posse
2541 3547 2610 3601 ab
2635 3561 2740 3602 uno
2771 3546 2823 3599 in
2870 3545 3100 3598 alterum
3136 3542 3376 3597 ordinem
3442 3550 3633 3595 trans-

2049 3649 2262 3692 euntem
2312 3652 2408 3705 per
2442 3636 2686 3704 singulos
2734 3636 3028 3699 in'omnes,
3061 3642 3115 3686 et
3162 3632 3229 3685 ab
3251 3629 3508 3685 omnibus
3578 3631 3633 3683 in

2050 3729 2290 3799 singulos
2338 3730 2645 3800 pervenire,
2680 3729 2808 3783 dum
2851 3740 3106 3782 accessus
3135 3722 3469 3793 profectuum
3535 3721 3637 3774 de-

2051 3826 2358 3879 fectuumve
2386 3824 2566 3897 varios
2596 3837 2695 3891 pro
2737 3821 2971 3874 motibus
3019 3818 3101 3872 vel
3158 3815 3442 3871 conatibus
3501 3830 3633 3883 pro-

2049 3919 2184 3988 priis
2217 3916 2590 3984 unusquisque
2612 3929 2712 3984 pro
2735 3912 2894 3967 liberi
2938 3908 3151 3964 arbitrii
3198 3905 3453 3961 facultate
3507 3920 3634 3974 per-

2053 4012 2273 4081 petitur.
2314 4028 2333 4061 ›
2372 4006 2635 4062 Nonnulla
2657 4021 2723 4060 ex
2758 4005 2843 4060 his
2869 4004 3059 4059 Grzece
3089 3999 3353 4067 descripta
3387 3996 3634 4063 reperies

2054 4105 2107 4158 in
2131 4103 2235 4157 line
2266 4100 2507 4170 epistolae
2537 4097 2829 4155 Justiniani
2852 4097 2917 4149 ad
2953 4094 3161 4149 Menam
3193 4101 3249 4144 et
3294 4088 3434 4157 apud
3462 4085 3633 4139 Maxi-

2052 4213 2196 4251 mum
2241 4190 2921 4261 Constantinopolitauum,
2980 4187 3099 4241 loco
3148 4183 3390 4253 proxime
3437 4181 3631 4235 citato.

2054 4290 2161 4343 Has
2203 4301 2415 4356 quoque
2439 4283 2824 4340 conversiones
2848 4290 2901 4335 et
2932 4280 3252 4349 dignitatum
3276 4291 3339 4330 ac
3364 4274 3624 4327 ordinum

2053 4378 2475 4449 permutationes
2512 4377 2703 4431 statuit
2747 4384 2876 4428 tom.
2921 4389 2991 4426 xv
3019 4373 3073 4425 in
3122 4368 3334 4433 Mallia,
3359 4383 3509 4421 num.
3534 4366 3632 4420 27.

380 4471 433 4525 in
476 4472 618 4525 hunc
652 4470 935 4533 mumlum,
963 4469 1266 4523 doctrinam
1323 4469 1405 4523 vel
1449 4470 1786 4538 prophetiam
1826 4486 1946 4538 pro-
1982 4474 2023 4527 D
2052 4473 2222 4528 Tomo
2248 4486 2378 4525 vero
2413 4484 2676 4539 xut,pag.
2712 4467 2839 4528 594,
2872 4466 3130 4519 intricato
3159 4463 3304 4526 licet,
3332 4469 3385 4515 et
3414 4476 3443 4513 a
3469 4460 3636 4513 libra-

381 4564 657 4618 mittentes
706 4563 921 4616 venisse
948 4563 1026 4615 ait
1076 4572 1207 4619 tom.
1244 4580 1313 4616 xx
1364 4563 1418 4614 in
1459 4561 1647 4625 Joan.,
1689 4562 1944 4617 num.l7.

377 4656 567 4712 Priore
607 4664 786 4709 autem
819 4654 960 4722 Περὶ
1000 4654 1201 4724 ἀρχῶν
1250 4656 1384 4711 libro
1406 4696 1419 4721 ,
1453 4671 1571 4724 cap.
1602 4656 1655 4722 6,
1685 4672 1830 4709 ntun.
1863 4655 1898 4708 2
1930 4673 1943 4709 :

383 4770 402 4802 ε
437 4750 513 4804 Ex
549 4750 633 4803 bis
682 4763 835 4814 sane,
868 4749 1066 4818 inquit,
1095 4749 1185 4818 qui
1224 4749 1276 4803 in
1328 4749 1419 4803 illo
1446 4748 1599 4802 initio
1639 4762 1951 4816 permanse-

378 4850 529 4905 runt,
564 4840 711 4908 quod.
760 4841 941 4896 futuro
997 4842 1088 4894 fini
1131 4842 1308 4897 simile
1363 4857 1483 4897 esse
1541 4842 1946 4910 descripsimus,

376 4933 596 5002 quidam
630 4948 700 4987 ex
761 4934 894 5004 ipsis
935 4935 986 4988 in
1041 4935 1384 4990 ordinatione
1434 4950 1498 4989 ac
1550 4935 1949 5003 dispensatione

379 5026 567 5103 mundi
600 5027 845 5081 ordinem
885 5027 1189 5097 angelicum
1245 5029 1579 5090 sortiuntur,
1637 5027 1725 5081 alii
1774 5028 1949 5081 virtu-

381 5129 535 5187 tum,
603 5119 695 5173 alii
753 5121 1183 5191 principatumn,
1239 5122 1329 5175 alii
1390 5129 1785 5187 potestatum...
1833 5136 1953 5190 quae

376 5213 561 5268 omnia
591 5211 671 5267 eis
694 5228 791 5281 pro
819 5215 1038 5279 merito,
1067 5223 1123 5268 et
1151 5212 1483 5282 profectibus
1508 5214 1642 5279 suis,
1677 5211 1873 5281 quibus
1899 5214 1950 5265 in

381 5306 476 5361 Dei
516 5305 992 5376 participationem
1057 5307 1527 5376 imitationemque
1588 5304 1949 5374 profecerant,

380 5415 534 5469 aequo
583 5397 842 5468 iustoque
870 5399 1077 5468 judicio
1103 5399 1281 5454 divina
1317 5396 1548 5453 contulit
1581 5395 1948 5450 Providentia.

380 5491 446 5547 Hi
472 5508 599 5547 vero
621 5494 713 5563 qui
738 5494 803 5547 de
825 5501 969 5547 statu
990 5492 1178 5563 prima:
1203 5491 1548 5545 beatitudinis
1580 5490 1709 5545 moti
1737 5489 1950 5559 quidem

381 5596 529 5652 sunt,
566 5602 677 5641 non
720 5596 899 5643 tamen
940 5584 1410 5643 irremediabilitcr
1463 5584 1616 5654 moti,
1664 5583 1769 5639 illis
1818 5598 1951 5653 quos

450 5784 495 5818 ¹¹
517 5783 653 5842 Gen.
673 5802 745 5853 Vl,
771 5786 824 5841 2.
918 5790 962 5819 ²²
985 5785 1087 5843 lsa.
1116 5801 1259 5853 uri,
1279 5784 1366 5838 2'2.

2056 4568 2153 4622 riis
2184 4565 2416 4619 fortasse
2442 4571 2698 4631 corrupto
2747 4573 2995 4615 sermone
3031 4554 3368 4610 adversarias
3394 4562 3637 4621 potesta-

2055 4671 2137 4716 tes
2162 4669 2380 4729 pr0ptcr
2407 4656 2734 4712 ollensiones
2765 4652 3076 4707 hominibus
3115 4648 3367 4718 praebitas
3400 4659 3634 4713 corpora

2056 4757 2291 4811 humana
2333 4752 2533 4814 subire,
2568 4750 2620 4803 in
2646 4763 2819 4817 eoque
2853 4760 3041 4815 ptenas
3077 4744 3227 4797 luere
3255 4740 3440 4795 tradit.
3486 4738 3632 4792 Idem

2056 4865 2175 4919 cap.
2214 4846 2390 4901 Slibri
2414 4844 2572 4915 primi
2602 4842 2741 4911 Περὶ
2762 4842 2984 4910 ἅρχων,
3026 4853 3174 4892 num.
3208 4836 3233 4889 1
3268 4844 3322 4888 et
3365 4833 3420 4899 4,
3484 4830 3635 4899 paria

2057 4937 2369 5009 repetendo,
2404 4935 2637 4990 inculcat
2668 4952 2687 4986 t
2726 4932 3039 5003 angelorum
3066 4929 3299 4985 cilicium
3325 4925 3540 4981 nonnisi
3564 4940 3632 4978 ex

2057 5031 2251 5086 merito
2272 5037 2554 5093 constare;
2600 5047 2617 5078 ι
2654 5028 2927 5081 daemones
2962 5038 3112 5087 vero,
3179 5039 3197 5072 ι
3236 5036 3334 5091 pro
3393 5019 3632 5075 motibus

2058 5124 2170 5178 suis
2190 5133 2245 5176 et
2280 5121 2633 5192 profectibus,
2662 5120 2859 5189 quibus
2904 5116 2958 5172 in
2997 5116 3201 5172 scelere
3262 5113 3627 5183 profecerunt.

2058 5215 2399 5271 hosmalitiae
2425 5214 2654 5269 sortitos
2680 5227 2801 5267 esse
2846 5212 3079 5281 gradus,
3120 5229 3141 5263 ι
3185 5219 3349 5277 atque
3394 5207 3469 5260 ita
3512 5219 3633 5259 sese

2061 5309 2313 5378 nequitiae
2340 5307 2574 5370 dedisse,
2604 5307 2789 5374 utjam
2833 5303 3042 5359 libidini
3076 5302 3147 5357 sit
3178 5316 3240 5356 ac
3284 5298 3630 5354 delectationi

2062 5412 2362 5470 peccatum,
2396 5408 2447 5453 et
2472 5419 2490 5449 ‹
2530 5408 2589 5451 ut
2625 5397 2870 5453 revocari
2897 5397 3094 5463 nolint,
3125 5394 3295 5465 magis
3323 5408 3488 5463 quam
3524 5408 3631 5447 non

2060 5493 2285 5560 possint,
2312 5509 2330 5542 ι
2360 5490 2469 5545 Deo
2512 5505 2608 5558 pro
2636 5505 2732 5545 sua
2762 5490 3094 5557 benignitate
3121 5487 3300 5543 omnia
3334 5486 3401 5540 ad
3457 5485 3631 5540 beati-

2062 5585 2298 5641 tudinem
2357 5584 2663 5640 attrahente
2705 5593 2755 5641 et
2802 5566 3167 5653 provocante:
3201 5594 3232 5636 e
3291 5575 3631 5644 rationaliunt
