3860 6230
214 314 313 369 861

1036 302 1613 361 ORIGENIANORUM
1652 303 1779 359 LIB.
1821 301 1885 369 ll,
1926 303 2076 359 CAP.
2116 303 2180 370 ll,
2221 302 2494 372 QUASST.
2539 306 2603 363 V.

3349 311 3455 368 862

210 443 342 485 vero
372 434 686 482 naturarum
717 422 905 479 ordine
942 425 1008 476 ad
1049 422 1339 478 humanum
1371 438 1544 493 genus
1564 423 1783 492 explen-
1810 478 1812 484 γ

1906 421 2189 493 ;τάχθησαν
2214 424 2263 475 οἱ
2292 422 2433 477 οὕτω
2464 424 3013 509 προσαγορευόμενοι,
3036 418 3110 480 ὧν
3134 425 3193 477 τὸ
3241 425 3458 479 ὑποκεί-

213 521 341 576 dum
372 520 580 574 animas
606 518 912 589 seligi,quaa
942 526 1062 585 post
1088 516 1173 585 pie
1205 516 1636 572 administratum
1663 518 1786 570 vitae

214 624 450 685 tempus,
478 613 530 667 in
554 610 863 682 angelorum
898 610 1141 665 ordinem
1186 609 1379 664 iterum
1409 616 1781 665 assumuntur.

212 705 291 763 De
356 706 570 762 diabolo
619 706 816 758 iterum
848 701 943 756 lib.
1010 717 1070 756 ιιι
1123 702 1263 770 Περὶ
1305 700 1531 770 ἀρχῶν,
1580 717 1700 769 cap.
1730 699 1783 767 6,

214 815 365 855 num.
392 798 426 853 5
462 820 475 855 :
508 816 527 849 ‹
561 795 772 852 Destrui
821 809 971 860 sane,
1016 795 1213 864 inquit,
1246 793 1578 850 novissimus
1607 792 1787 848 inimi-

213 909 310 950 cus
366 895 440 947 ita
482 889 864 959 intelligendus
903 898 1010 951 est,
1042 904 1146 942 non
1182 897 1238 941 ut
1293 885 1595 941 substantia
1646 883 1785 953 ejus,

217 1003 339 1056 quae
368 1001 397 1039 a
443 984 555 1039 Deo
585 983 726 1037 facta
755 992 858 1047 est,
889 990 1097 1050 pereat,
1128 981 1223 1035 sed
1259 989 1317 1034 ut
1344 978 1700 1048 propositum,
1732 984 1787 1030 et

212 1080 470 1135 voluntas
496 1076 741 1141 inimica,
769 1090 889 1144 qua:
917 1090 1023 1129 non
1054 1090 1083 1126 a
1113 1073 1245 1137 Deo,
1277 1072 1371 1127 sed
1417 1074 1483 1124 ab
1508 1070 1625 1140 ipso
1662 1084 1790 1139 pro-

216 1171 404 1235 cessit,
439 1171 690 1224 intereat.
725 1186 745 1220 ›
776 1166 1006 1221 Homilia
1035 1166 1105 1220 25
1141 1166 1196 1220 in
1238 1165 1367 1219 Luc.
1391 1163 1611 1234 angelos
1643 1163 1787 1229 illos,

213 1264 283 1318 de
318 1262 515 1332 quibus
560 1262 737 1331 agitur
779 1262 948 1330 Apoc.
986 1276 1026 1313 ιι
1056 1267 1111 1314 et
1145 1274 1203 1313 ιιι
1238 1272 1515 1328 peccasse,
1558 1256 1787 1325 ideoque

219 1354 387 1409 fuisse
421 1370 450 1408 a
479 1354 687 1411 Joanne
729 1354 1086 1421 reprehensos
1121 1352 1217 1416 ait,
1270 1350 1503 1418 ipsisque
1542 1362 1663 1402 eum
1724 1362 1789 1403 ac

218 1444 530 1500 hominibus
597 1442 890 1497 salutarem
970 1439 1341 1509 pmnitentiam
1417 1436 1784 1506 praedicasse,

220 1535 671 1602 quemadmodum
726 1541 784 1586 et
840 1531 1210 1585 Servatorem.
1266 1527 1403 1582 Hinc
1446 1526 1691 1581 homil.4
1734 1529 1789 1581 in

218 1622 438 1689 Ezech.,
473 1639 621 1676 num.
654 1623 706 1686 1,
752 1636 873 1691 pag.
906 1620 1030 1685 370,
1068 1636 1086 1670 ι
1133 1618 1358 1684 Quando
1397 1632 1546 1688 ergo,
1594 1617 1787 1686 inquit,

217 1715 393 1785 angeli
427 1714 871 1785 pralvaricantur,
897 1721 946 1766 et
985 1710 1071 1763 alii
1100 1717 1224 1764 sunt
1262 1708 1353 1778 qui
1384 1710 1475 1761 Dei
1522 1716 1786 1777 prazcepta

1888 528 2048 582 μενον
2076 513 2175 567 οὐκ
2203 513 2330 569 ἄλλο
2363 516 2415 568 τί
2443 515 2641 585 ἐστινῆ
2673 515 2974 586 ἄνθρωπος,
3015 518 3107 571 καὶ
3132 516 3210 587 τῷ
3239 517 3461 570 ὑποκειο

1890 602 2037 673 μένῳ
2099 605 2411 677 συμϐέϐηκε
2470 606 2532 659 τὸ
2590 606 2763 679 θρόνῳ
2813 604 3034 679 εἷναι,ἢ
3093 610 3393 680 κυριότητι,
3423 608 3459 680 ἦ

1887 693 2051 764 ἀρχῇ,
2080 695 2113 764 ἤ
2148 695 2365 767 ἐξουσίᾳ
2388 715 2400 727 ·
2440 698 2533 750 καὶ
2558 699 2615 750 ἐν
2640 698 2716 768 τῷ
2754 700 2926 769 Ἰησοῦ
2970 701 3026 753 δὲ
3052 701 3129 771 τῷ
3156 702 3249 754 τοῦ
3301 701 3461 771 Ναυῆ

1886 788 2060 839 κεῖται
2083 788 2143 839 τό
2166 805 2179 817 ·
2215 789 2387 857 Ὠφοη
2422 790 2500 859 τῷ
2545 791 2715 862 Ἰησοῦ
2745 791 3029 862 ἄνθρωπος
3052 794 3110 846 ὲν
3144 794 3371 866 ’ῐεριχῶ,
3402 794 3463 857 ὃς

1892 895 2073 947 φησιν’
2121 878 2260 947 Ἐγὼ
2308 882 2742 953 ἀρχιστράτηγος
2789 885 2992 954 Κυρίου
3038 886 3318 956 δυνάμεως
3344 887 3463 940 νυνὶ

1894 970 2266 1042 παραγέγονα.
2288 971 2413 1027 lndc
2435 974 2520 1026 lux
2546 973 2668 1027 huic
2696 974 2811 1028 loco
2835 974 3146 1046 Hieronymi
3176 958 3353 1046 epist.)
3389 978 3452 1033 6|

1892 1062 1959 1115 ad
1997 1060 2333 1126 Pammach.,
2360 1077 2476 1133 cap.
2500 1062 2533 1116 5
2562 1081 2574 1115 :
2608 1062 2745 1119 «Nec
2768 1063 3027 1135 Origenes
3059 1082 3294 1135 unquam
3320 1068 3458 1123 dixit.

1894 1166 1963 1205 ex
2003 1152 2206 1219 angelis
2248 1153 2457 1208 animas
2499 1154 2648 1219 ﬁeri;
2680 1171 2803 1210 cum
2834 1158 2977 1225 ipsos
3006 1157 3229 1225 angelos
3257 1174 3454 1213 nomen

1892 1255 2013 1296 esse
2036 1241 2193 1296 oﬂicii
2222 1244 2433 1309 doceat,
2464 1260 2569 1298 non
2610 1255 2838 1301 naturai.
2874 1265 2893 1298 ι
2932 1246 3044 1301 Hoc
3077 1258 3178 1314 est,
3226 1265 3331 1303 non
3362 1264 3456 1318 per

1896 1345 2107 1389 natura:
2137 1337 2543 1391 conversionem
2575 1338 2798 1407 angelus
2833 1340 3011 1392 anima
3049 1340 3300 1405 elIicitur,
3320 1343 3466 1411 ejus-

1892 1427 2012 1479 dem
2049 1425 2245 1494 quippe
2271 1435 2475 1479 natura:
2510 1438 2663 1493 sunt;
2704 1429 2796 1482 sed
2831 1444 2927 1497 per
2979 1429 3136 1485 ollicii
3166 1442 3467 1487 commuta-

1897 1516 2121 1580 tionem,
2157 1527 2211 1569 et
2244 1518 2398 1586 quasi
2434 1517 2488 1570 in
2525 1518 2669 1571 aliud
2703 1520 3034 1573 domicilium
3067 1523 3462 1592 migrationem.

1899 1605 2005 1660 Sed
2028 1615 2083 1661 et
2115 1618 2244 1661 tom.
2281 1624 2413 1663 xvm
2442 1610 2493 1662 in
2524 1608 2710 1674 .louu.,
2748 1626 2893 1662 num.
2928 1610 3019 1674 58,
3050 1613 3362 1668 existimare
3405 1628 3467 1669 se

1894 1696 1970 1749 ait
2005 1697 2289 1751 divinitate
2323 1697 2448 1753 Jesu
2477 1699 2807 1769 stupefactos
2833 1701 3092 1769 quosdam
3135 1716 3165 1755 e
3207 1703 3467 1757 darrnoni-

220 1768 552 1869 cuZlodi'unt,
599 1814 653 1858 et
703 1803 964 1871 judicium
1000 1800 1402 1871 praestolamur,
1442 1814 1545 1853 non
1615 1799 1786 1854 solum

1906 1790 2027 1853 bus,
2059 1789 2379 1856 paenitentia
2412 1768 2600 1846 ductos
2622 1794 2689 1845 ad
2720 1768 2896 1861 ipsum
2922 1792 3249 1862 confugisse,
3268 1794 3467 1864 quippe

218 1900 519 1962 hominum,
557 1913 741 1952 verum
771 1898 931 1951 etiam
966 1896 1083 1960 Dei,
1104 1905 1162 1948 ut
1194 1894 1506 1963 frequenter
1535 1893 1788 1959 diximus,

218 2000 329 2045 tam
379 1992 445 2045 de
495 1991 577 2044 his
609 2005 727 2059 quae
777 1990 830 2043 in
868 1988 1241 2058 Apocalypsim
1290 1986 1597 2056 conscripta
1643 1996 1792 2053 sunt,

218 2100 381 2154 quam
435 2097 502 2135 ex
555 2082 675 2135 aliis
730 2079 1253 2143 innumerabilibus;
1305 2094 1499 2147 quare,
1549 2078 1791 2148 inquam,

219 2192 323 2230 non
352 2184 512 2229 terra:
540 2183 595 2227 et
625 2174 767 2227 aeris
797 2171 1055 2240 judicium
1084 2168 1464 2224 sitfuturum?
1504 2189 1524 2222 ›
1590 2168 1645 2223 In
1686 2168 1791 2223 Ca-

221 2267 361 2321 tenis
412 2265 572 2335 regiis
604 2266 653 2318 in
680 2263 954 2327 Psalmos,
988 2262 1052 2315 ad
1097 2262 1294 2331 psalm.
1323 2276 1494 2325 xxxii,
1519 2260 1575 2324 6,
1630 2261 1792 2314 verba

220 2360 333 2411 haec
368 2357 465 2426 ipsi
495 2357 800 2410 tribuuntur
833 2373 847 2407 :
879 2354 953 2406 Οὐ
983 2353 1091 2423 γάρ
1124 2354 1305 2424 νήπιοι
1339 2352 1651 2415 κτισθέντες
1674 2352 1793 2405 κατ’

215 2447 395 2515 ὀλίγον
428 2446 623 2517 μελέτῃ
654 2445 755 2515 τῆς
780 2443 875 2497 τοῦ
924 2445 1232 2515 πνεύματος
1265 2442 1530 2513 ὑποδοχῆς
1566 2442 1794 2511 γεγόνα-

220 2557 303 2593 σιν
332 2540 468 2604 ἄξιοι
492 2555 505 2567 ’
532 2537 645 2591 ἀλλ’
682 2539 738 2591 ὲν
764 2539 829 2607 τῇ
862 2534 1056 2607 πρώτῃ
1093 2534 1347 2587 συστάσει
1380 2536 1474 2587 καὶ
1522 2532 1600 2605 τῷ
1633 2532 1796 2585 οἱονεὶ⁹

218 2633 499 2703 φυράματι
526 2630 623 2700 τῆς
655 2628 841 2690 οὐσίας
872 2626 1050 2680 αὐτῶν
1078 2624 1611 2695 συγκαταϐληοεῖσαν
1639 2624 1794 2695 ἔσχον

216 2724 314 2796 τὴν
343 2724 636 2793 ἀγίοτητα·
685 2722 763 2774 διὸ
812 2722 906 2774 καὶ
955 2719 1342 2790 δυσμετάθετοι
1401 2719 1534 2789 πρὸς
1598 2718 1795 2771 κακίαν

219 2816 379 2879 εἰσιν,
433 2814 593 2877 εὐθὺς
638 2814 799 2866 οἱονεὶ
855 2812 1001 2883 βαφῇ
1056 2812 1132 2882 τῷ
1184 2810 1441 2881 ἁγιασμῷ
1493 2808 1797 2880 στομωθέν-

218 2926 332 2973 τες.
364 2909 426 2963 Et
448 2908 535 2961 illa
567 2923 777 2976 quoque
805 2908 870 2960 ad
923 2906 1113 2975 psalm.
1145 2920 1334 2970 cxvm,
1378 2904 1470 2966 89,
1504 2918 1624 2972 quae
1681 2901 1798 2955 aliae

222 3012 404 3054 tamen
444 3000 661 3054 Catena:
692 2997 916 3068 Didyme
945 2998 1226 3051 ascribunt
1262 3012 1276 3049 :
1310 2995 1369 3048 El
1395 2995 1449 3047 δὲ
1479 2995 1607 3066 περὶ
1629 2993 1796 3063 ἁγίων

1900 1881 1991 1949 qui
2025 1880 2241 1936 virtutis
2274 1882 2590 1951 capaciores
2642 1884 2775 1949 sint,
2811 1900 2974 1952 quam
3027 1883 3302 1949 homines;
3342 1900 3466 1939 cum

1898 1972 2157 2041 spiritalis
2214 1966 2425 2027 naturae
2474 1974 2604 2041 sint,
2639 1975 2880 2029 homines
2911 1990 3038 2029 vero
3080 1991 3352 2044 corporea:
3412 1986 3470 2032 et

1896 2064 2202 2119 crassioris.
2265 2064 2513 2134 Inprimis
2544 2083 2673 2121 vero
2726 2068 2925 2138 perlegi
2974 2068 3132 2123 velim
3172 2068 3321 2123 locos
3344 2068 3440 2124 Ori

1895 2156 2049 2226 genis
2083 2156 2150 2208 ab
2181 2155 2510 2227 Hieronymo
2538 2156 2880 2226 depromptos
2904 2158 3063 2227 epist.
3095 2157 3164 2212 59
3202 2159 3268 2213 ad
3295 2160 3468 2228 Avit.,

1894 2262 2017 2315 cap.
2055 2247 2108 2311 1,
2146 2248 2198 2300 in
2222 2248 2421 2316 quibus
2454 2250 2679 2303 rationis
2701 2250 2988 2318 participes
3014 2250 3471 2318 naturasjumen-

1901 2346 2075 2391 torum
2115 2340 2436 2407 corporibus
2470 2340 2714 2408 colligari
2749 2350 2965 2409 propter
2994 2342 3187 2395 delicta
3236 2342 3466 2408 asserit;

1898 2428 2218 2493 dannonum,
2248 2430 2527 2485 hominum
2585 2430 3006 2501 angelorumque
3058 2443 3280 2486 naturas
3306 2432 3468 2486 simul

1897 2524 2189 2592 permutari
2229 2538 2292 2577 ac
2316 2525 2629 2593 permisceri
2656 2541 2671 2589 ;
2705 2526 2943 2579 siderum
2970 2527 3205 2593 ipsorum
3237 2526 3467 2588 animas,

1897 2621 2082 2681 utpote
2118 2613 2330 2667 ratione
2366 2615 2645 2683 praeditas,
2676 2616 2745 2669 ob
2796 2625 3016 2685 peccata
3049 2618 3133 2669 his
3174 2616 3341 2671 fuisse
3368 2616 3468 2669 ad-

1895 2702 2106 2772 junctas
2135 2707 2476 2775 corporibus,
2510 2722 2630 2776 qua:
2655 2706 2733 2759 vel
2759 2707 3002 2776 plus,vel
3027 2708 3205 2762 minus
3232 2709 3467 2775 luceant,

1898 2805 2056 2865 prout
2091 2805 2235 2852 recte
2261 2797 2345 2852 vel
2373 2798 2513 2852 male
2543 2814 2600 2851 se
2631 2810 2932 2867 gesserunt.

1973 2889 2125 2956 Quod
2159 2900 2339 2945 autem
2358 2892 2548 2947 scribit
2574 2892 2907 2961 Epiphanius
2931 2895 2983 2947 in
3017 2894 3237 2963 synopsi
3270 2894 3398 2949 torni
3427 2894 3470 2958 Ι,

1901 2980 1999 3036 lib.
2043 2997 2101 3049 ιι,
2136 2998 2257 3052 cap.
2292 2982 2383 3048 l8,
2425 2984 2677 3038 docuisse
2729 2983 3014 3053 Origenem
3058 2986 3325 3041 desituros
3373 2986 3475 3040 alio

219 3091 500 3161 δυνάμεων
549 3092 674 3162 φῆς,
708 3090 953 3158 ἀγγέλων
983 3088 1125 3159 φημὶ
1156 3088 1249 3140 καὶ
1300 3087 1672 3159 ἀρχαγγέλων,
1701 3103 1798 3139 κα-

1906 3075 2121 3145 ·ιιιιιιιόο
2175 3075 2418 3145 angelos,
2484 3076 2564 3131 sic
2628 3076 3036 3144 intelligendum
3086 3087 3193 3141 est,
3236 3077 3474 3132 futuram

220 3181 329 3244 λῶς
360 3182 465 3253 φῆς
486 3222 499 3246 ,
532 3181 774 3251 ἀκίνητοι
815 3181 922 3252 γὰρ
942 3220 956 3243 ,
1000 3179 1198 3250 μᾶλλον
1229 3178 1285 3231 δὲ
1338 3178 1643 3248 δυσκίνητοι
1694 3180 1797 3230 εἰσι

224 3273 360 3344 πρὸς
392 3273 451 3325 τὸ
475 3272 641 3326 κακόν
662 3289 675 3301 ·
700 3271 858 3325 τοῦτο
888 3270 997 3341 γάρ
1024 3269 1201 3321 πείθει
1235 3286 1301 3339 με
1332 3268 1507 3337 λέγειν
1538 3270 1565 3321 ὁ
1620 3266 1799 3321 πεσὼν

225 3366 500 3437 ἑωσφόρος
531 3366 597 3419 δι’
627 3365 878 3436 ἔπαρσιν.
906 3363 1187 3417 Sexcentis
1221 3361 1288 3414 ad
1321 3361 1435 3415 haec
1466 3361 1601 3414 locis
1639 3374 1801 3428 ange-

230 3458 313 3512 los
345 3458 619 3512 hominum
651 3456 910 3510 cnstodiaz
942 3454 1224 3522 prmfectos
1254 3466 1451 3505 munus
1481 3452 1585 3505 sibi
1629 3452 1801 3519 impo-

228 3552 392 3605 situm
423 3550 753 3619 negligenter
771 3560 1152 3615 nonnunquam
1183 3546 1360 3609 obire,
1386 3554 1439 3598 et
1460 3551 1799 3612 peccatorum

228 3647 296 3699 ab
350 3646 659 3700 hominibus
721 3642 1081 3695 admissorum
1110 3639 1358 3694 conscios
1401 3652 1524 3693 esse
1559 3654 1624 3691 ac
1660 3650 1800 3700 reos,

229 3749 623 3808 proptereaque
647 3735 820 3805 poenis
867 3733 1139 3787 addictum
1184 3732 1253 3785 iri
1293 3730 1500 3785 deﬁnit.
1572 3727 1803 3783 lllustris

229 3847 357 3884 vero
386 3846 494 3897 prze
524 3828 745 3896 reliquis
772 3827 921 3880 locus
958 3824 1045 3877 ille
1069 3832 1149 3877 est
1181 3838 1212 3877 e
1242 3833 1370 3876 tom.
1406 3837 1475 3874 xv
1501 3822 1554 3874 in
1586 3820 1800 3882 Matth"

230 3936 378 3974 num.
405 3919 496 3983 27,
521 3919 606 3972 ubi
633 3928 917 3987 postquam
947 3916 1167 3985 angelos
1210 3928 1314 3967 non
1364 3914 1579 3967 homine
1606 3911 1802 3971 solum.

228 4011 323 4067 sed
345 4020 399 4065 et
426 4011 632 4079 reliquo
660 4009 841 4061 mundi
894 4008 1107 4078 opilicio
1148 4006 1557 4075 prmstantiores
1582 4014 1637 4058 et
1662 4003 1803 4057 anti—

230 4107 451 4176 quiores
476 4119 595 4157 esse
624 4102 757 4156 dixit
784 4118 798 4154 :
832 4101 1110 4172 Τόλμησαι
1133 4140 1147 4165 ,
1187 4098 1378 4167 inquit,
1426 4093 1803 4165 ἀποφήνασθαι

230 4198 314 4250 ὅτι
342 4196 524 4248 πολλοὶ
553 4196 650 4266 μὲν
681 4194 947 4263 ἀγγέλων,
970 4192 1018 4244 οἳ
1064 4190 1271 4262 πρῶτοι
1314 4185 1453 4259 ἦσαν
1504 4184 1803 4257 ἀνθρώπων

232 4289 469 4343 γίνονταί
495 4306 652 4341 τινων
679 4287 979 4359 ἀνθρώπων
1009 4285 1225 4354 ἔσχατοι
1255 4301 1267 4312 ·
1302 4281 1484 4335 πολλοὶ
1499 4280 1555 4333 δὲ
1576 4280 1669 4333 καὶ
1698 4276 1805 4332 τῶν

231 4380 554 4453 ἀνθρώπων,
580 4380 627 4432 οἳ
659 4379 875 4449 ἔσχατοι
902 4380 969 4448 τῇ
994 4376 1152 4445 φύσει
1173 4375 1496 4444 τυγχάνουσι
1513 4371 1619 4423 τῶν
1643 4368 1807 4439 ἀγγέ-

1900 3166 2027 3221 οΙίιη
2060 3181 2242 3220 rerum
2271 3166 2512 3222 omnium
2540 3169 2946 3222 conversionem
2978 3176 3034 3221 et
3080 3168 3471 3223 ἀποκατάστα-

1905 3274 2012 3321 σιν,
2040 3258 2388 3326 redituraque
2414 3257 2478 3311 ad
2504 3258 2789 3326 pristinum
2848 3268 3044 3313 statum
3077 3260 3282 3325 omnia,
3311 3275 3478 3330 ange-

1903 3345 2092 3416 losque
2136 3350 2269 3401 adeo
2302 3361 2367 3401 ac
2416 3348 2688 3401 daemones
2735 3348 2924 3402 eodem
2968 3349 3177 3405 futuros
3231 3350 3349 3405 loco
3367 3364 3477 3419 quo

1902 3438 2149 3503 luerunt,
2180 3449 2471 3508 antequam
2510 3439 2803 3493 virtutibus
2841 3440 2954 3494 suis
2995 3441 3076 3494 vel
3109 3443 3347 3510 peccatis
3408 3442 3476 3496 ad

1905 3528 2238 3597 angelorum,
2289 3529 2661 3584 daemonumve
2707 3540 2957 3583 naturam
2993 3531 3209 3601 aitjungi
3247 3533 3481 3588 meruis-

1904 3627 2046 3675 sent.
2080 3617 2247 3673 Recte
2271 3619 2321 3673 id
2347 3618 2498 3687 juxta
2530 3620 2783 3690 Origenis
2803 3621 3123 3674 sententiam
3148 3622 3368 3691 exponit
3390 3622 3481 3677 Ju-

1905 3711 2175 3765 stinianus
2232 3711 2284 3764 in
2334 3710 2560 3779 epistola
2591 3711 2658 3765 ad
2690 3712 2936 3781 quintam
2976 3712 3267 3782 synodum,
3314 3728 3476 3783 quam

1907 3800 2102 3851 recitat
2122 3795 2416 3851 Cedrenus.

1983 3908 2102 3964 XV.
2140 3908 2541 3975 Verumtamen,
2570 3912 2877 3982 perspicuis
2913 3912 3040 3969 licet
3085 3924 3140 3970 et
3177 3915 3481 3974 illustribus

1907 4003 2232 4058 testimoniis
2278 4004 2628 4058 deliramenta
2651 4004 2913 4074 ejusmodi
2938 4006 3294 4065 Adamantius
3335 4025 3480 4079 saepe

1905 4092 2225 4161 prodiderit,
2260 4095 2552 4165 aliquando
2579 4106 2775 4163 tamen,
2812 4099 2963 4166 quasi
3006 4098 3283 4170 Penelopae
3318 4102 3481 4157 telam

1907 4192 2182 4248 retexens,
2212 4190 2395 4254 priora
2437 4188 2651 4243 videtur
2692 4198 3009 4247 retractare.
3042 4211 3060 4242 ι
3102 4193 3233 4248 Vide
3262 4209 3411 4264 ergo,
3452 4213 3475 4248 ι

1909 4275 2087 4344 inquit
2118 4277 2308 4334 homil.
2339 4279 2373 4331 2
2402 4280 2453 4333 in
2479 4280 2665 4344 Levit.,
2696 4297 2844 4335 num.
2884 4284 2939 4347 5,
2983 4303 3002 4335 ι
3039 4299 3105 4339 ne
3130 4284 3271 4340 forte
3300 4285 3478 4349 Jesus,

1909 4382 2070 4437 quem
2120 4367 2317 4424 Paulus
2341 4371 2387 4402 "
2445 4374 2579 4428 dicit
2636 4375 2956 4444 paciﬁcasse
3011 4392 3105 4445 per
3164 4379 3484 4448 sanguinem

232 4470 358 4533 λων,
380 4471 617 4538 γὶνονται
650 4468 736 4522 διὰ
765 4467 855 4520 τὸν
890 4467 1031 4537 βίον,
1058 4465 1270 4519 καὶτὸν
1314 4463 1406 4517 τοῦ
1460 4461 1595 4514 Θεοῦ
1626 4460 1803 4529 λόγον,

1912 4472 2089 4522 suum,
2115 4473 2222 4512 non
2252 4461 2425 4515 solum
2451 4478 2570 4532 qua:
2620 4466 2672 4518 in
2710 4465 2890 4529 terris,
2919 4469 3013 4521 sed
3060 4477 3112 4520 et
3141 4483 3261 4536 qua:
3288 4468 3341 4522 in
3371 4483 3485 4524 cre-

232 4562 392 4615 τινῶν
420 4562 663 4629 ἀγγέλων
700 4562 757 4614 ἐν
786 4558 1022 4632 πρώτοις
1062 4559 1159 4629 μὲν
1184 4554 1552 4626 τεταγμένων,
1583 4551 1809 4623 γενομέ-

234 4672 340 4707 νων
390 4654 446 4707 se
508 4653 571 4705 ἐκ
620 4670 778 4705 τινων
803 4648 991 4703 αἰτιῶν
1035 4648 1297 4718 ἐσχάτων,
1336 4644 1561 4716 πρῶτοι.
1605 4643 1811 4710 Quibus

240 4748 443 4815 reliqua
490 4745 855 4799 consentiunt.
908 4740 1136 4795 lllustris
1183 4748 1237 4793 et
1288 4738 1389 4791 iste
1440 4750 1471 4790 e
1521 4744 1651 4790 tom.
1689 4749 1725 4787 ιι
1756 4733 1811 4785 in

234 4839 425 4901 10am,
455 4852 603 4890 num.
633 4836 696 4889 l7
720 4875 735 4899 ,
771 4836 821 4888 in
858 4849 965 4903 quo
1011 4831 1183 4901 angeli
1213 4840 1268 4883 et
1319 4827 1553 4882 hominis
1614 4837 1807 4878 nomen

237 4931 411 4984 eidem
434 4927 676 4997 subjecto
710 4939 1093 4993 nonnunquam
1134 4919 1354 4974 attribui
1384 4918 1551 4982 dicit,
1582 4916 1715 4970 adeo
1754 4925 1811 4969 ut

240 5022 399 5077 homo
428 5020 652 5088 angelus
680 5017 991 5086 aliquando,
1018 5024 1070 5069 et
1122 5012 1343 5081 angelus
1380 5008 1618 5063 vicissim
1656 5009 1814 5061 homo

243 5098 555 5183 appelletur.
585 5111 718 5164 Tum
747 5109 966 5176 subjicit
998 5124 1013 5160 ε
1052 5108 1162 5159 Καὶ
1191 5105 1271 5157 ἑτι
1323 5102 1520 5173 μᾶλλον
1559 5116 1813 5170 παραμυ-

243 5205 466 5276 θήσεται
517 5203 601 5255 ὅτι
636 5202 728 5253 ἐπὶ
772 5199 879 5252 τῶν
923 5196 1242 5269 κρειττόνων
1288 5194 1568 5264 δυνάμεων
1604 5191 1672 5244 τὰ
1695 5188 1812 5242 ὀνό-

246 5315 389 5368 ματα
414 5296 536 5366 οὐχὶ
568 5294 781 5365 φύσεων
806 5292 1118 5356 gemes-.1»
1140 5290 1397 5361 ὀνόματα,
1431 5284 1566 5339 ἀλλά
1589 5280 1814 5345 τάξεων,

244 5382 314 5441 ὧν
345 5388 437 5459 ἠδέ
468 5405 569 5452 τις,
596 5388 687 5439 καὶ
709 5386 802 5457 ἠδὲ
831 5385 1022 5454 λογικὴ
1048 5384 1206 5452 φύσις
1234 5381 1483 5449 τέτευχεν
1514 5376 1621 5429 ἀπὸ
1635 5373 1768 5427 Θεοῦ
1802 5390 1813 5401 ·

245 5480 431 5551 Θρόνος
455 5479 559 5550 γὰρ
589 5479 688 5531 οὐκ
716 5473 853 5541 εἶδος
883 5476 1043 5540 ζῴου,
1066 5474 1184 5527 οὐδὲ
1213 5472 1373 5544 ἀρχὴ,
1395 5471 1511 5524 οὐδὲ
1533 5468 1809 5539 κυριότης,

247 5571 365 5625 οὐδὲ
420 5569 635 5635 ἐξουσία
664 5610 679 5635 ,
728 5569 863 5622 ἀλλά
900 5568 1140 5640 ὀνόματα
1189 5564 1549 5636 πραγμάτων,
1611 5563 1693 5630 ἐφ’
1743 5554 1816 5615 ὧν

318 5750 365 5781 ³³
398 5750 603 5806 Coloss.
636 5766 672 5817 t,
703 5750 791 5804 20.

1910 4550 1980 4606 lis
2002 4562 2148 4619 sunt,
2173 4554 2314 4609 idem
2341 4556 2453 4624 ipse
2476 4557 2547 4610 sit
2582 4556 2804 4621 vitulus,
2837 4559 2927 4626 qui
2975 4558 3029 4612 iu
3076 4560 3233 4614 C(Blis
3264 4561 3483 4631 quidem

1915 4661 2023 4702 non
2052 4662 2148 4716 pro
2170 4659 2414 4717 peccato,
2449 4650 2542 4703 sed
2584 4660 2638 4704 et
2684 4666 2783 4720 pro
2823 4666 3048 4706 munere
3097 4653 3312 4708 oblatus
3356 4665 3481 4711 est:

1916 4739 1969 4794 in
2002 4740 2165 4795 terris
2188 4750 2393 4805 autem,
2440 4741 2526 4795 ubi
2572 4741 2640 4795 ab
2689 4743 2858 4797 Adam
2919 4759 3091 4813 usque
3130 4746 3197 4798 ad
3256 4744 3476 4816 Moysen

1918 4833 2169 4903 regnavit
2203 4840 2505 4902 peccatum,
2540 4833 2752 4888 oblatus
2786 4835 2856 4889 sit
2878 4849 2976 4904 pro
2998 4848 3236 4905 peccato.
3271 4839 3335 4892 Et
3386 4841 3487 4895 hoc

1916 4933 1999 4977 est
2022 4938 2242 4993 passum
2269 4940 2388 4979 esse
2417 4936 2569 4980 extra
2600 4940 2801 4982 castra.
2847 4949 2866 4981 ι
2920 4929 2994 4982 Ex
3026 4928 3186 4997 hujus
3219 4930 3319 4985 loci
3350 4945 3483 4985 con-

1920 5024 2093 5079 textu,
2126 5015 2170 5069 si
2207 5016 2335 5083 quis
2384 5017 2649 5083 attendat,
2674 5016 2901 5072 ellicltur
2923 5018 3071 5083 illud,
3099 5019 3152 5072 in
3190 5018 3330 5075 ctelo
3363 5032 3489 5089 pec-

1921 5115 2102 5159 catum
2146 5121 2253 5160 non
2285 5107 2522 5161 admitti.
2550 5107 2781 5162 llomilia
2827 5123 3039 5178 quoque
3076 5110 3129 5161 in
3174 5109 3339 5163 Num.
3368 5125 3485 5175 xm,

1920 5213 2071 5253 num.
2102 5197 2153 5263 7,
2189 5213 2311 5252 cum
2342 5198 2663 5267 qumsiisset,
2691 5217 2786 5254 cur
2813 5218 2879 5257 ne
2907 5219 2937 5257 a
3004 5201 3257 5257 Balaamo
3284 5203 3486 5257 daemo-

1921 5304 2016 5344 nes
2058 5289 2402 5357 invocentur,
2438 5292 2688 5361 prohibet
2728 5294 2899 5359 Deus;
2955 5295 3241 5365 respondet
3287 5294 3490 5348 idcirco

1925 5382 2124 5438 factum
2157 5383 2309 5449 illud,
2352 5385 2492 5453 quod
2525 5385 2607 5441 vel
2650 5386 2859 5441 arbitrii
2915 5386 3106 5441 luisset
3157 5384 3488 5440 daemonibus

1928 5477 2279 5546 relinquenda
2313 5478 2556 5544 libertas,
2613 5495 2909 5549 eorumque
2960 5479 3236 5533 furoribus
3292 5488 3346 5533 et
3407 5479 3489 5531 in-

1926 5571 2202 5639 teniperiis
2242 5573 2632 5639 permittendus
2694 5573 2917 5642 populus
2974 5572 3107 5637 Dei;
3142 5573 3225 5626 vel
3277 5568 3487 5627 arbitrii
