3836 6236
389 284 494 339 865

1670 281 1729 334 P.
1779 279 2094 334 DANlliLIS
2132 278 2364 335 HUETII

3554 282 3648 335 884

392 405 642 459 libertate
681 403 943 473 spoliandi
987 402 1215 458 fuissent
1259 403 1443 470 iidem,
1494 420 1561 459 ne
1602 404 1653 457 in
1700 404 1969 458 Israelitas
2000 409 2045 463 Α
2076 402 2250 470 lapsu.
2277 400 2429 457 Tunc
2453 402 2556 457 erit
2583 404 2721 459 Deus
2759 403 2936 459 omnia
2970 404 3021 458 in
3043 406 3290 459 omnibus
3318 401 3409 465 ’⁵;
3445 420 3463 452 ι
3511 404 3649 469 quod

395 496 725 563 impotenter
757 495 1103 550 desmvireut.
1142 495 1482 552 Postremum
1520 498 1624 552 hoc
1654 497 1701 551 si
1758 496 1969 561 luisset,

398 604 419 639 ι
453 587 552 640 hoc
583 595 722 653 erat,
754 587 945 657 inquit,
975 591 1263 643 damnasse
1325 588 1698 643 rationabilem
1753 597 1970 643 creatu-

397 689 534 738 ram,
564 688 616 729 et
656 687 784 731 ante
838 688 1050 745 tempus
1086 678 1336 733 intulisse
1381 676 1667 747 judicium,
1704 687 1760 731 et
1805 678 1973 746 impe-

396 763 541 820 disse
576 768 849 831 omnibus,
884 769 976 835 qui
1002 768 1288 822 adversum
1327 782 1421 822 eos
1448 768 1502 821 in
1528 782 1699 835 agone
1722 776 1974 835 poterant

399 858 672 912 coronari.
714 876 733 909 ι
793 858 956 923 Quasi
1006 859 1280 913 daemones
1312 858 1364 912 in
1399 859 1603 925 judicio
1633 858 1891 911 adversus
1914 873 1973 912 se

396 948 523 1005 olim
584 952 869 1003 statuendo
920 949 1010 1018 jus
1072 949 1338 1003 libertatis
1407 950 1624 1002 tandem
1684 948 1974 1016 aliquando

398 1041 651 1096 amissuri
708 1041 835 1096 sint.
870 1041 1021 1107 Quod
1071 1042 1316 1109 quamvis
1340 1058 1446 1095 non
1483 1040 1688 1110 liquido
1723 1056 1786 1093 ex
1811 1055 1971 1109 supe-

399 1134 656 1199 rioribus,
684 1149 859 1201 neque
896 1135 1199 1187 necessaria
1226 1134 1612 1203 consequentia
1637 1142 1884 1201 cogatur,
1910 1146 1974 1186 eo

402 1236 580 1281 tamen
607 1227 819 1279 videtur
854 1226 951 1279 loci
1010 1225 1166 1291 hujus
1201 1224 1460 1279 inclinare
1490 1224 1781 1287 sententia,
1840 1231 1895 1276 et
1945 1238 1973 1275 a

396 1318 667 1389 prioribus
721 1318 929 1384 placitis
981 1318 1247 1371 recedere.
1286 1316 1418 1370 Cum
1471 1316 1766 1385 prtesertim
1814 1313 1907 1369 lib.
1955 1330 1971 1368 ι

398 1410 538 1478 Περὶ
562 1409 788 1478 ἀρχῶν,
818 1425 937 1478 cap.
964 1408 1018 1473 6,
1047 1424 1195 1461 num.
1222 1410 1272 1472 l,
1303 1409 1367 1461 de
1391 1408 1698 1478 angelorum
1730 1408 1976 1461 libertate

398 1503 710 1557 accuratius
740 1509 977 1567 acturus,
1003 1510 1050 1553 et
1075 1502 1328 1570 dogmata
1366 1514 1530 1567 supra
1572 1500 1824 1553 ventilata
1859 1498 1976 1553 fuse

400 1594 797 1662 propositurus,
858 1593 929 1646 ita
974 1592 1378 1661 proloquatur:
1425 1612 1444 1644 ι
1499 1592 1628 1658 Quze
1688 1594 1903 1662 quidem
1946 1609 1974 1648 a

402 1686 559 1739 nobis
585 1685 747 1737 etiam
785 1699 908 1737 cum
949 1700 1143 1753 magno
1175 1694 1320 1737 metu
1358 1693 1411 1737 et
1455 1683 1664 1737 cautela
1701 1684 1973 1747 dicuntur,

2075 494 2315 563 Apostuli
2352 495 2670 548 auctoritate
2699 495 3007 560 conﬁrmat,
3038 494 3129 564 qui
3178 493 3320 548 nulla
3357 508 3441 557 re,
3477 507 3650 562 quau-

2075 584 2324 639 tnmlibet
2359 587 2507 656 gravi
2533 594 2587 640 et
2616 585 2860 649 molesta,
2890 600 2920 639 a
2976 585 3174 641 Christi
3204 585 3409 640 charitz
3425 595 3478 638 te
3533 599 3651 638 sese

2074 675 2255 728 divelli
2287 690 2445 743 posse
2472 676 2714 730 declarat
2745 694 2759 731 :
2794 689 3023 745 cumque
3059 685 3204 731 tomo
3242 691 3354 731 xvtt
3414 676 3471 727 in
3507 672 3641 728 Hat-

2076 766 2266 819 tha’um
2298 810 2312 834 ,
2355 783 2503 821 num.
2537 766 2627 832 30,
2683 782 2803 821 cum
2858 776 3125 836 quaereret
3167 780 3345 820 annon
3403 766 3651 821 homines

2077 859 2275 927 pietate
2328 859 2563 927 insignes
2604 859 2780 929 angeli
2820 860 3074 925 evadant,
3118 858 3467 912 dubitantem
3504 870 3565 911 se
3602 868 3652 910 et

2078 951 2344 1004 incertum
2377 950 2491 1005 ha-c
2536 951 2867 1020 perscrutari
2892 951 3037 1005 dicat
3068 970 3079 1003 :
3111 963 3343 1019 cumque
3365 948 3479 1003 alio
3516 948 3651 1011 loco,

2078 1053 2363 1112 postquam
2403 1042 2468 1095 de
2492 1041 2697 1110 angelis
2732 1042 2858 1111 quid
2902 1042 3124 1096 sentiret
3158 1040 3488 1111 explicavit,
3529 1039 3653 1093 talia

2078 1134 2367 1187 subuectat
2400 1149 2410 1183 :
2451 1151 2468 1183 ι
2505 1132 2629 1186 llaec
2659 1132 2811 1199 juxta
2857 1141 3097 1186 nostram
3152 1130 3489 1187 sententiam
3553 1146 3651 1182 non

2078 1226 2188 1280 sint
2214 1226 2483 1293 dogmata,
2519 1225 2612 1278 sed
2652 1225 2875 1294 quaesita
2911 1232 3137 1287 tantum,
3188 1233 3355 1293 atque
3388 1221 3651 1291 projects,

2091 1333 2156 1372 ne
2186 1321 2400 1386 penitus
2441 1318 2727 1371 intractata
2754 1318 3059 1371 viderentur
3087 1316 3217 1388 (3i).
3266 1334 3286 1368 ι

2154 1407 2291 1461 XVI.
2321 1408 2439 1462 Jam
2474 1422 2599 1461 vero
2638 1407 2794 1476 ecqui
2846 1409 3113 1462 damnosa:
3160 1407 3286 1461 huic
3326 1422 3518 1463 causa:
3547 1407 3653 1461 suf-

2083 1509 2385 1578 fragantur,
2443 1508 2796 1576 inquiramus.
2840 1508 2917 1560 Ac
2950 1506 3175 1575 primum
3202 1508 3432 1578 angelos
3460 1519 3518 1562 et
3564 1510 3653 1562 ho-

2079 1601 2253 1654 mines
2314 1599 2589 1670 hypostasi
2641 1598 2856 1666 quidem
2916 1598 3241 1665 discrepare,
3294 1609 3354 1653 at
3411 1600 3655 1654 eamdem

2080 1693 2278 1746 habere
2344 1702 2590 1745 naturam
2634 1690 2770 1744 dixit
2827 1688 3058 1745 Joannes
3097 1690 3427 1745 Damascen.
3456 1691 3555 1745 lib.
3592 1690 3659 1744 De

400 1776 815 1829 discutientibus
871 1776 1045 1844 magis
1077 1787 1130 1829 et
1160 1777 1640 1844 pertractantibns,
1674 1792 1833 1845 quam
1876 1791 1973 1844 pro
2006 1763 2047 1817 1⁸
2084 1784 2290 1837 duabus
2318 1782 2687 1840 roluntatibus.
2731 1783 2979 1852 Ejusdem
3021 1798 3147 1837 vero
3175 1797 3296 1838 esse
3326 1784 3559 1853 angelos
3586 1784 3661 1837 in-

400 1878 550 1922 certo
583 1882 645 1921 ac
677 1868 895 1921 delinito
925 1869 1304 1923 statuentibus.
1348 1868 1645 1923 Indicatum
1681 1884 1913 1937 namque
1943 1886 1971 1924 a

401 1960 630 2015 nobisin
669 1963 1045 2030 superioribus
1069 1971 1172 2026 est,
1202 1978 1318 2029 qua:
1344 1962 1449 2016 sint
1476 1963 1539 2017 de
1571 1964 1771 2033 quibus
1800 1965 1974 2017 mani-

400 2051 535 2107 festo
561 2054 810 2123 dogmate
836 2054 1232 2108 terminandum
1270 2055 1339 2107 sit
1366 2096 1377 2114 ,
1404 2057 1546 2124 quod
1575 2066 1625 2109 et
1650 2070 1746 2125 pro
1774 2057 1976 2111 viribus

398 2160 498 2199 nos
554 2145 748 2200 fecisse
802 2157 951 2215 puto,
986 2164 1105 2201 cum
1162 2148 1226 2201 de
1280 2146 1549 2201 Trinitate
1603 2147 1971 2218 loqueremur.

400 2235 553 2291 Nunc
588 2247 765 2291 autem
796 2239 1103 2307 disputandi
1130 2240 1309 2308 specie
1355 2239 1528 2308 magis
1555 2279 1571 2303 ,
1628 2255 1790 2308 quam
1845 2241 1977 2294 deli—

401 2330 603 2393 nieudi,
623 2341 780 2398 prout
798 2347 1101 2399 possumus,
1123 2346 1473 2397 exercemur;
1493 2352 1508 2383 ι
1528 2349 1755 2401 rumque
1780 2348 1897 2402 cap.
1918 2335 1974 2398 8,

401 2437 549 2475 num.
586 2422 640 2485 5,
669 2422 825 2491 hujus
853 2422 974 2474 libri
1006 2423 1085 2476 sic
1114 2423 1352 2492 disputet
1386 2440 1399 2474 :
1453 2442 1469 2474 ι
1511 2424 1823 2479 Secundum
1881 2442 1978 2481 nos

402 2529 533 2567 vero
566 2514 696 2566 nihil
740 2522 823 2567 est
877 2515 931 2567 in
971 2514 1115 2567 omni
1162 2516 1469 2569 rationabili
1522 2527 1797 2583 creatura,
1833 2520 1975 2587 quod

404 2621 507 2660 non
550 2615 655 2659 tam
692 2608 813 2660 boni
847 2622 1006 2675 quam
1045 2606 1167 2659 mali
1215 2608 1283 2673 sit
1319 2622 1489 2677 capax
1526 2625 1538 2660 :
1569 2609 1662 2661 sed
1711 2624 1814 2662 non
1844 2625 1975 2663 con-

404 2700 553 2752 tinuo
588 2701 714 2769 quia
746 2700 974 2753 dicimus
1033 2698 1229 2752 nullam
1277 2716 1396 2754 esse
1433 2710 1678 2753 naturam
1720 2716 1838 2769 quae
1870 2718 1974 2756 non

403 2791 571 2859 possit
607 2791 844 2858 recipere
872 2790 1093 2852 malum,
1123 2791 1325 2846 idcirco
1351 2792 1743 2846 confirmamus
1760 2809 1973 2847 omnem

402 2891 649 2935 naturam
678 2883 945 2950 recepisse
987 2882 1208 2943 malum,
1254 2882 1306 2936 id
1343 2893 1447 2948 est,
1474 2883 1669 2936 malam
1714 2900 1831 2939 esse
1898 2886 1977 2939 ef-

404 2973 600 3027 fectam
632 2992 642 3026 :
682 2974 821 3027 sicut
850 2982 932 3027 est
964 2974 1143 3027 dicere
1177 2974 1318 3040 quod
1349 2978 1527 3029 omnis
1553 2977 1788 3030 hominis
1820 2984 1977 3030 natu-

408 3080 467 3118 ra
528 3065 719 3133 recipit
772 3074 831 3118 ut
890 3065 1060 3134 possit
1114 3065 1395 3135 navigare,
1432 3077 1752 3122 nontamen
1807 3084 1871 3122 ex
1912 3084 1977 3123 eo

410 3157 572 3208 etiam
607 3156 780 3208 omnis
806 3156 965 3210 homo
991 3156 1267 3224 navigabit
1300 3173 1314 3210 :
1351 3168 1405 3211 et
1450 3160 1645 3211 iterum
1674 3160 1819 3213 omni
1877 3162 1977 3214 ho-

412 3248 540 3299 mini
569 3246 823 3314 possibile
870 3257 955 3299 est
994 3248 1204 3302 discere
1261 3258 1429 3302 artem
1478 3252 1885 3319 grammaticam
1928 3262 1983 3305 ct

408 3339 770 3403 medicinam;
832 3354 935 3391 non
993 3349 1171 3392 tamen
1210 3339 1409 3394 idcirco
1454 3343 1752 3395 ostenditur
1806 3344 1984 3397 omnis

407 3430 572 3484 homo
605 3428 684 3481 vel
723 3429 962 3482 medicus
1003 3445 1146 3492 esse,
1186 3430 1269 3483 vel
1333 3433 1715 3499 grammaticus
1748 3451 1761 3485 :
1822 3434 1891 3486 ita
1938 3434 1985 3487 si

410 3518 639 3572 dicimus
668 3518 867 3572 nullam
897 3533 1017 3573 esse
1048 3530 1293 3573 naturam
1332 3536 1451 3589 qua:
1496 3538 1600 3575 non
1634 3523 1801 3591 possit
1850 3523 1985 3576 reci-

412 3626 540 3682 pere
570 3611 790 3677 malum,
824 3627 928 3665 non
987 3622 1165 3666 tamen
1209 3613 1464 3667 continuo
1507 3614 1669 3666 etiam
1720 3614 1987 3683 recepisse

413 3703 611 3756 malum
637 3703 972 3773 designatur.
1007 3704 1312 3758 Secundum
1350 3721 1446 3759 nos
1484 3720 1718 3774 namque
1764 3721 1827 3758 ue
1873 3706 1987 3759 dia-

418 3794 570 3848 bolus
596 3794 812 3863 quidem
838 3796 953 3863 ipse
978 3796 1201 3863 incapax
1238 3796 1337 3848 fuit
1360 3798 1520 3860 boni;
1558 3814 1661 3852 non
1696 3807 1870 3850 tamen
1907 3797 1987 3850 id-

411 3886 559 3942 circo
585 3888 714 3955 quia
749 3890 925 3954 potuit
957 3887 1199 3954 recipere
1231 3887 1457 3951 bonum,
1482 3888 1644 3942 etiam
1668 3888 1856 3955 voluit,
1904 3888 1987 3942 vel

418 3978 599 4031 virtuti
651 3993 873 4047 operam
907 3979 1094 4031 dedit:
1137 3996 1154 4028 ι
1227 3990 1282 4033 ει
1336 3980 1493 4047 paulo
1540 3988 1690 4049 post,
1734 3995 1882 4032 nttm.
1913 3979 1985 4033 ιε

419 4089 438 4122 ι
467 4070 535 4126 Et
566 4081 649 4125 est
678 4071 815 4125 alter
838 4072 939 4125 iste
971 4072 1103 4125 ordo
1135 4072 1468 4125 rationabilis
1494 4082 1778 4135 creatum,
1807 4074 1895 4140 qui
1932 4088 1990 4127 se

418 4162 492 4215 ita
524 4177 764 4231 prteceps
796 4162 1054 4231 nequitia:
1080 4163 1243 4229 dedit,
1281 4172 1338 4215 ut
1380 4163 1622 4217 revocari
1659 4162 1791 4215 nolit
1818 4163 1988 4232 magis

414 4269 576 4323 quam
612 4269 715 4307 non
752 4255 959 4323 possit,
988 4256 1116 4306 dum
1150 4254 1414 4307 scelerum
1452 4255 1628 4307 rabies
1671 4252 1781 4320 jam
1826 4252 1989 4306 libido

411 4352 597 4408 est,et
640 4345 901 4413 delectat;
935 4366 953 4397 ι
1014 4356 1068 4401 ει
1137 4362 1257 4400 cum
1301 4346 1391 4398 lib.
1449 4360 1478 4397 v
1530 4343 1883 4399 Commentar.
1935 4347 1988 4397 in

2088 1885 2168 1929 ter
2217 1891 2273 1929 se
2307 1886 2513 1928 naturae
2560 1884 2713 1929 tanto
2764 1890 3030 1929 consensu
3073 1873 3261 1929 Patres
3295 1873 3657 1937 aﬂirmarunt,

2088 1979 2144 2022 ut
2179 1969 2317 2022 hanc
2341 1967 2506 2021 fuisse
2534 1967 2786 2021 Ecclesia:
2816 1969 3081 2021 universa:
3109 1967 3420 2022 doctrinam
3462 1984 3495 2021 a
3534 1983 3662 2021 non-

2086 2059 2243 2113 nullis
2278 2061 2545 2127 proditum
2573 2060 2640 2112 sit
2684 2076 2698 2111 :
2746 2056 2883 2111 bene
2927 2066 3105 2111 autem
3158 2057 3243 2111 vel
3302 2058 3454 2113 male
3510 2074 3663 2129 agere

2086 2166 2240 2220 posse
2268 2150 2484 2220 angelos
2515 2160 2569 2205 et
2604 2151 2895 2213 dmmones,
2929 2158 3051 2219 post
3078 2149 3369 2219 Origenem
3402 2151 3509 2205 viri
3549 2167 3664 2220 gra-

2087 2259 2176 2297 ves
2208 2244 2410 2313 opinati
2466 2255 2607 2298 sunt.
2642 2242 2956 2297 Ambrosius
2986 2242 3129 2297 hunc
3171 2259 3455 2313 exponens
3518 2244 3663 2298 Pauli

2084 2333 2258 2388 locum
2290 2335 2356 2387 ad
2386 2333 2586 2405 Ephcs.
2623 2351 2703 2397 ιιι,
2735 2334 2821 2399 10,
2854 2336 3121 2389 daemones
3163 2336 3231 2387 ab
3272 2351 3467 2391 errore
3523 2350 3670 2390 revo-

2083 2426 2195 2480 cari
2229 2440 2384 2493 posse
2437 2441 2534 2495 per
2569 2426 2867 2480 Ecclesiam
2893 2467 2908 2491 ,
2946 2438 3001 2481 et
3053 2442 3083 2480 a
3133 2426 3332 2480 diaboli
3387 2426 3667 2479 consortio

2090 2517 2364 2586 segregari
2391 2516 2621 2571 censuit.
2658 2517 3017 2589 llierouymus
3044 2517 3096 2569 in
3128 2517 3369 2584 ejusdem
3407 2515 3667 2584 Epistula:

2084 2620 2201 2675 cap.
2234 2607 2285 2671 l,
2318 2621 2463 2661 vers.
2494 2606 2564 2661 22
2598 2623 2611 2659 :
2654 2626 2671 2658 ι
2702 2606 2810 2663 Cur
2837 2616 3013 2660 autem
3038 2608 3243 2674 omnia,
3276 2607 3475 2677 inquit,
3499 2606 3555 2660 id
3587 2614 3667 2659 est

2085 2697 2279 2767 angeli,
2320 2699 2523 2763 throni,
2554 2699 2970 2762 dominationes,
3008 2708 3323 2768 potestates,
3347 2708 3405 2752 et
3438 2698 3667 2751 virtutes

2084 2798 2311 2853 etatem,
2336 2804 2455 2859 quae
2485 2805 2757 2859 nunquam
2798 2790 3011 2843 fuerunt
3052 2792 3339 2845 contraria:
3386 2787 3524 2850 Deo,
3553 2787 3666 2855 ejus

2086 2881 2314 2948 pedibus
2369 2880 2767 2951 subjiciantur,
2837 2884 3048 2938 videtur
3095 2885 3412 2938 obscurum.
3477 2879 3667 2935 Potest

2087 2975 2268 3042 itaque
2301 2974 2616 3041 responderi
2642 2976 2783 3044 quod
2814 2978 3013 3046 absque
3040 2984 3258 3045 peccato
3290 2973 3472 3027 nullus
3498 2977 3576 3028 sit
3598 2974 3665 3035 ³⁸,

2086 3075 2139 3118 ει
2166 3065 2340 3118 sidera
2373 3065 2487 3133 ipsa
2520 3081 2624 3119 non
2662 3068 2772 3120 sint
2808 3069 3002 3121 munda
3029 3082 3208 3121 coram
3236 3065 3429 3133 Deo",
3458 3066 3667 3120 omnis-

2088 3166 2191 3220 que
2224 3161 2473 3204 creatura
2507 3166 2698 3220 paveat
2727 3154 3003 3209 Creatoris
3038 3155 3349 3207 adventum.
3400 3151 3564 3207 Unde
3614 3162 3667 3205 et

2085 3258 2219 3296 crux
2274 3243 2575 3298 Salvatoris
2614 3260 2717 3297 non
2770 3247 2944 3300 solum
3004 3261 3066 3299 ea
3111 3260 3229 3314 quae
3273 3244 3325 3297 in
3361 3254 3539 3309 terra,
3571 3244 3663 3297 sed

2085 3331 2247 3384 etiam
2277 3346 2339 3385 ea
2365 3348 2484 3401 qua:
2518 3334 2568 3386 in
2611 3334 2765 3389 cmlis
2806 3345 2957 3389 erant
2986 3350 3245 3404 purgasse
3269 3334 3661 3403 perhibeturu

2086 3428 2141 3473 et
2167 3420 2323 3488 paulo
2365 3424 2613 3491 superius
2639 3425 2690 3478 in
2740 3424 2898 3493 hujus
2958 3425 3149 3493 capitis
3180 3439 3321 3477 vers.
3350 3424 3425 3477 ‘20
3477 3440 3488 3474 :
3550 3441 3573 3475 ι
3610 3421 3665 3476 Si

2088 3522 2266 3565 autem
2297 3524 2421 3566 sunt
2446 3516 2795 3584 principatus,
2822 3524 2873 3570 et
2912 3524 3223 3585 potestates,
3247 3526 3300 3567 et
3327 3516 3587 3580 virtutes,
3615 3525 3667 3570 et

2087 3604 2501 3670 dominationes,
2522 3622 2741 3661 necesse
2755 3616 2837 3662 est
2862 3616 2920 3661 ut
2939 3617 2993 3661 et
3020 3606 3290 3673 subjectos
3313 3607 3581 3669 habeant,
3616 3618 3667 3661 et

2090 3695 2342 3750 timentes
2367 3711 2444 3761 se,
2482 3707 2536 3751 et
2558 3700 2855 3752 servientes
2877 3698 3001 3761 sibi,
3030 3708 3085 3751 et
3107 3712 3202 3751 eos
3242 3696 3335 3766 qui
3365 3711 3467 3750 sua
3508 3697 3668 3750 forti-

2090 3785 2277 3840 tudine
2306 3788 2647 3844 roborentur.
2685 3788 2813 3855 Qute
2872 3786 3279 3842 distributiones
3329 3785 3667 3853 ofﬁciorum,

2091 3894 2194 3931 non
2247 3878 2418 3933 solum
2460 3878 2970 3948 imprteseutiarum,
3010 3880 3105 3932 sed
3159 3878 3320 3932 etiam
3372 3878 3427 3930 in
3486 3879 3668 3932 futuro

2092 3971 2292 4024 saeculo
2309 3963 2489 4037 erunt,
2521 3982 2577 4024 ut
2595 3987 2691 4040 per
2714 3971 2957 4041 singulos
2988 3970 3261 4039 profectus
3282 4010 3298 4034 ,
3326 3978 3380 4023 et
3407 3970 3665 4032 honores,

2090 4068 2143 4113 et
2167 4053 2530 4125 ascensioues,
2556 4072 2609 4116 et
2640 4063 3049 4128 descensiones,
3075 4063 3156 4117 vel
3190 4072 3404 4117 crescat
3450 4064 3663 4132 aliquis,

2092 4152 2178 4206 vel
2207 4153 2501 4221 decrescat,
2531 4164 2585 4208 et
2616 4157 2715 4209 sub
2747 4155 2851 4208 alia
2883 4165 3044 4225 atque
3072 4156 3174 4209 alia
3212 4164 3509 4224 potestate,
3562 4157 3673 4208 vir-

2106 4252 2238 4310 tute,
2286 4247 2587 4316 principatu
2624 4258 2677 4302 et
2710 4248 3076 4303 dominatione
3108 4247 3219 4301 ﬁat.
3252 4266 3270 4298 ι
3316 4248 3501 4317 Atque
3560 4248 3675 4302 ha-c

2092 4352 2214 4389 cum
2248 4336 2429 4391 Ruﬁni
2471 4339 2973 4407 reprehensionibus
3003 4351 3056 4395 et
3111 4339 3359 4393 censuris
3392 4344 3675 4410 exagitata

414 4436 583 4507 Epist,
617 4438 685 4489 ad
711 4436 884 4502 Rom,
922 4454 1070 4493 num,
1096 4439 1185 4503 10,
1209 4455 1330 4508 pag.
1359 4439 1484 4503 563,
1512 4450 1793 4508 postquam
1819 4437 1982 4489 liber-
2022 4454 2063 4507 υ
2096 4427 2348 4493 fuissent,
2381 4430 2461 4485 sic
2510 4447 2770 4487 excusare
2818 4443 3051 4485 conatur
3100 4431 3463 4501 Hieronymus
3495 4432 3612 4501 (52)
3660 4447 3674 4483 :

414 4530 541 4584 tatis
580 4531 857 4584 voluntate
892 4532 1172 4600 praeditam
1214 4549 1332 4587 esse
1384 4544 1635 4587 naturam
1691 4529 1993 4599 quamlibet

416 4622 640 4677 rationis
687 4634 993 4692 cowpotem
1046 4624 1328 4679 confessus
1376 4636 1476 4690 est,
1515 4640 1618 4679 non
1668 4638 1731 4676 ea
1770 4621 1992 4692 perinde

414 4713 488 4765 uti
513 4714 701 4766 doceat
740 4728 754 4767 :
801 4733 818 4765 ι
852 4715 988 4781 Quid
1018 4725 1198 4770 autem
1226 4718 1318 4779 sit,
1345 4716 1542 4785 inquit,
1584 4714 1723 4783 quod
1761 4713 1814 4766 in
1852 4712 1990 4765 futu-

413 4804 491 4857 ris
544 4806 755 4860 smeulis
788 4815 967 4862 teneat
1027 4810 1239 4864 arbitrii
1297 4811 1628 4872 libertatem,
1660 4821 1729 4861 ne
1774 4820 1986 4859 rursum

412 4906 635 4950 corruat
667 4899 719 4949 in
756 4909 1061 4965 peccatum,
1101 4900 1249 4955 brevi
1278 4918 1376 4957 nos
1426 4914 1676 4955 sermone
1704 4896 1992 4966 Apostolus

414 4986 592 5049 d0cet,
629 4988 816 5040 dicens
847 5006 859 5040 :
893 4988 1139 5043 Charitas
1192 5008 1462 5061 nunquam
1486 4993 1626 5043 cadit
1657 4990 1732 5054 ’ἡ
1790 4989 1993 5042 idcirco

411 5079 556 5132 cnim
583 5088 636 5132 ct
665 5079 765 5132 lide
789 5090 843 5133 et
873 5096 967 5146 spe
1002 5084 1173 5152 major
1198 5085 1437 5139 charitas
1471 5085 1688 5148 dicitur,
1718 5082 1841 5151 quia
1879 5080 1989 5135 sola

414 5172 518 5225 erit
544 5186 641 5239 per
663 5188 825 5241 quam
865 5176 1100 5243 delinqui
1132 5177 1270 5230 ultra
1315 5193 1417 5231 non
1448 5176 1675 5246 poterit;
1719 5194 1736 5225 ι
1794 5174 1989 5227 deinde

413 5264 669 5331 subjiciat
717 5282 731 5318 :
798 5284 816 5317 ι
855 5266 921 5319 Et
964 5267 1083 5320 ideo
1131 5269 1322 5321 merito
1370 5268 1606 5320 charitas
1637 5306 1652 5329 ,
1713 5280 1833 5333 qua:
1877 5265 1986 5316 sola

414 5361 654 5415 omnium
691 5355 862 5425 major
893 5366 997 5422 est,
1034 5372 1249 5422 omnem
1279 5368 1578 5412 creaturam
1628 5367 1745 5409 cont
1760 5355 1925 5407 'Luehit
1956 5370 1983 5407 a

482 5500 571 5554 ιιι
600 5500 720 5555 Cor.
754 5516 870 5567 xnt,
896 5498 950 5554 8.
1064 5500 1108 5530 ’⁵
1139 5499 1153 5551 Ι
1185 5498 1308 5553 Cor.
1342 5513 1431 5563 xv,
1461 5497 1552 5550 28.

420 5642 601 5785 ὥς)ιί
635 5644 854 5716 Origcn.
920 5645 1057 5717 apud
1118 5642 1265 5701 llicr.
1334 5646 1491 5715 epist.
1543 5644 1608 5700 59
1684 5643 1750 5699 ad
1805 5642 1972 5707 Avit.,

2104 4537 2122 4568 ι
2164 4520 2256 4572 Sin
2282 4530 2458 4573 autem
2482 4532 2633 4591 putat
2671 4533 2723 4577 et
2774 4525 2979 4579 idcirco
3018 4539 3101 4577 me
3154 4523 3442 4591 Origenem
3494 4524 3675 4592 sequi,

2095 4610 2221 4678 quia
2263 4612 2538 4679 profectus
2564 4624 2619 4668 et
2650 4615 2907 4681 honores,
2951 4616 3295 4670 ascensiones
3346 4626 3404 4669 et
3441 4617 3679 4670 desectio

2099 4702 2322 4768 siones;
2377 4705 2710 4760 incrementa
2766 4717 2817 4761 et
2875 4707 3274 4761 itnminutiones
3331 4708 3387 4760 in
3454 4709 3675 4776 exposi-

2100 4793 2244 4847 tione
2279 4811 2393 4847 mea
2428 4798 2601 4864 posui,
2644 4799 2779 4852 sciat
2823 4801 3049 4853 multum
3080 4799 3368 4863 interesse,
3393 4798 3463 4854 de
3514 4814 3678 4867 ange-

2098 4881 2186 4947 lis,
2221 4893 2275 4937 et
2330 4888 2622 4954 seraphim,
2647 4896 2701 4940 et
2745 4888 3023 4941 cherubim
3058 4889 3235 4942 dicere
3288 4888 3596 4952 daemones,
3626 4901 3678 4943 et

2102 4977 2354 5034 homines
2401 4979 2540 5044 ﬁeri,
2584 4982 2726 5047 quod
2759 4980 2986 5035 allirmat
3018 4981 3295 5049 Origenes,
3324 4992 3383 5034 et
3411 4984 3562 5051 ipsos
3596 4984 3678 5037 in-

2102 5078 2183 5123 ter
2206 5086 2262 5123 se
2300 5072 2520 5141 angelos
2546 5074 2759 5127 diversa
2804 5072 3099 5127 otiiciorum
3127 5087 3323 5143 genera
3354 5089 3482 5128 esse
3523 5076 3680 5129 sorti—

2099 5175 2200 5228 tos,
2238 5165 2379 5233 quod
2410 5165 2660 5220 Ecclesiae
2691 5182 2794 5220 non
2829 5177 3110 5235 repugnat.
3140 5166 3425 5231 Quomodo
3446 5180 3503 5220 et
3545 5174 3681 5222 inter

2098 5256 2343 5310 homines
2377 5259 2511 5311 ordo
2541 5257 2863 5327 dignitatum
2894 5273 2959 5310 ex
2983 5256 3181 5311 laboris
3207 5257 3479 5311 varietate
3506 5259 3681 5313 diver-

2099 5365 2190 5405 sus
2229 5359 2333 5415 est,
2370 5366 2490 5403 cum
2522 5350 2805 5420 episcopus
2839 5359 2893 5403 et
2925 5350 3235 5419 presbyter,
3267 5357 3325 5403 et
3378 5351 3567 5406 omnis
3592 5364 3680 5405 ec-

1646 5496 1690 5525 ²⁶
1719 5494 1817 5550 Joh
1853 5510 1939 5559 xv,
1974 5495 2058 5548 Η.
2119 5493 2183 5527 ι¹⁷
2211 5492 2311 5547 Job
2340 5506 2463 5556 xxv,
2491 5491 2543 5546 5.

2156 5642 2266 5711 (52)
2302 5644 2452 5712 Apol.
2487 5639 2601 5694 adv.
2636 5637 2757 5707 Ruf.
2786 5636 2879 5693 lib.
2906 5653 2943 5704 ι,
2970 5650 3087 5705 cap.
3112 5633 3165 5688 6.
