3860 6230
201 326 304 381 865

1004 320 1573 379 ORIGENIANORUM
1615 322 1741 376 LIB.
1787 321 1849 385 II,
1891 320 2044 375 CAP.
2084 321 2150 383 II,
2186 319 2475 387 QII/EST.
2520 321 2585 378 V.

3354 333 3459 387 8ης

201 438 536 495 clesiasticus
559 436 757 509 gradus
778 436 976 490 habeat
1002 436 1247 491 ordinem
1296 452 1472 501 suum,
1499 448 1553 489 et
1584 446 1761 490 tamen
1793 484 1797 494 ,

1887 450 2001 495 τους
2036 436 2159 507 περὶ
2206 436 2275 487 τὰ
2334 436 2575 506 πρακτέα
2617 437 3065 508 καταγινόμεναι,
3119 441 3319 511 μᾶλλον
3354 448 3462 498 εἰσι

204 546 391 587 omnes
421 530 667 585 homines
704 538 823 583 sunt
858 544 872 581 :
915 529 993 582 sic
1025 538 1077 583 et
1114 528 1251 581 inter
1308 528 1527 596 angelos
1578 528 1766 581 merita

202 639 322 679 esse
361 623 597 685 diversa,
624 631 678 675 et
705 630 885 674 tamen
920 619 972 673 in
1009 618 1255 688 angelica
1288 633 1477 672 omnes
1516 618 1770 684 persiste-

207 731 264 771 re
315 714 597 785 dignitate,
641 727 738 767 nec
793 711 861 766 de
910 710 1113 779 angelis
1166 709 1414 762 homines
1460 706 1613 771 ﬁeri,
1674 720 1771 760 nec

205 821 420 861 rursum
499 803 743 859 homines
800 803 853 855 iu
921 800 1147 870 angelos
1219 799 1523 854 reformari.
1581 817 1599 851 ι
1657 796 1769 851 IIoc

202 897 451 966 Origenis
504 897 643 950 inter
701 904 755 949 et
814 893 1123 964 Hieronymi
1184 892 1486 947 doctrinam
1526 890 1769 956 interest,

202 990 344 1058 quod
386 987 545 1042 unius
568 1000 686 1041 esse
731 995 935 1039 natura:
960 984 1181 1054 angelos
1218 992 1271 1037 et
1314 983 1525 1036 animas
1556 981 1644 1035 ille
1677 997 1774 1034 au-

205 1076 464 1129 tumarit:
516 1083 570 1129 at
604 1089 704 1143 pro
746 1073 977 1136 meritis,
1035 1072 1287 1143 gradibus
1335 1071 1502 1125 fuisse
1544 1071 1773 1126 diversis

202 1168 548 1230 constitutos,
570 1175 625 1219 et
656 1164 805 1218 varia
826 1162 1024 1217 obiisse
1050 1162 1247 1230 ofﬁcia,
1277 1180 1395 1233 quae
1414 1164 1612 1217 ’tamen
1641 1164 1772 1219 sub-

203 1258 327 1313 inde
353 1274 449 1327 pro
473 1257 785 1311 meritorum
818 1258 1028 1311 ratione
1060 1266 1451 1322 permutentur,
1474 1256 1555 1309 vel
1610 1256 1771 1312 altius

203 1348 569 1417 ascendendo,
624 1348 708 1402 vel
755 1348 821 1402 ad
881 1347 1135 1401 inferiora
1196 1347 1572 1415 prolabemlo:
1615 1356 1775 1415 atque

201 1441 361 1510 hujus
408 1440 792 1495 vicissitudinis
820 1441 1023 1509 gradus
1065 1456 1186 1497 esse
1224 1442 1559 1509 angelorum,
1590 1442 1772 1495 homi-

202 1547 330 1587 num
401 1548 465 1587 ac
515 1533 817 1586 dannonum
876 1542 1146 1587 naturam.
1225 1533 1584 1603 Hieronymus
1646 1550 1773 1588 vero

194 1625 511 1697 'angelorum
565 1624 781 1694 quidem
826 1636 1072 1680 naturam
1110 1626 1177 1678 ab
1225 1627 1460 1679 humana
1520 1626 1771 1691 secrevit,

202 1717 296 1771 sed
331 1717 509 1771 varios
535 1717 654 1771 illos
679 1717 876 1785 gradus
899 1728 952 1771 et
978 1717 1195 1772 ordines
1228 1718 1436 1785 angelis
1467 1732 1565 1787 pto
1606 1718 1775 1770 virtu-

1870 523 1976 574 τῶν
1999 524 2168 577 ἄλλων
2203 524 2434 594 τρεπταί
2452 542 2463 553 ’
2503 524 2623 575 ὅσαι
2654 524 2710 575 δὲ
2745 524 2811 577 δι’
2840 527 3117 596 ἀκρότητα
3142 528 3355 597 φύσεως
3384 530 3464 603 τῷ

1870 614 1988 685 Θεῷ
2015 615 2154 668 κατὰ
2174 616 2356 685 σχέσιν
2382 615 2763 686 πλησιάζουσι,
2791 617 2883 669 καὶ
2900 621 2963 687 τῇ
2993 620 3182 673 τούτου
3204 624 3466 695 κατανοή-

1878 725 1958 760 σει
1999 708 2059 760 τὸ
2097 709 2359 778 μακάριον
2409 711 2747 780 καρποῦνται
2796 711 2930 779 πρὸς
2984 712 3181 776 ἑαυτὰς
3232 715 3326 767 καὶ
3375 715 3464 769 τὸν

1872 798 2003 852 Θεὸν
2041 799 2197 869 μόνον
2228 800 2622 871 ἐστραμμέναι,
2659 817 2765 853 των
2814 804 2910 871 μὲν
2945 804 3203 872 πρακτῶν
3230 806 3323 858 καὶ
3362 805 3465 876 τῆς

1874 890 2003 962 ὕλης
2026 892 2367 945 παντάπασιν
2398 892 2601 955 ἑαυτὰς
2635 892 3106 965 ἀπηλλοτρίωσαν,
3143 901 3209 968 τῇ
3238 898 3294 951 δὲ
3331 899 3466 953 θεω-

1875 984 1965 1055 ρίᾳ
1998 985 2090 1037 καὶ
2120 984 2198 1055 τῷ
2238 985 2355 1055 Θεῷ
2397 985 2846 1055 προσῳκείωσαν,
2885 987 3134 1057 μένουσιν
3179 988 3459 1061 ἄτρεπτοι.

1879 1098 1898 1131 ι
1923 1077 2157 1131 Rursum
2188 1092 2252 1131 ex
2285 1078 2367 1131 his
2396 1094 2516 1146 qua:
2550 1080 2790 1133 materiae
2834 1090 3087 1149 expertes
3128 1092 3273 1146 sunt,
3316 1099 3466 1151 qua!-

1878 1184 2091 1239 cunque
2137 1169 2188 1222 in
2226 1168 2357 1223 locis
2386 1178 2542 1222 terrm
2573 1170 2885 1237 propinquis
2927 1180 3238 1236 versantur,
3283 1173 3352 1227 ob
3374 1189 3465 1228 so-

1876 1262 2125 1316 cietatem
2168 1275 2329 1328 quam
2360 1258 2560 1312 habent
2597 1274 2719 1312 cum
2746 1259 3058 1313 hominibus
3088 1260 3233 1314 circa
3261 1277 3348 1317 res
3382 1279 3467 1333 ge-

1880 1352 2078 1405 rendas
2100 1361 2460 1420 occupantur,
2496 1350 2709 1404 cmteris
2742 1351 3116 1405 mutabiliores
3146 1363 3288 1406 sunt.
3314 1353 3467 1420 ρυλε-

1884 1457 2097 1511 cunque
2122 1452 2302 1495 autent
2329 1452 2547 1510 propter
2563 1454 2773 1497 natura:
2797 1444 3169 1510 prmstantiam
3197 1447 3263 1497 ad
3300 1446 3465 1500 Deum

1880 1550 1974 1605 per
2013 1534 2261 1590 aﬂ‘ectum
2302 1536 2585 1599 accedunt,
2629 1546 2683 1589 et
2738 1552 2832 1606 per
2866 1536 3013 1590 illius
3055 1540 3463 1609 contemplatio-

1875 1643 1998 1681 nem
2042 1627 2377 1681 beatitudine
2410 1626 2691 1692 fruuutur;
2740 1630 2805 1683 ad
2840 1629 3046 1698 seipsos
3073 1640 3127 1683 et
3180 1632 3343 1685 Deum
3376 1647 3465 1684 so-

1880 1720 1990 1770 lum
2025 1733 2322 1781 conversze,
2371 1733 2399 1772 a
2429 1719 2588 1773 rebus
2620 1722 2846 1789 agendis
2873 1730 2927 1774 et
2974 1724 3195 1777 materia
3242 1725 3467 1780 omnino

205 1810 346 1865 tibus
380 1821 433 1864 et
484 1810 691 1864 meritis
730 1810 802 1864 ita
858 1811 1159 1879 assignatos
1213 1812 1581 1877 existimavit,
1613 1820 1668 1864 ut
1710 1812 1776 1864 ad
1810 1791 1853 1851 Β
1883 1825 1941 1864 se
1967 1809 2096 1878 ipsae
2126 1820 2514 1877 segregarunt;
2549 1811 2989 1880 contemplationi
3032 1828 3162 1867 vero
3198 1824 3250 1867 et
3278 1813 3385 1869 Deo
3407 1828 3467 1868 se

204 1902 480 1970 superiora
514 1901 808 1955 etiamnmn
852 1903 1115 1971 aSpireut,
1148 1913 1197 1957 et
1234 1903 1370 1957 bene
1414 1904 1619 1973 agendo
1653 1918 1775 1972 per-

204 1994 444 2060 veniant,
478 1996 560 2048 vel
609 1994 747 2048 male
776 1994 986 2063 agendo
1017 1995 1081 2047 ad
1115 1994 1375 2049 inferiora
1403 1997 1776 2056 devolvantur,

205 2097 261 2141 et
285 2087 373 2141 alii
430 2088 628 2157 aliique
679 2087 761 2141 vel
801 2086 1073 2155 potestati,
1111 2085 1192 2139 vel
1241 2087 1567 2157 principatui
1620 2085 1780 2153 subji-

206 2182 442 2245 ciantur,
480 2180 791 2249 futurasque
818 2180 980 2234 etiam
1017 2180 1321 2246 hujusmodi
1350 2181 1777 2249 permutationes

206 2273 261 2327 in
294 2282 576 2333 aeternum,
616 2270 708 2324 sed
739 2272 883 2324 intra
922 2284 1125 2325 natura:
1154 2271 1412 2338 augt-lica:
1446 2271 1609 2327 lines.

281 2364 511 2431 Angelos
560 2378 701 2433 a-grc
731 2362 970 2430 quidem,
1013 2364 1104 2416 sed
1144 2378 1365 2432 peccare
1406 2372 1583 2416 tamen
1625 2379 1780 2431 posse

208 2458 391 2511 sciscit
438 2456 663 2510 Basilius
710 2455 894 2509 lmmil.
928 2456 981 2507 in
1024 2454 1211 2523 psalm.
1260 2470 1450 2508 χχχιιι
1497 2456 1778 2524 Δυσμετα-

208 2548 395 2609 Θέτους
424 2544 561 2599 εἶναι
596 2545 729 2618 πρὸς
775 2546 991 2610 κακίαν,
1020 2544 1080 2597 τὸ
1115 2545 1338 2615 μόνιμον
1374 2546 1453 2607 είς
1482 2545 1682 2615 ἀρετὴν
1713 2548 1779 2616 τῇ

206 2642 382 2711 δωρεᾷ
426 2638 517 2692 τοῦ
566 2639 718 2707 ἁγίου
779 2636 1087 2707 Πνεύματος
1128 2636 1369 2707 ἔχοντας.
1430 2655 1447 2687 ι
1502 2635 1665 2704 ΑΞΒΓΘ
1714 2636 1780 2688 ad

208 2733 471 2787 malitiam
513 2730 757 2785 converti
802 2744 982 2798 posse,
1008 2728 1368 2783 constantiam
1410 2727 1553 2780 illam
1588 2726 1638 2779 iu
1675 2725 1783 2779 vir-

211 2833 326 2877 tute
359 2823 621 2877 beneficio
661 2821 835 2876 sancti
869 2820 1107 2889 Spiritus
1148 2819 1429 2872 habentes.
1460 2836 1477 2869 ι
1516 2816 1785 2870 Maximus

210 2918 264 2971 in
301 2930 423 2984 cap.
457 2914 513 2968 ll
563 2912 803 2982 DiOuysii
837 2911 911 2965 De
940 2911 1133 2964 caelesl.
1174 2900 1461 2973 hieran/1.,
1494 2908 1636 2977 quod
1664 2922 1785 2975 gra-

208 3004 299 3057 tiae
321 3004 513 3057 divinat
534 3012 813 3071 acceptum
838 3009 954 3054 erat
985 2997 1345 3062 referendum,
1378 2997 1442 3051 ad
1473 2998 1781 3065 angelorum

208 3094 481 3156 affectum,
512 3102 567 3148 et
594 3100 964 3160 comparatum
988 3091 1270 3159 quemdam
1294 3089 1538 3144 habitum
1577 3074 1778 3153 retulit,

207 3186 351 3255 quod
395 3186 549 3257 plane
592 3183 971 3251 Origenianum
1020 3192 1103 3237 est
1139 3200 1151 3235 :
1187 3182 1373 3233 Ἔστιν
1415 3176 1529 3245 οὖν,
1583 3180 1778 3248 inquit,

208 3279 636 3349 ἐπιχειρήσαντα
682 3278 855 3329 εἰπεῖν
897 3273 1153 3338 εὐσεϐῶς,
1187 3275 1269 3327 ὅτι
1301 3276 1328 3327 ὁ
1355 3273 1485 3337 Θεὸς
1523 3271 1781 3345 προειδὼς

209 3369 390 3423 αὐτῶν
418 3368 513 3439 τὴν
550 3368 646 3438 τῆς
681 3368 922 3436 ἐφέσεως
962 3366 1195 3435 κίνησιν,
1226 3364 1318 3417 καὶ
1350 3364 1448 3426 τὰς
1483 3362 1661 3415 αὐτῶν
1686 3363 1783 3415 τά-

210 3463 322 3529 ξεις
344 3462 498 3528 ἀξίας
529 3460 705 3513 αὐτῶν
738 3462 1060 3532 παρήγαγεν
1079 3474 1091 3487 °
1131 3456 1189 3521 ἐξ
1209 3450 1282 3510 ὧν
1316 3456 1415 3508 οὐκ
1440 3454 1502 3508 ἂν
1526 3454 1670 3507 εἴποι
1702 3472 1787 3518 τις

211 3558 380 3620 αὑτὰς
410 3555 667 3608 δύνασθαι
715 3555 987 3617 ἐκπεσεῖν,
1017 3550 1102 3603 διὰ
1145 3550 1242 3621 τὴν
1284 3548 1395 3614 ἕξιν
1428 3548 1547 3601 τινὰ
1587 3548 1789 3618 κτήσα-

213 3648 337 3703 σθαι
369 3648 502 3717 πρὸς
535 3646 595 3699 τὸ
627 3644 848 3713 ἀγαθὸν,
882 3642 971 3695 διὰ
1004 3642 1099 3711 τῆς
1142 3640 1279 3707 ἄγαν
1321 3639 1591 3709 Θελήσεως
1612 3655 1624 3668 ·
1664 3638 1789 3700 τοὺς

212 3742 270 3795 δὲ
313 3740 593 3810 ἀγγέλους,
637 3738 881 3791 τουτέστι
916 3738 1041 3798 τοὺς
1086 3732 1425 3795 τελευταίους
1460 3732 1788 3801 διακόσμους

214 3833 519 3903 ἐνδέχεσθαι
556 3831 702 3893 ἴσως,
736 3830 827 3883 καὶ
861 3830 953 3882 ἐπὶ
985 3828 1045 3879 τὸ
1068 3830 1245 3897 χεῖρον
1293 3825 1597 3896 τραπῆναι·
1640 3820 1789 3876 εἶπεν

214 3925 408 3988 αὐτοὺς
452 3923 560 3993 γὰρ
594 3920 1003 3993 περικοσμίους,
1037 3919 1094 3985 ἐξ
1127 3911 1200 3971 ὧν
1234 3912 1406 3987 οἶμαι,
1437 3915 1530 3968 καὶ
1564 3913 1653 3966 τὸν
1673 3913 1792 3967 διάο

214 4016 368 4070 εολόν
397 4033 524 4069 ποτε
553 4011 689 4068 εἶναι
719 4014 824 4085 πρὸ
853 4012 944 4067 τοῦ
978 4010 1053 4082 μὴ
1091 4011 1363 4063 ἐκπεσεῖν.
1415 4026 1432 4060 t
1457 4007 1616 4061 Licet
1646 4007 1789 4060 enim

214 4109 303 4177 pie
325 4109 505 4161 dicere
532 4105 777 4177 aggredi,
805 4103 968 4156 Deum
998 4101 1213 4154 illorum
1239 4098 1549 4167 cupiditatis
1588 4108 1791 4150 motum

214 4198 621 4268 prmvidcntem.
668 4196 885 4250 ordines
920 4194 1131 4247 illorum
1163 4192 1292 4260 ipsis
1333 4191 1523 4258 dignos
1552 4189 1791 4242 induxisr

214 4303 275 4343 se
304 4306 317 4341 :
346 4302 410 4341 ex
434 4288 629 4356 quibus
674 4300 831 4340 nemo
872 4285 1085 4353 quidem
1128 4282 1324 4337 dixerit
1354 4281 1607 4333 excidere
1650 4280 1794 4348 ipsos

214 4391 412 4447 posse;
443 4384 721 4445 propterea
754 4375 893 4443 quod
919 4373 1160 4427 habitum
1181 4371 1463 4440 quemdam
1495 4369 1560 4422 ad
1592 4368 1791 4422 bonum

214 4466 465 4521 obtinent
515 4479 581 4517 ex
638 4461 941 4517 vehementi
995 4459 1265 4514 desiderio
1310 4476 1324 4513 :
1364 4460 1583 4527 angelos
1632 4471 1784 4520 vero,

215 4566 518 4627 postremos
578 4569 769 4623 nempe
806 4553 1027 4607 ordines
1075 4550 1141 4605 ad
1200 4550 1495 4618 nequitiam
1554 4548 1784 4602 fortasse

217 4648 458 4704 converti
501 4662 675 4718 posse.
719 4646 824 4699 Eos
847 4644 1048 4714 quippe
1078 4643 1214 4697 dixit
1242 4639 1784 4702 circummuudanos;

217 4757 284 4795 ex
313 4740 507 4809 quibus
556 4739 809 4793 existimo
840 4736 1011 4790 fuisse
1044 4734 1332 4804 aliquando
1363 4732 1656 4794 diabolum,
1686 4730 1788 4801 pri-

218 4846 446 4900 usquam
510 4829 802 4884 decideret.
830 4846 849 4879 ι
906 4827 1035 4892 Qua:
1078 4841 1109 4880 e
1137 4825 1399 4895 Gregorio
1450 4823 1790 4877 Nazianzeno

219 4924 398 4993 aliqua
452 4937 515 4976 ex
551 4931 703 4989 parte
754 4919 1021 4974 Maximus
1073 4919 1286 4972 videtur
1318 4915 1657 4969 transtulisse
1693 4932 1706 4968 :
1748 4914 1793 4969 is

219 5015 359 5070 enim
397 5028 517 5067 cum
553 5012 699 5076 alibi,
740 5020 851 5065 tum
892 5020 1029 5066 orat.
1055 5009 1144 5073 38,
1182 5008 1255 5080 μὴ
1299 5008 1609 5078 ἀκινήτους,
1646 5006 1784 5060 ἀλλὰ

218 5106 567 5175 δυσκινήτους
610 5102 831 5173 angelos
861 5116 979 5155 esse
1022 5099 1154 5162 vult,
1181 5097 1319 5167 quod
1352 5112 1380 5150 a
1416 5096 1521 5151 Deo
1545 5095 1698 5148 valde
1725 5096 1794 5149 ob

222 5196 676 5268 propinquitatem
718 5193 1106 5247 illustrentur:
1153 5191 1266 5244 huic
1313 5198 1491 5241 autem
1539 5186 1793 5240 inferiora

223 5305 341 5359 qua:
374 5286 608 5358 peccatis
634 5284 863 5339 obnoxia
897 5296 1050 5347 sunt,
1094 5281 1412 5337 secundaria
1441 5289 1645 5331 tantum
1671 5278 1787 5334 luce

223 5375 350 5429 frui.
376 5372 564 5426 Simile
590 5381 673 5426 est
700 5371 825 5424 illud
854 5370 1088 5425 Nemesii
1114 5370 1206 5424 lib.
1240 5367 1313 5421 De
1338 5377 1525 5419 natura
1546 5366 1819 5447 hominis,

222 5484 342 5539 cap.
370 5466 433 5519 Η
487 5483 499 5518 :
531 5463 698 5516 Πάλιν
737 5463 792 5516 δὲ
825 5462 1028 5517 τούτων
1059 5462 1167 5516 τῶν
1210 5461 1387 5515 ἁΰλων
1436 5459 1558 5512 ὅσαι
1605 5460 1702 5530 μὲν
1738 5460 1795 5512 ὲν

223 5560 333 5621 τοῖς
363 5554 667 5627 ’περιγείοις
692 5554 796 5608 εἰσὶ
813 5557 877 5626 τῇ
908 5554 1157 5625 κοινωνίᾳ
1178 5554 1243 5623 τῇ
1277 5549 1410 5621 πρὸς
1444 5549 1568 5613 τοὺς
1590 5545 1799 5619 ἀνθρὼ-

296 5760 409 5831 (55)
439 5760 686 5830 August.,
716 5756 805 5811 lib.
843 5754 915 5810 De
955 5757 1159 5815 lintres,
1195 5765 1309 5819 cap.
1342 5747 1431 5801 86.

1879 1899 2301 1967 coniunxerunt,
2365 1900 2731 1956 immutabiles
2792 1913 3075 1958 manent.»
3136 1906 3274 1972 Quid
3321 1907 3464 1975 quod

1878 1991 2114 2046 Joannes
2152 1990 2513 2044 Damasceuus
2539 1990 2632 2046 lib.
2664 2007 2719 2044 Ill
2758 1991 2834 2045 De
2863 1994 3073 2048 ortliod.
3104 1996 3223 2062 βό..
3253 2012 3372 2066 cap.
3409 1996 3465 2063 4,

1879 2083 2129 2151 angelum
2186 2098 2308 2137 eum
2371 2098 2627 2151 peccasse
2675 2093 2729 2136 et
2775 2084 2826 2136 in
2863 2095 3124 2139 tartarum
3188 2088 3465 2143 detrusum

1882 2173 2054 2227 fuisse
2090 2173 2267 2241 docet,
2323 2174 2411 2242 qui
2451 2176 2722 2229 terrestris
2744 2174 2949 2231 ordinis
2990 2179 3352 2245 principatum
3386 2189 3438 2233 te

1866 2266 2062 2329 nebat,
2111 2266 2305 2335 cuique
2342 2266 2716 2320 custodienda:
2763 2277 2921 2321 ternae
2952 2282 3078 2321 cura
3114 2284 3141 2321 a
3177 2269 3284 2323 lit-.0
3320 2285 3467 2325 com-

1881 2354 2043 2407 missa
2078 2352 2297 2406 fuerat?
2350 2353 2834 2407 Germanissimum
2886 2368 3019 2407 vero
3069 2354 3464 2424 Origvnismum

1880 2447 2097 2516 sapiunt
2125 2446 2210 2499 illa
2256 2446 2464 2515 Evagrii
2494 2464 2506 2500 :
2544 2446 2808 2500 Ἕκαστον
2835 2446 3021 2516 τάγμα
3064 2447 3171 2499 τῶν
3200 2448 3464 2517 οὐρανίων

1879 2537 2181 2608 δυνάμεων,
2215 2538 2247 2608 ἢ
2276 2537 2395 2589 ὅλον
2423 2538 2486 2590 ὲκ
2510 2537 2617 2589 τῶν
2653 2537 2827 2604 κάτω,
2864 2539 2896 2609 ἢ
2926 2539 3045 2591 ὅλον
3074 2540 3165 2592 ἐπὶ
3196 2538 3301 2592 τῶν
3332 2540 3463 2604 ἄνω,

1882 2628 1915 2699 ἢ
1945 2632 2008 2681 ἐκ
2039 2630 2147 2681 τῶν
2172 2628 2282 2682 ἄνω
2333 2631 2426 2683 καὶ
2459 2628 2677 2682 ἐπὶτῶν
2699 2632 2848 2685 κάτω
2877 2630 3193 2701 συνέστηκε.
3242 2651 3259 2682 ι
3291 2630 3467 2687 Unus-

1882 2723 2118 2792 quisque
2148 2724 2280 2779 ordo
2307 2724 2564 2776 virtutum
2589 2724 2921 2789 cmlestium,
2947 2736 3039 2779 aut
3068 2734 3211 2779 totus
3233 2740 3299 2779 ex
3331 2725 3466 2779 infe-

1886 2812 2150 2875 rioribus,
2178 2824 2272 2866 aut
2305 2823 2449 2868 totus
2478 2829 2539 2868 ex
2586 2816 2977 2883 superioribus,
3018 2817 3097 2871 vel
3122 2832 3187 2871 ex
3223 2818 3467 2886 superio-

1885 2903 2039 2957 ribus
2076 2915 2130 2957 et
2184 2905 2532 2960 inferioribus
2562 2914 2795 2959 constat.
2824 2926 2840 2958 ι
2898 2907 3063 2963 ΜυΙιο
3126 2924 3249 2962 vero
3297 2911 3465 2978 magis

1885 2995 1972 3048 illa
2004 3012 2020 3051 :
2068 2994 2157 3060 Ἐξ
2193 2997 2487 3067 ἀγγελικῆς
2516 2999 2899 3061 καταστάσεως
2945 3000 3036 3053 καὶ
3070 3002 3466 3073 ἀρχαγγελικῆς

1883 3085 2088 3158 ψυχικὴ
2131 3089 2462 3153 κατάστασις
2486 3089 2726 3157 γίνεταιο
2762 3091 2826 3144 ὲκ
2858 3091 2913 3144 δὲ
2944 3093 3041 3162 τῆς
3081 3093 3316 3164 ψυχικῆς
3355 3094 3468 3146 δαι-

1888 3179 2149 3249 μονιώδης
2183 3180 2274 3232 καὶ
2316 3180 2629 3252 ἀνθρωπίνη
2652 3199 2665 3211 θ
2704 3184 2769 3235 ὲκ
2794 3183 2848 3236 δὲ
2880 3185 2979 3255 τῆς
3008 3185 3352 3257 ἀνθρωπίνης
3379 3186 3451 3255 ἄγ

1884 3270 2030 3339 γελοι
2061 3271 2220 3325 πάλιν
2250 3273 2344 3325 καὶ
2368 3272 2621 3343 δαίμονες
2653 3274 2913 3342 γίνονται.
2955 3296 2972 3327 ι
3003 3276 3078 3329 Ex
3107 3278 3352 3347 angelico
3379 3294 3469 3332 or—

1887 3361 2032 3427 dine,
2061 3373 2115 3415 et
2144 3362 2523 3432 archangelico
2544 3363 2794 3417 animalis
2817 3366 2950 3418 ordo
2979 3366 3191 3420 exsistit
3220 3383 3234 3419 :
3265 3381 3331 3419 ex
3357 3367 3445 3421 aui

1889 3454 2011 3506 mali
2038 3462 2217 3506 autem
2271 3455 2638 3509 daemoniacus
2666 3465 2720 3509 et
2768 3457 3036 3511 humanus
3090 3475 3103 3511 :
3135 3472 3201 3511 ex
3232 3460 3469 3514 humano

1887 3552 2065 3596 autem
2100 3544 2275 3612 angeli
2321 3560 2507 3600 rursus
2533 3546 2915 3616 (lannonesque
2940 3548 3094 3604 fiunt.
3122 3568 3141 3599 ι
3171 3547 3471 3619 Utrumque

1889 3633 2067 3688 locum
2114 3636 2328 3689 adducit
2356 3634 2625 3690 Maximus
2655 3638 2705 3691 iu
2746 3654 2865 3706 cap.
2904 3638 2936 3693 6
2994 3640 3231 3712 DIOliYSII
3268 3640 3346 3694 De
3385 3658 3471 3696 ec-

1890 3725 2012 3778 cles.
2045 3726 2306 3779 hierarch.
2340 3725 2509 3780 Favet
2554 3726 2730 3781 eidem
2771 3730 3010 3799 opinioni
3042 3732 3109 3784 de
3158 3732 3468 3800 angelorqu

1890 3817 2268 3885 progressibus
2319 3826 2371 3869 et
2412 3820 2859 3875 conversionibus
2910 3825 3173 3875 sententia
3225 3825 3469 3891 quzedam

1893 3907 2227 3962 Tertulliano
2258 3908 2325 3962 ab
2354 3908 2655 3979 Augustino
2695 3910 2808 3981 (53)
2863 3911 3066 3975 afﬁcta,
3111 3930 3229 3983 qua:
3264 3916 3471 3972 animas

1894 3999 2171 4053 hominum
2200 4014 2432 4067 nequam
2459 4012 2578 4067 post
2600 4014 2830 4057 mortem
2870 4004 2921 4057 in
2948 4005 3219 4059 daemones
3248 4021 3471 4061 conver-

1893 4102 2010 4142 sum
2050 4088 2113 4140 iri
2153 4088 2413 4142 decernit.
2456 4089 2774 4160 Quanquam
2807 4092 2859 4145 in
2895 4092 3333 4150 Tertullianistas
3361 4098 3473 4152 cri-

1894 4196 2013 4233 men
2049 4180 2188 4233 istud
2218 4181 2429 4235 derivat
2456 4182 2693 4237 Isidorus
2720 4183 2811 4238 lib.
2843 4201 2934 4239 \‘lll
2976 4184 3208 4255 0rigiu.,
3261 4204 3378 4257 cap.
3414 4189 3469 4244 6.

1895 4268 1992 4323 Hic
2040 4273 2154 4337 ipse
2186 4286 2343 4339 quem
2394 4272 2515 4326 dico
2545 4271 2883 4340 IIispaleusis
2926 4275 3163 4331 Isidorus
3219 4279 3471 4333 nonnulla

1897 4359 2055 4413 habet
2096 4360 2497 4429 Origenismum
2542 4364 2740 4418 olentia
2786 4365 2880 4420 lib.
2913 4367 3238 4437 vnOrigin.,
3265 4385 3382 4437 cap.
3418 4370 3472 4432 5,

1901 4450 2262 4519 «Angelorum
2319 4460 2497 4505 autem
2542 4453 2886 4519 vocabulum,
2936 4458 3092 4512 olIicii
3138 4473 3330 4513 nomen
3368 4469 3473 4524 est,

1895 4555 1999 4593 non
2039 4549 2262 4607 uaturze,
2293 4560 2312 4593 ι
2359 4542 2511 4608 cuius
2548 4545 2879 4613 pronuntiati
2928 4548 3191 4602 rationem
3226 4550 3365 4604 hanc
3396 4550 3475 4603 af-

1895 4628 2019 4693 fert,
2063 4648 2081 4679 (
2112 4627 2337 4698 Semper
2366 4620 2509 4684 enim
2551 4633 2775 4699 spiritus
2808 4642 2955 4699 sunt,
2986 4634 3081 4689 sed
3111 4651 3230 4689 cum
3258 4637 3475 4690 mittun-

1897 4729 2000 4779 tur.
2043 4728 2308 4773 vocantur
2340 4720 2536 4789 angeli.
2567 4740 2585 4772 ι
2647 4719 2802 4789 Vere,
2832 4723 2925 4777 sed
2960 4724 3026 4777 de
3062 4726 3279 4778 nomine
3324 4741 3477 4793 qua:-

1894 4814 2126 4870 'stionem
2159 4816 2319 4870 habet
2347 4814 2606 4872 Isidorus.
2634 4814 2896 4887 Origenes
2923 4826 3101 4870 autem
3126 4817 3369 4871 eamdem
3400 4818 3477 4872 lo.

1894 4908 2164 4961 cutionem
2223 4906 2326 4960 alio
2359 4922 2520 4961 sensu
2560 4914 2874 4979 usurpavit;
2920 4910 2971 4964 id
3001 4909 3143 4962 enim
3176 4910 3277 4963 sibi
3310 4909 3477 4964 voluit

1896 5010 2118 5053 naturas
2161 4998 2281 5052 illas
2306 5014 2424 5068 qua:
2474 5000 2713 5070 angelica
2754 5001 3013 5071 dignitate
3046 5000 3316 5060 fruuntur.
3366 5017 3472 5056 non

1896 5090 1947 5143 id
1987 5088 2246 5142 natalium
2291 5088 2412 5159 jure
2447 5090 2617 5147 fuisse
2651 5101 2993 5157 consecutas,
3043 5092 3136 5147 sed
3184 5092 3475 5149 virtutibus

1896 5182 2007 5235 suis
2026 5183 2188 5237 fuisse
2204 5183 2545 5251 promeritae.
2569 5183 2762 5237 Subdit
2783 5184 2973 5238 deinde
2992 5183 3261 5239 Isidorus:
3292 5202 3310 5235 ι
3342 5183 3477 5239 Uni-

1897 5274 2092 5342 cuique
2149 5272 2334 5336 etiam,
2394 5272 2530 5326 sicut
2578 5272 3022 5341 pnedictumest,
3054 5272 3268 5340 propria
3301 5270 3472 5324 olIicia

1900 5373 2025 5416 sunt
2060 5361 2324 5429 injunCIa,
2354 5379 2474 5429 qua:
2504 5377 2598 5417 eos
2636 5363 2998 5430 promeruisse
3043 5362 3096 5417 in
3134 5362 3315 5417 mundi
3348 5378 3476 5416 con-

1899 5456 2272 5509 statexordio.
2301 5473 2317 5505 ι
2357 5454 2521 5509 Plane
2569 5453 2923 5525 Ωριγενικῶς.

1977 5544 2133 5600 XVII.
2172 5545 2279 5601 Nec
2320 5545 2593 5617 suffragiis
2626 5547 2802 5613 modo,
2832 5544 2926 5601 sed
2960 5543 3168 5599 ratione
3196 5541 3357 5597 etiam
3388 5555 3476 5610 pu-
