  <div class='ocr_page' id='page_1' title='image "/cluster/home/n/w/nwhite01/storage/ocr_20150623/17/nnc1.0046978615/443.png"; bbox 0 0 3860 6230; ppageno 0'>
   <div class='ocr_carea' id='block_1_1' title="bbox 384 320 2369 385">
    <p class='ocr_par' dir='ltr' id='par_1_1' title="bbox 384 320 2369 385">
     <span class='ocr_line' id='line_1_1' title="bbox 384 320 2369 385; baseline -0.005 -1"><span class='ocrx_word' id='word_1_1' title='bbox 384 327 491 385; x_wconf 68' lang='grc' dir='ltr'><strong>εςτ</strong></span> <span class='ocrx_word' id='word_1_2' title='bbox 1676 323 1736 379; x_wconf 89' lang='lat' dir='ltr'><strong>P.</strong></span> <span class='ocrx_word' id='word_1_3' title='bbox 1782 323 2094 380; x_wconf 83' lang='lat' dir='ltr'><strong>DANIELIS</strong></span> <span class='ocrx_word' id='word_1_4' title='bbox 2135 320 2369 378; x_wconf 84' lang='lat' dir='ltr'><strong>llUETll</strong></span> 
     </span>
    </p>
   </div>
   <div class='ocr_carea' id='block_1_2' title="bbox 384 431 3666 515">
    <p class='ocr_par' dir='ltr' id='par_1_2' title="bbox 384 431 3666 515">
     <span class='ocr_line' id='line_1_2' title="bbox 384 431 3666 515; baseline -0.004 -18"><span class='ocrx_word' id='word_1_5' title='bbox 384 457 551 515; x_wconf 83' lang='lat' dir='ltr'><strong>gnare</strong></span> <span class='ocrx_word' id='word_1_6' title='bbox 611 451 786 512; x_wconf 89' lang='lat' dir='ltr'><strong>potest</strong></span> <span class='ocrx_word' id='word_1_7' title='bbox 812 439 1096 511; x_wconf 85' lang='lat' dir='ltr'><strong>Origenes,</strong></span> <span class='ocrx_word' id='word_1_8' title='bbox 1132 449 1188 496; x_wconf 89' lang='lat' dir='ltr'><strong>et</strong></span> <span class='ocrx_word' id='word_1_9' title='bbox 1246 441 1426 511; x_wconf 89' lang='lat' dir='ltr'><strong>aliqua</strong></span> <span class='ocrx_word' id='word_1_10' title='bbox 1472 440 1664 496; x_wconf 77' lang='lat' dir='ltr'><strong>saltem</strong></span> <span class='ocrx_word' id='word_1_11' title='bbox 1716 442 1974 496; x_wconf 66' lang='lat' dir='ltr'><strong>doctrinae</strong></span> <span class='ocrx_word' id='word_1_12' title='bbox 2008 449 2053 504; x_wconf 79' lang='grc' dir='ltr'>Α</span> <span class='ocrx_word' id='word_1_13' title='bbox 2085 441 2203 494; x_wconf 87' lang='lat' dir='ltr'><strong>dem</strong></span> <span class='ocrx_word' id='word_1_14' title='bbox 2231 440 2433 507; x_wconf 85' lang='lat' dir='ltr'><strong>absque</strong></span> <span class='ocrx_word' id='word_1_15' title='bbox 2468 435 2717 493; x_wconf 65' lang='lat' dir='ltr'><strong>Ecclesiae</strong></span> <span class='ocrx_word' id='word_1_16' title='bbox 2749 449 2849 503; x_wconf 92' lang='lat' dir='ltr'><strong>ope</strong></span> <span class='ocrx_word' id='word_1_17' title='bbox 2904 434 3229 489; x_wconf 77' lang='lat' dir='ltr'><strong>intellexisse</strong></span> <span class='ocrx_word' id='word_1_18' title='bbox 3275 446 3292 486; x_wconf 88' lang='lat'><strong>:</strong></span> <span class='ocrx_word' id='word_1_19' title='bbox 3331 431 3666 500; x_wconf 75' lang='lat' dir='ltr'><strong>cognovisse</strong></span> 
     </span>
    </p>
   </div>
   <div class='ocr_carea' id='block_1_3' title="bbox 386 533 1966 602">
    <p class='ocr_par' dir='ltr' id='par_1_3' title="bbox 386 533 1966 602">
     <span class='ocr_line' id='line_1_3' title="bbox 386 533 1966 602; baseline -0.001 -15"><span class='ocrx_word' id='word_1_20' title='bbox 386 548 498 588; x_wconf 71' lang='lat' dir='ltr'><strong>sua:</strong></span> <span class='ocrx_word' id='word_1_21' title='bbox 532 533 704 600; x_wconf 82' lang='lat' dir='ltr'><strong>capita</strong></span> <span class='ocrx_word' id='word_1_22' title='bbox 730 534 1035 589; x_wconf 88' lang='lat' dir='ltr'><strong>defendere.</strong></span> <span class='ocrx_word' id='word_1_23' title='bbox 1062 533 1193 587; x_wconf 88' lang='lat' dir='ltr'><strong>Nam</strong></span> <span class='ocrx_word' id='word_1_24' title='bbox 1221 533 1469 586; x_wconf 87' lang='lat' dir='ltr'><strong>ordinum</strong></span> <span class='ocrx_word' id='word_1_25' title='bbox 1494 542 1548 587; x_wconf 90' lang='lat' dir='ltr'><strong>et</strong></span> <span class='ocrx_word' id='word_1_26' title='bbox 1568 535 1829 602; x_wconf 83' lang='lat' dir='ltr'><strong>graduum</strong></span> <span class='ocrx_word' id='word_1_27' title='bbox 1854 533 1966 595; x_wconf 91' lang='lat' dir='ltr'><strong>illa,</strong></span> 
     </span>
    </p>
   </div>
   <div class='ocr_carea' id='block_1_4' title="bbox 385 625 1967 696">
    <p class='ocr_par' dir='ltr' id='par_1_4' title="bbox 385 625 1967 696">
     <span class='ocr_line' id='line_1_4' title="bbox 385 625 1967 696; baseline 0 -17"><span class='ocrx_word' id='word_1_28' title='bbox 385 641 546 696; x_wconf 86' lang='lat' dir='ltr'><strong>quam</strong></span> <span class='ocrx_word' id='word_1_29' title='bbox 581 626 714 691; x_wconf 79' lang='lat' dir='ltr'><strong>dixi,</strong></span> <span class='ocrx_word' id='word_1_30' title='bbox 772 626 1101 694; x_wconf 89' lang='lat' dir='ltr'><strong>permutatio</strong></span> <span class='ocrx_word' id='word_1_31' title='bbox 1143 633 1370 679; x_wconf 86' lang='lat' dir='ltr'><strong>eatenus</strong></span> <span class='ocrx_word' id='word_1_32' title='bbox 1416 625 1625 678; x_wconf 79' lang='lat' dir='ltr'><strong>admitti</strong></span> <span class='ocrx_word' id='word_1_33' title='bbox 1681 634 1878 694; x_wconf 89' lang='lat' dir='ltr'><strong>potest,</strong></span> <span class='ocrx_word' id='word_1_34' title='bbox 1924 626 1967 680; x_wconf 88' lang='lat' dir='ltr'><strong>si</strong></span> 
     </span>
    </p>
   </div>
   <div class='ocr_carea' id='block_1_5' title="bbox 387 717 1971 786">
    <p class='ocr_par' dir='ltr' id='par_1_5' title="bbox 387 717 1971 786">
     <span class='ocr_line' id='line_1_5' title="bbox 387 717 1971 786; baseline -0.001 -13"><span class='ocrx_word' id='word_1_35' title='bbox 387 728 607 773; x_wconf 83' lang='lat' dir='ltr'><strong>servato</strong></span> <span class='ocrx_word' id='word_1_36' title='bbox 641 727 955 772; x_wconf 84' lang='lat' dir='ltr'><strong>naturarum</strong></span> <span class='ocrx_word' id='word_1_37' title='bbox 991 718 1044 772; x_wconf 94' lang='lat' dir='ltr'><strong>in</strong></span> <span class='ocrx_word' id='word_1_38' title='bbox 1095 717 1401 771; x_wconf 92' lang='lat' dir='ltr'><strong>hominibus</strong></span> <span class='ocrx_word' id='word_1_39' title='bbox 1435 725 1488 769; x_wconf 92' lang='lat' dir='ltr'><strong>et</strong></span> <span class='ocrx_word' id='word_1_40' title='bbox 1528 717 1736 786; x_wconf 82' lang='lat' dir='ltr'><strong>angelis</strong></span> <span class='ocrx_word' id='word_1_41' title='bbox 1778 718 1971 772; x_wconf 90' lang='lat' dir='ltr'><strong>discri-</strong></span> 
     </span>
    </p>
   </div>
   <div class='ocr_carea' id='block_1_6' title="bbox 386 807 1971 877">
    <p class='ocr_par' dir='ltr' id='par_1_6' title="bbox 386 807 1971 877">
     <span class='ocr_line' id='line_1_6' title="bbox 386 807 1971 877; baseline 0 -16"><span class='ocrx_word' id='word_1_42' title='bbox 386 807 552 871; x_wconf 89' lang='lat' dir='ltr'><strong>mine,</strong></span> <span class='ocrx_word' id='word_1_43' title='bbox 583 808 830 862; x_wconf 87' lang='lat' dir='ltr'><strong>homines</strong></span> <span class='ocrx_word' id='word_1_44' title='bbox 869 823 967 877; x_wconf 89' lang='lat' dir='ltr'><strong>per</strong></span> <span class='ocrx_word' id='word_1_45' title='bbox 1001 808 1253 876; x_wconf 81' lang='lat' dir='ltr'><strong>gratiam,</strong></span> <span class='ocrx_word' id='word_1_46' title='bbox 1278 822 1465 874; x_wconf 87' lang='lat' dir='ltr'><strong>parem</strong></span> <span class='ocrx_word' id='word_1_47' title='bbox 1506 808 1711 877; x_wconf 80' lang='lat' dir='ltr'><strong>angelis</strong></span> <span class='ocrx_word' id='word_1_48' title='bbox 1741 808 1971 862; x_wconf 88' lang='lat' dir='ltr'><strong>beatitu-</strong></span> 
     </span>
    </p>
   </div>
   <div class='ocr_carea' id='block_1_7' title="bbox 388 899 1967 971">
    <p class='ocr_par' dir='ltr' id='par_1_7' title="bbox 388 899 1967 971">
     <span class='ocr_line' id='line_1_7' title="bbox 388 899 1967 971; baseline 0 -19"><span class='ocrx_word' id='word_1_49' title='bbox 388 899 531 953; x_wconf 91' lang='lat' dir='ltr'><strong>dinis</strong></span> <span class='ocrx_word' id='word_1_50' title='bbox 583 908 637 954; x_wconf 91' lang='lat' dir='ltr'><strong>et</strong></span> <span class='ocrx_word' id='word_1_51' title='bbox 670 901 853 971; x_wconf 78' lang='lat' dir='ltr'><strong>gloria:</strong></span> <span class='ocrx_word' id='word_1_52' title='bbox 906 900 1131 969; x_wconf 89' lang='lat' dir='ltr'><strong>gradum</strong></span> <span class='ocrx_word' id='word_1_53' title='bbox 1179 901 1435 969; x_wconf 85' lang='lat' dir='ltr'><strong>consequi</strong></span> <span class='ocrx_word' id='word_1_54' title='bbox 1487 915 1645 969; x_wconf 88' lang='lat' dir='ltr'><strong>posse</strong></span> <span class='ocrx_word' id='word_1_55' title='bbox 1701 901 1967 954; x_wconf 88' lang='lat' dir='ltr'><strong>dicamus.</strong></span> 
     </span>
    </p>
   </div>
   <div class='ocr_carea' id='block_1_8' title="bbox 386 988 1965 1060">
    <p class='ocr_par' dir='ltr' id='par_1_8' title="bbox 386 988 1965 1060">
     <span class='ocr_line' id='line_1_8' title="bbox 386 988 1965 1060; baseline 0 -16"><span class='ocrx_word' id='word_1_56' title='bbox 386 988 590 1045; x_wconf 87' lang='lat' dir='ltr'><strong>Probat</strong></span> <span class='ocrx_word' id='word_1_57' title='bbox 615 1002 793 1047; x_wconf 89' lang='lat' dir='ltr'><strong>autem</strong></span> <span class='ocrx_word' id='word_1_58' title='bbox 822 993 962 1046; x_wconf 89' lang='lat' dir='ltr'><strong>istud</strong></span> <span class='ocrx_word' id='word_1_59' title='bbox 995 992 1272 1058; x_wconf 74' lang='lat' dir='ltr'><strong>angelicus</strong></span> <span class='ocrx_word' id='word_1_60' title='bbox 1319 994 1505 1046; x_wconf 86' lang='lat' dir='ltr'><strong>doctor</strong></span> <span class='ocrx_word' id='word_1_61' title='bbox 1529 1001 1670 1060; x_wconf 86' lang='lat' dir='ltr'><strong>part.</strong></span> <span class='ocrx_word' id='word_1_62' title='bbox 1703 1008 1740 1054; x_wconf 89' lang='grc' dir='ltr'><strong>ι,</strong></span> <span class='ocrx_word' id='word_1_63' title='bbox 1774 999 1965 1059; x_wconf 82' lang='lat' dir='ltr'><strong>quaest.</strong></span> 
     </span>
    </p>
   </div>
   <div class='ocr_carea' id='block_1_9' title="bbox 388 1080 1970 1150">
    <p class='ocr_par' dir='ltr' id='par_1_9' title="bbox 388 1080 1970 1150">
     <span class='ocr_line' id='line_1_9' title="bbox 388 1080 1970 1150; baseline 0.003 -16"><span class='ocrx_word' id='word_1_64' title='bbox 388 1080 512 1145; x_wconf 78' lang='grc'><strong>108,</strong></span> <span class='ocrx_word' id='word_1_65' title='bbox 549 1095 713 1150; x_wconf 79' lang='lat' dir='ltr'><strong>atque</strong></span> <span class='ocrx_word' id='word_1_66' title='bbox 755 1082 885 1136; x_wconf 89' lang='lat' dir='ltr'><strong>il!ud</strong></span> <span class='ocrx_word' id='word_1_67' title='bbox 928 1098 1048 1137; x_wconf 88' lang='lat' dir='ltr'><strong>esse</strong></span> <span class='ocrx_word' id='word_1_68' title='bbox 1089 1083 1239 1147; x_wconf 88' lang='lat' dir='ltr'><strong>dicit,</strong></span> <span class='ocrx_word' id='word_1_69' title='bbox 1291 1100 1309 1133; x_wconf 83' lang='grc' dir='ltr'><strong>ι</strong></span> <span class='ocrx_word' id='word_1_70' title='bbox 1336 1083 1594 1137; x_wconf 83' lang='lat' dir='ltr'><strong>Homines</strong></span> <span class='ocrx_word' id='word_1_71' title='bbox 1642 1083 1709 1135; x_wconf 89' lang='lat' dir='ltr'><strong>ad</strong></span> <span class='ocrx_word' id='word_1_72' title='bbox 1752 1083 1970 1138; x_wconf 88' lang='lat' dir='ltr'><strong>ordines</strong></span> 
     </span>
    </p>
   </div>
   <div class='ocr_carea' id='block_1_10' title="bbox 386 1172 1968 1244">
    <p class='ocr_par' dir='ltr' id='par_1_10' title="bbox 386 1172 1968 1244">
     <span class='ocr_line' id='line_1_10' title="bbox 386 1172 1968 1244; baseline 0.001 -19"><span class='ocrx_word' id='word_1_73' title='bbox 386 1173 700 1241; x_wconf 85' lang='lat' dir='ltr'><strong>angelorum</strong></span> <span class='ocrx_word' id='word_1_74' title='bbox 729 1174 950 1227; x_wconf 88' lang='lat' dir='ltr'><strong>assumi.</strong></span> <span class='ocrx_word' id='word_1_75' title='bbox 990 1192 1009 1223; x_wconf 82' lang='grc' dir='ltr'><strong>ι</strong></span> <span class='ocrx_word' id='word_1_76' title='bbox 1044 1172 1182 1227; x_wconf 84' lang='lat' dir='ltr'><strong>Huic</strong></span> <span class='ocrx_word' id='word_1_77' title='bbox 1212 1189 1339 1227; x_wconf 90' lang='lat' dir='ltr'><strong>vero</strong></span> <span class='ocrx_word' id='word_1_78' title='bbox 1376 1174 1681 1244; x_wconf 86' lang='lat' dir='ltr'><strong>Hieronymi</strong></span> <span class='ocrx_word' id='word_1_79' title='bbox 1711 1174 1968 1228; x_wconf 90' lang='lat' dir='ltr'><strong>erimina-</strong></span> 
     </span>
    </p>
   </div>
   <div class='ocr_carea' id='block_1_11' title="bbox 387 1262 1969 1334">
    <p class='ocr_par' dir='ltr' id='par_1_11' title="bbox 387 1262 1969 1334">
     <span class='ocr_line' id='line_1_11' title="bbox 387 1262 1969 1334; baseline 0.001 -18"><span class='ocrx_word' id='word_1_80' title='bbox 387 1263 546 1327; x_wconf 90' lang='lat' dir='ltr'><strong>tioni,</strong></span> <span class='ocrx_word' id='word_1_81' title='bbox 571 1278 676 1332; x_wconf 89' lang='lat' dir='ltr'><strong>qua</strong></span> <span class='ocrx_word' id='word_1_82' title='bbox 708 1279 771 1317; x_wconf 89' lang='lat' dir='ltr'><strong>eo</strong></span> <span class='ocrx_word' id='word_1_83' title='bbox 801 1278 1144 1333; x_wconf 86' lang='lat' dir='ltr'><strong>progressum</strong></span> <span class='ocrx_word' id='word_1_84' title='bbox 1176 1262 1463 1333; x_wconf 88' lang='lat' dir='ltr'><strong>Origenem</strong></span> <span class='ocrx_word' id='word_1_85' title='bbox 1489 1267 1755 1334; x_wconf 89' lang='lat' dir='ltr'><strong>queritur,</strong></span> <span class='ocrx_word' id='word_1_86' title='bbox 1795 1273 1853 1318; x_wconf 86' lang='grc' dir='ltr'><strong>ιιι</strong></span> <span class='ocrx_word' id='word_1_87' title='bbox 1881 1281 1969 1317; x_wconf 90' lang='lat' dir='ltr'><strong>ra-</strong></span> 
     </span>
    </p>
   </div>
   <div class='ocr_carea' id='block_1_12' title="bbox 388 1353 1971 1425">
    <p class='ocr_par' dir='ltr' id='par_1_12' title="bbox 388 1353 1971 1425">
     <span class='ocr_line' id='line_1_12' title="bbox 388 1353 1971 1425; baseline 0 -18"><span class='ocrx_word' id='word_1_88' title='bbox 388 1354 553 1409; x_wconf 85' lang='lat' dir='ltr'><strong>tionis</strong></span> <span class='ocrx_word' id='word_1_89' title='bbox 575 1356 866 1424; x_wconf 87' lang='lat' dir='ltr'><strong>participes</strong></span> <span class='ocrx_word' id='word_1_90' title='bbox 892 1354 1103 1407; x_wconf 84' lang='lat' dir='ltr'><strong>animas</strong></span> <span class='ocrx_word' id='word_1_91' title='bbox 1130 1353 1180 1406; x_wconf 92' lang='lat' dir='ltr'><strong>in</strong></span> <span class='ocrx_word' id='word_1_92' title='bbox 1218 1354 1497 1408; x_wconf 90' lang='lat' dir='ltr'><strong>brutorum</strong></span> <span class='ocrx_word' id='word_1_93' title='bbox 1527 1370 1756 1425; x_wconf 89' lang='lat' dir='ltr'><strong>corpora</strong></span> <span class='ocrx_word' id='word_1_94' title='bbox 1792 1354 1971 1409; x_wconf 88' lang='lat' dir='ltr'><strong>devol-</strong></span> 
     </span>
    </p>
   </div>
   <div class='ocr_carea' id='block_1_13' title="bbox 387 1444 1971 1516">
    <p class='ocr_par' dir='ltr' id='par_1_13' title="bbox 387 1444 1971 1516">
     <span class='ocr_line' id='line_1_13' title="bbox 387 1444 1971 1516; baseline -0.001 -18"><span class='ocrx_word' id='word_1_95' title='bbox 387 1444 438 1498; x_wconf 79' lang='lat' dir='ltr'><strong>vi</strong></span> <span class='ocrx_word' id='word_1_96' title='bbox 465 1445 714 1513; x_wconf 88' lang='lat' dir='ltr'><strong>opinatus</strong></span> <span class='ocrx_word' id='word_1_97' title='bbox 745 1446 835 1508; x_wconf 87' lang='lat' dir='ltr'><strong>sit,</strong></span> <span class='ocrx_word' id='word_1_98' title='bbox 865 1444 1063 1513; x_wconf 87' lang='lat' dir='ltr'><strong>opponi</strong></span> <span class='ocrx_word' id='word_1_99' title='bbox 1093 1454 1277 1509; x_wconf 89' lang='lat' dir='ltr'><strong>posset</strong></span> <span class='ocrx_word' id='word_1_100' title='bbox 1302 1445 1428 1499; x_wconf 94' lang='lat' dir='ltr'><strong>illud</strong></span> <span class='ocrx_word' id='word_1_101' title='bbox 1455 1444 1703 1516; x_wconf 88' lang='lat' dir='ltr'><strong>Origenis</strong></span> <span class='ocrx_word' id='word_1_102' title='bbox 1732 1446 1971 1499; x_wconf 88' lang='lat' dir='ltr'><strong>testimo—</strong></span> 
     </span>
    </p>
   </div>
   <div class='ocr_carea' id='block_1_14' title="bbox 389 1536 1967 1607">
    <p class='ocr_par' dir='ltr' id='par_1_14' title="bbox 389 1536 1967 1607">
     <span class='ocr_line' id='line_1_14' title="bbox 389 1536 1967 1607; baseline 0 -17"><span class='ocrx_word' id='word_1_103' title='bbox 389 1536 537 1590; x_wconf 89' lang='lat' dir='ltr'><strong>nium</strong></span> <span class='ocrx_word' id='word_1_104' title='bbox 567 1552 597 1590; x_wconf 93' lang='lat' dir='ltr'><strong>e</strong></span> <span class='ocrx_word' id='word_1_105' title='bbox 625 1538 759 1591; x_wconf 80' lang='lat' dir='ltr'><strong>lib.i</strong></span> <span class='ocrx_word' id='word_1_106' title='bbox 795 1538 931 1607; x_wconf 79' lang='grc' dir='ltr'><strong>Περὶ</strong></span> <span class='ocrx_word' id='word_1_107' title='bbox 966 1537 1187 1606; x_wconf 81' lang='grc' dir='ltr'><strong>ἀρχῶν,</strong></span> <span class='ocrx_word' id='word_1_108' title='bbox 1223 1553 1340 1607; x_wconf 88' lang='lat' dir='ltr'><strong>cap.</strong></span> <span class='ocrx_word' id='word_1_109' title='bbox 1382 1538 1433 1603; x_wconf 90' lang='lat'><strong>7,</strong></span> <span class='ocrx_word' id='word_1_110' title='bbox 1468 1556 1615 1594; x_wconf 92' lang='lat' dir='ltr'><strong>num.</strong></span> <span class='ocrx_word' id='word_1_111' title='bbox 1646 1539 1701 1603; x_wconf 70' lang='grc'><strong>4,</strong></span> <span class='ocrx_word' id='word_1_112' title='bbox 1736 1553 1853 1607; x_wconf 92' lang='lat' dir='ltr'><strong>pag.</strong></span> <span class='ocrx_word' id='word_1_113' title='bbox 1880 1538 1967 1601; x_wconf 87' lang='lat'><strong>76,</strong></span> 
     </span>
    </p>
   </div>
   <div class='ocr_carea' id='block_1_15' title="bbox 389 1628 1973 1697">
    <p class='ocr_par' dir='ltr' id='par_1_15' title="bbox 389 1628 1973 1697">
     <span class='ocr_line' id='line_1_15' title="bbox 389 1628 1973 1697; baseline 0.003 -16"><span class='ocrx_word' id='word_1_114' title='bbox 389 1628 491 1682; x_wconf 89' lang='lat' dir='ltr'><strong>nisi</strong></span> <span class='ocrx_word' id='word_1_115' title='bbox 527 1628 703 1681; x_wconf 82' lang='lat' dir='ltr'><strong>Rufini</strong></span> <span class='ocrx_word' id='word_1_116' title='bbox 740 1629 1055 1697; x_wconf 83' lang='lat' dir='ltr'><strong>interpretis</strong></span> <span class='ocrx_word' id='word_1_117' title='bbox 1091 1633 1249 1685; x_wconf 90' lang='lat' dir='ltr'><strong>dubia</strong></span> <span class='ocrx_word' id='word_1_118' title='bbox 1274 1643 1421 1686; x_wconf 87' lang='lat' dir='ltr'><strong>esset</strong></span> <span class='ocrx_word' id='word_1_119' title='bbox 1457 1632 1627 1686; x_wconf 81' lang='lat' dir='ltr'><strong>fides:</strong></span> <span class='ocrx_word' id='word_1_120' title='bbox 1669 1649 1687 1682; x_wconf 80' lang='grc' dir='ltr'><strong>ι</strong></span> <span class='ocrx_word' id='word_1_121' title='bbox 1716 1631 1804 1685; x_wconf 89' lang='lat' dir='ltr'><strong>llla</strong></span> <span class='ocrx_word' id='word_1_122' title='bbox 1841 1644 1973 1685; x_wconf 86' lang='lat' dir='ltr'><strong>sane</strong></span> 
     </span>
    </p>
   </div>
   <div class='ocr_carea' id='block_1_16' title="bbox 390 1722 1974 1791">
    <p class='ocr_par' dir='ltr' id='par_1_16' title="bbox 390 1722 1974 1791">
     <span class='ocr_line' id='line_1_16' title="bbox 390 1722 1974 1791; baseline 0.001 -18"><span class='ocrx_word' id='word_1_123' title='bbox 390 1734 489 1773; x_wconf 91' lang='lat' dir='ltr'><strong>nos</strong></span> <span class='ocrx_word' id='word_1_124' title='bbox 520 1735 855 1788; x_wconf 85' lang='lat' dir='ltr'><strong>nequaquam</strong></span> <span class='ocrx_word' id='word_1_125' title='bbox 886 1722 1192 1791; x_wconf 89' lang='lat' dir='ltr'><strong>recipienda</strong></span> <span class='ocrx_word' id='word_1_126' title='bbox 1220 1738 1528 1787; x_wconf 88' lang='lat' dir='ltr'><strong>censemus,</strong></span> <span class='ocrx_word' id='word_1_127' title='bbox 1556 1738 1675 1791; x_wconf 75' lang='lat' dir='ltr'><strong>qua:</strong></span> <span class='ocrx_word' id='word_1_128' title='bbox 1709 1732 1763 1777; x_wconf 92' lang='lat' dir='ltr'><strong>et</strong></span> <span class='ocrx_word' id='word_1_129' title='bbox 1792 1738 1821 1775; x_wconf 93' lang='lat' dir='ltr'><strong>a</strong></span> <span class='ocrx_word' id='word_1_130' title='bbox 1854 1723 1974 1790; x_wconf 89' lang='lat' dir='ltr'><strong>qui-</strong></span> 
     </span>
    </p>
   </div>
   <div class='ocr_carea' id='block_1_17' title="bbox 2073 522 3663 599">
    <p class='ocr_par' dir='ltr' id='par_1_17' title="bbox 2073 522 3663 599">
     <span class='ocr_line' id='line_1_17' title="bbox 2073 522 3663 599; baseline -0.006 -14"><span class='ocrx_word' id='word_1_131' title='bbox 2073 544 2201 586; x_wconf 84' lang='lat' dir='ltr'><strong>vero</strong></span> <span class='ocrx_word' id='word_1_132' title='bbox 2251 544 2350 599; x_wconf 91' lang='lat' dir='ltr'><strong>per</strong></span> <span class='ocrx_word' id='word_1_133' title='bbox 2408 527 2703 583; x_wconf 86' lang='lat' dir='ltr'><strong>Ecclesiam</strong></span> <span class='ocrx_word' id='word_1_134' title='bbox 2764 525 3175 588; x_wconf 85' lang='lat' dir='ltr'><strong>incarnationis,</strong></span> <span class='ocrx_word' id='word_1_135' title='bbox 3239 522 3663 590; x_wconf 86' lang='lat' dir='ltr'><strong>redemptionis,</strong></span> 
     </span>
    </p>
   </div>
   <div class='ocr_carea' id='block_1_18' title="bbox 2073 615 3666 687">
    <p class='ocr_par' dir='ltr' id='par_1_18' title="bbox 2073 615 3666 687">
     <span class='ocr_line' id='line_1_18' title="bbox 2073 615 3666 687; baseline -0.006 -10"><span class='ocrx_word' id='word_1_136' title='bbox 2073 623 2251 677; x_wconf 89' lang='lat' dir='ltr'><strong>crucis</strong></span> <span class='ocrx_word' id='word_1_137' title='bbox 2313 631 2368 677; x_wconf 90' lang='lat' dir='ltr'><strong>et</strong></span> <span class='ocrx_word' id='word_1_138' title='bbox 2403 622 2592 675; x_wconf 92' lang='lat' dir='ltr'><strong>mortis</strong></span> <span class='ocrx_word' id='word_1_139' title='bbox 2635 618 2838 675; x_wconf 81' lang='lat' dir='ltr'><strong>Christi</strong></span> <span class='ocrx_word' id='word_1_140' title='bbox 2898 618 3175 687; x_wconf 81' lang='lat' dir='ltr'><strong>mysteria.</strong></span> <span class='ocrx_word' id='word_1_141' title='bbox 3216 615 3357 670; x_wconf 89' lang='lat' dir='ltr'><strong>Tum</strong></span> <span class='ocrx_word' id='word_1_142' title='bbox 3396 615 3666 669; x_wconf 88' lang='lat' dir='ltr'><strong>dubitans</strong></span> 
     </span>
    </p>
   </div>
   <div class='ocr_carea' id='block_1_19' title="bbox 2071 707 3659 785">
    <p class='ocr_par' dir='ltr' id='par_1_19' title="bbox 2071 707 3659 785">
     <span class='ocr_line' id='line_1_19' title="bbox 2071 707 3659 785; baseline -0.005 -18"><span class='ocrx_word' id='word_1_143' title='bbox 2071 714 2324 785; x_wconf 88' lang='lat' dir='ltr'><strong>proponit</strong></span> <span class='ocrx_word' id='word_1_144' title='bbox 2355 712 2547 780; x_wconf 90' lang='lat' dir='ltr'><strong>ecquid</strong></span> <span class='ocrx_word' id='word_1_145' title='bbox 2585 711 2637 763; x_wconf 92' lang='lat' dir='ltr'><strong>in</strong></span> <span class='ocrx_word' id='word_1_146' title='bbox 2669 708 2906 763; x_wconf 86' lang='lat' dir='ltr'><strong>Ecclesia</strong></span> <span class='ocrx_word' id='word_1_147' title='bbox 2936 724 3056 778; x_wconf 63' lang='lat' dir='ltr'><strong>quae</strong></span> <span class='ocrx_word' id='word_1_148' title='bbox 3081 707 3284 762; x_wconf 82' lang='lat' dir='ltr'><strong>Christi</strong></span> <span class='ocrx_word' id='word_1_149' title='bbox 3312 720 3519 775; x_wconf 90' lang='lat' dir='ltr'><strong>corpus</strong></span> <span class='ocrx_word' id='word_1_150' title='bbox 3547 716 3659 765; x_wconf 86' lang='lat' dir='ltr'><strong>est.</strong></span> 
     </span>
    </p>
   </div>
   <div class='ocr_carea' id='block_1_20' title="bbox 2073 798 3661 875">
    <p class='ocr_par' dir='ltr' id='par_1_20' title="bbox 2073 798 3661 875">
     <span class='ocr_line' id='line_1_20' title="bbox 2073 798 3661 875; baseline -0.006 -16"><span class='ocrx_word' id='word_1_151' title='bbox 2073 816 2255 875; x_wconf 88' lang='lat' dir='ltr'><strong>utpote</strong></span> <span class='ocrx_word' id='word_1_152' title='bbox 2271 803 2387 873; x_wconf 88' lang='lat' dir='ltr'><strong>ejus</strong></span> <span class='ocrx_word' id='word_1_153' title='bbox 2414 817 2633 872; x_wconf 83' lang='lat' dir='ltr'><strong>Sponsa,</strong></span> <span class='ocrx_word' id='word_1_154' title='bbox 2653 816 2905 869; x_wconf 88' lang='lat' dir='ltr'><strong>sponsum</strong></span> <span class='ocrx_word' id='word_1_155' title='bbox 2926 800 3099 870; x_wconf 91' lang='lat' dir='ltr'><strong>ipsum</strong></span> <span class='ocrx_word' id='word_1_156' title='bbox 3125 799 3391 854; x_wconf 90' lang='lat' dir='ltr'><strong>hactenus</strong></span> <span class='ocrx_word' id='word_1_157' title='bbox 3418 798 3523 851; x_wconf 87' lang='lat' dir='ltr'><strong>sibi</strong></span> <span class='ocrx_word' id='word_1_158' title='bbox 3550 811 3661 850; x_wconf 84' lang='lat' dir='ltr'><strong>non</strong></span> 
     </span>
    </p>
   </div>
   <div class='ocr_carea' id='block_1_21' title="bbox 2071 890 3661 963">
    <p class='ocr_par' dir='ltr' id='par_1_21' title="bbox 2071 890 3661 963">
     <span class='ocr_line' id='line_1_21' title="bbox 2071 890 3661 963; baseline -0.006 -14"><span class='ocrx_word' id='word_1_159' title='bbox 2071 897 2244 950; x_wconf 85' lang='lat' dir='ltr'><strong>visum</strong></span> <span class='ocrx_word' id='word_1_160' title='bbox 2278 893 2677 963; x_wconf 80' lang='lat' dir='ltr'><strong>conspexerint.</strong></span> <span class='ocrx_word' id='word_1_161' title='bbox 2719 890 3138 962; x_wconf 88' lang='lat' dir='ltr'><strong>Chrysostomus</strong></span> <span class='ocrx_word' id='word_1_162' title='bbox 3192 900 3478 960; x_wconf 66' lang='lat' dir='ltr'><strong>praeterea,</strong></span> <span class='ocrx_word' id='word_1_163' title='bbox 3534 904 3661 942; x_wconf 89' lang='lat' dir='ltr'><strong>cum</strong></span> 
     </span>
    </p>
   </div>
   <div class='ocr_carea' id='block_1_22' title="bbox 2075 983 3663 1051">
    <p class='ocr_par' dir='ltr' id='par_1_22' title="bbox 2075 983 3663 1051">
     <span class='ocr_line' id='line_1_22' title="bbox 2075 983 3663 1051; baseline -0.006 -10"><span class='ocrx_word' id='word_1_164' title='bbox 2075 988 2222 1051; x_wconf 92' lang='lat' dir='ltr'><strong>alibi,</strong></span> <span class='ocrx_word' id='word_1_165' title='bbox 2249 997 2361 1040; x_wconf 91' lang='lat' dir='ltr'><strong>tum</strong></span> <span class='ocrx_word' id='word_1_166' title='bbox 2412 997 2763 1040; x_wconf 85' lang='lat' dir='ltr'><strong>memoratam</strong></span> <span class='ocrx_word' id='word_1_167' title='bbox 2809 984 2957 1038; x_wconf 87' lang='lat' dir='ltr'><strong>Pauli</strong></span> <span class='ocrx_word' id='word_1_168' title='bbox 3012 983 3338 1037; x_wconf 90' lang='lat' dir='ltr'><strong>sententiam</strong></span> <span class='ocrx_word' id='word_1_169' title='bbox 3374 994 3663 1034; x_wconf 88' lang='lat' dir='ltr'><strong>commen-</strong></span> 
     </span>
    </p>
   </div>
   <div class='ocr_carea' id='block_1_23' title="bbox 2073 1070 3659 1145">
    <p class='ocr_par' dir='ltr' id='par_1_23' title="bbox 2073 1070 3659 1145">
     <span class='ocr_line' id='line_1_23' title="bbox 2073 1070 3659 1145; baseline -0.006 -14"><span class='ocrx_word' id='word_1_170' title='bbox 2073 1077 2227 1131; x_wconf 89' lang='lat' dir='ltr'><strong>tariis</strong></span> <span class='ocrx_word' id='word_1_171' title='bbox 2262 1076 2375 1129; x_wconf 90' lang='lat' dir='ltr'><strong>suis</strong></span> <span class='ocrx_word' id='word_1_172' title='bbox 2401 1075 2693 1139; x_wconf 91' lang='lat' dir='ltr'><strong>illustrans,</strong></span> <span class='ocrx_word' id='word_1_173' title='bbox 2730 1075 2932 1145; x_wconf 92' lang='lat' dir='ltr'><strong>liquido</strong></span> <span class='ocrx_word' id='word_1_174' title='bbox 2954 1070 3437 1139; x_wconf 88' lang='lat' dir='ltr'><strong>declaratangelos</strong></span> <span class='ocrx_word' id='word_1_175' title='bbox 3468 1085 3659 1123; x_wconf 88' lang='lat' dir='ltr'><strong>rerum</strong></span> 
     </span>
    </p>
   </div>
   <div class='ocr_carea' id='block_1_24' title="bbox 2071 1164 3659 1236">
    <p class='ocr_par' dir='ltr' id='par_1_24' title="bbox 2071 1164 3659 1236">
     <span class='ocr_line' id='line_1_24' title="bbox 2071 1164 3659 1236; baseline -0.006 -13"><span class='ocrx_word' id='word_1_176' title='bbox 2071 1171 2170 1225; x_wconf 86' lang='lat' dir='ltr'><strong>sibi</strong></span> <span class='ocrx_word' id='word_1_177' title='bbox 2226 1178 2382 1221; x_wconf 89' lang='lat' dir='ltr'><strong>antea</strong></span> <span class='ocrx_word' id='word_1_178' title='bbox 2432 1168 2765 1222; x_wconf 90' lang='lat' dir='ltr'><strong>occultarum</strong></span> <span class='ocrx_word' id='word_1_179' title='bbox 2816 1178 2870 1222; x_wconf 94' lang='lat' dir='ltr'><strong>et</strong></span> <span class='ocrx_word' id='word_1_180' title='bbox 2916 1166 3219 1236; x_wconf 91' lang='lat' dir='ltr'><strong>ignotarum</strong></span> <span class='ocrx_word' id='word_1_181' title='bbox 3294 1164 3548 1217; x_wconf 87' lang='lat' dir='ltr'><strong>notitiam</strong></span> <span class='ocrx_word' id='word_1_182' title='bbox 3592 1176 3659 1215; x_wconf 80' lang='lat' dir='ltr'><strong>ex</strong></span> 
     </span>
    </p>
   </div>
   <div class='ocr_carea' id='block_1_25' title="bbox 2074 1255 3661 1330">
    <p class='ocr_par' dir='ltr' id='par_1_25' title="bbox 2074 1255 3661 1330">
     <span class='ocr_line' id='line_1_25' title="bbox 2074 1255 3661 1330; baseline -0.006 -15"><span class='ocrx_word' id='word_1_183' title='bbox 2074 1262 2187 1330; x_wconf 90' lang='lat' dir='ltr'><strong>ipso</strong></span> <span class='ocrx_word' id='word_1_184' title='bbox 2215 1261 2588 1330; x_wconf 85' lang='lat' dir='ltr'><strong>apostolorum</strong></span> <span class='ocrx_word' id='word_1_185' title='bbox 2654 1274 2752 1312; x_wconf 91' lang='lat' dir='ltr'><strong>ore</strong></span> <span class='ocrx_word' id='word_1_186' title='bbox 2794 1271 3161 1327; x_wconf 86' lang='lat' dir='ltr'><strong>comparasse,</strong></span> <span class='ocrx_word' id='word_1_187' title='bbox 3196 1266 3251 1309; x_wconf 88' lang='lat' dir='ltr'><strong>et</strong></span> <span class='ocrx_word' id='word_1_188' title='bbox 3278 1256 3331 1308; x_wconf 92' lang='lat' dir='ltr'><strong>in</strong></span> <span class='ocrx_word' id='word_1_189' title='bbox 3377 1255 3444 1309; x_wconf 91' lang='lat' dir='ltr'><strong>iis</strong></span> <span class='ocrx_word' id='word_1_190' title='bbox 3496 1255 3661 1307; x_wconf 86' lang='lat' dir='ltr'><strong>rebus</strong></span> 
     </span>
    </p>
   </div>
   <div class='ocr_carea' id='block_1_26' title="bbox 2072 1346 3658 1422">
    <p class='ocr_par' dir='ltr' id='par_1_26' title="bbox 2072 1346 3658 1422">
     <span class='ocr_line' id='line_1_26' title="bbox 2072 1346 3658 1422; baseline -0.005 -16"><span class='ocrx_word' id='word_1_191' title='bbox 2072 1355 2394 1422; x_wconf 63' lang='lat' dir='ltr'><strong>praecipuam</strong></span> <span class='ocrx_word' id='word_1_192' title='bbox 2428 1352 2594 1407; x_wconf 87' lang='lat' dir='ltr'><strong>fuisse</strong></span> <span class='ocrx_word' id='word_1_193' title='bbox 2635 1351 2875 1420; x_wconf 89' lang='lat' dir='ltr'><strong>gentium</strong></span> <span class='ocrx_word' id='word_1_194' title='bbox 2917 1348 3201 1403; x_wconf 87' lang='lat' dir='ltr'><strong>adChristi</strong></span> <span class='ocrx_word' id='word_1_195' title='bbox 3232 1346 3391 1401; x_wconf 87' lang='lat' dir='ltr'><strong>fidem</strong></span> <span class='ocrx_word' id='word_1_196' title='bbox 3420 1361 3658 1399; x_wconf 82' lang='lat' dir='ltr'><strong>conver-</strong></span> 
     </span>
    </p>
   </div>
   <div class='ocr_carea' id='block_1_27' title="bbox 2072 1440 3662 1515">
    <p class='ocr_par' dir='ltr' id='par_1_27' title="bbox 2072 1440 3662 1515">
     <span class='ocr_line' id='line_1_27' title="bbox 2072 1440 3662 1515; baseline -0.009 -13"><span class='ocrx_word' id='word_1_197' title='bbox 2072 1450 2300 1512; x_wconf 89' lang='lat' dir='ltr'><strong>sionem,</strong></span> <span class='ocrx_word' id='word_1_198' title='bbox 2348 1446 2554 1515; x_wconf 86' lang='lat' dir='ltr'><strong>angelis</strong></span> <span class='ocrx_word' id='word_1_199' title='bbox 2595 1455 2750 1499; x_wconf 89' lang='lat' dir='ltr'><strong>antea</strong></span> <span class='ocrx_word' id='word_1_200' title='bbox 2791 1443 3121 1512; x_wconf 89' lang='lat' dir='ltr'><strong>ignoratam.</strong></span> <span class='ocrx_word' id='word_1_201' title='bbox 3160 1441 3386 1494; x_wconf 74' lang='lat' dir='ltr'><strong>Accedit</strong></span> <span class='ocrx_word' id='word_1_202' title='bbox 3413 1440 3483 1492; x_wconf 88' lang='lat' dir='ltr'><strong>ad</strong></span> <span class='ocrx_word' id='word_1_203' title='bbox 3510 1453 3662 1491; x_wconf 88' lang='lat' dir='ltr'><strong>eam-</strong></span> 
     </span>
    </p>
   </div>
   <div class='ocr_carea' id='block_1_28' title="bbox 2074 1529 3658 1608">
    <p class='ocr_par' dir='ltr' id='par_1_28' title="bbox 2074 1529 3658 1608">
     <span class='ocr_line' id='line_1_28' title="bbox 2074 1529 3658 1608; baseline -0.008 -14"><span class='ocrx_word' id='word_1_204' title='bbox 2074 1540 2192 1594; x_wconf 88' lang='lat' dir='ltr'><strong>dem</strong></span> <span class='ocrx_word' id='word_1_205' title='bbox 2220 1539 2528 1608; x_wconf 90' lang='lat' dir='ltr'><strong>opinionem</strong></span> <span class='ocrx_word' id='word_1_206' title='bbox 2587 1535 2947 1606; x_wconf 85' lang='lat' dir='ltr'><strong>Hieronymus</strong></span> <span class='ocrx_word' id='word_1_207' title='bbox 2994 1534 3085 1587; x_wconf 92' lang='lat' dir='ltr'><strong>lib.</strong></span> <span class='ocrx_word' id='word_1_208' title='bbox 3118 1550 3155 1587; x_wconf 93' lang='grc' dir='ltr'><strong>ιι</strong></span> <span class='ocrx_word' id='word_1_209' title='bbox 3188 1534 3242 1586; x_wconf 86' lang='lat' dir='ltr'><strong>in</strong></span> <span class='ocrx_word' id='word_1_210' title='bbox 3286 1532 3462 1599; x_wconf 79' lang='lat' dir='ltr'><strong>Epist.</strong></span> <span class='ocrx_word' id='word_1_211' title='bbox 3492 1532 3564 1584; x_wconf 87' lang='lat' dir='ltr'><strong>ad</strong></span> <span class='ocrx_word' id='word_1_212' title='bbox 3589 1529 3658 1583; x_wconf 81' lang='lat' dir='ltr'><strong>E—</strong></span> 
     </span>
    </p>
   </div>
   <div class='ocr_carea' id='block_1_29' title="bbox 2072 1624 3654 1699">
    <p class='ocr_par' dir='ltr' id='par_1_29' title="bbox 2072 1624 3654 1699">
     <span class='ocr_line' id='line_1_29' title="bbox 2072 1624 3654 1699; baseline -0.004 -18"><span class='ocrx_word' id='word_1_213' title='bbox 2072 1630 2240 1698; x_wconf 85' lang='lat' dir='ltr'><strong>phes.,</strong></span> <span class='ocrx_word' id='word_1_214' title='bbox 2272 1644 2392 1699; x_wconf 88' lang='lat' dir='ltr'><strong>cap.</strong></span> <span class='ocrx_word' id='word_1_215' title='bbox 2427 1644 2505 1693; x_wconf 86' lang='grc' dir='ltr'><strong>ιιι,</strong></span> <span class='ocrx_word' id='word_1_216' title='bbox 2547 1642 2599 1680; x_wconf 90' lang='lat' dir='ltr'><strong>v.</strong></span> <span class='ocrx_word' id='word_1_217' title='bbox 2635 1627 2723 1691; x_wconf 79' lang='grc'><strong>10,</strong></span> <span class='ocrx_word' id='word_1_218' title='bbox 2766 1636 2823 1679; x_wconf 92' lang='lat' dir='ltr'><strong>et</strong></span> <span class='ocrx_word' id='word_1_219' title='bbox 2858 1624 3205 1693; x_wconf 90' lang='lat' dir='ltr'><strong>multiplicem</strong></span> <span class='ocrx_word' id='word_1_220' title='bbox 3246 1624 3388 1677; x_wconf 83' lang='lat' dir='ltr'><strong>illam</strong></span> <span class='ocrx_word' id='word_1_221' title='bbox 3433 1624 3654 1691; x_wconf 88' lang='lat' dir='ltr'><strong>sapien-</strong></span> 
     </span>
    </p>
   </div>
   <div class='ocr_carea' id='block_1_30' title="bbox 2076 1715 3660 1791">
    <p class='ocr_par' dir='ltr' id='par_1_30' title="bbox 2076 1715 3660 1791">
     <span class='ocr_line' id='line_1_30' title="bbox 2076 1715 3660 1791; baseline -0.006 -15"><span class='ocrx_word' id='word_1_222' title='bbox 2076 1724 2203 1777; x_wconf 90' lang='lat' dir='ltr'><strong>tiam</strong></span> <span class='ocrx_word' id='word_1_223' title='bbox 2243 1720 2449 1791; x_wconf 88' lang='lat' dir='ltr'><strong>angelis</strong></span> <span class='ocrx_word' id='word_1_224' title='bbox 2489 1721 2791 1790; x_wconf 88' lang='lat' dir='ltr'><strong>ignoratam</strong></span> <span class='ocrx_word' id='word_1_225' title='bbox 2822 1718 2946 1772; x_wconf 62' lang='lat' dir='ltr'><strong>vitae</strong></span> <span class='ocrx_word' id='word_1_226' title='bbox 2972 1716 3175 1772; x_wconf 86' lang='lat' dir='ltr'><strong>Christi</strong></span> <span class='ocrx_word' id='word_1_227' title='bbox 3227 1715 3503 1787; x_wconf 85' lang='lat' dir='ltr'><strong>mysteriis</strong></span> <span class='ocrx_word' id='word_1_228' title='bbox 3532 1730 3660 1770; x_wconf 90' lang='lat' dir='ltr'><strong>con-</strong></span> 
     </span>
    </p>
   </div>
   <div class='ocr_carea' id='block_1_31' title="bbox 387 1801 3657 1884">
    <p class='ocr_par' dir='ltr' id='par_1_31' title="bbox 387 1801 3657 1884">
     <span class='ocr_line' id='line_1_31' title="bbox 387 1801 3657 1884; baseline -0.002 -18"><span class='ocrx_word' id='word_1_229' title='bbox 387 1812 617 1867; x_wconf 86' lang='lat' dir='ltr'><strong>busdam</strong></span> <span class='ocrx_word' id='word_1_230' title='bbox 649 1813 921 1881; x_wconf 83' lang='lat' dir='ltr'><strong>superfluo</strong></span> <span class='ocrx_word' id='word_1_231' title='bbox 967 1816 1050 1868; x_wconf 87' lang='lat' dir='ltr'><strong>vel</strong></span> <span class='ocrx_word' id='word_1_232' title='bbox 1102 1816 1302 1884; x_wconf 89' lang='lat' dir='ltr'><strong>requiri</strong></span> <span class='ocrx_word' id='word_1_233' title='bbox 1336 1817 1420 1869; x_wconf 90' lang='lat' dir='ltr'><strong>vel</strong></span> <span class='ocrx_word' id='word_1_234' title='bbox 1466 1817 1634 1870; x_wconf 89' lang='lat' dir='ltr'><strong>astrui</strong></span> <span class='ocrx_word' id='word_1_235' title='bbox 1680 1816 1875 1880; x_wconf 88' lang='lat' dir='ltr'><strong>solent,</strong></span> <span class='ocrx_word' id='word_1_236' title='bbox 1918 1815 1969 1868; x_wconf 93' lang='lat' dir='ltr'><strong>id</strong></span> <span class='ocrx_word' id='word_1_237' title='bbox 2001 1801 2042 1855; x_wconf 86' lang='grc' dir='ltr'><strong>Β</strong></span> <span class='ocrx_word' id='word_1_238' title='bbox 2073 1813 2229 1867; x_wconf 90' lang='lat' dir='ltr'><strong>tineri</strong></span> <span class='ocrx_word' id='word_1_239' title='bbox 2260 1813 2436 1866; x_wconf 91' lang='lat' dir='ltr'><strong>docet.</strong></span> <span class='ocrx_word' id='word_1_240' title='bbox 2462 1810 2571 1865; x_wconf 85' lang='lat' dir='ltr'><strong>Hos</strong></span> <span class='ocrx_word' id='word_1_241' title='bbox 2605 1810 2695 1864; x_wconf 90' lang='lat' dir='ltr'><strong>alii</strong></span> <span class='ocrx_word' id='word_1_242' title='bbox 2728 1809 3036 1877; x_wconf 89' lang='lat' dir='ltr'><strong>complures</strong></span> <span class='ocrx_word' id='word_1_243' title='bbox 3064 1810 3231 1862; x_wconf 86' lang='lat' dir='ltr'><strong>secuti</strong></span> <span class='ocrx_word' id='word_1_244' title='bbox 3264 1818 3407 1861; x_wconf 90' lang='lat' dir='ltr'><strong>sunt.</strong></span> <span class='ocrx_word' id='word_1_245' title='bbox 3436 1809 3510 1860; x_wconf 74' lang='lat' dir='ltr'><strong>At</strong></span> <span class='ocrx_word' id='word_1_246' title='bbox 3538 1823 3657 1861; x_wconf 89' lang='lat' dir='ltr'><strong>cum</strong></span> 
     </span>
    </p>
   </div>
   <div class='ocr_carea' id='block_1_32' title="bbox 386 1903 1968 1970">
    <p class='ocr_par' dir='ltr' id='par_1_32' title="bbox 386 1903 1968 1970">
     <span class='ocr_line' id='line_1_32' title="bbox 386 1903 1968 1970; baseline 0.001 -16"><span class='ocrx_word' id='word_1_247' title='bbox 386 1909 493 1966; x_wconf 86' lang='lat' dir='ltr'><strong>est,</strong></span> <span class='ocrx_word' id='word_1_248' title='bbox 532 1903 675 1970; x_wconf 89' lang='lat' dir='ltr'><strong>quod</strong></span> <span class='ocrx_word' id='word_1_249' title='bbox 722 1903 913 1956; x_wconf 78' lang='lat' dir='ltr'><strong>animm</strong></span> <span class='ocrx_word' id='word_1_250' title='bbox 955 1904 1005 1955; x_wconf 94' lang='lat' dir='ltr'><strong>in</strong></span> <span class='ocrx_word' id='word_1_251' title='bbox 1035 1913 1240 1956; x_wconf 89' lang='lat' dir='ltr'><strong>tantum</strong></span> <span class='ocrx_word' id='word_1_252' title='bbox 1279 1905 1359 1958; x_wconf 89' lang='lat' dir='ltr'><strong>sui</strong></span> <span class='ocrx_word' id='word_1_253' title='bbox 1395 1905 1679 1959; x_wconf 86' lang='lat' dir='ltr'><strong>decessum</strong></span> <span class='ocrx_word' id='word_1_254' title='bbox 1722 1903 1968 1970; x_wconf 82' lang='lat' dir='ltr'><strong>veniant,</strong></span> 
     </span>
    </p>
   </div>
   <div class='ocr_carea' id='block_1_33' title="bbox 392 1996 1972 2065">
    <p class='ocr_par' dir='ltr' id='par_1_33' title="bbox 392 1996 1972 2065">
     <span class='ocr_line' id='line_1_33' title="bbox 392 1996 1972 2065; baseline 0.001 -17"><span class='ocrx_word' id='word_1_255' title='bbox 392 2004 453 2049; x_wconf 93' lang='lat' dir='ltr'><strong>ut</strong></span> <span class='ocrx_word' id='word_1_256' title='bbox 482 2006 686 2049; x_wconf 67' lang='lat' dir='ltr'><strong>natura:</strong></span> <span class='ocrx_word' id='word_1_257' title='bbox 717 1996 998 2050; x_wconf 88' lang='lat' dir='ltr'><strong>rationalis</strong></span> <span class='ocrx_word' id='word_1_258' title='bbox 1026 2012 1086 2050; x_wconf 90' lang='lat' dir='ltr'><strong>ac</strong></span> <span class='ocrx_word' id='word_1_259' title='bbox 1114 1996 1393 2065; x_wconf 88' lang='lat' dir='ltr'><strong>dignitatis</strong></span> <span class='ocrx_word' id='word_1_260' title='bbox 1416 1997 1595 2050; x_wconf 71' lang='lat' dir='ltr'><strong>oblita:</strong></span> <span class='ocrx_word' id='word_1_261' title='bbox 1621 1997 1781 2051; x_wconf 84' lang='lat' dir='ltr'><strong>etiam</strong></span> <span class='ocrx_word' id='word_1_262' title='bbox 1812 1996 1864 2049; x_wconf 94' lang='lat' dir='ltr'><strong>in</strong></span> <span class='ocrx_word' id='word_1_263' title='bbox 1889 2011 1972 2049; x_wconf 90' lang='lat' dir='ltr'><strong>or-</strong></span> 
     </span>
    </p>
   </div>
   <div class='ocr_carea' id='block_1_34' title="bbox 390 2084 1967 2153">
    <p class='ocr_par' dir='ltr' id='par_1_34' title="bbox 390 2084 1967 2153">
     <span class='ocr_line' id='line_1_34' title="bbox 390 2084 1967 2153; baseline -0.002 -12"><span class='ocrx_word' id='word_1_264' title='bbox 390 2084 577 2141; x_wconf 87' lang='lat' dir='ltr'><strong>dinem</strong></span> <span class='ocrx_word' id='word_1_265' title='bbox 626 2086 1076 2139; x_wconf 89' lang='lat' dir='ltr'><strong>irrationabilium</strong></span> <span class='ocrx_word' id='word_1_266' title='bbox 1110 2087 1486 2153; x_wconf 90' lang='lat' dir='ltr'><strong>animantium,</strong></span> <span class='ocrx_word' id='word_1_267' title='bbox 1534 2086 1617 2140; x_wconf 89' lang='lat' dir='ltr'><strong>vel</strong></span> <span class='ocrx_word' id='word_1_268' title='bbox 1652 2086 1967 2149; x_wconf 85' lang='lat' dir='ltr'><strong>bestiarum,</strong></span> 
     </span>
    </p>
   </div>
   <div class='ocr_carea' id='block_1_35' title="bbox 390 2177 1969 2247">
    <p class='ocr_par' dir='ltr' id='par_1_35' title="bbox 390 2177 1969 2247">
     <span class='ocr_line' id='line_1_35' title="bbox 390 2177 1969 2247; baseline 0.001 -17"><span class='ocrx_word' id='word_1_269' title='bbox 390 2177 475 2232; x_wconf 91' lang='lat' dir='ltr'><strong>vel</strong></span> <span class='ocrx_word' id='word_1_270' title='bbox 501 2178 769 2247; x_wconf 78' lang='lat' dir='ltr'><strong>pecudum</strong></span> <span class='ocrx_word' id='word_1_271' title='bbox 819 2179 1176 2233; x_wconf 76' lang='lat' dir='ltr'><strong>devolvuntur</strong></span> <span class='ocrx_word' id='word_1_272' title='bbox 1342 2179 1472 2245; x_wconf 79' lang='lat' dir='ltr'><strong>Qua:</strong></span> <span class='ocrx_word' id='word_1_273' title='bbox 1517 2194 1616 2234; x_wconf 89' lang='lat' dir='ltr'><strong>nos</strong></span> <span class='ocrx_word' id='word_1_274' title='bbox 1653 2194 1757 2232; x_wconf 92' lang='lat' dir='ltr'><strong>non</strong></span> <span class='ocrx_word' id='word_1_275' title='bbox 1798 2179 1969 2233; x_wconf 92' lang='lat' dir='ltr'><strong>solum</strong></span> 
     </span>
    </p>
   </div>
   <div class='ocr_carea' id='block_1_36' title="bbox 390 2271 1973 2337">
    <p class='ocr_par' dir='ltr' id='par_1_36' title="bbox 390 2271 1973 2337">
     <span class='ocr_line' id='line_1_36' title="bbox 390 2271 1973 2337; baseline 0 -14"><span class='ocrx_word' id='word_1_276' title='bbox 390 2283 498 2324; x_wconf 90' lang='lat' dir='ltr'><strong>non</strong></span> <span class='ocrx_word' id='word_1_277' title='bbox 557 2271 922 2337; x_wconf 88' lang='lat' dir='ltr'><strong>suscipimus;</strong></span> <span class='ocrx_word' id='word_1_278' title='bbox 951 2271 1043 2324; x_wconf 91' lang='lat' dir='ltr'><strong>sed</strong></span> <span class='ocrx_word' id='word_1_279' title='bbox 1071 2282 1125 2325; x_wconf 87' lang='lat' dir='ltr'><strong>et</strong></span> <span class='ocrx_word' id='word_1_280' title='bbox 1153 2288 1344 2326; x_wconf 87' lang='lat' dir='ltr'><strong>omnes</strong></span> <span class='ocrx_word' id='word_1_281' title='bbox 1367 2274 1466 2326; x_wconf 90' lang='lat' dir='ltr'><strong>has</strong></span> <span class='ocrx_word' id='word_1_282' title='bbox 1512 2272 1841 2326; x_wconf 88' lang='lat' dir='ltr'><strong>assertiones</strong></span> <span class='ocrx_word' id='word_1_283' title='bbox 1879 2284 1973 2325; x_wconf 88' lang='lat' dir='ltr'><strong>eo-</strong></span> 
     </span>
    </p>
   </div>
   <div class='ocr_carea' id='block_1_37' title="bbox 391 2361 1969 2419">
    <p class='ocr_par' dir='ltr' id='par_1_37' title="bbox 391 2361 1969 2419">
     <span class='ocr_line' id='line_1_37' title="bbox 391 2361 1969 2419; baseline 0.001 -5"><span class='ocrx_word' id='word_1_284' title='bbox 391 2375 511 2414; x_wconf 86' lang='lat' dir='ltr'><strong>rum</strong></span> <span class='ocrx_word' id='word_1_285' title='bbox 552 2371 740 2414; x_wconf 90' lang='lat' dir='ltr'><strong>contra</strong></span> <span class='ocrx_word' id='word_1_286' title='bbox 776 2361 929 2414; x_wconf 88' lang='lat' dir='ltr'><strong>fidem</strong></span> <span class='ocrx_word' id='word_1_287' title='bbox 963 2373 1203 2418; x_wconf 89' lang='lat' dir='ltr'><strong>nostram</strong></span> <span class='ocrx_word' id='word_1_288' title='bbox 1239 2364 1517 2419; x_wconf 84' lang='lat' dir='ltr'><strong>venientes</strong></span> <span class='ocrx_word' id='word_1_289' title='bbox 1564 2361 1859 2416; x_wconf 81' lang='lat' dir='ltr'><strong>refutamus</strong></span> <span class='ocrx_word' id='word_1_290' title='bbox 1886 2371 1969 2415; x_wconf 89' lang='lat' dir='ltr'><strong>at-</strong></span> 
     </span>
    </p>
   </div>
   <div class='ocr_carea' id='block_1_38' title="bbox 391 2453 1972 2523">
    <p class='ocr_par' dir='ltr' id='par_1_38' title="bbox 391 2453 1972 2523">
     <span class='ocr_line' id='line_1_38' title="bbox 391 2453 1972 2523; baseline 0 -18"><span class='ocrx_word' id='word_1_291' title='bbox 391 2467 498 2521; x_wconf 90' lang='lat' dir='ltr'><strong>que</strong></span> <span class='ocrx_word' id='word_1_292' title='bbox 521 2453 843 2520; x_wconf 87' lang='lat' dir='ltr'><strong>respuimus.</strong></span> <span class='ocrx_word' id='word_1_293' title='bbox 876 2472 893 2505; x_wconf 80' lang='grc' dir='ltr'><strong>ι</strong></span> <span class='ocrx_word' id='word_1_294' title='bbox 934 2456 1106 2523; x_wconf 86' lang='lat' dir='ltr'><strong>Atque</strong></span> <span class='ocrx_word' id='word_1_295' title='bbox 1154 2457 1267 2509; x_wconf 63' lang='lat' dir='ltr'><strong>hare</strong></span> <span class='ocrx_word' id='word_1_296' title='bbox 1298 2455 1634 2509; x_wconf 86' lang='lat' dir='ltr'><strong>enucleatius</strong></span> <span class='ocrx_word' id='word_1_297' title='bbox 1682 2466 1972 2522; x_wconf 88' lang='lat' dir='ltr'><strong>perseque-</strong></span> 
     </span>
    </p>
   </div>
   <div class='ocr_carea' id='block_1_39' title="bbox 392 2542 1970 2615">
    <p class='ocr_par' dir='ltr' id='par_1_39' title="bbox 392 2542 1970 2615">
     <span class='ocr_line' id='line_1_39' title="bbox 392 2542 1970 2615; baseline 0.001 -20"><span class='ocrx_word' id='word_1_298' title='bbox 392 2557 516 2595; x_wconf 91' lang='lat' dir='ltr'><strong>mur</strong></span> <span class='ocrx_word' id='word_1_299' title='bbox 554 2542 711 2605; x_wconf 82' lang='lat' dir='ltr'><strong>infra,</strong></span> <span class='ocrx_word' id='word_1_300' title='bbox 749 2559 869 2597; x_wconf 88' lang='lat' dir='ltr'><strong>cum</strong></span> <span class='ocrx_word' id='word_1_301' title='bbox 907 2542 1159 2615; x_wconf 90' lang='lat' dir='ltr'><strong>Origcnis</strong></span> <span class='ocrx_word' id='word_1_302' title='bbox 1190 2547 1255 2600; x_wconf 86' lang='lat' dir='ltr'><strong>de</strong></span> <span class='ocrx_word' id='word_1_303' title='bbox 1308 2544 1770 2614; x_wconf 86' lang='lat' dir='ltr'><strong>metempsychosi</strong></span> <span class='ocrx_word' id='word_1_304' title='bbox 1805 2542 1970 2597; x_wconf 88' lang='lat' dir='ltr'><strong>docu-</strong></span> 
     </span>
    </p>
   </div>
   <div class='ocr_carea' id='block_1_40' title="bbox 392 2636 983 2693">
    <p class='ocr_par' dir='ltr' id='par_1_40' title="bbox 392 2636 983 2693">
     <span class='ocr_line' id='line_1_40' title="bbox 392 2636 983 2693; baseline 0.007 -5"><span class='ocrx_word' id='word_1_305' title='bbox 392 2644 570 2688; x_wconf 88' lang='lat' dir='ltr'><strong>menta</strong></span> <span class='ocrx_word' id='word_1_306' title='bbox 599 2636 983 2693; x_wconf 84' lang='lat' dir='ltr'><strong>scrutabimur.</strong></span> 
     </span>
    </p>
   </div>
   <div class='ocr_carea' id='block_1_41' title="bbox 464 2726 1971 2797">
    <p class='ocr_par' dir='ltr' id='par_1_41' title="bbox 464 2726 1971 2797">
     <span class='ocr_line' id='line_1_41' title="bbox 464 2726 1971 2797; baseline -0.001 -17"><span class='ocrx_word' id='word_1_307' title='bbox 464 2726 541 2780; x_wconf 78' lang='lat' dir='ltr'><strong>Ex</strong></span> <span class='ocrx_word' id='word_1_308' title='bbox 568 2727 935 2795; x_wconf 89' lang='lat' dir='ltr'><strong>superioribus</strong></span> <span class='ocrx_word' id='word_1_309' title='bbox 976 2729 1282 2783; x_wconf 84' lang='lat' dir='ltr'><strong>Adamantii</strong></span> <span class='ocrx_word' id='word_1_310' title='bbox 1310 2730 1454 2784; x_wconf 90' lang='lat' dir='ltr'><strong>circa</strong></span> <span class='ocrx_word' id='word_1_311' title='bbox 1488 2728 1714 2797; x_wconf 84' lang='lat' dir='ltr'><strong>angelici</strong></span> <span class='ocrx_word' id='word_1_312' title='bbox 1760 2726 1971 2780; x_wconf 86' lang='lat' dir='ltr'><strong>arbitrii</strong></span> 
     </span>
    </p>
   </div>
   <div class='ocr_carea' id='block_1_42' title="bbox 392 2816 1971 2890">
    <p class='ocr_par' dir='ltr' id='par_1_42' title="bbox 392 2816 1971 2890">
     <span class='ocr_line' id='line_1_42' title="bbox 392 2816 1971 2890; baseline 0.001 -20"><span class='ocrx_word' id='word_1_313' title='bbox 392 2816 725 2884; x_wconf 87' lang='lat' dir='ltr'><strong>libertatem,</strong></span> <span class='ocrx_word' id='word_1_314' title='bbox 780 2829 836 2873; x_wconf 87' lang='lat' dir='ltr'><strong>et</strong></span> <span class='ocrx_word' id='word_1_315' title='bbox 883 2822 1179 2874; x_wconf 88' lang='lat' dir='ltr'><strong>etiamnum</strong></span> <span class='ocrx_word' id='word_1_316' title='bbox 1226 2832 1661 2890; x_wconf 79' lang='lat' dir='ltr'><strong>perseverantem</strong></span> <span class='ocrx_word' id='word_1_317' title='bbox 1713 2824 1849 2874; x_wconf 85' lang='lat' dir='ltr'><strong>bene</strong></span> <span class='ocrx_word' id='word_1_318' title='bbox 1889 2817 1971 2871; x_wconf 88' lang='lat' dir='ltr'><strong>vel</strong></span> 
     </span>
    </p>
   </div>
   <div class='ocr_carea' id='block_1_43' title="bbox 394 2907 1974 2981">
    <p class='ocr_par' dir='ltr' id='par_1_43' title="bbox 394 2907 1974 2981">
     <span class='ocr_line' id='line_1_43' title="bbox 394 2907 1974 2981; baseline 0.001 -21"><span class='ocrx_word' id='word_1_319' title='bbox 394 2907 536 2961; x_wconf 85' lang='lat' dir='ltr'><strong>male</strong></span> <span class='ocrx_word' id='word_1_320' title='bbox 559 2910 749 2978; x_wconf 87' lang='lat' dir='ltr'><strong>agendi</strong></span> <span class='ocrx_word' id='word_1_321' title='bbox 780 2910 1087 2964; x_wconf 81' lang='lat' dir='ltr'><strong>facultatem</strong></span> <span class='ocrx_word' id='word_1_322' title='bbox 1118 2912 1329 2981; x_wconf 89' lang='lat' dir='ltr'><strong>placitis</strong></span> <span class='ocrx_word' id='word_1_323' title='bbox 1361 2912 1700 2965; x_wconf 88' lang='lat' dir='ltr'><strong>consectaria</strong></span> <span class='ocrx_word' id='word_1_324' title='bbox 1724 2911 1974 2964; x_wconf 87' lang='lat' dir='ltr'><strong>videntur</strong></span> 
     </span>
    </p>
   </div>
   <div class='ocr_carea' id='block_1_44' title="bbox 394 2998 1970 3074">
    <p class='ocr_par' dir='ltr' id='par_1_44' title="bbox 394 2998 1970 3074">
     <span class='ocr_line' id='line_1_44' title="bbox 394 2998 1970 3074; baseline 0.003 -21"><span class='ocrx_word' id='word_1_325' title='bbox 394 2998 484 3053; x_wconf 86' lang='lat' dir='ltr'><strong>illa</strong></span> <span class='ocrx_word' id='word_1_326' title='bbox 512 3001 655 3065; x_wconf 87' lang='lat' dir='ltr'><strong>duo;</strong></span> <span class='ocrx_word' id='word_1_327' title='bbox 685 3002 912 3057; x_wconf 89' lang='lat' dir='ltr'><strong>aliorum</strong></span> <span class='ocrx_word' id='word_1_328' title='bbox 955 3004 1444 3069; x_wconf 87' lang='lat' dir='ltr'><strong>adhortationibus,</strong></span> <span class='ocrx_word' id='word_1_329' title='bbox 1475 3005 1756 3074; x_wconf 80' lang='lat' dir='ltr'><strong>exemplis,</strong></span> <span class='ocrx_word' id='word_1_330' title='bbox 1803 3014 1855 3057; x_wconf 90' lang='lat' dir='ltr'><strong>et</strong></span> <span class='ocrx_word' id='word_1_331' title='bbox 1887 3003 1970 3057; x_wconf 90' lang='lat' dir='ltr'><strong>in-</strong></span> 
     </span>
    </p>
   </div>
   <div class='ocr_carea' id='block_1_45' title="bbox 392 3093 1973 3165">
    <p class='ocr_par' dir='ltr' id='par_1_45' title="bbox 392 3093 1973 3165">
     <span class='ocr_line' id='line_1_45' title="bbox 392 3093 1973 3165; baseline -0.001 -17"><span class='ocrx_word' id='word_1_332' title='bbox 392 3093 772 3149; x_wconf 66' lang='lat' dir='ltr'><strong>stitutionibus</strong></span> <span class='ocrx_word' id='word_1_333' title='bbox 800 3097 864 3148; x_wconf 89' lang='lat' dir='ltr'><strong>ad</strong></span> <span class='ocrx_word' id='word_1_334' title='bbox 908 3096 1132 3149; x_wconf 84' lang='lat' dir='ltr'><strong>meliora</strong></span> <span class='ocrx_word' id='word_1_335' title='bbox 1167 3096 1431 3163; x_wconf 87' lang='lat' dir='ltr'><strong>prolicere</strong></span> <span class='ocrx_word' id='word_1_336' title='bbox 1461 3112 1620 3165; x_wconf 90' lang='lat' dir='ltr'><strong>posse</strong></span> <span class='ocrx_word' id='word_1_337' title='bbox 1648 3096 1888 3164; x_wconf 77' lang='lat' dir='ltr'><strong>angelos,</strong></span> <span class='ocrx_word' id='word_1_338' title='bbox 1920 3103 1973 3147; x_wconf 90' lang='lat' dir='ltr'><strong>et</strong></span> 
     </span>
    </p>
   </div>
   <div class='ocr_carea' id='block_1_46' title="bbox 396 3184 1975 3256">
    <p class='ocr_par' dir='ltr' id='par_1_46' title="bbox 396 3184 1975 3256">
     <span class='ocr_line' id='line_1_46' title="bbox 396 3184 1975 3256; baseline 0 -18"><span class='ocrx_word' id='word_1_339' title='bbox 396 3184 588 3239; x_wconf 87' lang='lat' dir='ltr'><strong>mortis</strong></span> <span class='ocrx_word' id='word_1_340' title='bbox 609 3185 808 3240; x_wconf 88' lang='lat' dir='ltr'><strong>Christi</strong></span> <span class='ocrx_word' id='word_1_341' title='bbox 842 3186 1102 3242; x_wconf 85' lang='lat' dir='ltr'><strong>beneficio</strong></span> <span class='ocrx_word' id='word_1_342' title='bbox 1124 3187 1394 3256; x_wconf 89' lang='lat' dir='ltr'><strong>gaudere;</strong></span> <span class='ocrx_word' id='word_1_343' title='bbox 1425 3187 1671 3249; x_wconf 90' lang='lat' dir='ltr'><strong>alterum,</strong></span> <span class='ocrx_word' id='word_1_344' title='bbox 1703 3195 1975 3255; x_wconf 85' lang='lat' dir='ltr'><strong>gestorum</strong></span> 
     </span>
    </p>
   </div>
   <div class='ocr_carea' id='block_1_47' title="bbox 396 3276 1975 3347">
    <p class='ocr_par' dir='ltr' id='par_1_47' title="bbox 396 3276 1975 3347">
     <span class='ocr_line' id='line_1_47' title="bbox 396 3276 1975 3347; baseline -0.001 -17"><span class='ocrx_word' id='word_1_345' title='bbox 396 3277 662 3331; x_wconf 85' lang='lat' dir='ltr'><strong>rationem</strong></span> <span class='ocrx_word' id='word_1_346' title='bbox 689 3278 820 3331; x_wconf 90' lang='lat' dir='ltr'><strong>olim</strong></span> <span class='ocrx_word' id='word_1_347' title='bbox 847 3280 1171 3342; x_wconf 87' lang='lat' dir='ltr'><strong>reddituros,</strong></span> <span class='ocrx_word' id='word_1_348' title='bbox 1203 3287 1256 3331; x_wconf 89' lang='lat' dir='ltr'><strong>et</strong></span> <span class='ocrx_word' id='word_1_349' title='bbox 1275 3288 1517 3333; x_wconf 86' lang='lat' dir='ltr'><strong>extremo</strong></span> <span class='ocrx_word' id='word_1_350' title='bbox 1539 3279 1772 3333; x_wconf 82' lang='lat' dir='ltr'><strong>examini</strong></span> <span class='ocrx_word' id='word_1_351' title='bbox 1804 3293 1868 3332; x_wconf 90' lang='lat' dir='ltr'><strong>ac</strong></span> <span class='ocrx_word' id='word_1_352' title='bbox 1888 3276 1975 3347; x_wconf 85' lang='lat' dir='ltr'><strong>jn-</strong></span> 
     </span>
    </p>
   </div>
   <div class='ocr_carea' id='block_1_48' title="bbox 394 3366 1973 3439">
    <p class='ocr_par' dir='ltr' id='par_1_48' title="bbox 394 3366 1973 3439">
     <span class='ocr_line' id='line_1_48' title="bbox 394 3366 1973 3439; baseline 0.002 -19"><span class='ocrx_word' id='word_1_353' title='bbox 394 3366 540 3421; x_wconf 89' lang='lat' dir='ltr'><strong>dicio</strong></span> <span class='ocrx_word' id='word_1_354' title='bbox 574 3369 852 3423; x_wconf 87' lang='lat' dir='ltr'><strong>subditum</strong></span> <span class='ocrx_word' id='word_1_355' title='bbox 893 3371 983 3423; x_wconf 93' lang='lat' dir='ltr'><strong>iri.</strong></span> <span class='ocrx_word' id='word_1_356' title='bbox 1049 3370 1205 3425; x_wconf 87' lang='lat' dir='ltr'><strong>Prius</strong></span> <span class='ocrx_word' id='word_1_357' title='bbox 1262 3370 1390 3424; x_wconf 90' lang='lat' dir='ltr'><strong>illud</strong></span> <span class='ocrx_word' id='word_1_358' title='bbox 1429 3371 1621 3439; x_wconf 90' lang='lat' dir='ltr'><strong>partim</strong></span> <span class='ocrx_word' id='word_1_359' title='bbox 1656 3370 1770 3438; x_wconf 84' lang='lat' dir='ltr'><strong>jam</strong></span> <span class='ocrx_word' id='word_1_360' title='bbox 1810 3384 1973 3439; x_wconf 90' lang='lat' dir='ltr'><strong>supra</strong></span> 
     </span>
    </p>
   </div>
   <div class='ocr_carea' id='block_1_49' title="bbox 396 3460 1976 3532">
    <p class='ocr_par' dir='ltr' id='par_1_49' title="bbox 396 3460 1976 3532">
     <span class='ocr_line' id='line_1_49' title="bbox 396 3460 1976 3532; baseline 0.003 -22"><span class='ocrx_word' id='word_1_361' title='bbox 396 3460 698 3529; x_wconf 82' lang='lat' dir='ltr'><strong>attigimus,</strong></span> <span class='ocrx_word' id='word_1_362' title='bbox 756 3478 875 3515; x_wconf 90' lang='lat' dir='ltr'><strong>cum</strong></span> <span class='ocrx_word' id='word_1_363' title='bbox 926 3478 1209 3532; x_wconf 79' lang='lat' dir='ltr'><strong>ageremus</strong></span> <span class='ocrx_word' id='word_1_364' title='bbox 1247 3464 1323 3527; x_wconf 85' lang='lat' dir='ltr'><strong>de</strong></span> <span class='ocrx_word' id='word_1_365' title='bbox 1376 3463 1647 3516; x_wconf 81' lang='lat' dir='ltr'><strong>taxatione</strong></span> <span class='ocrx_word' id='word_1_366' title='bbox 1701 3463 1976 3531; x_wconf 90' lang='lat' dir='ltr'><strong>sanguinis</strong></span> 
     </span>
    </p>
   </div>
   <div class='ocr_carea' id='block_1_50' title="bbox 394 3546 1976 3623">
    <p class='ocr_par' dir='ltr' id='par_1_50' title="bbox 394 3546 1976 3623">
     <span class='ocr_line' id='line_1_50' title="bbox 394 3546 1976 3623; baseline 0.001 -22"><span class='ocrx_word' id='word_1_367' title='bbox 394 3546 596 3603; x_wconf 84' lang='lat' dir='ltr'><strong>Christi</strong></span> <span class='ocrx_word' id='word_1_368' title='bbox 651 3550 734 3619; x_wconf 91' lang='lat' dir='ltr'><strong>(ut</strong></span> <span class='ocrx_word' id='word_1_369' title='bbox 785 3552 1114 3607; x_wconf 86' lang='lat' dir='ltr'><strong>scholastice</strong></span> <span class='ocrx_word' id='word_1_370' title='bbox 1146 3567 1296 3607; x_wconf 86' lang='lat' dir='ltr'><strong>more</strong></span> <span class='ocrx_word' id='word_1_371' title='bbox 1347 3551 1559 3623; x_wconf 90' lang='lat' dir='ltr'><strong>loquar)</strong></span> <span class='ocrx_word' id='word_1_372' title='bbox 1609 3561 1659 3607; x_wconf 91' lang='lat' dir='ltr'><strong>et</strong></span> <span class='ocrx_word' id='word_1_373' title='bbox 1694 3562 1874 3605; x_wconf 91' lang='lat' dir='ltr'><strong>utrum</strong></span> <span class='ocrx_word' id='word_1_374' title='bbox 1910 3551 1976 3606; x_wconf 90' lang='lat' dir='ltr'><strong>ad</strong></span> 
     </span>
    </p>
   </div>
   <div class='ocr_carea' id='block_1_51' title="bbox 397 3641 1977 3717">
    <p class='ocr_par' dir='ltr' id='par_1_51' title="bbox 397 3641 1977 3717">
     <span class='ocr_line' id='line_1_51' title="bbox 397 3641 1977 3717; baseline 0.004 -24"><span class='ocrx_word' id='word_1_375' title='bbox 397 3641 623 3709; x_wconf 90' lang='lat' dir='ltr'><strong>angelos</strong></span> <span class='ocrx_word' id='word_1_376' title='bbox 659 3642 813 3699; x_wconf 81' lang='lat' dir='ltr'><strong>elIusi</strong></span> <span class='ocrx_word' id='word_1_377' title='bbox 843 3644 1044 3699; x_wconf 88' lang='lat' dir='ltr'><strong>Christi</strong></span> <span class='ocrx_word' id='word_1_378' title='bbox 1077 3646 1356 3717; x_wconf 88' lang='lat' dir='ltr'><strong>sanguinis</strong></span> <span class='ocrx_word' id='word_1_379' title='bbox 1389 3646 1617 3715; x_wconf 90' lang='lat' dir='ltr'><strong>gratiam</strong></span> <span class='ocrx_word' id='word_1_380' title='bbox 1653 3659 1977 3714; x_wconf 78' lang='lat' dir='ltr'><strong>prorogare-</strong></span> 
     </span>
    </p>
   </div>
   <div class='ocr_carea' id='block_1_52' title="bbox 396 3732 1976 3806">
    <p class='ocr_par' dir='ltr' id='par_1_52' title="bbox 396 3732 1976 3806">
     <span class='ocr_line' id='line_1_52' title="bbox 396 3732 1976 3806; baseline 0.002 -18"><span class='ocrx_word' id='word_1_381' title='bbox 396 3733 469 3788; x_wconf 85' lang='lat' dir='ltr'><strong>rit</strong></span> <span class='ocrx_word' id='word_1_382' title='bbox 497 3732 760 3803; x_wconf 83' lang='lat' dir='ltr'><strong>Origenes</strong></span> <span class='ocrx_word' id='word_1_383' title='bbox 792 3753 1185 3806; x_wconf 69' lang='lat' dir='ltr'><strong>quaereremus.</strong></span> <span class='ocrx_word' id='word_1_384' title='bbox 1215 3738 1369 3792; x_wconf 89' lang='lat' dir='ltr'><strong>Nunc</strong></span> <span class='ocrx_word' id='word_1_385' title='bbox 1397 3753 1528 3792; x_wconf 88' lang='lat' dir='ltr'><strong>vero</strong></span> <span class='ocrx_word' id='word_1_386' title='bbox 1552 3737 1748 3806; x_wconf 90' lang='lat' dir='ltr'><strong>ecquid</strong></span> <span class='ocrx_word' id='word_1_387' title='bbox 1783 3736 1976 3791; x_wconf 89' lang='lat' dir='ltr'><strong>alienis</strong></span> 
     </span>
    </p>
   </div>
   <div class='ocr_carea' id='block_1_53' title="bbox 396 3825 1977 3897">
    <p class='ocr_par' dir='ltr' id='par_1_53' title="bbox 396 3825 1977 3897">
     <span class='ocr_line' id='line_1_53' title="bbox 396 3825 1977 3897; baseline 0.004 -21"><span class='ocrx_word' id='word_1_388' title='bbox 396 3825 687 3895; x_wconf 65' lang='lat' dir='ltr'><strong>praeceptis</strong></span> <span class='ocrx_word' id='word_1_389' title='bbox 722 3827 1003 3882; x_wconf 86' lang='lat' dir='ltr'><strong>informari</strong></span> <span class='ocrx_word' id='word_1_390' title='bbox 1044 3843 1163 3892; x_wconf 87' lang='lat' dir='ltr'><strong>eos,</strong></span> <span class='ocrx_word' id='word_1_391' title='bbox 1208 3838 1264 3882; x_wconf 89' lang='lat' dir='ltr'><strong>et</strong></span> <span class='ocrx_word' id='word_1_392' title='bbox 1294 3828 1360 3881; x_wconf 87' lang='lat' dir='ltr'><strong>ad</strong></span> <span class='ocrx_word' id='word_1_393' title='bbox 1393 3828 1646 3880; x_wconf 87' lang='lat' dir='ltr'><strong>virtutem</strong></span> <span class='ocrx_word' id='word_1_394' title='bbox 1679 3826 1864 3897; x_wconf 83' lang='lat' dir='ltr'><strong>arrigi.</strong></span> <span class='ocrx_word' id='word_1_395' title='bbox 1891 3827 1977 3882; x_wconf 84' lang='lat' dir='ltr'><strong>vel</strong></span> 
     </span>
    </p>
   </div>
   <div class='ocr_carea' id='block_1_54' title="bbox 402 3913 1972 3989">
    <p class='ocr_par' dir='ltr' id='par_1_54' title="bbox 402 3913 1972 3989">
     <span class='ocr_line' id='line_1_54' title="bbox 402 3913 1972 3989; baseline 0.004 -22"><span class='ocrx_word' id='word_1_396' title='bbox 402 3913 843 3972; x_wconf 82' lang='lat' dir='ltr'><strong>institutionibus</strong></span> <span class='ocrx_word' id='word_1_397' title='bbox 892 3919 1095 3973; x_wconf 90' lang='lat' dir='ltr'><strong>erudiri</strong></span> <span class='ocrx_word' id='word_1_398' title='bbox 1130 3919 1510 3984; x_wconf 89' lang='lat' dir='ltr'><strong>autumaverit,</strong></span> <span class='ocrx_word' id='word_1_399' title='bbox 1557 3921 1972 3989; x_wconf 88' lang='lat' dir='ltr'><strong>perpendamus.</strong></span> 
     </span>
    </p>
   </div>
   <div class='ocr_carea' id='block_1_55' title="bbox 469 4002 1975 4077">
    <p class='ocr_par' dir='ltr' id='par_1_55' title="bbox 469 4002 1975 4077">
     <span class='ocr_line' id='line_1_55' title="bbox 469 4002 1975 4077; baseline 0.003 -20"><span class='ocrx_word' id='word_1_400' title='bbox 469 4002 652 4060; x_wconf 82' lang='lat' dir='ltr'><strong>XVlll.</strong></span> <span class='ocrx_word' id='word_1_401' title='bbox 680 4007 828 4061; x_wconf 86' lang='lat' dir='ltr'><strong>Pauli</strong></span> <span class='ocrx_word' id='word_1_402' title='bbox 868 4008 1096 4077; x_wconf 90' lang='lat' dir='ltr'><strong>apostoli</strong></span> <span class='ocrx_word' id='word_1_403' title='bbox 1129 4009 1195 4061; x_wconf 91' lang='lat' dir='ltr'><strong>ad</strong></span> <span class='ocrx_word' id='word_1_404' title='bbox 1231 4008 1493 4075; x_wconf 85' lang='lat' dir='ltr'><strong>Ephesios</strong></span> <span class='ocrx_word' id='word_1_405' title='bbox 1541 4008 1832 4063; x_wconf 87' lang='lat' dir='ltr'><strong>scribentis</strong></span> <span class='ocrx_word' id='word_1_406' title='bbox 1857 4023 1975 4063; x_wconf 83' lang='lat' dir='ltr'><strong>ver-</strong></span> 
     </span>
    </p>
   </div>
   <div class='ocr_carea' id='block_1_56' title="bbox 395 4098 1973 4155">
    <p class='ocr_par' dir='ltr' id='par_1_56' title="bbox 395 4098 1973 4155">
     <span class='ocr_line' id='line_1_56' title="bbox 395 4098 1973 4155; baseline 0.001 -2"><span class='ocrx_word' id='word_1_407' title='bbox 395 4098 465 4153; x_wconf 87' lang='lat' dir='ltr'><strong>ba</strong></span> <span class='ocrx_word' id='word_1_408' title='bbox 499 4100 615 4153; x_wconf 67' lang='lat' dir='ltr'><strong>haec</strong></span> <span class='ocrx_word' id='word_1_409' title='bbox 640 4109 770 4155; x_wconf 88' lang='lat' dir='ltr'><strong>sunt</strong></span> <span class='ocrx_word' id='word_1_410' title='bbox 795 4102 840 4132; x_wconf 74' lang='grc'><strong>’⁸</strong></span> <span class='ocrx_word' id='word_1_411' title='bbox 867 4118 880 4154; x_wconf 90' lang='lat'><strong>:</strong></span> <span class='ocrx_word' id='word_1_412' title='bbox 915 4120 932 4152; x_wconf 81' lang='grc' dir='ltr'><strong>ι</strong></span> <span class='ocrx_word' id='word_1_413' title='bbox 958 4100 1085 4154; x_wconf 85' lang='lat' dir='ltr'><strong>Mihi</strong></span> <span class='ocrx_word' id='word_1_414' title='bbox 1126 4100 1368 4154; x_wconf 90' lang='lat' dir='ltr'><strong>omnium</strong></span> <span class='ocrx_word' id='word_1_415' title='bbox 1400 4108 1708 4153; x_wconf 90' lang='lat' dir='ltr'><strong>sanctorum</strong></span> <span class='ocrx_word' id='word_1_416' title='bbox 1753 4099 1973 4154; x_wconf 88' lang='lat' dir='ltr'><strong>minimo</strong></span> 
     </span>
    </p>
   </div>
   <div class='ocr_carea' id='block_1_57' title="bbox 396 4191 1973 4263">
    <p class='ocr_par' dir='ltr' id='par_1_57' title="bbox 396 4191 1973 4263">
     <span class='ocr_line' id='line_1_57' title="bbox 396 4191 1973 4263; baseline -0.001 -14"><span class='ocrx_word' id='word_1_417' title='bbox 396 4196 521 4249; x_wconf 87' lang='lat' dir='ltr'><strong>data</strong></span> <span class='ocrx_word' id='word_1_418' title='bbox 559 4202 641 4248; x_wconf 90' lang='lat' dir='ltr'><strong>est</strong></span> <span class='ocrx_word' id='word_1_419' title='bbox 674 4194 844 4263; x_wconf 89' lang='lat' dir='ltr'><strong>gratia</strong></span> <span class='ocrx_word' id='word_1_420' title='bbox 874 4194 988 4248; x_wconf 67' lang='lat' dir='ltr'><strong>haec</strong></span> <span class='ocrx_word' id='word_1_421' title='bbox 1026 4194 1079 4246; x_wconf 93' lang='lat' dir='ltr'><strong>in</strong></span> <span class='ocrx_word' id='word_1_422' title='bbox 1108 4194 1379 4261; x_wconf 87' lang='lat' dir='ltr'><strong>gentibus,</strong></span> <span class='ocrx_word' id='word_1_423' title='bbox 1416 4191 1795 4262; x_wconf 85' lang='lat' dir='ltr'><strong>evangelizare</strong></span> <span class='ocrx_word' id='word_1_424' title='bbox 1827 4194 1973 4247; x_wconf 85' lang='lat' dir='ltr'><strong>inve-</strong></span> 
     </span>
    </p>
   </div>
   <div class='ocr_carea' id='block_1_58' title="bbox 398 4286 1972 4356">
    <p class='ocr_par' dir='ltr' id='par_1_58' title="bbox 398 4286 1972 4356">
     <span class='ocr_line' id='line_1_58' title="bbox 398 4286 1972 4356; baseline -0.002 -13"><span class='ocrx_word' id='word_1_425' title='bbox 398 4287 682 4356; x_wconf 86' lang='lat' dir='ltr'><strong>stigabiles</strong></span> <span class='ocrx_word' id='word_1_426' title='bbox 718 4287 934 4341; x_wconf 89' lang='lat' dir='ltr'><strong>divitias</strong></span> <span class='ocrx_word' id='word_1_427' title='bbox 961 4286 1186 4349; x_wconf 88' lang='lat' dir='ltr'><strong>Christi,</strong></span> <span class='ocrx_word' id='word_1_428' title='bbox 1225 4295 1278 4339; x_wconf 90' lang='lat' dir='ltr'><strong>et</strong></span> <span class='ocrx_word' id='word_1_429' title='bbox 1308 4286 1609 4339; x_wconf 86' lang='lat' dir='ltr'><strong>illuminare</strong></span> <span class='ocrx_word' id='word_1_430' title='bbox 1635 4300 1824 4339; x_wconf 90' lang='lat' dir='ltr'><strong>omnes</strong></span> <span class='ocrx_word' id='word_1_431' title='bbox 1853 4301 1972 4355; x_wconf 66' lang='lat' dir='ltr'><strong>quae</strong></span> 
     </span>
    </p>
   </div>
   <div class='ocr_carea' id='block_1_59' title="bbox 396 4377 1970 4448">
    <p class='ocr_par' dir='ltr' id='par_1_59' title="bbox 396 4377 1970 4448">
     <span class='ocr_line' id='line_1_59' title="bbox 396 4377 1970 4448; baseline -0.001 -15"><span class='ocrx_word' id='word_1_432' title='bbox 396 4378 470 4433; x_wconf 86' lang='lat' dir='ltr'><strong>sit</strong></span> <span class='ocrx_word' id='word_1_433' title='bbox 503 4379 835 4448; x_wconf 82' lang='lat' dir='ltr'><strong>dispensatio</strong></span> <span class='ocrx_word' id='word_1_434' title='bbox 888 4379 1218 4433; x_wconf 88' lang='lat' dir='ltr'><strong>sacramenti</strong></span> <span class='ocrx_word' id='word_1_435' title='bbox 1249 4377 1548 4431; x_wconf 88' lang='lat' dir='ltr'><strong>absconditi</strong></span> <span class='ocrx_word' id='word_1_436' title='bbox 1599 4393 1628 4430; x_wconf 88' lang='lat' dir='ltr'><strong>a</strong></span> <span class='ocrx_word' id='word_1_437' title='bbox 1676 4377 1887 4431; x_wconf 65' lang='lat' dir='ltr'><strong>saeculis</strong></span> <span class='ocrx_word' id='word_1_438' title='bbox 1919 4378 1970 4431; x_wconf 91' lang='lat' dir='ltr'><strong>in</strong></span> 
     </span>
    </p>
   </div>
   <div class='ocr_carea' id='block_1_60' title="bbox 397 4469 1971 4541">
    <p class='ocr_par' dir='ltr' id='par_1_60' title="bbox 397 4469 1971 4541">
     <span class='ocr_line' id='line_1_60' title="bbox 397 4469 1971 4541; baseline -0.002 -17"><span class='ocrx_word' id='word_1_439' title='bbox 397 4469 509 4525; x_wconf 90' lang='lat' dir='ltr'><strong>Deo</strong></span> <span class='ocrx_word' id='word_1_440' title='bbox 543 4471 635 4541; x_wconf 92' lang='lat' dir='ltr'><strong>qui</strong></span> <span class='ocrx_word' id='word_1_441' title='bbox 666 4471 848 4526; x_wconf 92' lang='lat' dir='ltr'><strong>omnia</strong></span> <span class='ocrx_word' id='word_1_442' title='bbox 887 4472 1113 4533; x_wconf 89' lang='lat' dir='ltr'><strong>creavit,</strong></span> <span class='ocrx_word' id='word_1_443' title='bbox 1156 4479 1213 4523; x_wconf 92' lang='lat' dir='ltr'><strong>ut</strong></span> <span class='ocrx_word' id='word_1_444' title='bbox 1252 4470 1558 4524; x_wconf 88' lang='lat' dir='ltr'><strong>innotescat</strong></span> <span class='ocrx_word' id='word_1_445' title='bbox 1593 4484 1734 4523; x_wconf 92' lang='lat' dir='ltr'><strong>nunc</strong></span> <span class='ocrx_word' id='word_1_446' title='bbox 1771 4470 1971 4536; x_wconf 87' lang='lat' dir='ltr'><strong>princi-</strong></span> 
     </span>
    </p>
   </div>
   <div class='ocr_carea' id='block_1_61' title="bbox 396 4560 1969 4633">
    <p class='ocr_par' dir='ltr' id='par_1_61' title="bbox 396 4560 1969 4633">
     <span class='ocr_line' id='line_1_61' title="bbox 396 4560 1969 4633; baseline -0.001 -17"><span class='ocrx_word' id='word_1_447' title='bbox 396 4563 611 4631; x_wconf 89' lang='lat' dir='ltr'><strong>patibus</strong></span> <span class='ocrx_word' id='word_1_448' title='bbox 640 4574 695 4619; x_wconf 90' lang='lat' dir='ltr'><strong>et</strong></span> <span class='ocrx_word' id='word_1_449' title='bbox 723 4564 1079 4633; x_wconf 90' lang='lat' dir='ltr'><strong>potestatibus</strong></span> <span class='ocrx_word' id='word_1_450' title='bbox 1119 4562 1171 4615; x_wconf 90' lang='lat' dir='ltr'><strong>in</strong></span> <span class='ocrx_word' id='word_1_451' title='bbox 1202 4561 1519 4616; x_wconf 69' lang='lat' dir='ltr'><strong>cmlestibus</strong></span> <span class='ocrx_word' id='word_1_452' title='bbox 1547 4576 1642 4631; x_wconf 91' lang='lat' dir='ltr'><strong>per</strong></span> <span class='ocrx_word' id='word_1_453' title='bbox 1668 4560 1969 4615; x_wconf 89' lang='lat' dir='ltr'><strong>Ecclesiam</strong></span> 
     </span>
    </p>
   </div>
   <div class='ocr_carea' id='block_1_62' title="bbox 398 4651 1975 4723">
    <p class='ocr_par' dir='ltr' id='par_1_62' title="bbox 398 4651 1975 4723">
     <span class='ocr_line' id='line_1_62' title="bbox 398 4651 1975 4723; baseline -0.001 -16"><span class='ocrx_word' id='word_1_454' title='bbox 398 4654 745 4709; x_wconf 81' lang='lat' dir='ltr'><strong>multiformis</strong></span> <span class='ocrx_word' id='word_1_455' title='bbox 795 4655 1053 4723; x_wconf 86' lang='lat' dir='ltr'><strong>sapientia</strong></span> <span class='ocrx_word' id='word_1_456' title='bbox 1090 4653 1206 4706; x_wconf 88' lang='lat' dir='ltr'><strong>Dei.</strong></span> <span class='ocrx_word' id='word_1_457' title='bbox 1232 4672 1249 4703; x_wconf 81' lang='grc' dir='ltr'><strong>ι</strong></span> <span class='ocrx_word' id='word_1_458' title='bbox 1294 4651 1418 4706; x_wconf 68' lang='grc' dir='ltr'><strong>Ηωο</strong></span> <span class='ocrx_word' id='word_1_459' title='bbox 1454 4652 1692 4721; x_wconf 88' lang='lat' dir='ltr'><strong>antiquis</strong></span> <span class='ocrx_word' id='word_1_460' title='bbox 1722 4652 1975 4706; x_wconf 74' lang='lat' dir='ltr'><strong>Ecclesia:</strong></span> 
     </span>
    </p>
   </div>
   <div class='ocr_carea' id='block_1_63' title="bbox 399 4742 1979 4812">
    <p class='ocr_par' dir='ltr' id='par_1_63' title="bbox 399 4742 1979 4812">
     <span class='ocr_line' id='line_1_63' title="bbox 399 4742 1979 4812; baseline 0 -15"><span class='ocrx_word' id='word_1_461' title='bbox 399 4743 651 4801; x_wconf 84' lang='lat' dir='ltr'><strong>Patribus</strong></span> <span class='ocrx_word' id='word_1_462' title='bbox 682 4761 904 4801; x_wconf 77' lang='lat' dir='ltr'><strong>causam</strong></span> <span class='ocrx_word' id='word_1_463' title='bbox 937 4745 1223 4807; x_wconf 90' lang='lat' dir='ltr'><strong>dederunt,</strong></span> <span class='ocrx_word' id='word_1_464' title='bbox 1266 4758 1362 4796; x_wconf 90' lang='lat' dir='ltr'><strong>cur</strong></span> <span class='ocrx_word' id='word_1_465' title='bbox 1406 4743 1690 4796; x_wconf 80' lang='lat' dir='ltr'><strong>crederent</strong></span> <span class='ocrx_word' id='word_1_466' title='bbox 1714 4742 1979 4812; x_wconf 86' lang='lat' dir='ltr'><strong>pleraque</strong></span> 
     </span>
    </p>
   </div>
   <div class='ocr_carea' id='block_1_64' title="bbox 399 4835 1971 4909">
    <p class='ocr_par' dir='ltr' id='par_1_64' title="bbox 399 4835 1971 4909">
     <span class='ocr_line' id='line_1_64' title="bbox 399 4835 1971 4909; baseline -0.002 -16"><span class='ocrx_word' id='word_1_467' title='bbox 399 4839 493 4893; x_wconf 86' lang='lat' dir='ltr'><strong>Dei</strong></span> <span class='ocrx_word' id='word_1_468' title='bbox 522 4839 779 4909; x_wconf 88' lang='lat' dir='ltr'><strong>mysteria</strong></span> <span class='ocrx_word' id='word_1_469' title='bbox 840 4836 1059 4904; x_wconf 83' lang='lat' dir='ltr'><strong>angelos</strong></span> <span class='ocrx_word' id='word_1_470' title='bbox 1094 4851 1192 4904; x_wconf 92' lang='lat' dir='ltr'><strong>per</strong></span> <span class='ocrx_word' id='word_1_471' title='bbox 1217 4835 1515 4890; x_wconf 85' lang='lat' dir='ltr'><strong>Ecclesiam</strong></span> <span class='ocrx_word' id='word_1_472' title='bbox 1560 4836 1835 4900; x_wconf 89' lang='lat' dir='ltr'><strong>didicisse,</strong></span> <span class='ocrx_word' id='word_1_473' title='bbox 1867 4852 1971 4890; x_wconf 93' lang='lat' dir='ltr'><strong>non</strong></span> 
     </span>
    </p>
   </div>
   <div class='ocr_carea' id='block_1_65' title="bbox 396 4929 1973 5000">
    <p class='ocr_par' dir='ltr' id='par_1_65' title="bbox 396 4929 1973 5000">
     <span class='ocr_line' id='line_1_65' title="bbox 396 4929 1973 5000; baseline -0.004 -12"><span class='ocrx_word' id='word_1_474' title='bbox 396 4947 458 4988; x_wconf 84' lang='lat' dir='ltr'><strong>ea</strong></span> <span class='ocrx_word' id='word_1_475' title='bbox 486 4932 701 5000; x_wconf 90' lang='lat' dir='ltr'><strong>quidem</strong></span> <span class='ocrx_word' id='word_1_476' title='bbox 741 4946 862 4999; x_wconf 72' lang='lat' dir='ltr'><strong>qum</strong></span> <span class='ocrx_word' id='word_1_477' title='bbox 899 4929 990 4983; x_wconf 87' lang='lat' dir='ltr'><strong>Dei</strong></span> <span class='ocrx_word' id='word_1_478' title='bbox 1036 4940 1245 4983; x_wconf 64' lang='lat' dir='ltr'><strong>natura:</strong></span> <span class='ocrx_word' id='word_1_479' title='bbox 1282 4929 1590 4983; x_wconf 89' lang='lat' dir='ltr'><strong>necessario</strong></span> <span class='ocrx_word' id='word_1_480' title='bbox 1636 4929 1853 4995; x_wconf 90' lang='lat' dir='ltr'><strong>insunt;</strong></span> <span class='ocrx_word' id='word_1_481' title='bbox 1887 4930 1973 4982; x_wconf 92' lang='lat' dir='ltr'><strong>illa</strong></span> 
     </span>
    </p>
   </div>
   <div class='ocr_carea' id='block_1_66' title="bbox 398 5021 1975 5092">
    <p class='ocr_par' dir='ltr' id='par_1_66' title="bbox 398 5021 1975 5092">
     <span class='ocr_line' id='line_1_66' title="bbox 398 5021 1975 5092; baseline -0.003 -14"><span class='ocrx_word' id='word_1_482' title='bbox 398 5023 660 5092; x_wconf 87' lang='lat' dir='ltr'><strong>siquidem</strong></span> <span class='ocrx_word' id='word_1_483' title='bbox 699 5031 1068 5091; x_wconf 86' lang='lat' dir='ltr'><strong>cognoverunt</strong></span> <span class='ocrx_word' id='word_1_484' title='bbox 1114 5036 1325 5087; x_wconf 91' lang='lat' dir='ltr'><strong>omnes,</strong></span> <span class='ocrx_word' id='word_1_485' title='bbox 1371 5036 1495 5076; x_wconf 91' lang='lat' dir='ltr'><strong>cum</strong></span> <span class='ocrx_word' id='word_1_486' title='bbox 1543 5021 1708 5075; x_wconf 86' lang='lat' dir='ltr'><strong>semel</strong></span> <span class='ocrx_word' id='word_1_487' title='bbox 1752 5022 1816 5075; x_wconf 89' lang='lat' dir='ltr'><strong>iis</strong></span> <span class='ocrx_word' id='word_1_488' title='bbox 1846 5037 1975 5076; x_wconf 86' lang='lat' dir='ltr'><strong>con-</strong></span> 
     </span>
    </p>
   </div>
   <div class='ocr_carea' id='block_1_67' title="bbox 400 5112 1975 5183">
    <p class='ocr_par' dir='ltr' id='par_1_67' title="bbox 400 5112 1975 5183">
     <span class='ocr_line' id='line_1_67' title="bbox 400 5112 1975 5183; baseline 0.001 -16"><span class='ocrx_word' id='word_1_489' title='bbox 400 5112 585 5168; x_wconf 90' lang='lat' dir='ltr'><strong>tuendi</strong></span> <span class='ocrx_word' id='word_1_490' title='bbox 632 5112 725 5166; x_wconf 91' lang='lat' dir='ltr'><strong>Dei</strong></span> <span class='ocrx_word' id='word_1_491' title='bbox 760 5112 988 5167; x_wconf 88' lang='lat' dir='ltr'><strong>facultas</strong></span> <span class='ocrx_word' id='word_1_492' title='bbox 1042 5127 1304 5167; x_wconf 88' lang='lat' dir='ltr'><strong>concessa</strong></span> <span class='ocrx_word' id='word_1_493' title='bbox 1349 5121 1466 5178; x_wconf 88' lang='lat' dir='ltr'><strong>est;</strong></span> <span class='ocrx_word' id='word_1_494' title='bbox 1509 5113 1605 5167; x_wconf 89' lang='lat' dir='ltr'><strong>sed</strong></span> <span class='ocrx_word' id='word_1_495' title='bbox 1648 5128 1767 5183; x_wconf 71' lang='lat' dir='ltr'><strong>qute</strong></span> <span class='ocrx_word' id='word_1_496' title='bbox 1804 5113 1975 5169; x_wconf 84' lang='lat' dir='ltr'><strong>libere</strong></span> 
     </span>
    </p>
   </div>
   <div class='ocr_carea' id='block_1_68' title="bbox 399 5202 1976 5274">
    <p class='ocr_par' dir='ltr' id='par_1_68' title="bbox 399 5202 1976 5274">
     <span class='ocr_line' id='line_1_68' title="bbox 399 5202 1976 5274; baseline 0.001 -17"><span class='ocrx_word' id='word_1_497' title='bbox 399 5204 544 5259; x_wconf 83' lang='lat' dir='ltr'><strong>Deus</strong></span> <span class='ocrx_word' id='word_1_498' title='bbox 580 5212 634 5258; x_wconf 88' lang='lat' dir='ltr'><strong>et</strong></span> <span class='ocrx_word' id='word_1_499' title='bbox 683 5202 983 5258; x_wconf 89' lang='lat' dir='ltr'><strong>forinsecus</strong></span> <span class='ocrx_word' id='word_1_500' title='bbox 1014 5216 1292 5274; x_wconf 91' lang='lat' dir='ltr'><strong>operatur,</strong></span> <span class='ocrx_word' id='word_1_501' title='bbox 1320 5220 1505 5260; x_wconf 90' lang='lat' dir='ltr'><strong>eorum</strong></span> <span class='ocrx_word' id='word_1_502' title='bbox 1542 5205 1756 5258; x_wconf 89' lang='lat' dir='ltr'><strong>demum</strong></span> <span class='ocrx_word' id='word_1_503' title='bbox 1791 5207 1976 5273; x_wconf 85' lang='lat' dir='ltr'><strong>cogni-</strong></span> 
     </span>
    </p>
   </div>
   <div class='ocr_carea' id='block_1_69' title="bbox 395 5293 1974 5367">
    <p class='ocr_par' dir='ltr' id='par_1_69' title="bbox 395 5293 1974 5367">
     <span class='ocr_line' id='line_1_69' title="bbox 395 5293 1974 5367; baseline 0.001 -18"><span class='ocrx_word' id='word_1_504' title='bbox 395 5300 596 5351; x_wconf 83' lang='lat' dir='ltr'><strong>tionem</strong></span> <span class='ocrx_word' id='word_1_505' title='bbox 626 5293 792 5348; x_wconf 89' lang='lat' dir='ltr'><strong>fuisse</strong></span> <span class='ocrx_word' id='word_1_506' title='bbox 812 5309 906 5363; x_wconf 91' lang='lat' dir='ltr'><strong>per</strong></span> <span class='ocrx_word' id='word_1_507' title='bbox 932 5295 1225 5351; x_wconf 88' lang='lat' dir='ltr'><strong>Ecclesiam</strong></span> <span class='ocrx_word' id='word_1_508' title='bbox 1250 5296 1491 5365; x_wconf 91' lang='lat' dir='ltr'><strong>adeptos.</strong></span> <span class='ocrx_word' id='word_1_509' title='bbox 1519 5294 1811 5365; x_wconf 87' lang='lat' dir='ltr'><strong>Gregorius</strong></span> <span class='ocrx_word' id='word_1_510' title='bbox 1839 5295 1974 5367; x_wconf 83' lang='lat' dir='ltr'><strong>Nys-</strong></span> 
     </span>
    </p>
   </div>
   <div class='ocr_carea' id='block_1_70' title="bbox 396 5386 1975 5456">
    <p class='ocr_par' dir='ltr' id='par_1_70' title="bbox 396 5386 1975 5456">
     <span class='ocr_line' id='line_1_70' title="bbox 396 5386 1975 5456; baseline 0.001 -14"><span class='ocrx_word' id='word_1_511' title='bbox 396 5402 559 5442; x_wconf 84' lang='lat' dir='ltr'><strong>senus</strong></span> <span class='ocrx_word' id='word_1_512' title='bbox 587 5386 773 5440; x_wconf 89' lang='lat' dir='ltr'><strong>homil.</strong></span> <span class='ocrx_word' id='word_1_513' title='bbox 798 5387 831 5440; x_wconf 92' lang='lat'>8</span> <span class='ocrx_word' id='word_1_514' title='bbox 865 5388 920 5441; x_wconf 85' lang='lat' dir='ltr'><strong>in</strong></span> <span class='ocrx_word' id='word_1_515' title='bbox 945 5387 1153 5444; x_wconf 74' lang='lat' dir='ltr'><strong>Cantia.</strong></span> <span class='ocrx_word' id='word_1_516' title='bbox 1202 5388 1273 5441; x_wconf 89' lang='lat' dir='ltr'><strong>ita</strong></span> <span class='ocrx_word' id='word_1_517' title='bbox 1307 5387 1451 5441; x_wconf 88' lang='lat' dir='ltr'><strong>Pauli</strong></span> <span class='ocrx_word' id='word_1_518' title='bbox 1494 5387 1667 5440; x_wconf 89' lang='lat' dir='ltr'><strong>locum</strong></span> <span class='ocrx_word' id='word_1_519' title='bbox 1712 5387 1975 5456; x_wconf 88' lang='lat' dir='ltr'><strong>interpre-</strong></span> 
     </span>
    </p>
   </div>
   <div class='ocr_carea' id='block_1_71' title="bbox 400 5480 1970 5549">
    <p class='ocr_par' dir='ltr' id='par_1_71' title="bbox 400 5480 1970 5549">
     <span class='ocr_line' id='line_1_71' title="bbox 400 5480 1970 5549; baseline 0.001 -17"><span class='ocrx_word' id='word_1_520' title='bbox 400 5487 565 5544; x_wconf 85' lang='lat' dir='ltr'><strong>tatur,</strong></span> <span class='ocrx_word' id='word_1_521' title='bbox 593 5495 857 5534; x_wconf 90' lang='lat' dir='ltr'><strong>summam</strong></span> <span class='ocrx_word' id='word_1_522' title='bbox 886 5491 941 5535; x_wconf 90' lang='lat' dir='ltr'><strong>et</strong></span> <span class='ocrx_word' id='word_1_523' title='bbox 963 5480 1335 5535; x_wconf 89' lang='lat' dir='ltr'><strong>admirabilem</strong></span> <span class='ocrx_word' id='word_1_524' title='bbox 1369 5480 1462 5534; x_wconf 89' lang='lat' dir='ltr'><strong>Dei</strong></span> <span class='ocrx_word' id='word_1_525' title='bbox 1494 5489 1837 5549; x_wconf 90' lang='lat' dir='ltr'><strong>potestatem,</strong></span> <span class='ocrx_word' id='word_1_526' title='bbox 1867 5495 1970 5548; x_wconf 90' lang='lat' dir='ltr'><strong>qua</strong></span> 
     </span>
    </p>
   </div>
   <div class='ocr_carea' id='block_1_72' title="bbox 396 5573 1972 5643">
    <p class='ocr_par' dir='ltr' id='par_1_72' title="bbox 396 5573 1972 5643">
     <span class='ocr_line' id='line_1_72' title="bbox 396 5573 1972 5643; baseline 0.002 -19"><span class='ocrx_word' id='word_1_527' title='bbox 396 5574 577 5627; x_wconf 91' lang='lat' dir='ltr'><strong>omnia</strong></span> <span class='ocrx_word' id='word_1_528' title='bbox 609 5575 675 5629; x_wconf 91' lang='lat' dir='ltr'><strong>de</strong></span> <span class='ocrx_word' id='word_1_529' title='bbox 719 5574 888 5629; x_wconf 89' lang='lat' dir='ltr'><strong>nihilo</strong></span> <span class='ocrx_word' id='word_1_530' title='bbox 926 5573 1041 5628; x_wconf 93' lang='lat' dir='ltr'><strong>solo</strong></span> <span class='ocrx_word' id='word_1_531' title='bbox 1078 5576 1245 5629; x_wconf 89' lang='lat' dir='ltr'><strong>verbo</strong></span> <span class='ocrx_word' id='word_1_532' title='bbox 1299 5574 1558 5636; x_wconf 88' lang='lat' dir='ltr'><strong>condidit,</strong></span> <span class='ocrx_word' id='word_1_533' title='bbox 1590 5573 1810 5643; x_wconf 89' lang='lat' dir='ltr'><strong>angelos</strong></span> <span class='ocrx_word' id='word_1_534' title='bbox 1847 5573 1972 5641; x_wconf 92' lang='lat' dir='ltr'><strong>qui-</strong></span> 
     </span>
    </p>
   </div>
   <div class='ocr_carea' id='block_1_73' title="bbox 467 5685 1039 5753">
    <p class='ocr_par' dir='ltr' id='par_1_73' title="bbox 467 5685 1039 5753">
     <span class='ocr_line' id='line_1_73' title="bbox 467 5685 1039 5753; baseline 0.007 -17"><span class='ocrx_word' id='word_1_535' title='bbox 467 5686 513 5716; x_wconf 79' lang='grc'><strong>¹⁸</strong></span> <span class='ocrx_word' id='word_1_536' title='bbox 537 5685 737 5753; x_wconf 88' lang='lat' dir='ltr'><strong>Ephes.</strong></span> <span class='ocrx_word' id='word_1_537' title='bbox 763 5702 845 5752; x_wconf 81' lang='lat' dir='ltr'><strong>nt,</strong></span> <span class='ocrx_word' id='word_1_538' title='bbox 886 5686 1039 5740; x_wconf 91' lang='lat' dir='ltr'><strong>8-l0.</strong></span> 
     </span>
    </p>
   </div>
   <div class='ocr_carea' id='block_1_74' title="bbox 397 5753 1097 5826">
    <p class='ocr_par' dir='ltr' id='par_1_74' title="bbox 397 5753 1097 5826">
     <span class='ocr_line' id='line_1_74' title="bbox 397 5753 1097 5826; baseline 0.004 -16"><span class='ocrx_word' id='word_1_539' title='bbox 397 5753 443 5785; x_wconf 83' lang='grc'>³³</span> <span class='ocrx_word' id='word_1_540' title='bbox 470 5756 636 5826; x_wconf 75' lang='lat' dir='ltr'><strong>Apoc.</strong></span> <span class='ocrx_word' id='word_1_541' title='bbox 693 5773 754 5824; x_wconf 93' lang='grc' dir='ltr'><strong>ιι,</strong></span> <span class='ocrx_word' id='word_1_542' title='bbox 788 5773 908 5814; x_wconf 84' lang='lat' dir='ltr'><strong>vers</strong></span> <span class='ocrx_word' id='word_1_543' title='bbox 955 5758 1007 5823; x_wconf 85' lang='lat' dir='ltr'><strong>l,</strong></span> <span class='ocrx_word' id='word_1_544' title='bbox 1044 5757 1097 5813; x_wconf 68' lang='grc'><strong>4.</strong></span> 
     </span>
    </p>
   </div>
   <div class='ocr_carea' id='block_1_75' title="bbox 1121 5686 1639 5751">
    <p class='ocr_par' dir='ltr' id='par_1_75' title="bbox 1121 5686 1639 5751">
     <span class='ocr_line' id='line_1_75' title="bbox 1121 5686 1639 5751; baseline -0.002 -11"><span class='ocrx_word' id='word_1_545' title='bbox 1121 5689 1167 5721; x_wconf 84' lang='grc'><strong>²⁹</strong></span> <span class='ocrx_word' id='word_1_546' title='bbox 1203 5688 1356 5742; x_wconf 84' lang='lat' dir='ltr'><strong>Deut.</strong></span> <span class='ocrx_word' id='word_1_547' title='bbox 1385 5702 1558 5751; x_wconf 79' lang='lat' dir='ltr'><strong>xxxu,</strong></span> <span class='ocrx_word' id='word_1_548' title='bbox 1588 5686 1639 5740; x_wconf 82' lang='lat' dir='ltr'><strong>l.</strong></span> 
     </span>
    </p>
   </div>
   <div class='ocr_carea' id='block_1_76' title="bbox 1174 5758 1480 5815">
    <p class='ocr_par' dir='ltr' id='par_1_76' title="bbox 1174 5758 1480 5815">
     <span class='ocr_line' id='line_1_76' title="bbox 1174 5758 1480 5815; baseline -0.007 -2"><span class='ocrx_word' id='word_1_549' title='bbox 1174 5759 1219 5790; x_wconf 71' lang='grc'>³⁸</span> <span class='ocrx_word' id='word_1_550' title='bbox 1240 5759 1367 5815; x_wconf 87' lang='lat' dir='ltr'><strong>ibid.</strong></span> <span class='ocrx_word' id='word_1_551' title='bbox 1398 5758 1480 5812; x_wconf 80' lang='lat' dir='ltr'><strong>M.</strong></span> 
     </span>
    </p>
   </div>
   <div class='ocr_carea' id='block_1_77' title="bbox 1716 5684 2305 5747">
    <p class='ocr_par' dir='ltr' id='par_1_77' title="bbox 1716 5684 2305 5747">
     <span class='ocr_line' id='line_1_77' title="bbox 1716 5684 2305 5747; baseline 0.007 -10"><span class='ocrx_word' id='word_1_552' title='bbox 1716 5686 1761 5716; x_wconf 80' lang='grc' dir='ltr'><strong>³ο</strong></span> <span class='ocrx_word' id='word_1_553' title='bbox 1790 5684 1928 5739; x_wconf 90' lang='lat' dir='ltr'><strong>Psal.</strong></span> <span class='ocrx_word' id='word_1_554' title='bbox 1959 5698 2204 5747; x_wconf 76' lang='lat' dir='ltr'><strong>cxxxvn,</strong></span> <span class='ocrx_word' id='word_1_555' title='bbox 2254 5687 2305 5741; x_wconf 75' lang='lat' dir='ltr'><strong>l.</strong></span> 
     </span>
    </p>
   </div>
   <div class='ocr_carea' id='block_1_78' title="bbox 1560 5755 2083 5822">
    <p class='ocr_par' dir='ltr' id='par_1_78' title="bbox 1560 5755 2083 5822">
     <span class='ocr_line' id='line_1_78' title="bbox 1560 5755 2083 5822; baseline 0 -11"><span class='ocrx_word' id='word_1_556' title='bbox 1560 5758 1603 5789; x_wconf 84' lang='grc'><strong>³⁸</strong></span> <span class='ocrx_word' id='word_1_557' title='bbox 1633 5756 1821 5811; x_wconf 81' lang='lat' dir='ltr'><strong>Matth.</strong></span> <span class='ocrx_word' id='word_1_558' title='bbox 1852 5755 2083 5822; x_wconf 53' lang='lat' dir='ltr'><strong>xxvﬂl.</strong></span> 
     </span>
    </p>
   </div>
   <div class='ocr_carea' id='block_1_79' title="bbox 2074 1899 3659 1967">
    <p class='ocr_par' dir='ltr' id='par_1_79' title="bbox 2074 1899 3659 1967">
     <span class='ocr_line' id='line_1_79' title="bbox 2074 1899 3659 1967; baseline -0.003 -11"><span class='ocrx_word' id='word_1_559' title='bbox 2074 1903 2314 1957; x_wconf 90' lang='lat' dir='ltr'><strong>nonnulli</strong></span> <span class='ocrx_word' id='word_1_560' title='bbox 2356 1918 2422 1956; x_wconf 82' lang='lat' dir='ltr'><strong>ex</strong></span> <span class='ocrx_word' id='word_1_561' title='bbox 2468 1903 2534 1957; x_wconf 89' lang='lat' dir='ltr'><strong>iis</strong></span> <span class='ocrx_word' id='word_1_562' title='bbox 2574 1904 2653 1957; x_wconf 91' lang='lat' dir='ltr'><strong>sic</strong></span> <span class='ocrx_word' id='word_1_563' title='bbox 2687 1901 2929 1956; x_wconf 89' lang='lat' dir='ltr'><strong>eruditos</strong></span> <span class='ocrx_word' id='word_1_564' title='bbox 2971 1900 3301 1955; x_wconf 79' lang='lat' dir='ltr'><strong>crediderint</strong></span> <span class='ocrx_word' id='word_1_565' title='bbox 3344 1914 3439 1967; x_wconf 89' lang='lat' dir='ltr'><strong>per</strong></span> <span class='ocrx_word' id='word_1_566' title='bbox 3471 1899 3659 1952; x_wconf 85' lang='lat' dir='ltr'><strong>Eccle-</strong></span> 
     </span>
    </p>
   </div>
   <div class='ocr_carea' id='block_1_80' title="bbox 2074 1992 3662 2065">
    <p class='ocr_par' dir='ltr' id='par_1_80' title="bbox 2074 1992 3662 2065">
     <span class='ocr_line' id='line_1_80' title="bbox 2074 1992 3662 2065; baseline -0.002 -17"><span class='ocrx_word' id='word_1_567' title='bbox 2074 1997 2208 2049; x_wconf 89' lang='lat' dir='ltr'><strong>siam</strong></span> <span class='ocrx_word' id='word_1_568' title='bbox 2252 1997 2490 2065; x_wconf 81' lang='lat' dir='ltr'><strong>angelos,</strong></span> <span class='ocrx_word' id='word_1_569' title='bbox 2536 1995 2688 2063; x_wconf 91' lang='lat' dir='ltr'><strong>quasi</strong></span> <span class='ocrx_word' id='word_1_570' title='bbox 2720 2007 2903 2045; x_wconf 86' lang='lat' dir='ltr'><strong>rerum</strong></span> <span class='ocrx_word' id='word_1_571' title='bbox 2950 2002 3116 2048; x_wconf 86' lang='lat' dir='ltr'><strong>testes</strong></span> <span class='ocrx_word' id='word_1_572' title='bbox 3143 2003 3199 2046; x_wconf 91' lang='lat' dir='ltr'><strong>et</strong></span> <span class='ocrx_word' id='word_1_573' title='bbox 3228 1992 3503 2053; x_wconf 86' lang='lat' dir='ltr'><strong>conscios,</strong></span> <span class='ocrx_word' id='word_1_574' title='bbox 3544 2006 3662 2059; x_wconf 69' lang='lat' dir='ltr'><strong>quae</strong></span> 
     </span>
    </p>
   </div>
   <div class='ocr_carea' id='block_1_81' title="bbox 2074 2082 3658 2155">
    <p class='ocr_par' dir='ltr' id='par_1_81' title="bbox 2074 2082 3658 2155">
     <span class='ocr_line' id='line_1_81' title="bbox 2074 2082 3658 2155; baseline -0.004 -13"><span class='ocrx_word' id='word_1_575' title='bbox 2074 2089 2340 2142; x_wconf 88' lang='lat' dir='ltr'><strong>sententia</strong></span> <span class='ocrx_word' id='word_1_576' title='bbox 2378 2090 2445 2141; x_wconf 90' lang='lat' dir='ltr'><strong>ad</strong></span> <span class='ocrx_word' id='word_1_577' title='bbox 2476 2087 2764 2141; x_wconf 90' lang='lat' dir='ltr'><strong>veritatem</strong></span> <span class='ocrx_word' id='word_1_578' title='bbox 2811 2088 3035 2155; x_wconf 88' lang='lat' dir='ltr'><strong>propius</strong></span> <span class='ocrx_word' id='word_1_579' title='bbox 3083 2084 3326 2145; x_wconf 88' lang='lat' dir='ltr'><strong>accedit;</strong></span> <span class='ocrx_word' id='word_1_580' title='bbox 3358 2083 3447 2135; x_wconf 87' lang='lat' dir='ltr'><strong>alii</strong></span> <span class='ocrx_word' id='word_1_581' title='bbox 3503 2082 3658 2150; x_wconf 84' lang='lat' dir='ltr'><strong>quasi</strong></span> 
     </span>
    </p>
   </div>
   <div class='ocr_carea' id='block_1_82' title="bbox 2073 2173 3659 2248">
    <p class='ocr_par' dir='ltr' id='par_1_82' title="bbox 2073 2173 3659 2248">
     <span class='ocr_line' id='line_1_82' title="bbox 2073 2173 3659 2248; baseline -0.003 -15"><span class='ocrx_word' id='word_1_582' title='bbox 2073 2179 2408 2248; x_wconf 87' lang='lat' dir='ltr'><strong>discipulos;</strong></span> <span class='ocrx_word' id='word_1_583' title='bbox 2453 2180 2767 2247; x_wconf 89' lang='lat' dir='ltr'><strong>posterioris</strong></span> <span class='ocrx_word' id='word_1_584' title='bbox 2792 2180 2952 2247; x_wconf 87' lang='lat' dir='ltr'><strong>lmjns</strong></span> <span class='ocrx_word' id='word_1_585' title='bbox 2980 2177 3244 2247; x_wconf 86' lang='lat' dir='ltr'><strong>dogmatis</strong></span> <span class='ocrx_word' id='word_1_586' title='bbox 3275 2185 3466 2229; x_wconf 90' lang='lat' dir='ltr'><strong>auctor</strong></span> <span class='ocrx_word' id='word_1_587' title='bbox 3490 2173 3659 2228; x_wconf 83' lang='lat' dir='ltr'><strong>fuisse</strong></span> 
     </span>
    </p>
   </div>
   <div class='ocr_carea' id='block_1_83' title="bbox 2072 2267 3655 2341">
    <p class='ocr_par' dir='ltr' id='par_1_83' title="bbox 2072 2267 3655 2341">
     <span class='ocr_line' id='line_1_83' title="bbox 2072 2267 3655 2341; baseline -0.001 -19"><span class='ocrx_word' id='word_1_588' title='bbox 2072 2271 2287 2325; x_wconf 81' lang='lat' dir='ltr'><strong>videtur</strong></span> <span class='ocrx_word' id='word_1_589' title='bbox 2335 2271 2615 2341; x_wconf 88' lang='lat' dir='ltr'><strong>Origenes.</strong></span> <span class='ocrx_word' id='word_1_590' title='bbox 2664 2272 2755 2327; x_wconf 91' lang='lat' dir='ltr'><strong>Sic</strong></span> <span class='ocrx_word' id='word_1_591' title='bbox 2805 2273 2947 2326; x_wconf 90' lang='lat' dir='ltr'><strong>enim</strong></span> <span class='ocrx_word' id='word_1_592' title='bbox 2997 2282 3214 2341; x_wconf 89' lang='lat' dir='ltr'><strong>perorat</strong></span> <span class='ocrx_word' id='word_1_593' title='bbox 3263 2269 3450 2325; x_wconf 85' lang='lat' dir='ltr'><strong>bomil.</strong></span> <span class='ocrx_word' id='word_1_594' title='bbox 3496 2268 3569 2322; x_wconf 73' lang='lat'>23</span> <span class='ocrx_word' id='word_1_595' title='bbox 3600 2267 3655 2320; x_wconf 80' lang='lat' dir='ltr'><strong>in</strong></span> 
     </span>
    </p>
   </div>
   <div class='ocr_carea' id='block_1_84' title="bbox 2072 2359 3657 2432">
    <p class='ocr_par' dir='ltr' id='par_1_84' title="bbox 2072 2359 3657 2432">
     <span class='ocr_line' id='line_1_84' title="bbox 2072 2359 3657 2432; baseline 0 -19"><span class='ocrx_word' id='word_1_596' title='bbox 2072 2360 2205 2415; x_wconf 88' lang='lat' dir='ltr'><strong>Luc.</strong></span> <span class='ocrx_word' id='word_1_597' title='bbox 2234 2378 2252 2415; x_wconf 93' lang='lat'><em>:</em></span> <span class='ocrx_word' id='word_1_598' title='bbox 2294 2379 2313 2413; x_wconf 81' lang='grc' dir='ltr'><strong>ι</strong></span> <span class='ocrx_word' id='word_1_599' title='bbox 2340 2362 2506 2417; x_wconf 89' lang='lat' dir='ltr'><strong>Docet</strong></span> <span class='ocrx_word' id='word_1_600' title='bbox 2552 2364 2715 2432; x_wconf 86' lang='lat' dir='ltr'><strong>igitur</strong></span> <span class='ocrx_word' id='word_1_601' title='bbox 2762 2361 3012 2417; x_wconf 82' lang='lat' dir='ltr'><strong>Salvator</strong></span> <span class='ocrx_word' id='word_1_602' title='bbox 3049 2373 3250 2428; x_wconf 90' lang='lat' dir='ltr'><strong>noster,</strong></span> <span class='ocrx_word' id='word_1_603' title='bbox 3304 2371 3359 2414; x_wconf 89' lang='lat' dir='ltr'><strong>et</strong></span> <span class='ocrx_word' id='word_1_604' title='bbox 3413 2359 3657 2428; x_wconf 84' lang='lat' dir='ltr'><strong>Spiritus</strong></span> 
     </span>
    </p>
   </div>
   <div class='ocr_carea' id='block_1_85' title="bbox 2073 2453 3656 2525">
    <p class='ocr_par' dir='ltr' id='par_1_85' title="bbox 2073 2453 3656 2525">
     <span class='ocr_line' id='line_1_85' title="bbox 2073 2453 3656 2525; baseline -0.003 -17"><span class='ocrx_word' id='word_1_605' title='bbox 2073 2464 2291 2509; x_wconf 84' lang='lat' dir='ltr'><strong>sanctus</strong></span> <span class='ocrx_word' id='word_1_606' title='bbox 2338 2456 2430 2525; x_wconf 91' lang='lat' dir='ltr'><strong>qui</strong></span> <span class='ocrx_word' id='word_1_607' title='bbox 2483 2456 2695 2511; x_wconf 91' lang='lat' dir='ltr'><strong>locutus</strong></span> <span class='ocrx_word' id='word_1_608' title='bbox 2726 2467 2811 2512; x_wconf 83' lang='lat' dir='ltr'><strong>est</strong></span> <span class='ocrx_word' id='word_1_609' title='bbox 2874 2458 2925 2509; x_wconf 93' lang='lat' dir='ltr'><strong>in</strong></span> <span class='ocrx_word' id='word_1_610' title='bbox 2982 2456 3277 2524; x_wconf 88' lang='lat' dir='ltr'><strong>prophetis,</strong></span> <span class='ocrx_word' id='word_1_611' title='bbox 3324 2468 3430 2507; x_wconf 93' lang='lat' dir='ltr'><strong>non</strong></span> <span class='ocrx_word' id='word_1_612' title='bbox 3480 2453 3656 2505; x_wconf 84' lang='lat' dir='ltr'><strong>solum</strong></span> 
     </span>
    </p>
   </div>
   <div class='ocr_carea' id='block_1_86' title="bbox 2074 2543 3655 2618">
    <p class='ocr_par' dir='ltr' id='par_1_86' title="bbox 2074 2543 3655 2618">
     <span class='ocr_line' id='line_1_86' title="bbox 2074 2543 3655 2618; baseline -0.003 -18"><span class='ocrx_word' id='word_1_613' title='bbox 2074 2546 2344 2611; x_wconf 89' lang='lat' dir='ltr'><strong>homines,</strong></span> <span class='ocrx_word' id='word_1_614' title='bbox 2386 2549 2480 2603; x_wconf 89' lang='lat' dir='ltr'><strong>sed</strong></span> <span class='ocrx_word' id='word_1_615' title='bbox 2510 2548 2670 2602; x_wconf 88' lang='lat' dir='ltr'><strong>etiam</strong></span> <span class='ocrx_word' id='word_1_616' title='bbox 2707 2549 2924 2618; x_wconf 85' lang='lat' dir='ltr'><strong>angelos</strong></span> <span class='ocrx_word' id='word_1_617' title='bbox 2947 2558 3000 2602; x_wconf 90' lang='lat' dir='ltr'><strong>et</strong></span> <span class='ocrx_word' id='word_1_618' title='bbox 3054 2548 3284 2601; x_wconf 87' lang='lat' dir='ltr'><strong>virtutes</strong></span> <span class='ocrx_word' id='word_1_619' title='bbox 3332 2543 3655 2599; x_wconf 62' lang='lat' dir='ltr'><strong>invisibiles.</strong></span> 
     </span>
    </p>
   </div>
   <div class='ocr_carea' id='block_1_87' title="bbox 2073 2637 3657 2709">
    <p class='ocr_par' dir='ltr' id='par_1_87' title="bbox 2073 2637 3657 2709">
     <span class='ocr_line' id='line_1_87' title="bbox 2073 2637 3657 2709; baseline -0.003 -17"><span class='ocrx_word' id='word_1_620' title='bbox 2073 2637 2211 2704; x_wconf 85' lang='lat' dir='ltr'><strong>Quid</strong></span> <span class='ocrx_word' id='word_1_621' title='bbox 2258 2639 2449 2709; x_wconf 91' lang='lat' dir='ltr'><strong>loquar</strong></span> <span class='ocrx_word' id='word_1_622' title='bbox 2492 2641 2558 2694; x_wconf 87' lang='lat' dir='ltr'><strong>de</strong></span> <span class='ocrx_word' id='word_1_623' title='bbox 2598 2641 2921 2696; x_wconf 82' lang='lat' dir='ltr'><strong>Salvatore?</strong></span> <span class='ocrx_word' id='word_1_624' title='bbox 2964 2640 3242 2708; x_wconf 68' lang='lat' dir='ltr'><strong>Propheta:</strong></span> <span class='ocrx_word' id='word_1_625' title='bbox 3294 2652 3512 2707; x_wconf 90' lang='lat' dir='ltr'><strong>quoque</strong></span> <span class='ocrx_word' id='word_1_626' title='bbox 3560 2637 3657 2703; x_wconf 90' lang='lat' dir='ltr'><strong>ipsi</strong></span> 
     </span>
    </p>
   </div>
   <div class='ocr_carea' id='block_1_88' title="bbox 2072 2729 3659 2803">
    <p class='ocr_par' dir='ltr' id='par_1_88' title="bbox 2072 2729 3659 2803">
     <span class='ocr_line' id='line_1_88' title="bbox 2072 2729 3659 2803; baseline -0.004 -17"><span class='ocrx_word' id='word_1_627' title='bbox 2072 2743 2128 2786; x_wconf 90' lang='lat' dir='ltr'><strong>et</strong></span> <span class='ocrx_word' id='word_1_628' title='bbox 2154 2733 2407 2802; x_wconf 89' lang='lat' dir='ltr'><strong>apostoli,</strong></span> <span class='ocrx_word' id='word_1_629' title='bbox 2455 2749 2614 2788; x_wconf 90' lang='lat' dir='ltr'><strong>omne</strong></span> <span class='ocrx_word' id='word_1_630' title='bbox 2674 2736 2816 2803; x_wconf 93' lang='lat' dir='ltr'><strong>quod</strong></span> <span class='ocrx_word' id='word_1_631' title='bbox 2859 2741 3136 2795; x_wconf 90' lang='lat' dir='ltr'><strong>resonant,</strong></span> <span class='ocrx_word' id='word_1_632' title='bbox 3179 2746 3287 2785; x_wconf 90' lang='lat' dir='ltr'><strong>non</strong></span> <span class='ocrx_word' id='word_1_633' title='bbox 3329 2730 3505 2784; x_wconf 88' lang='lat' dir='ltr'><strong>solmn</strong></span> <span class='ocrx_word' id='word_1_634' title='bbox 3562 2729 3659 2782; x_wconf 87' lang='lat' dir='ltr'><strong>ho-</strong></span> 
     </span>
    </p>
   </div>
   <div class='ocr_carea' id='block_1_89' title="bbox 2075 2820 3661 2895">
    <p class='ocr_par' dir='ltr' id='par_1_89' title="bbox 2075 2820 3661 2895">
     <span class='ocr_line' id='line_1_89' title="bbox 2075 2820 3661 2895; baseline -0.001 -21"><span class='ocrx_word' id='word_1_635' title='bbox 2075 2822 2329 2889; x_wconf 90' lang='lat' dir='ltr'><strong>minibus,</strong></span> <span class='ocrx_word' id='word_1_636' title='bbox 2378 2826 2471 2878; x_wconf 91' lang='lat' dir='ltr'><strong>sed</strong></span> <span class='ocrx_word' id='word_1_637' title='bbox 2511 2834 2560 2879; x_wconf 90' lang='lat' dir='ltr'><strong>et</strong></span> <span class='ocrx_word' id='word_1_638' title='bbox 2606 2825 2811 2895; x_wconf 89' lang='lat' dir='ltr'><strong>angelis</strong></span> <span class='ocrx_word' id='word_1_639' title='bbox 2863 2824 3175 2894; x_wconf 67' lang='lat' dir='ltr'><strong>praedicant.</strong></span> <span class='ocrx_word' id='word_1_640' title='bbox 3222 2821 3374 2887; x_wconf 85' lang='lat' dir='ltr'><strong>Quod</strong></span> <span class='ocrx_word' id='word_1_641' title='bbox 3423 2830 3478 2873; x_wconf 92' lang='lat' dir='ltr'><strong>ut</strong></span> <span class='ocrx_word' id='word_1_642' title='bbox 3520 2820 3661 2874; x_wconf 81' lang='lat' dir='ltr'><strong>scias</strong></span> 
     </span>
    </p>
   </div>
   <div class='ocr_carea' id='block_1_90' title="bbox 2074 2909 3661 2986">
    <p class='ocr_par' dir='ltr' id='par_1_90' title="bbox 2074 2909 3661 2986">
     <span class='ocr_line' id='line_1_90' title="bbox 2074 2909 3661 2986; baseline -0.001 -22"><span class='ocrx_word' id='word_1_643' title='bbox 2074 2928 2261 2967; x_wconf 87' lang='lat' dir='ltr'><strong>verum</strong></span> <span class='ocrx_word' id='word_1_644' title='bbox 2309 2930 2324 2967; x_wconf 90' lang='lat'><strong>:</strong></span> <span class='ocrx_word' id='word_1_645' title='bbox 2371 2916 2612 2981; x_wconf 83' lang='lat' dir='ltr'><strong>Attende,</strong></span> <span class='ocrx_word' id='word_1_646' title='bbox 2668 2916 2861 2986; x_wconf 89' lang='lat' dir='ltr'><strong>inquit,</strong></span> <span class='ocrx_word' id='word_1_647' title='bbox 2905 2914 3113 2977; x_wconf 66' lang='lat' dir='ltr'><strong>castum,</strong></span> <span class='ocrx_word' id='word_1_648' title='bbox 3160 2922 3207 2967; x_wconf 85' lang='lat' dir='ltr'><strong>et</strong></span> <span class='ocrx_word' id='word_1_649' title='bbox 3252 2911 3442 2980; x_wconf 88' lang='lat' dir='ltr'><strong>loquar</strong></span> <span class='ocrx_word' id='word_1_650' title='bbox 3466 2910 3550 2976; x_wconf 79' lang='lat'><strong>”;</strong></span> <span class='ocrx_word' id='word_1_651' title='bbox 3601 2909 3661 2961; x_wconf 87' lang='lat' dir='ltr'><strong>lu</strong></span> 
     </span>
    </p>
   </div>
   <div class='ocr_carea' id='block_1_91' title="bbox 2074 3002 3663 3077">
    <p class='ocr_par' dir='ltr' id='par_1_91' title="bbox 2074 3002 3663 3077">
     <span class='ocr_line' id='line_1_91' title="bbox 2074 3002 3663 3077; baseline -0.002 -19"><span class='ocrx_word' id='word_1_652' title='bbox 2074 3016 2348 3075; x_wconf 86' lang='lat' dir='ltr'><strong>conspectu</strong></span> <span class='ocrx_word' id='word_1_653' title='bbox 2395 3007 2700 3077; x_wconf 82' lang='lat' dir='ltr'><strong>angelorum</strong></span> <span class='ocrx_word' id='word_1_654' title='bbox 2742 3007 2968 3077; x_wconf 81' lang='lat' dir='ltr'><strong>psallam</strong></span> <span class='ocrx_word' id='word_1_655' title='bbox 3022 3007 3114 3058; x_wconf 83' lang='lat' dir='ltr'><strong>tibi</strong></span> <span class='ocrx_word' id='word_1_656' title='bbox 3139 3005 3222 3070; x_wconf 83' lang='grc'><strong>³⁹;</strong></span> <span class='ocrx_word' id='word_1_657' title='bbox 3265 3014 3321 3057; x_wconf 91' lang='lat' dir='ltr'><strong>et</strong></span> <span class='ocrx_word' id='word_1_658' title='bbox 3363 3020 3377 3055; x_wconf 90' lang='lat'><strong>:</strong></span> <span class='ocrx_word' id='word_1_659' title='bbox 3419 3002 3663 3055; x_wconf 74' lang='lat' dir='ltr'><strong>Laudare</strong></span> 
     </span>
    </p>
   </div>
   <div class='ocr_carea' id='block_1_92' title="bbox 2084 3094 3663 3166">
    <p class='ocr_par' dir='ltr' id='par_1_92' title="bbox 2084 3094 3663 3166">
     <span class='ocr_line' id='line_1_92' title="bbox 2084 3094 3663 3166; baseline 0.001 -19"><span class='ocrx_word' id='word_1_660' title='bbox 2084 3094 2382 3160; x_wconf 87' lang='lat' dir='ltr'><strong>Dominum,</strong></span> <span class='ocrx_word' id='word_1_661' title='bbox 2407 3099 2522 3151; x_wconf 71' lang='lat' dir='ltr'><strong>creti</strong></span> <span class='ocrx_word' id='word_1_662' title='bbox 2569 3098 2839 3161; x_wconf 78' lang='lat' dir='ltr'><strong>caelorum,</strong></span> <span class='ocrx_word' id='word_1_663' title='bbox 2886 3110 2932 3150; x_wconf 84' lang='lat' dir='ltr'><strong>et</strong></span> <span class='ocrx_word' id='word_1_664' title='bbox 2981 3113 3132 3166; x_wconf 66' lang='lat' dir='ltr'><strong>aqua?</strong></span> <span class='ocrx_word' id='word_1_665' title='bbox 3159 3112 3275 3163; x_wconf 73' lang='lat' dir='ltr'><strong>qua:</strong></span> <span class='ocrx_word' id='word_1_666' title='bbox 3315 3111 3479 3163; x_wconf 84' lang='lat' dir='ltr'><strong>super</strong></span> <span class='ocrx_word' id='word_1_667' title='bbox 3507 3096 3663 3148; x_wconf 61' lang='grc' dir='ltr'><strong>αξιοι</strong></span> 
     </span>
    </p>
   </div>
   <div class='ocr_carea' id='block_1_93' title="bbox 2080 3184 3662 3254">
    <p class='ocr_par' dir='ltr' id='par_1_93' title="bbox 2080 3184 3662 3254">
     <span class='ocr_line' id='line_1_93' title="bbox 2080 3184 3662 3254; baseline 0.003 -18"><span class='ocrx_word' id='word_1_668' title='bbox 2080 3194 2222 3249; x_wconf 85' lang='lat' dir='ltr'><strong>sunt,</strong></span> <span class='ocrx_word' id='word_1_669' title='bbox 2263 3186 2479 3240; x_wconf 84' lang='lat' dir='ltr'><strong>laudent</strong></span> <span class='ocrx_word' id='word_1_670' title='bbox 2521 3203 2704 3242; x_wconf 83' lang='lat' dir='ltr'><strong>nomen</strong></span> <span class='ocrx_word' id='word_1_671' title='bbox 2754 3188 2962 3241; x_wconf 81' lang='lat' dir='ltr'><strong>Domini</strong></span> <span class='ocrx_word' id='word_1_672' title='bbox 2981 3188 3061 3254; x_wconf 70' lang='lat'><strong>81;</strong></span> <span class='ocrx_word' id='word_1_673' title='bbox 3109 3196 3162 3240; x_wconf 89' lang='lat' dir='ltr'><strong>et</strong></span> <span class='ocrx_word' id='word_1_674' title='bbox 3202 3205 3216 3241; x_wconf 91' lang='lat'>:</span> <span class='ocrx_word' id='word_1_675' title='bbox 3256 3184 3505 3240; x_wconf 81' lang='lat' dir='ltr'><strong>Laudent</strong></span> <span class='ocrx_word' id='word_1_676' title='bbox 3546 3204 3662 3241; x_wconf 73' lang='lat' dir='ltr'><strong>eum</strong></span> 
     </span>
    </p>
   </div>
   <div class='ocr_carea' id='block_1_94' title="bbox 2079 3277 3667 3348">
    <p class='ocr_par' dir='ltr' id='par_1_94' title="bbox 2079 3277 3667 3348">
     <span class='ocr_line' id='line_1_94' title="bbox 2079 3277 3667 3348; baseline 0.002 -18"><span class='ocrx_word' id='word_1_677' title='bbox 2079 3277 2252 3347; x_wconf 78' lang='lat' dir='ltr'><strong>angeli</strong></span> <span class='ocrx_word' id='word_1_678' title='bbox 2272 3296 2293 3343; x_wconf 88' lang='lat'><strong>;</strong></span> <span class='ocrx_word' id='word_1_679' title='bbox 2321 3288 2375 3332; x_wconf 89' lang='lat' dir='ltr'><strong>et</strong></span> <span class='ocrx_word' id='word_1_680' title='bbox 2406 3298 2420 3333; x_wconf 89' lang='lat'><strong>:</strong></span> <span class='ocrx_word' id='word_1_681' title='bbox 2447 3279 2514 3333; x_wconf 85' lang='lat' dir='ltr'><strong>In</strong></span> <span class='ocrx_word' id='word_1_682' title='bbox 2538 3282 2679 3333; x_wconf 84' lang='lat' dir='ltr'><strong>omni</strong></span> <span class='ocrx_word' id='word_1_683' title='bbox 2705 3280 2817 3334; x_wconf 85' lang='lat' dir='ltr'><strong>loco</strong></span> <span class='ocrx_word' id='word_1_684' title='bbox 2843 3281 3113 3348; x_wconf 79' lang='lat' dir='ltr'><strong>potestatis</strong></span> <span class='ocrx_word' id='word_1_685' title='bbox 3146 3279 3257 3348; x_wconf 83' lang='lat' dir='ltr'><strong>ejus</strong></span> <span class='ocrx_word' id='word_1_686' title='bbox 3279 3280 3519 3344; x_wconf 79' lang='lat' dir='ltr'><strong>benedic,</strong></span> <span class='ocrx_word' id='word_1_687' title='bbox 3556 3282 3667 3333; x_wconf 77' lang='lat' dir='ltr'><strong>ani-</strong></span> 
     </span>
    </p>
   </div>
   <div class='ocr_carea' id='block_1_95' title="bbox 2079 3371 3666 3441">
    <p class='ocr_par' dir='ltr' id='par_1_95' title="bbox 2079 3371 3666 3441">
     <span class='ocr_line' id='line_1_95' title="bbox 2079 3371 3666 3441; baseline 0.003 -19"><span class='ocrx_word' id='word_1_688' title='bbox 2079 3387 2167 3423; x_wconf 90' lang='lat' dir='ltr'><strong>ma</strong></span> <span class='ocrx_word' id='word_1_689' title='bbox 2196 3386 2333 3436; x_wconf 89' lang='lat' dir='ltr'><strong>mea,</strong></span> <span class='ocrx_word' id='word_1_690' title='bbox 2379 3371 2602 3425; x_wconf 76' lang='lat' dir='ltr'><strong>Domino</strong></span> <span class='ocrx_word' id='word_1_691' title='bbox 2624 3373 2691 3427; x_wconf 78' lang='grc'><strong>³⁸.</strong></span> <span class='ocrx_word' id='word_1_692' title='bbox 2730 3374 2975 3427; x_wconf 79' lang='lat' dir='ltr'><strong>Invenies</strong></span> <span class='ocrx_word' id='word_1_693' title='bbox 3028 3374 3079 3426; x_wconf 92' lang='lat' dir='ltr'><strong>in</strong></span> <span class='ocrx_word' id='word_1_694' title='bbox 3125 3372 3369 3441; x_wconf 80' lang='lat' dir='ltr'><strong>plurimis</strong></span> <span class='ocrx_word' id='word_1_695' title='bbox 3403 3374 3565 3435; x_wconf 84' lang='lat' dir='ltr'><strong>locis,</strong></span> <span class='ocrx_word' id='word_1_696' title='bbox 3613 3383 3666 3427; x_wconf 80' lang='lat' dir='ltr'><strong>et</strong></span> 
     </span>
    </p>
   </div>
   <div class='ocr_carea' id='block_1_96' title="bbox 2080 3460 3661 3531">
    <p class='ocr_par' dir='ltr' id='par_1_96' title="bbox 2080 3460 3661 3531">
     <span class='ocr_line' id='line_1_96' title="bbox 2080 3460 3661 3531; baseline 0.003 -20"><span class='ocrx_word' id='word_1_697' title='bbox 2080 3460 2317 3515; x_wconf 82' lang='lat' dir='ltr'><strong>maxime</strong></span> <span class='ocrx_word' id='word_1_698' title='bbox 2346 3462 2396 3513; x_wconf 94' lang='lat' dir='ltr'><strong>in</strong></span> <span class='ocrx_word' id='word_1_699' title='bbox 2428 3461 2681 3525; x_wconf 83' lang='lat' dir='ltr'><strong>Psalmis,</strong></span> <span class='ocrx_word' id='word_1_700' title='bbox 2716 3471 2769 3516; x_wconf 86' lang='lat' dir='ltr'><strong>et</strong></span> <span class='ocrx_word' id='word_1_701' title='bbox 2808 3462 2873 3515; x_wconf 90' lang='lat' dir='ltr'><strong>ad</strong></span> <span class='ocrx_word' id='word_1_702' title='bbox 2921 3462 3141 3531; x_wconf 85' lang='lat' dir='ltr'><strong>angelos</strong></span> <span class='ocrx_word' id='word_1_703' title='bbox 3182 3477 3490 3516; x_wconf 88' lang='lat' dir='ltr'><strong>sermonem</strong></span> <span class='ocrx_word' id='word_1_704' title='bbox 3522 3463 3661 3526; x_wconf 86' lang='lat' dir='ltr'><strong>fieri,</strong></span> 
     </span>
    </p>
   </div>
   <div class='ocr_carea' id='block_1_97' title="bbox 2080 3551 3665 3622">
    <p class='ocr_par' dir='ltr' id='par_1_97' title="bbox 2080 3551 3665 3622">
     <span class='ocr_line' id='line_1_97' title="bbox 2080 3551 3665 3622; baseline 0.001 -17"><span class='ocrx_word' id='word_1_705' title='bbox 2080 3551 2204 3605; x_wconf 89' lang='lat' dir='ltr'><strong>data</strong></span> <span class='ocrx_word' id='word_1_706' title='bbox 2244 3553 2448 3606; x_wconf 91' lang='lat' dir='ltr'><strong>homini</strong></span> <span class='ocrx_word' id='word_1_707' title='bbox 2492 3562 2780 3617; x_wconf 89' lang='lat' dir='ltr'><strong>potestate,</strong></span> <span class='ocrx_word' id='word_1_708' title='bbox 2811 3554 2857 3607; x_wconf 92' lang='lat' dir='ltr'><strong>ei</strong></span> <span class='ocrx_word' id='word_1_709' title='bbox 2892 3566 3072 3607; x_wconf 89' lang='lat' dir='ltr'><strong>tamen</strong></span> <span class='ocrx_word' id='word_1_710' title='bbox 3121 3554 3211 3622; x_wconf 88' lang='lat' dir='ltr'><strong>qui</strong></span> <span class='ocrx_word' id='word_1_711' title='bbox 3241 3553 3511 3621; x_wconf 86' lang='lat' dir='ltr'><strong>Spiritum</strong></span> <span class='ocrx_word' id='word_1_712' title='bbox 3538 3569 3665 3607; x_wconf 84' lang='lat' dir='ltr'><strong>san-</strong></span> 
     </span>
    </p>
   </div>
   <div class='ocr_carea' id='block_1_98' title="bbox 2080 3644 3660 3717">
    <p class='ocr_par' dir='ltr' id='par_1_98' title="bbox 2080 3644 3660 3717">
     <span class='ocr_line' id='line_1_98' title="bbox 2080 3644 3660 3717; baseline 0.001 -20"><span class='ocrx_word' id='word_1_713' title='bbox 2080 3651 2225 3697; x_wconf 90' lang='lat' dir='ltr'><strong>ctum</strong></span> <span class='ocrx_word' id='word_1_714' title='bbox 2270 3644 2455 3709; x_wconf 90' lang='lat' dir='ltr'><strong>habet,</strong></span> <span class='ocrx_word' id='word_1_715' title='bbox 2516 3652 2576 3699; x_wconf 94' lang='lat' dir='ltr'><strong>ut</strong></span> <span class='ocrx_word' id='word_1_716' title='bbox 2616 3656 2671 3699; x_wconf 88' lang='lat' dir='ltr'><strong>et</strong></span> <span class='ocrx_word' id='word_1_717' title='bbox 2719 3645 2946 3717; x_wconf 87' lang='lat' dir='ltr'><strong>angelos</strong></span> <span class='ocrx_word' id='word_1_718' title='bbox 2997 3645 3392 3715; x_wconf 86' lang='lat' dir='ltr'><strong>alloquatur.E</strong></span> <span class='ocrx_word' id='word_1_719' title='bbox 3450 3645 3660 3713; x_wconf 84' lang='lat' dir='ltr'><strong>quibus</strong></span> 
     </span>
    </p>
   </div>
   <div class='ocr_carea' id='block_1_99' title="bbox 2085 3735 3663 3806">
    <p class='ocr_par' dir='ltr' id='par_1_99' title="bbox 2085 3735 3663 3806">
     <span class='ocr_line' id='line_1_99' title="bbox 2085 3735 3663 3806; baseline 0.003 -20"><span class='ocrx_word' id='word_1_720' title='bbox 2085 3749 2251 3787; x_wconf 89' lang='lat' dir='ltr'><strong>unttm</strong></span> <span class='ocrx_word' id='word_1_721' title='bbox 2276 3735 2578 3804; x_wconf 84' lang='lat' dir='ltr'><strong>exemplum</strong></span> <span class='ocrx_word' id='word_1_722' title='bbox 2594 3738 2812 3803; x_wconf 80' lang='lat' dir='ltr'><strong>donant,</strong></span> <span class='ocrx_word' id='word_1_723' title='bbox 2844 3749 2900 3790; x_wconf 93' lang='lat' dir='ltr'><strong>ut</strong></span> <span class='ocrx_word' id='word_1_724' title='bbox 2928 3738 3162 3791; x_wconf 88' lang='lat' dir='ltr'><strong>sciamus</strong></span> <span class='ocrx_word' id='word_1_725' title='bbox 3195 3735 3412 3805; x_wconf 88' lang='lat' dir='ltr'><strong>angelos</strong></span> <span class='ocrx_word' id='word_1_726' title='bbox 3442 3751 3663 3806; x_wconf 86' lang='lat' dir='ltr'><strong>quoque</strong></span> 
     </span>
    </p>
   </div>
   <div class='ocr_carea' id='block_1_100' title="bbox 2084 3823 3660 3898">
    <p class='ocr_par' dir='ltr' id='par_1_100' title="bbox 2084 3823 3660 3898">
     <span class='ocr_line' id='line_1_100' title="bbox 2084 3823 3660 3898; baseline 0.003 -21"><span class='ocrx_word' id='word_1_727' title='bbox 2084 3823 2339 3879; x_wconf 89' lang='lat' dir='ltr'><strong>humanis</strong></span> <span class='ocrx_word' id='word_1_728' title='bbox 2376 3827 2598 3881; x_wconf 89' lang='lat' dir='ltr'><strong>vocibus</strong></span> <span class='ocrx_word' id='word_1_729' title='bbox 2629 3829 2854 3883; x_wconf 91' lang='lat' dir='ltr'><strong>erudiri.</strong></span> <span class='ocrx_word' id='word_1_730' title='bbox 2901 3828 3171 3898; x_wconf 86' lang='lat' dir='ltr'><strong>Scriptum</strong></span> <span class='ocrx_word' id='word_1_731' title='bbox 3221 3838 3301 3883; x_wconf 91' lang='lat' dir='ltr'><strong>est</strong></span> <span class='ocrx_word' id='word_1_732' title='bbox 3349 3829 3402 3882; x_wconf 93' lang='lat' dir='ltr'><strong>in</strong></span> <span class='ocrx_word' id='word_1_733' title='bbox 3443 3833 3660 3897; x_wconf 82' lang='lat' dir='ltr'><strong>Apoca-</strong></span> 
     </span>
    </p>
   </div>
   <div class='ocr_carea' id='block_1_101' title="bbox 2080 3915 3661 3991">
    <p class='ocr_par' dir='ltr' id='par_1_101' title="bbox 2080 3915 3661 3991">
     <span class='ocr_line' id='line_1_101' title="bbox 2080 3915 3661 3991; baseline 0.003 -23"><span class='ocrx_word' id='word_1_734' title='bbox 2080 3915 2219 3987; x_wconf 85' lang='lat' dir='ltr'><strong>lypsi</strong></span> <span class='ocrx_word' id='word_1_735' title='bbox 2240 3915 2465 3974; x_wconf 80' lang='lat' dir='ltr'><strong>Joannis</strong></span> <span class='ocrx_word' id='word_1_736' title='bbox 2489 3920 2534 3951; x_wconf 80' lang='grc'><strong>³³</strong></span> <span class='ocrx_word' id='word_1_737' title='bbox 2572 3939 2585 3975; x_wconf 86' lang='lat'><strong>:</strong></span> <span class='ocrx_word' id='word_1_738' title='bbox 2616 3921 2811 3991; x_wconf 82' lang='lat' dir='ltr'><strong>Angelo</strong></span> <span class='ocrx_word' id='word_1_739' title='bbox 2849 3921 3196 3990; x_wconf 81' lang='lat' dir='ltr'><strong>Ephesiorum</strong></span> <span class='ocrx_word' id='word_1_740' title='bbox 3236 3920 3488 3974; x_wconf 72' lang='lat' dir='ltr'><strong>Ecclesia:</strong></span> <span class='ocrx_word' id='word_1_741' title='bbox 3528 3922 3661 3973; x_wconf 77' lang='lat' dir='ltr'><strong>scri-</strong></span> 
     </span>
    </p>
   </div>
   <div class='ocr_carea' id='block_1_102' title="bbox 2078 4008 3660 4083">
    <p class='ocr_par' dir='ltr' id='par_1_102' title="bbox 2078 4008 3660 4083">
     <span class='ocr_line' id='line_1_102' title="bbox 2078 4008 3660 4083; baseline 0.003 -24"><span class='ocrx_word' id='word_1_742' title='bbox 2078 4008 2136 4061; x_wconf 83' lang='lat' dir='ltr'><strong>be</strong></span> <span class='ocrx_word' id='word_1_743' title='bbox 2164 4023 2185 4062; x_wconf 89' lang='lat'><strong><em>:</em></strong></span> <span class='ocrx_word' id='word_1_744' title='bbox 2228 4008 2409 4064; x_wconf 81' lang='lat' dir='ltr'><strong>Habeo</strong></span> <span class='ocrx_word' id='word_1_745' title='bbox 2439 4012 2644 4083; x_wconf 82' lang='lat' dir='ltr'><strong>aliquid</strong></span> <span class='ocrx_word' id='word_1_746' title='bbox 2677 4023 2859 4065; x_wconf 87' lang='lat' dir='ltr'><strong>contra</strong></span> <span class='ocrx_word' id='word_1_747' title='bbox 2900 4021 2979 4076; x_wconf 91' lang='lat' dir='ltr'><strong>te;</strong></span> <span class='ocrx_word' id='word_1_748' title='bbox 3016 4022 3070 4064; x_wconf 88' lang='lat' dir='ltr'><strong>et</strong></span> <span class='ocrx_word' id='word_1_749' title='bbox 3094 4028 3302 4066; x_wconf 88' lang='lat' dir='ltr'><strong>rursum</strong></span> <span class='ocrx_word' id='word_1_750' title='bbox 3331 4010 3375 4042; x_wconf 73' lang='grc'>³⁸</span> <span class='ocrx_word' id='word_1_751' title='bbox 3410 4028 3425 4063; x_wconf 91' lang='lat'>:</span> <span class='ocrx_word' id='word_1_752' title='bbox 3458 4013 3660 4078; x_wconf 83' lang='lat' dir='ltr'><strong>Angela</strong></span> 
     </span>
    </p>
   </div>
   <div class='ocr_carea' id='block_1_103' title="bbox 2077 4098 3656 4173">
    <p class='ocr_par' dir='ltr' id='par_1_103' title="bbox 2077 4098 3656 4173">
     <span class='ocr_line' id='line_1_103' title="bbox 2077 4098 3656 4173; baseline 0.002 -22"><span class='ocrx_word' id='word_1_753' title='bbox 2077 4098 2326 4154; x_wconf 73' lang='lat' dir='ltr'><strong>Ecclesia:</strong></span> <span class='ocrx_word' id='word_1_754' title='bbox 2356 4100 2602 4171; x_wconf 86' lang='lat' dir='ltr'><strong>Pergami</strong></span> <span class='ocrx_word' id='word_1_755' title='bbox 2626 4104 2793 4156; x_wconf 82' lang='lat' dir='ltr'><strong>scribe</strong></span> <span class='ocrx_word' id='word_1_756' title='bbox 2822 4118 2841 4155; x_wconf 86' lang='lat'><em>:</em></span> <span class='ocrx_word' id='word_1_757' title='bbox 2869 4102 3053 4156; x_wconf 82' lang='lat' dir='ltr'><strong>Habeo</strong></span> <span class='ocrx_word' id='word_1_758' title='bbox 3082 4104 3349 4173; x_wconf 80' lang='lat' dir='ltr'><strong>quidpiam</strong></span> <span class='ocrx_word' id='word_1_759' title='bbox 3371 4112 3562 4154; x_wconf 83' lang='lat' dir='ltr'><strong>contra</strong></span> <span class='ocrx_word' id='word_1_760' title='bbox 3586 4111 3656 4154; x_wconf 84' lang='lat' dir='ltr'><strong>te.</strong></span> 
     </span>
    </p>
   </div>
   <div class='ocr_carea' id='block_1_104' title="bbox 2076 4189 3658 4266">
    <p class='ocr_par' dir='ltr' id='par_1_104' title="bbox 2076 4189 3658 4266">
     <span class='ocr_line' id='line_1_104' title="bbox 2076 4189 3658 4266; baseline 0.002 -21"><span class='ocrx_word' id='word_1_761' title='bbox 2076 4189 2235 4247; x_wconf 89' lang='lat' dir='ltr'><strong>Certe</strong></span> <span class='ocrx_word' id='word_1_762' title='bbox 2257 4192 2416 4247; x_wconf 94' lang='lat' dir='ltr'><strong>homo</strong></span> <span class='ocrx_word' id='word_1_763' title='bbox 2437 4204 2520 4249; x_wconf 90' lang='lat' dir='ltr'><strong>est</strong></span> <span class='ocrx_word' id='word_1_764' title='bbox 2549 4196 2637 4262; x_wconf 89' lang='lat' dir='ltr'><strong>qui</strong></span> <span class='ocrx_word' id='word_1_765' title='bbox 2666 4197 2856 4251; x_wconf 89' lang='lat' dir='ltr'><strong>scribit</strong></span> <span class='ocrx_word' id='word_1_766' title='bbox 2889 4197 3113 4265; x_wconf 88' lang='lat' dir='ltr'><strong>angelis.</strong></span> <span class='ocrx_word' id='word_1_767' title='bbox 3141 4208 3193 4247; x_wconf 84' lang='lat' dir='ltr'><strong>et</strong></span> <span class='ocrx_word' id='word_1_768' title='bbox 3222 4195 3425 4266; x_wconf 90' lang='lat' dir='ltr'><strong>aliquid</strong></span> <span class='ocrx_word' id='word_1_769' title='bbox 3457 4196 3658 4265; x_wconf 61' lang='lat' dir='ltr'><strong>preci-</strong></span> 
     </span>
    </p>
   </div>
   <div class='ocr_carea' id='block_1_105' title="bbox 2076 4283 3656 4356">
    <p class='ocr_par' dir='ltr' id='par_1_105' title="bbox 2076 4283 3656 4356">
     <span class='ocr_line' id='line_1_105' title="bbox 2076 4283 3656 4356; baseline 0.002 -21"><span class='ocrx_word' id='word_1_770' title='bbox 2076 4283 2173 4351; x_wconf 90' lang='lat' dir='ltr'><strong>pit.</strong></span> <span class='ocrx_word' id='word_1_771' title='bbox 2200 4303 2219 4334; x_wconf 77' lang='lat' dir='ltr'><strong>s</strong></span> <span class='ocrx_word' id='word_1_772' title='bbox 2270 4284 2398 4338; x_wconf 88' lang='lat' dir='ltr'><strong>Item</strong></span> <span class='ocrx_word' id='word_1_773' title='bbox 2423 4284 2518 4339; x_wconf 91' lang='lat' dir='ltr'><strong>lib.</strong></span> <span class='ocrx_word' id='word_1_774' title='bbox 2549 4301 2643 4341; x_wconf 88' lang='lat' dir='ltr'><strong>vttt</strong></span> <span class='ocrx_word' id='word_1_775' title='bbox 2696 4289 2751 4339; x_wconf 85' lang='lat' dir='ltr'><strong>in</strong></span> <span class='ocrx_word' id='word_1_776' title='bbox 2784 4286 2956 4356; x_wconf 83' lang='lat' dir='ltr'><strong>Epist.</strong></span> <span class='ocrx_word' id='word_1_777' title='bbox 3006 4289 3075 4340; x_wconf 85' lang='lat' dir='ltr'><strong>ad</strong></span> <span class='ocrx_word' id='word_1_778' title='bbox 3132 4286 3308 4351; x_wconf 83' lang='lat' dir='ltr'><strong>Rom.,</strong></span> <span class='ocrx_word' id='word_1_779' title='bbox 3357 4302 3506 4341; x_wconf 85' lang='lat' dir='ltr'><strong>num.</strong></span> <span class='ocrx_word' id='word_1_780' title='bbox 3546 4286 3656 4340; x_wconf 68' lang='lat'><strong>10:</strong></span> 
     </span>
    </p>
   </div>
   <div class='ocr_carea' id='block_1_106' title="bbox 2084 4373 3657 4446">
    <p class='ocr_par' dir='ltr' id='par_1_106' title="bbox 2084 4373 3657 4446">
     <span class='ocr_line' id='line_1_106' title="bbox 2084 4373 3657 4446; baseline 0.005 -22"><span class='ocrx_word' id='word_1_781' title='bbox 2084 4390 2103 4423; x_wconf 84' lang='grc' dir='ltr'><strong>ι</strong></span> <span class='ocrx_word' id='word_1_782' title='bbox 2149 4373 2529 4443; x_wconf 75' lang='lat' dir='ltr'><strong>Numquidnam</strong></span> <span class='ocrx_word' id='word_1_783' title='bbox 2575 4387 2829 4446; x_wconf 84' lang='lat' dir='ltr'><strong>tanquam</strong></span> <span class='ocrx_word' id='word_1_784' title='bbox 2874 4393 3061 4432; x_wconf 87' lang='lat' dir='ltr'><strong>servus</strong></span> <span class='ocrx_word' id='word_1_785' title='bbox 3090 4378 3261 4432; x_wconf 88' lang='lat' dir='ltr'><strong>bonus</strong></span> <span class='ocrx_word' id='word_1_786' title='bbox 3302 4386 3355 4432; x_wconf 90' lang='lat' dir='ltr'><strong>et</strong></span> <span class='ocrx_word' id='word_1_787' title='bbox 3389 4377 3568 4431; x_wconf 86' lang='lat' dir='ltr'><strong>fidelis</strong></span> <span class='ocrx_word' id='word_1_788' title='bbox 3590 4378 3657 4442; x_wconf 76' lang='grc'><strong>⁸⁸,</strong></span> 
     </span>
    </p>
   </div>
   <div class='ocr_carea' id='block_1_107' title="bbox 2076 4466 3659 4537">
    <p class='ocr_par' dir='ltr' id='par_1_107' title="bbox 2076 4466 3659 4537">
     <span class='ocr_line' id='line_1_107' title="bbox 2076 4466 3659 4537; baseline 0.003 -21"><span class='ocrx_word' id='word_1_789' title='bbox 2076 4466 2167 4532; x_wconf 90' lang='lat' dir='ltr'><strong>qui</strong></span> <span class='ocrx_word' id='word_1_790' title='bbox 2210 4466 2261 4519; x_wconf 93' lang='lat' dir='ltr'><strong>in</strong></span> <span class='ocrx_word' id='word_1_791' title='bbox 2314 4480 2482 4534; x_wconf 87' lang='lat' dir='ltr'><strong>pauca</strong></span> <span class='ocrx_word' id='word_1_792' title='bbox 2527 4466 2704 4521; x_wconf 88' lang='lat' dir='ltr'><strong>fuerat</strong></span> <span class='ocrx_word' id='word_1_793' title='bbox 2737 4468 2930 4534; x_wconf 85' lang='lat' dir='ltr'><strong>ﬁdelis,</strong></span> <span class='ocrx_word' id='word_1_794' title='bbox 2968 4471 3173 4524; x_wconf 79' lang='lat' dir='ltr'><strong>sciebat</strong></span> <span class='ocrx_word' id='word_1_795' title='bbox 3200 4485 3260 4525; x_wconf 90' lang='lat' dir='ltr'><strong>se</strong></span> <span class='ocrx_word' id='word_1_796' title='bbox 3298 4485 3463 4537; x_wconf 90' lang='lat' dir='ltr'><strong>super</strong></span> <span class='ocrx_word' id='word_1_797' title='bbox 3488 4470 3659 4522; x_wconf 74' lang='lat' dir='ltr'><strong>ttialta</strong></span> 
     </span>
    </p>
   </div>
   <div class='ocr_carea' id='block_1_108' title="bbox 2076 4559 3664 4630">
    <p class='ocr_par' dir='ltr' id='par_1_108' title="bbox 2076 4559 3664 4630">
     <span class='ocr_line' id='line_1_108' title="bbox 2076 4559 3664 4630; baseline 0.002 -17"><span class='ocrx_word' id='word_1_798' title='bbox 2076 4559 2534 4623; x_wconf 88' lang='lat' dir='ltr'><strong>constituendum,</strong></span> <span class='ocrx_word' id='word_1_799' title='bbox 2591 4570 2647 4614; x_wconf 90' lang='lat' dir='ltr'><strong>et</strong></span> <span class='ocrx_word' id='word_1_800' title='bbox 2678 4561 2990 4630; x_wconf 87' lang='lat' dir='ltr'><strong>Apostolum</strong></span> <span class='ocrx_word' id='word_1_801' title='bbox 3042 4562 3277 4616; x_wconf 86' lang='lat' dir='ltr'><strong>futurum</strong></span> <span class='ocrx_word' id='word_1_802' title='bbox 3322 4563 3484 4616; x_wconf 90' lang='lat' dir='ltr'><strong>etiam</strong></span> <span class='ocrx_word' id='word_1_803' title='bbox 3535 4571 3664 4629; x_wconf 84' lang='lat' dir='ltr'><strong>post</strong></span> 
     </span>
    </p>
   </div>
   <div class='ocr_carea' id='block_1_109' title="bbox 2076 4653 3662 4720">
    <p class='ocr_par' dir='ltr' id='par_1_109' title="bbox 2076 4653 3662 4720">
     <span class='ocr_line' id='line_1_109' title="bbox 2076 4653 3662 4720; baseline 0.001 -15"><span class='ocrx_word' id='word_1_804' title='bbox 2076 4653 2277 4705; x_wconf 85' lang='lat' dir='ltr'><strong>exitum</strong></span> <span class='ocrx_word' id='word_1_805' title='bbox 2306 4667 2486 4716; x_wconf 89' lang='lat' dir='ltr'><strong>suum,</strong></span> <span class='ocrx_word' id='word_1_806' title='bbox 2539 4668 2643 4705; x_wconf 90' lang='lat' dir='ltr'><strong>non</strong></span> <span class='ocrx_word' id='word_1_807' title='bbox 2682 4653 2851 4706; x_wconf 92' lang='lat' dir='ltr'><strong>solum</strong></span> <span class='ocrx_word' id='word_1_808' title='bbox 2877 4655 3141 4720; x_wconf 83' lang='lat' dir='ltr'><strong>gentium;</strong></span> <span class='ocrx_word' id='word_1_809' title='bbox 3178 4656 3270 4708; x_wconf 89' lang='lat' dir='ltr'><strong>sed</strong></span> <span class='ocrx_word' id='word_1_810' title='bbox 3294 4664 3350 4707; x_wconf 89' lang='lat' dir='ltr'><strong>et</strong></span> <span class='ocrx_word' id='word_1_811' title='bbox 3378 4653 3662 4707; x_wconf 86' lang='lat' dir='ltr'><strong>Israelita-</strong></span> 
     </span>
    </p>
   </div>
   <div class='ocr_carea' id='block_1_110' title="bbox 2076 4742 3663 4809">
    <p class='ocr_par' dir='ltr' id='par_1_110' title="bbox 2076 4742 3663 4809">
     <span class='ocr_line' id='line_1_110' title="bbox 2076 4742 3663 4809; baseline 0.003 -13"><span class='ocrx_word' id='word_1_812' title='bbox 2076 4758 2216 4809; x_wconf 92' lang='lat' dir='ltr'><strong>rum,</strong></span> <span class='ocrx_word' id='word_1_813' title='bbox 2243 4751 2300 4797; x_wconf 92' lang='lat' dir='ltr'><strong>et</strong></span> <span class='ocrx_word' id='word_1_814' title='bbox 2327 4743 2555 4797; x_wconf 92' lang='lat' dir='ltr'><strong>aliorum</strong></span> <span class='ocrx_word' id='word_1_815' title='bbox 2598 4742 2849 4800; x_wconf 86' lang='lat' dir='ltr'><strong>fortassis</strong></span> <span class='ocrx_word' id='word_1_816' title='bbox 2878 4746 3247 4809; x_wconf 91' lang='lat' dir='ltr'><strong>invisibilium,</strong></span> <span class='ocrx_word' id='word_1_817' title='bbox 3278 4745 3350 4799; x_wconf 90' lang='lat' dir='ltr'><strong>ibi</strong></span> <span class='ocrx_word' id='word_1_818' title='bbox 3374 4746 3464 4799; x_wconf 90' lang='lat' dir='ltr'><strong>ubi</strong></span> <span class='ocrx_word' id='word_1_819' title='bbox 3490 4746 3663 4800; x_wconf 88' lang='lat' dir='ltr'><strong>bene-</strong></span> 
     </span>
    </p>
   </div>
   <div class='ocr_carea' id='block_1_111' title="bbox 2075 4835 3662 4909">
    <p class='ocr_par' dir='ltr' id='par_1_111' title="bbox 2075 4835 3662 4909">
     <span class='ocr_line' id='line_1_111' title="bbox 2075 4835 3662 4909; baseline 0.001 -20"><span class='ocrx_word' id='word_1_820' title='bbox 2075 4835 2504 4905; x_wconf 90' lang='lat' dir='ltr'><strong>dicuntspiritus</strong></span> <span class='ocrx_word' id='word_1_821' title='bbox 2526 4847 2579 4892; x_wconf 90' lang='lat' dir='ltr'><strong>et</strong></span> <span class='ocrx_word' id='word_1_822' title='bbox 2617 4840 2811 4893; x_wconf 78' lang='lat' dir='ltr'><strong>anima:</strong></span> <span class='ocrx_word' id='word_1_823' title='bbox 2847 4838 3115 4906; x_wconf 77' lang='lat' dir='ltr'><strong>iustorum</strong></span> <span class='ocrx_word' id='word_1_824' title='bbox 3146 4838 3433 4893; x_wconf 91' lang='lat' dir='ltr'><strong>Dominum</strong></span> <span class='ocrx_word' id='word_1_825' title='bbox 3459 4838 3525 4900; x_wconf 76' lang='grc'><strong>³⁸,</strong></span> <span class='ocrx_word' id='word_1_826' title='bbox 3562 4840 3662 4909; x_wconf 77' lang='lat' dir='ltr'><strong>hy-</strong></span> 
     </span>
    </p>
   </div>
   <div class='ocr_carea' id='block_1_112' title="bbox 2078 4928 3656 4999">
    <p class='ocr_par' dir='ltr' id='par_1_112' title="bbox 2078 4928 3656 4999">
     <span class='ocr_line' id='line_1_112' title="bbox 2078 4928 3656 4999; baseline 0.001 -20"><span class='ocrx_word' id='word_1_827' title='bbox 2078 4942 2261 4980; x_wconf 92' lang='lat' dir='ltr'><strong>mnum</strong></span> <span class='ocrx_word' id='word_1_828' title='bbox 2291 4928 2502 4994; x_wconf 91' lang='lat' dir='ltr'><strong>dicunt,</strong></span> <span class='ocrx_word' id='word_1_829' title='bbox 2564 4940 2618 4985; x_wconf 89' lang='lat' dir='ltr'><strong>et</strong></span> <span class='ocrx_word' id='word_1_830' title='bbox 2662 4932 3065 4999; x_wconf 75' lang='lat' dir='ltr'><strong>superexaltant</strong></span> <span class='ocrx_word' id='word_1_831' title='bbox 3100 4946 3222 4985; x_wconf 90' lang='lat' dir='ltr'><strong>eum</strong></span> <span class='ocrx_word' id='word_1_832' title='bbox 3271 4933 3322 4984; x_wconf 93' lang='lat' dir='ltr'><strong>in</strong></span> <span class='ocrx_word' id='word_1_833' title='bbox 3367 4932 3656 4985; x_wconf 62' lang='lat' dir='ltr'><strong>sarcula?»</strong></span> 
     </span>
    </p>
   </div>
   <div class='ocr_carea' id='block_1_113' title="bbox 2078 5020 3661 5093">
    <p class='ocr_par' dir='ltr' id='par_1_113' title="bbox 2078 5020 3661 5093">
     <span class='ocr_line' id='line_1_113' title="bbox 2078 5020 3661 5093; baseline 0.001 -20"><span class='ocrx_word' id='word_1_834' title='bbox 2078 5020 2152 5073; x_wconf 90' lang='lat' dir='ltr'><strong>De</strong></span> <span class='ocrx_word' id='word_1_835' title='bbox 2180 5020 2428 5074; x_wconf 90' lang='lat' dir='ltr'><strong>doctrina</strong></span> <span class='ocrx_word' id='word_1_836' title='bbox 2458 5020 2545 5076; x_wconf 91' lang='lat' dir='ltr'><strong>illa</strong></span> <span class='ocrx_word' id='word_1_837' title='bbox 2579 5024 2784 5092; x_wconf 86' lang='lat' dir='ltr'><strong>angelis</strong></span> <span class='ocrx_word' id='word_1_838' title='bbox 2824 5038 2851 5077; x_wconf 90' lang='lat' dir='ltr'><strong>a</strong></span> <span class='ocrx_word' id='word_1_839' title='bbox 2891 5022 3110 5077; x_wconf 89' lang='lat' dir='ltr'><strong>Christo</strong></span> <span class='ocrx_word' id='word_1_840' title='bbox 3136 5023 3327 5076; x_wconf 89' lang='lat' dir='ltr'><strong>tradita</strong></span> <span class='ocrx_word' id='word_1_841' title='bbox 3353 5038 3516 5093; x_wconf 87' lang='lat' dir='ltr'><strong>supra</strong></span> <span class='ocrx_word' id='word_1_842' title='bbox 3543 5023 3661 5091; x_wconf 79' lang='lat' dir='ltr'><strong>jazn</strong></span> 
     </span>
    </p>
   </div>
   <div class='ocr_carea' id='block_1_114' title="bbox 2075 5113 3662 5187">
    <p class='ocr_par' dir='ltr' id='par_1_114' title="bbox 2075 5113 3662 5187">
     <span class='ocr_line' id='line_1_114' title="bbox 2075 5113 3662 5187; baseline 0.001 -21"><span class='ocrx_word' id='word_1_843' title='bbox 2075 5113 2503 5182; x_wconf 90' lang='lat' dir='ltr'><strong>disputavimus;</strong></span> <span class='ocrx_word' id='word_1_844' title='bbox 2536 5116 2602 5169; x_wconf 90' lang='lat' dir='ltr'><strong>de</strong></span> <span class='ocrx_word' id='word_1_845' title='bbox 2624 5130 2685 5170; x_wconf 89' lang='lat' dir='ltr'><strong>ea</strong></span> <span class='ocrx_word' id='word_1_846' title='bbox 2722 5131 2853 5171; x_wconf 87' lang='lat' dir='ltr'><strong>vero</strong></span> <span class='ocrx_word' id='word_1_847' title='bbox 2878 5132 3041 5186; x_wconf 89' lang='lat' dir='ltr'><strong>quam</strong></span> <span class='ocrx_word' id='word_1_848' title='bbox 3068 5133 3098 5170; x_wconf 94' lang='lat' dir='ltr'><strong>a</strong></span> <span class='ocrx_word' id='word_1_849' title='bbox 3135 5117 3417 5187; x_wconf 83' lang='lat' dir='ltr'><strong>prephetis</strong></span> <span class='ocrx_word' id='word_1_850' title='bbox 3445 5128 3501 5170; x_wconf 90' lang='lat' dir='ltr'><strong>et</strong></span> <span class='ocrx_word' id='word_1_851' title='bbox 3529 5133 3662 5183; x_wconf 87' lang='lat' dir='ltr'><strong>apo-</strong></span> 
     </span>
    </p>
   </div>
   <div class='ocr_carea' id='block_1_115' title="bbox 2074 5207 3661 5278">
    <p class='ocr_par' dir='ltr' id='par_1_115' title="bbox 2074 5207 3661 5278">
     <span class='ocr_line' id='line_1_115' title="bbox 2074 5207 3661 5278; baseline 0 -17"><span class='ocrx_word' id='word_1_852' title='bbox 2074 5207 2227 5262; x_wconf 87' lang='lat' dir='ltr'><strong>stolis</strong></span> <span class='ocrx_word' id='word_1_853' title='bbox 2252 5218 2580 5277; x_wconf 90' lang='lat' dir='ltr'><strong>acceperunt</strong></span> <span class='ocrx_word' id='word_1_854' title='bbox 2611 5210 2737 5278; x_wconf 91' lang='lat' dir='ltr'><strong>ipsi,</strong></span> <span class='ocrx_word' id='word_1_855' title='bbox 2779 5210 2859 5263; x_wconf 88' lang='lat' dir='ltr'><strong>sic</strong></span> <span class='ocrx_word' id='word_1_856' title='bbox 2880 5210 2968 5278; x_wconf 89' lang='lat' dir='ltr'><strong>pio</strong></span> <span class='ocrx_word' id='word_1_857' title='bbox 2999 5210 3283 5278; x_wconf 89' lang='lat' dir='ltr'><strong>unicuique</strong></span> <span class='ocrx_word' id='word_1_858' title='bbox 3307 5209 3661 5264; x_wconf 84' lang='lat' dir='ltr'><strong>sentiendum</strong></span> 
     </span>
    </p>
   </div>
   <div class='ocr_carea' id='block_1_116' title="bbox 2075 5299 3663 5371">
    <p class='ocr_par' dir='ltr' id='par_1_116' title="bbox 2075 5299 3663 5371">
     <span class='ocr_line' id='line_1_116' title="bbox 2075 5299 3663 5371; baseline 0.001 -19"><span class='ocrx_word' id='word_1_859' title='bbox 2075 5307 2176 5361; x_wconf 89' lang='lat' dir='ltr'><strong>est,</strong></span> <span class='ocrx_word' id='word_1_860' title='bbox 2229 5314 2333 5351; x_wconf 92' lang='lat' dir='ltr'><strong>non</strong></span> <span class='ocrx_word' id='word_1_861' title='bbox 2364 5299 2580 5369; x_wconf 89' lang='lat' dir='ltr'><strong>quidem</strong></span> <span class='ocrx_word' id='word_1_862' title='bbox 2622 5302 2933 5356; x_wconf 87' lang='lat' dir='ltr'><strong>hominibus</strong></span> <span class='ocrx_word' id='word_1_863' title='bbox 2983 5303 3133 5371; x_wconf 90' lang='lat' dir='ltr'><strong>prius</strong></span> <span class='ocrx_word' id='word_1_864' title='bbox 3164 5300 3457 5355; x_wconf 79' lang='lat' dir='ltr'><strong>revelatum</strong></span> <span class='ocrx_word' id='word_1_865' title='bbox 3489 5300 3663 5353; x_wconf 78' lang='lat' dir='ltr'><strong>fuisse</strong></span> 
     </span>
    </p>
   </div>
   <div class='ocr_carea' id='block_1_117' title="bbox 2060 5390 3661 5462">
    <p class='ocr_par' dir='ltr' id='par_1_117' title="bbox 2060 5390 3661 5462">
     <span class='ocr_line' id='line_1_117' title="bbox 2060 5390 3661 5462; baseline -0.001 -21"><span class='ocrx_word' id='word_1_866' title='bbox 2060 5396 2130 5441; x_wconf 90' lang='lat' dir='ltr'><strong>-et</strong></span> <span class='ocrx_word' id='word_1_867' title='bbox 2155 5397 2417 5442; x_wconf 88' lang='lat' dir='ltr'><strong>retectum</strong></span> <span class='ocrx_word' id='word_1_868' title='bbox 2449 5403 2609 5457; x_wconf 88' lang='lat' dir='ltr'><strong>quam</strong></span> <span class='ocrx_word' id='word_1_869' title='bbox 2640 5391 2844 5462; x_wconf 88' lang='lat' dir='ltr'><strong>angelis</strong></span> <span class='ocrx_word' id='word_1_870' title='bbox 2874 5390 3271 5447; x_wconf 89' lang='lat' dir='ltr'><strong>lncarnationis</strong></span> <span class='ocrx_word' id='word_1_871' title='bbox 3307 5391 3661 5461; x_wconf 85' lang='lat' dir='ltr'><strong>mysterium,</strong></span> 
     </span>
    </p>
   </div>
   <div class='ocr_carea' id='block_1_118' title="bbox 2076 5479 3659 5551">
    <p class='ocr_par' dir='ltr' id='par_1_118' title="bbox 2076 5479 3659 5551">
     <span class='ocr_line' id='line_1_118' title="bbox 2076 5479 3659 5551; baseline 0.003 -21"><span class='ocrx_word' id='word_1_872' title='bbox 2076 5479 2218 5547; x_wconf 90' lang='lat' dir='ltr'><strong>quod</strong></span> <span class='ocrx_word' id='word_1_873' title='bbox 2236 5495 2353 5533; x_wconf 88' lang='lat' dir='ltr'><strong>cum</strong></span> <span class='ocrx_word' id='word_1_874' title='bbox 2377 5480 2670 5550; x_wconf 68' lang='lat' dir='ltr'><strong>Scriptura:</strong></span> <span class='ocrx_word' id='word_1_875' title='bbox 2692 5497 2861 5539; x_wconf 78' lang='lat' dir='ltr'><strong>sacrae</strong></span> <span class='ocrx_word' id='word_1_876' title='bbox 2890 5486 3215 5542; x_wconf 89' lang='lat' dir='ltr'><strong>testimoniis</strong></span> <span class='ocrx_word' id='word_1_877' title='bbox 3242 5482 3535 5539; x_wconf 81' lang='lat' dir='ltr'><strong>manifeste</strong></span> <span class='ocrx_word' id='word_1_878' title='bbox 3562 5499 3659 5551; x_wconf 90' lang='lat' dir='ltr'><strong>pu-</strong></span> 
     </span>
    </p>
   </div>
   <div class='ocr_carea' id='block_1_119' title="bbox 2078 5573 3660 5649">
    <p class='ocr_par' dir='ltr' id='par_1_119' title="bbox 2078 5573 3660 5649">
     <span class='ocr_line' id='line_1_119' title="bbox 2078 5573 3660 5649; baseline 0.003 -26"><span class='ocrx_word' id='word_1_879' title='bbox 2078 5581 2237 5640; x_wconf 91' lang='lat' dir='ltr'><strong>gnat;</strong></span> <span class='ocrx_word' id='word_1_880' title='bbox 2278 5573 2370 5627; x_wconf 92' lang='lat' dir='ltr'><strong>sed</strong></span> <span class='ocrx_word' id='word_1_881' title='bbox 2404 5588 2508 5626; x_wconf 89' lang='lat' dir='ltr'><strong>non</strong></span> <span class='ocrx_word' id='word_1_882' title='bbox 2553 5575 2822 5646; x_wconf 86' lang='lat' dir='ltr'><strong>integram</strong></span> <span class='ocrx_word' id='word_1_883' title='bbox 2851 5587 3027 5633; x_wconf 82' lang='lat' dir='ltr'><strong>tamen</strong></span> <span class='ocrx_word' id='word_1_884' title='bbox 3063 5578 3223 5649; x_wconf 91' lang='lat' dir='ltr'><strong>hujus</strong></span> <span class='ocrx_word' id='word_1_885' title='bbox 3248 5578 3660 5646; x_wconf 87' lang='lat' dir='ltr'><strong>cognitionem;</strong></span> 
     </span>
    </p>
   </div>
   <div class='ocr_carea' id='block_1_120' title="bbox 2408 5685 3659 5762">
    <p class='ocr_par' dir='ltr' id='par_1_120' title="bbox 2408 5685 3659 5762">
     <span class='ocr_line' id='line_1_120' title="bbox 2408 5685 3659 5762; baseline 0.005 -22"><span class='ocrx_word' id='word_1_886' title='bbox 2408 5686 2447 5717; x_wconf 81' lang='lat'>&quot;</span> <span class='ocrx_word' id='word_1_887' title='bbox 2479 5685 2620 5762; x_wconf 65' lang='lat' dir='ltr'><strong>Psal.</strong></span> <span class='ocrx_word' id='word_1_888' title='bbox 2651 5705 2871 5762; x_wconf 69' lang='lat' dir='ltr'><strong>curiit,</strong></span> <span class='ocrx_word' id='word_1_889' title='bbox 2901 5695 2955 5760; x_wconf 71' lang='lat'><strong>4,</strong></span> <span class='ocrx_word' id='word_1_890' title='bbox 3010 5694 3062 5749; x_wconf 80' lang='lat'><strong>5.</strong></span> <span class='ocrx_word' id='word_1_891' title='bbox 3180 5693 3221 5726; x_wconf 80' lang='grc'><strong>³³</strong></span> <span class='ocrx_word' id='word_1_892' title='bbox 3255 5692 3399 5749; x_wconf 84' lang='lat' dir='ltr'><strong>Psal.</strong></span> <span class='ocrx_word' id='word_1_893' title='bbox 3441 5707 3542 5757; x_wconf 85' lang='lat' dir='ltr'><strong>cn,</strong></span> <span class='ocrx_word' id='word_1_894' title='bbox 3563 5692 3659 5747; x_wconf 67' lang='lat'><strong>22.</strong></span> 
     </span>
    </p>
   </div>
   <div class='ocr_carea' id='block_1_121' title="bbox 2161 5757 2612 5821">
    <p class='ocr_par' dir='ltr' id='par_1_121' title="bbox 2161 5757 2612 5821">
     <span class='ocr_line' id='line_1_121' title="bbox 2161 5757 2612 5821; baseline -0.004 -8"><span class='ocrx_word' id='word_1_895' title='bbox 2161 5757 2206 5789; x_wconf 76' lang='grc'>³⁸</span> <span class='ocrx_word' id='word_1_896' title='bbox 2244 5759 2374 5813; x_wconf 87' lang='lat' dir='ltr'><strong>Dan.</strong></span> <span class='ocrx_word' id='word_1_897' title='bbox 2411 5772 2491 5821; x_wconf 88' lang='grc' dir='ltr'><strong>ιιι,</strong></span> <span class='ocrx_word' id='word_1_898' title='bbox 2525 5758 2612 5813; x_wconf 81' lang='grc'><strong>86.</strong></span> 
     </span>
    </p>
   </div>
   <div class='ocr_carea' id='block_1_122' title="bbox 3550 98 3815 368">
    <p class='ocr_par' dir='ltr' id='par_1_122' title="bbox 3550 98 3815 368">
     <span class='ocr_line' id='line_1_122' title="bbox 3550 98 3815 368; baseline 0.008 -3"><span class='ocrx_word' id='word_1_899' title='bbox 3550 312 3665 368; x_wconf 75' lang='grc'><strong>868</strong></span> <span class='ocrx_word' id='word_1_900' title='bbox 3786 98 3815 349; x_wconf 62' lang='grc'><strong>1</strong></span> 
     </span>
    </p>
   </div>
   <div class='ocr_carea' id='block_1_123' title="bbox 3804 536 3816 857">
    <p class='ocr_par' dir='ltr' id='par_1_123' title="bbox 3804 536 3816 857">
     <span class='ocr_line' id='line_1_123' title="bbox 3804 536 3816 857; baseline 0 -26"><span class='ocrx_word' id='word_1_901' title='bbox 3804 560 3816 831; x_wconf 88' lang='grc'><strong>1</strong></span> 
     </span>
    </p>
   </div>
  </div>
