3836 6236
202 316 305 371 869

1048 316 1616 376 ORIGENIANORUM
1653 322 1780 378 LIB.
1822 323 1885 390 11,
1927 321 2076 379 CAP.
2120 319 2183 383 Il,
2226 313 2500 384 QUIEST.
2546 313 2607 367 ν.

3355 315 3463 370 870

204 438 463 492 bonorum
496 446 677 492 autem
711 451 832 506 qua:
862 452 928 492 ex
964 453 1030 493 eo
1053 441 1311 509 consequi
1341 442 1630 506 debebant,
1660 461 1788 513 gen-
1816 449 1863 506 Α
1892 457 2189 512 nunquam,
2242 438 2327 494 vel
2373 452 2583 507 parum,
2616 435 2700 491 vel
2745 434 2865 505 plus
2913 433 3106 490 faciem
3153 435 3245 489 Dei
3290 436 3464 505 angeli

200 528 335 583 tium
382 538 514 597 puta
570 531 947 586 conversionis
994 531 1378 609 Chrysostomo
1446 548 1775 602 memoratae,

202 620 317 675 fere
339 621 537 675 nullam
564 638 580 688 ;
614 624 871 693 temporis
902 638 1030 678 vero
1054 625 1312 693 postremi
1342 626 1536 694 judicii
1575 627 1779 683 nullam

200 714 420 768 omnino
446 714 722 767 habuisse.

272 804 410 859 XIX.
438 805 514 860 De
533 807 739 876 judicio
766 818 947 862 autem
977 809 1029 862 in
1065 809 1286 878 angelos
1314 810 1587 866 reddendo
1609 814 1783 881 quod-

202 910 413 964 cunque
443 897 685 951 decernit
709 896 991 967 Origenes,
1026 900 1093 953 ad
1128 900 1347 969 angelos
1378 902 1654 956 hominum
1683 904 1787 957 ρει-⁷

200 987 394 1041 stodiae
426 989 707 1059 praefectos
737 990 849 1044 fere
874 991 1125 1058 pertinet.
1165 991 1297 1045 Nam
1318 993 1431 1046 sive
1455 994 1651 1062 quibus
1678 995 1781 1050 Ec-

200 1078 487 1135 clesiarum
513 1081 833 1149 gubernatio
854 1082 1139 1136 commissa
1159 1094 1263 1149 est,
1293 1084 1405 1139 sive
1434 1085 1627 1153 quibus
1654 1102 1783 1157 gen-

204 1170 365 1240 tium,
395 1172 480 1226 vel
508 1172 847 1242 singulorum
893 1172 1168 1227 hominum
1200 1175 1456 1244 deputata
1482 1186 1564 1230 est
1597 1187 1782 1231 custo-

199 1262 311 1330 dia,
333 1277 428 1319 eos
456 1264 819 1318 administrati
856 1268 1096 1320 muneris
1126 1268 1419 1335 rationem,
1451 1268 1593 1323 haud
1626 1284 1785 1326 secus

198 1372 264 1413 ac
292 1358 560 1417 homines.
601 1359 910 1413 reddituros
948 1361 1154 1415 delinit.
1192 1361 1437 1431 Duplicis
1478 1374 1660 1421 autem
1687 1382 1782 1436 ge-

198 1449 347 1505 neris
396 1450 595 1520 judicia
643 1452 697 1504 in
753 1450 871 1505 illos
906 1467 936 1506 a
982 1453 1092 1508 Deo
1134 1457 1380 1511 exerceri
1430 1456 1620 1524 docet;
1654 1459 1781 1526 alia,

198 1543 626 1613 quotiescunque
678 1542 928 1599 homines
980 1560 1124 1600 cura:
1169 1562 1279 1601 suae
1319 1550 1573 1615 permissi
1618 1562 1785 1617 recte,

204 1632 411 1688 maleve
435 1648 493 1687 se
525 1645 753 1702 gerunt;
786 1634 931 1689 aliud
960 1651 1110 1700 vero,
1135 1654 1256 1693 cum
1282 1654 1536 1707 supremo
1563 1641 1786 1697 arbitrio

202 1726 270 1780 de
300 1741 476 1779 rerum
502 1726 877 1781 universarum
908 1743 1121 1782 summa
1159 1730 1301 1787 Deus
1324 1732 1612 1799 judicabit.
1638 1734 1788 1791 Utri-

1884 533 2417 605 contemplabuntur.
2440 550 2459 583 ι

1952 626 2024 682 At
2056 642 2161 680 non
2213 624 2438 692 angelos
2485 620 2660 675 solum
2716 627 2949 683 tutores,
2987 619 3084 674 sed
3125 618 3264 674 alios
3297 622 3460 673 etiam

1882 719 2193 789 quicunque
2221 714 2458 785 peccatis
2479 728 2538 768 se
2567 712 2791 781 alligant
2824 712 2875 765 in
2901 710 3163 780 judicium
3195 711 3466 765 sisteudns

1884 809 2199 881 pronuntiat
2242 806 2429 861 homil.
2454 806 2488 859 4
2530 806 2585 858 in
2615 804 2837 868 Ezech.,
2896 820 3046 858 num.
3077 807 3124 871 t,
3162 819 3283 874 pag.
3310 804 3416 858 370
3447 821 3461 856 :

1889 920 1907 953 ι
1928 901 2151 969 Quando
2177 915 2329 968 ergo,
2367 898 2562 966 inquit,
2609 896 2785 965 angeli
2812 896 3267 965 prrevaricantur,
3293 906 3348 950 et
3371 898 3461 950 alii

1884 1002 2011 1049 sunt
2037 994 2127 1061 qui
2173 991 2264 1045 Dei
2293 998 2562 1059 praecepta
2593 988 2926 1053 custodiunt,
2959 996 3011 1041 et
3037 988 3299 1057 judicium
3328 1002 3465 1055 prte—

1883 1086 2172 1148 stolantur,
2205 1098 2309 1136 non
2359 1080 2534 1135 solum
2580 1080 2883 1143 hominum,
2920 1094 3108 1134 verum
3151 1080 3313 1134 etiam
3346 1080 3464 1142 Dei,

1886 1185 1945 1230 ut
1989 1174 2306 1244 frequenter
2332 1172 2569 1227 diximus
2606 1180 2713 1225 tam
2750 1173 2814 1226 de
2841 1172 2924 1225 his
2966 1186 3088 1240 qua:
3121 1171 3175 1225 in
3204 1170 3467 1241 Apocaly-

1884 1269 1965 1339 psi
1990 1267 2302 1335 conscripta
2340 1275 2486 1327 sunt,
2521 1278 2684 1333 quam
2724 1272 2777 1317 et
2802 1278 2867 1317 ex
2905 1263 3026 1318 aliis
3060 1263 3468 1317 innumerabili-

1884 1362 2007 1427 bus,
2043 1375 2232 1431 quare,
2265 1359 2510 1428 inquam,
2543 1372 2647 1411 non
2679 1368 2837 1411 terrae
2862 1367 2917 1411 et
2946 1357 3089 1411 aeris
3110 1355 3371 1424 judicium
3398 1356 3470 1410 sit

1886 1452 2165 1509 futurum?
2189 1470 2207 1502 ι

1955 1542 2075 1596 XX.
2100 1540 2335 1612 Angelos
2370 1540 2886 1610 reprehensionibus
2914 1554 2978 1594 ac
3003 1539 3264 1594 conviciis
3292 1539 3468 1594 inces-

1887 1634 1954 1702 si,
1991 1650 2114 1689 cum
2167 1634 2500 1705 provinciam
2537 1641 2845 1701 susceptam
2888 1631 3029 1687 male
3062 1632 3466 1693 administrant,

1887 1744 1983 1784 cur
2006 1729 2256 1783 crederet
2272 1726 2556 1796 Origenes,
2588 1740 2655 1780 ex
2681 1741 2746 1781 eo
2767 1725 2983 1780 videtur
3002 1726 3284 1788 adductus,
3323 1726 3467 1793 quod

199 1833 307 1889 que
336 1828 515 1873 autem
541 1818 868 1887 iudiciorum
896 1823 1078 1888 generi
1115 1839 1240 1879 suas
1273 1826 1486 1880 videtur
1506 1829 1779 1900 assignas-
1814 1806 1856 1861 Β
1884 1820 2243 1892 Apocalypsis
2287 1824 2530 1876 secundo
2559 1828 2612 1874 et
2664 1820 2823 1874 tertio
2858 1819 3035 1887 capite
3066 1819 3328 1886 scriptum
3361 1829 3464 1883 es"

198 1924 261 1965 se
313 1925 522 1979 poenas,
564 1926 660 1965 sua
692 1912 946 1980 praemia;
996 1929 1061 1968 ac
1103 1915 1376 1984 prioribus
1406 1920 1645 1988 quidem,
1678 1938 1778 1991 pro

195 2001 346 2056 obito
378 2012 525 2058 recte
553 2002 747 2069 oflicio,
794 2004 984 2061 laudes
1021 2017 1076 2060 et
1104 2008 1370 2077 gloriam;
1410 2027 1507 2080 pro
1536 2027 1596 2066 re
1642 2016 1780 2068 male

199 2102 375 2163 gesta,
408 2095 754 2164 ignominiam
791 2106 846 2152 et
866 2097 1098 2154 dedecus
1133 2119 1145 2154 :
1185 2103 1472 2168 posteriori
1497 2118 1644 2170 vero,
1684 2121 1781 2174 pro

200 2184 518 2240 meritorum
559 2188 790 2252 ratione,
828 2190 1222 2247 diuturniorem
1267 2203 1323 2247 et
1360 2195 1666 2263 clariorem,
1700 2199 1782 2253 vel

199 2276 573 2332 obscuriorem
609 2291 665 2334 et
693 2283 1019 2348 breviorem,
1045 2285 1129 2337 vel
1161 2285 1382 2352 nullam,
1414 2288 1500 2341 vel
1521 2299 1777 2344 aeternam

200 2363 295 2420 Dei
338 2367 619 2425 visionem.
663 2370 795 2438 Quae
841 2387 1150 2442 quanquam
1203 2392 1308 2431 non
1349 2378 1602 2435 distincte
1640 2382 1781 2449 apud

198 2457 353 2511 ilium
384 2474 639 2528 expressa
680 2463 949 2530 invenias,
985 2480 1049 2521 ex
1095 2465 1210 2533 ejus
1240 2477 1418 2522 tamen
1462 2474 1781 2527 assertioni-

197 2550 301 2604 bus
329 2548 486 2605 facile
503 2552 863 2609 dedueuntnr.
897 2555 1125 2610 Homilia
1148 2558 1200 2609 in
1227 2557 1393 2613 Num.
1424 2576 1515 2628 xx,
1547 2578 1700 2618 num.
1724 2565 1781 2630 '5,

198 2641 445 2709 pluribus
476 2653 850 2710 argumentum
881 2645 1010 2699 illud
1031 2648 1302 2713 edisserit,
1334 2660 1388 2704 et
1418 2653 1636 2722 angelos
1666 2656 1785 2709 uni-

197 2732 399 2801 cuique
450 2745 697 2789 nostrum
732 2737 1085 2807 gubernando
1115 2739 1411 2809 delegatos,
1461 2755 1553 2797 aut
1592 2745 1782 2801 Eccle-

195 2824 403 2881 siarum
461 2826 710 2896 regimini
754 2828 1051 2895 adhibitos,
1086 2831 1168 2884 vel
1204 2849 1301 2902 pro
1352 2835 1628 2891 hominum
1678 2837 1783 2894 sibi

197 2918 526 2972 traditurum
558 2920 691 2974 bene
717 2922 885 2990 gestis
916 2923 1305 2990 collaudatmn,
1353 2928 1433 2980 vel
1458 2944 1554 2996 pro
1585 2946 1782 2998 pecca-

197 3010 270 3063 tis
291 3009 563 3080 culpatum
583 3027 646 3067 ac
670 3012 1007 3068 confutatum
1034 3016 1099 3069 iri
1130 3017 1394 3084 aﬂirmat;
1429 3019 1591 3088 idque
1623 3036 1690 3076 ex
1721 3037 1785 3077 eo

1882 1912 1959 1966 uti
1987 1913 2318 1966 notavimus.
2362 1912 2472 1967 Cur
2501 1923 2678 1965 autem
2732 1920 3063 1980 postremum
3096 1926 3311 1980 quoque
3339 1911 3467 1966 sub-

1883 2003 2053 2057 ituros
2082 2003 2344 2072 judicium
2383 2002 2799 2065 existimaverit,
2829 2016 3007 2056 causa:
3042 2001 3208 2056 fuisse
3253 2003 3467 2057 videtur

1882 2095 2036 2151 locus
2062 2096 2155 2150 ille
2187 2095 2367 2159 Pauli,
2405 2111 2566 2165 quem
2615 2096 2942 2165 protulimus
2988 2110 3056 2150 ex
3090 2094 3111 2147 ι
3141 2094 3267 2148 Cor.
3298 2110 3373 2158 vr,
3406 2094 3462 2159 5,

1889 2206 1907 2239 ι
1934 2187 2164 2242 Nescitis
2207 2188 2465 2256 quoniam
2506 2188 2728 2255 angelos
2776 2188 3216 2257 iudicabimus?»
3261 2188 3353 2257 qui
3398 2188 3467 2244 de

1880 2280 2039 2336 bonis
2076 2290 2258 2335 tamen
2290 2280 2497 2351 angelis
2528 2280 2698 2335 nihilo
2726 2280 2897 2350 magis
2930 2279 3312 2349 intelligendus
3356 2286 3464 2342 est,

1882 2387 2047 2441 quam
2074 2372 2161 2427 ille
2178 2372 2349 2437 Petri,
2381 2388 2447 2427 ex
2473 2373 2644 2426 altera
2668 2370 2781 2438 ejus
2811 2372 3073 2441 Epistola,
3099 2387 3217 2441 cap.
3240 2389 3298 2437 ιι,
3325 2388 3377 2426 v.
3397 2373 3463 2426 ιε

1889 2482 1907 2515 ι
1937 2463 1993 2519 Si
2042 2467 2186 2520 enim
2242 2466 2384 2520 Deus
2416 2466 2622 2535 angelis
2651 2465 2998 2533 peccantibus
3044 2481 3147 2518 non
3196 2466 3463 2535 pepercit,

1884 2558 1977 2612 sed
2007 2557 2328 2612 rudentibus
2363 2557 2559 2611 inferni
2592 2559 2866 2612 detractos
2900 2559 2952 2611 in
2992 2567 3254 2612 tartarum
3295 2559 3465 2611 tradi-

1886 2649 1964 2703 dit
1995 2649 2321 2704 cruciandos
2361 2650 2411 2702 in
2437 2648 2702 2715 judicium
2739 2651 3079 2717 rcservarip
3115 2659 3169 2704 et
3202 2650 3287 2705 ille
3314 2649 3467 2705 Juda:

1885 2757 2029 2796 vers.
2061 2740 2094 2795 6
2130 2759 2145 2795 :
2193 2759 2212 2793 ‹
2239 2741 2479 2812 Angelos
2508 2757 2639 2796 vero
2669 2743 2759 2811 qui
2788 2759 2893 2799 non
2926 2755 3284 2799 servaverunt
3307 2760 3466 2798 suum

1885 2835 2273 2904 principatum,
2319 2835 2412 2889 sed
2460 2835 2800 2904 reliquerunt
2820 2852 2976 2892 suum
3009 2837 3370 2901 domicilium,
3410 2837 3465 2891 in

1883 2928 2145 2997 judicium
2179 2931 2360 2999 magni
2400 2931 2529 2995 diei,
2576 2931 2808 2988 vinculis
2834 2933 3056 2988 aeternis
3089 2932 3189 2987 sub
3234 2931 3467 3001 caligine

1888 3024 2205 3079 reservavit.
2239 3044 2257 3075 ι
2291 3024 2496 3079 Retulit
2521 3033 2701 3080 tamen
2737 3026 2803 3080 ad
2838 3025 3059 3095 angelos
3084 3025 3257 3080 bonos
3283 3024 3467 3078 Pauli-

195 3101 821 3208 p‘robatbpocalypseps
857 3108 1040 3208 capite
1070 3124 1130 3171 ll,
1177 3110 1229 3162 in
1264 3126 1371 3178 quo
1412 3112 1776 3169 Asiaticarum
1806 3151 1849 3208 Ο
1888 3132 2017 3172 num
2058 3117 2202 3172 istud
2231 3116 2599 3172 Tertullianus
2632 3119 2682 3172 in
2719 3117 2856 3173 libro
2892 3119 2967 3172 De
3001 3120 3149 3188 fuga,
3186 3134 3304 3188 cap.
3343 3118 3413 3171 ω
3446 3136 3461 3170 :

203 3193 568 3248 Ecclesiarum
621 3195 797 3267 angeli
857 3196 1107 3254 laudibus
1159 3211 1213 3255 et
1264 3204 1775 3269 reprehensionibus

203 3298 306 3353 pro
344 3285 550 3340 meritis
585 3287 930 3355 excipiuntur
977 3307 990 3342 :
1049 3307 1069 3341 σ
1096 3288 1321 3345 Venieut
1356 3296 1527 3357 enim,
1550 3315 1570 3347 ι
1604 3298 1780 3367 inquit

204 3389 359 3429 num.
386 3374 442 3437 4,
475 3394 493 3427 ι
520 3377 693 3448 angeli
737 3379 803 3433 ad
838 3379 1104 3447 judicium
1137 3383 1437 3451 nobiscmn,
1480 3396 1533 3441 et
1559 3391 1778 3444 stabunt

193 3478 297 3534 pro
328 3467 483 3520 nobis
504 3478 631 3521 ante
655 3466 836 3523 Solem
864 3468 1107 3537 justitiaa,
1134 3487 1200 3526 ne
1228 3472 1367 3529 forte
1388 3475 1585 3546 aliquis
1613 3480 1775 3533 etiam

201 3572 270 3612 ex
307 3557 437 3625 ipsis
456 3573 635 3613 causa:
661 3559 844 3625 fuerit,
868 3563 1011 3630 quod
1042 3580 1139 3619 nos
1158 3565 1512 3636 deliquimus;
1545 3586 1612 3626 ne
1635 3570 1778 3627 forte

205 3650 386 3706 minus
414 3666 538 3720 erga
588 3667 686 3707 nos
709 3656 888 3722 operis
918 3664 972 3709 et
1000 3655 1203 3712 laboris
1235 3661 1611 3729 expenderint,
1669 3679 1778 3734 quo

204 3755 305 3795 nos
331 3757 359 3794 a
391 3752 734 3810 peccatorum
769 3746 888 3800 labe
922 3748 1248 3804 revocarint.
1277 3770 1296 3802 ι
1346 3751 1546 3806 Eadem
1582 3756 1779 3822 proba-

201 3831 439 3887 tionibus
488 3836 798 3904 confirmat,
841 3848 894 3893 et
942 3841 1136 3909 repetit
1177 3844 1363 3897 homil.
1408 3844 1477 3899 15
1523 3850 1578 3899 in
1619 3846 1775 3912 Luc.,

205 3933 372 3995 atque
417 3926 490 3979 ita
521 3928 841 3985 concludit:
880 3950 897 3982 ‹
924 3930 1091 3987 Porro
1131 3933 1441 4005 frequenter
1487 3941 1670 3994 evenit
1720 3950 1780 3995 ut

202 4016 363 4074 nobis
390 4017 762 4076 laborantibus
789 4022 889 4091 ipsi
919 4039 1074 4080 suum
1100 4026 1333 4082 ofﬁcium
1362 4045 1466 4083 non
1500 4032 1776 4098 expleant,

199 4119 261 4163 et
293 4109 344 4163 in
378 4110 552 4180 culpis
584 4112 711 4167 sint.
735 4133 753 4165 ι
793 4115 863 4169 Αι
896 4116 1118 4172 homilia
1156 4120 1208 4173 in
1253 4121 1393 4175 idem
1422 4122 1776 4193 Evangelium

200 4199 296 4265 55,
331 4216 436 4255 non
469 4203 745 4258 hominum
768 4208 1005 4262 omnium
1029 4210 1247 4279 angelos
1279 4211 1464 4267 faciem
1488 4213 1661 4271 Patris
1687 4216 1780 4285 qui

201 4291 257 4345 in
301 4293 443 4348 cwlo
488 4306 571 4350 est
610 4296 793 4351 videre
822 4297 972 4365 dicit,
1013 4302 1105 4355 sed
1139 4316 1327 4356 eorum
1368 4303 1636 4360 duntaxat
1688 4309 1779 4377 qui

198 4384 460 4441 Ecclesia;
513 4403 707 4443 nomen
762 4389 1058 4458 dederunt;
1111 4400 1223 4447 tum
1273 4394 1350 4449 ait
1380 4398 1721 4465 postmodum
1763 4416 1779 4432 ο

1885 3231 1904 3265 ‹
1931 3213 2113 3267 Times
2142 3213 2441 3278 hominem,
2478 3214 2675 3282 inquit,
2719 3213 3047 3277 Christiane,
3082 3228 3240 3282 quem
3281 3212 3464 3267 timeri

1878 3315 2091 3374 oportet
2111 3306 2180 3359 ab
2214 3306 2438 3375 angelis,
2472 3306 2734 3372 siquidem
2759 3305 2977 3374 angelos
2998 3305 3341 3375 judicaturus
3362 3319 3461 3360 es:

1878 3411 2040 3465 quem
2094 3397 2273 3451 timeri
2324 3406 2540 3466 oportet
2590 3411 2619 3449 a
2649 3398 2949 3460 daemoniis,
3010 3396 3277 3466 siquidem
3319 3395 3464 3452 etin

1880 3486 2152 3541 daemones
2182 3488 2438 3556 accepisti
2481 3498 2829 3557 potestatem.
2858 3508 2876 3539 )

1949 3576 2091 3631 XXI.
2120 3576 2373 3646 Origenis
2402 3577 2725 3631 sententiam
2762 3577 2972 3632 mollire
2998 3578 3195 3648 satagit
3228 3578 3289 3632 S.
3318 3577 3464 3631 Tho-

1881 3685 1999 3723 mas
2020 3678 2161 3738 part.
2200 3686 2236 3733 ι,
2269 3678 2464 3737 quast.
2487 3669 2613 3735 H5,
2651 3678 2755 3724 art.
2790 3670 2842 3733 7,
2868 3679 2921 3724 et
2954 3681 3075 3738 post
3105 3670 3252 3724 illum
3287 3671 3465 3726 Gene-

1879 3762 2114 3816 brardus
2146 3761 2197 3814 in
2228 3760 2593 3827 Collectaneis,
2626 3775 2743 3829 cap.
2782 3760 2837 3828 6,
2860 3762 3014 3830 quasi
3054 3762 3104 3815 id
3133 3761 3232 3816 sibi
3278 3762 3462 3816 volue-

1877 3854 1972 3919 rit,
2006 3870 2025 3904 ε
2062 3851 2281 3923 angelos
2311 3852 2432 3907 duci
2465 3853 2517 3906 in
2556 3853 2821 3923 judicium
2866 3869 2964 3923 pro
3008 3853 3245 3922 peccatis
3284 3852 3462 3906 homi-

1878 3962 2030 4011 num,
2079 3961 2185 4000 non
2214 3946 2368 4013 quasi
2406 3961 2545 4010 reos,
2573 3947 2665 4001 sed
2692 3947 2848 4015 quasi
2884 3955 3069 4010 testes,
3119 3946 3186 4000 ad
3237 3946 3462 4001 convin-

1880 4040 2108 4094 cendum
2165 4038 2410 4093 homines
2462 4038 2527 4092 de
2581 4054 2767 4093 eorum
2820 4039 3051 4108 ignavia.
3106 4058 3125 4091 ι
3173 4038 3321 4093 lianc
3371 4055 3460 4094 re»

1880 4130 2225 4197 sponsionem
2290 4128 2481 4183 fulcire
2530 4139 2758 4183 conatur
2802 4129 3188 4185 Genebrardus
3240 4129 3461 4184 homilia

1880 4220 2131 4291 Origenis
2183 4219 2468 4275 undecima
2521 4219 2577 4271 in
2613 4218 2805 4283 Num.,
2844 4236 2991 4274 num.
3024 4222 3077 4283 5,
3133 4224 3186 4275 in
3226 4236 3328 4290 qua
3362 4222 3461 4275 ha-

1880 4312 2078 4367 bentur
2123 4310 2381 4365 nonnulla
2430 4310 2799 4377 superioribus
2826 4311 3076 4366 dissona:
3130 4311 3183 4365 in
3216 4321 3462 4367 extremo

1883 4418 2075 4474 nempe
2127 4403 2329 4471 judicio
2379 4401 2662 4455 adfuturos
2693 4402 2907 4470 quidem
2947 4402 3166 4471 angelos
3209 4418 3329 4456 cum
3364 4403 3461 4456 ho-

203 4495 225 4529 ι
245 4476 527 4543 Quomodo
549 4480 693 4534 enim
728 4479 773 4534 si
800 4495 896 4549 per
944 4496 1128 4536 curam
1153 4500 1340 4539 eorum
1373 4497 1428 4542 et
1458 4488 1775 4543 industriam
1807 4494 1855 4553 Ι)
1881 4498 2136 4563 minibus,
2171 4499 2263 4552 sed
2296 4511 2522 4551 examen
2551 4507 2604 4550 ει
2629 4497 2888 4564 judicium
2931 4510 3270 4565 nequaquam
3329 4497 3460 4549 sub-

200 4569 351 4625 salus
374 4570 682 4626 hominibus
710 4584 1074 4641 comparatur,
1118 4574 1311 4631 faciem
1351 4577 1529 4634 Patris
1557 4595 1775 4652 semper

198 4662 490 4715 attendunt
538 4681 553 4716 :
606 4663 687 4716 sic
730 4664 776 4717 si
818 4679 915 4732 per
964 4667 1341 4737 negligentiam
1391 4686 1575 4727 eorum
1610 4674 1775 4728 homo

196 4752 491 4817 corruerit,
545 4754 709 4808 etiam
772 4759 853 4811 sui
907 4758 1131 4826 periculi
1187 4777 1299 4816 rem
1355 4777 1474 4817 esse
1521 4780 1626 4819 non
1677 4781 1775 4821 ne-

197 4844 399 4899 sciunt.
424 4863 443 4895 ι
488 4845 553 4900 Ει
578 4849 739 4912 paulo
772 4849 1000 4906 inferius
1030 4870 1043 4906 :
1078 4853 1410 4923 «Ignominia
1442 4857 1637 4925 angelo
1666 4868 1769 4923 est,

199 4934 248 4989 si
298 4935 458 4989 homo
477 4936 656 5005 justus
685 4941 927 4996 creditus
968 4942 1147 5009 fuerit,
1190 4954 1243 4998 et
1272 4950 1579 5013 peccaverit
1611 4968 1625 5004 :
1657 4960 1712 5005 ut
1744 4966 1774 5005 e

198 5028 481 5080 contrario
525 5027 693 5097 gloria
728 5041 813 5085 est
861 5034 1072 5102 angelo,
1107 5036 1152 5090 si
1184 5038 1420 5092 creditus
1444 5040 1547 5095 sibi
1578 5042 1772 5097 saltem

199 5116 461 5173 minimus
487 5119 538 5173 in
562 5120 801 5178 Ecclesia
832 5124 1018 5181 fuerit.
1051 5127 1316 5184 Videbunt
1343 5132 1484 5185 enim
1532 5148 1634 5187 non
1668 5134 1772 5188 ali--

196 5210 440 5279 quando,
479 5215 571 5268 sed
612 5230 827 5287 semper
849 5219 1041 5273 faciem
1071 5219 1247 5277 Patris
1278 5224 1370 5293 qui
1401 5233 1485 5279 est
1518 5225 1570 5278 in
1593 5226 1768 5293 cmlis.

198 5314 326 5355 cum
355 5302 444 5355 alii
491 5320 706 5374 semper
729 5323 834 5362 non
863 5310 1103 5365 videant.
1152 5311 1458 5369 Secundum
1520 5317 1773 5372 meritum

199 5391 349 5446 enim
380 5407 588 5463 eorum,
625 5413 854 5466 quorum
883 5402 1055 5473 angeli
1102 5412 1246 5467 sunt,
1275 5414 1365 5459 aut
1391 5420 1627 5476 semper,
1682 5418 1777 5464 aut

236 5528 388 5614 "(54)
426 5532 554 5614 Post
582 5535 827 5614 verbum,
860 5554 879 5588 ‹
914 5540 1269 5614 responderit,
1307 5560 1326 5593 ι
1369 5541 1419 5614 in
1466 5558 1593 5614 mss.
1621 5544 1767 5599 codi-

198 5600 642 5680 cibus’additur:
682 5623 712 5680 c_
742 5607 856 5680 Erit
895 5600 1024 5677 ergo
1066 5618 1120 5663 et
1166 5614 1217 5664 in
1248 5600 1618 5680 hoejndicium
1650 5616 1765 5678 Dei,

204 5679 389 5753 utrum
425 5674 749 5753 negligentia
775 5674 1344 5753 aliqua'ministrorum
1362 5674 1655 5749 spirituum
1678 5674 1769 5753 qui

202 5741 276 5794 ad
307 5741 667 5801 ministerium
718 5754 774 5801 et
808 5741 1129 5815 adjutoriunt
1177 5751 1325 5806 missi
1376 5741 1499 5807 sunt
1553 5741 1772 5824 propier

1884 4589 2073 4643 ituros.
2101 4588 2290 4657 Operm
2340 4590 2572 4657 pretium
2602 4587 2763 4640 fuerit
2813 4588 2974 4640 verba
3014 4588 3126 4656 ipsa
3168 4586 3459 4640 adducere.

1889 4702 1907 4733 ι
1940 4683 2110 4753 Igitur
2151 4682 2522 4750 unusquisque
2552 4682 2866 4752 angelorum
2905 4681 2957 4734 in
2996 4678 3461 4735 consummatione

1880 4774 2059 4829 smenli
2089 4775 2262 4828 aderit
2292 4775 2343 4827 in
2374 4774 2595 4843 judicio,
2643 4775 2878 4830 educens
2922 4788 3016 4828 eos
3046 4787 3228 4827 secum
3263 4772 3460 4841 quibus

1879 4868 2119 4938 praefuit,
2176 4882 2314 4937 quos
2366 4868 2591 4937 adjuvit,
2634 4884 2770 4937 quos
2823 4867 3097 4930 instruxit,
3140 4881 3236 4935 pro
3262 4865 3459 4934 quibus

1878 4972 2093 5026 semper
2118 4959 2252 5013 vidit
2281 4958 2473 5013 faciem
2512 4958 2685 5013 Patris
2708 4960 2798 5029 qui
2835 4960 2886 5012 in
2917 4960 3069 5014 cmlis
3098 4968 3200 5013 est.
3233 4960 3296 5012 Et
3329 4968 3458 5029 puto

1877 5049 2042 5103 etiam
2100 5048 2170 5103 ibi
2222 5050 2625 5119 inquisitionem
2680 5052 2940 5118 futuram,
2995 5068 3100 5107 non
3130 5053 3347 5122 quidem
3388 5067 3455 5106 an

1877 5141 2100 5196 culturae
2125 5142 2401 5197 hominum
2431 5146 2653 5215 angelus
2676 5146 2928 5212 defuerit,
2981 5147 3075 5202 sed
3116 5161 3183 5200 an
3234 5145 3459 5200 cultum

1879 5231 2133 5300 angelicae
2160 5246 2499 5302 nequaquam
2527 5234 2689 5303 digne
2724 5236 2954 5305 segnitia
2980 5237 3212 5290 humana
3238 5250 3458 5305 respon-

1879 5321 2020 5375 derit
2046 5320 2181 5393 (54).
2222 5340 2240 5373 ι
2273 5322 2409 5376 Tum
2459 5324 2653 5379 deinde
2692 5325 2865 5380 locum
2917 5328 3065 5382 illum
3100 5327 3229 5381 Paul
3292 5341 3457 5395 expo-

1884 5413 1964 5467 nit
1988 5411 2009 5465 Ι
2035 5412 2162 5469 Cor.
2197 5430 2273 5482 v1,
2302 5416 2358 5482 '5,
2388 5431 2455 5472 ex
2481 5433 2588 5487 quo
2618 5419 2684 5473 ad
2725 5421 3035 5490 ﬁgmentum
3066 5420 3191 5475 illud
3221 5418 3453 5487 dejudi-

1876 5552 2097 5630 eosgui
2132 5550 2759 5630 haereditatemcapiunt
2800 5556 3007 5630 salutis,
3036 5568 3103 5608 an
3139 5567 3325 5630 eorum
3358 5552 3453 5623 qui

1877 5618 1946 5671 ab
1977 5618 2320 5687 iisjuvantur
2348 5624 2557 5691 ignavia
2586 5618 2691 5677 tam
2731 5626 2879 5679 multi
2909 5618 3088 5691 lapsus
3112 5623 3233 5677 vitm
3262 5618 3452 5678 hunia-

1878 5703 1961 5763 nae
1994 5692 2329 5756 proveniant.
2352 5711 2389 5763 γι
2418 5692 2543 5747 llaec
2578 5693 2621 5763 si
2651 5694 2867 5763 legisset
2903 5695 3149 5757 lluetius,
3191 5706 3296 5746 non
3342 5702 3451 5747 tam

1880 5759 2107 5815 fidenter
2153 5762 2479 5819 asseruisset
2516 5764 2567 5819 in
2595 5762 2681 5819 his
2704 5759 3002 5837 'Origencm
3042 5780 3139 5837 pro
3168 5778 3317 5820 more
3355 5779 3453 5820 suo
