3836 6236
311 302 412 361 371
1578 298 1639 353 Ρ.
1679 293 1997 350 DANlELlS
2034 290 2269 348 llUETlI
3460 290 3568 344 872

317 421 404 476 cio
431 420 483 473 in
508 416 725 486 angelos
751 410 1039 469 statuendo
1062 410 1467 480 procudendum
1488 411 1893 464 fuitinductus:
1927 426 1968 476 Α
2001 422 2232 475 namque
2261 407 2341 460 eis
2380 414 2592 461 servata
2633 421 2754 463 esse
2797 406 2848 459 in
2889 404 3155 469 futurum;
3195 422 3212 454 ι
3250 403 3401 474 cujus
3432 405 3574 461 hanc

324 532 343 566 ι
403 513 556 579 Quod
602 510 647 563 si
687 510 759 562 ita
817 516 920 571 est,
973 506 1166 573 inquit,
1222 507 1325 557 crit
1371 518 1501 571 ergo
1547 504 1710 557 etiam
1758 502 1895 554 inter

320 604 542 672 angelos
571 612 628 656 et
663 600 912 654 homines
938 597 1198 667 judicium
1233 597 1354 659 Dei;
1391 608 1440 649 et
1477 594 1720 650 fortassis
1754 594 1895 661 judi-

316 695 589 749 cabuntur
616 692 781 760 aliqui
806 706 927 744 cum
952 688 1140 751 Paulo,
1171 698 1225 741 et
1248 687 1597 741 conferentur
1620 688 1895 740 laboribus

318 787 456 854 ejus,
486 795 540 839 et
572 784 837 838 frnalibus
860 783 951 852 qui
977 798 1040 835 ex
1076 780 1418 833 multitudine
1448 781 1779 833 credentium
1813 794 1897 832 ve-

323 880 480 932 niunt
533 896 547 931 :
604 885 659 929 et
711 877 851 929 forte
896 875 1201 929 invenietur
1246 872 1297 926 in
1329 872 1602 927 laboribus
1652 870 1897 940 superior

320 972 485 1024 etiam
516 968 787 1036 aliquibus
819 967 1060 1037 angelis;
1115 976 1165 1018 et
1213 966 1330 1019 ideo
1366 964 1621 1017 nimirum
1645 963 1891 1016 dicebat:

323 1063 404 1113 An
445 1060 651 1113 nescitis
695 1059 820 1127 quia
869 1056 1076 1126 angelos
1111 1055 1570 1125 judicabimus”?
1606 1053 1718 1107 Non
1756 1054 1897 1123 quod

326 1154 440 1221 ipse
472 1151 670 1204 Paulus
698 1150 903 1218 judicet
950 1149 1190 1219 angelos,
1243 1150 1336 1202 sed
1382 1148 1523 1215 quod
1568 1162 1704 1216 Opus
1750 1145 1896 1200 Pauli

326 1243 469 1312 quod
494 1242 602 1312 egit
634 1243 685 1294 iu
713 1239 1029 1309 Evangelio,
1060 1250 1114 1293 et
1142 1253 1267 1307 erga
1301 1238 1511 1291 animas
1542 1238 1898 1299 credentium,

324 1334 588 1393 iudicabit
633 1332 842 1401 aliquos
899 1348 912 1385 :
980 1345 1087 1385 non
1134 1330 1277 1383 enim
1305 1342 1515 1391 omnes,
1549 1327 1643 1380 sed
1684 1326 1895 1395 aliquos

327 1424 661 1495 angelorum.
699 1441 720 1474 ι
757 1422 995 1487 Quorum
1037 1436 1293 1487 germana
1325 1428 1449 1471 sunt
1480 1427 1533 1470 et
1564 1418 1665 1471 ista
1699 1431 1730 1470 e
1768 1426 1899 1469 tom.

329 1533 357 1571 ι
380 1518 433 1569 in
460 1514 649 1569 Matth.
678 1530 752 1574 vl,
782 1528 933 1566 nnm.
960 1513 1027 1565 l5
1060 1530 1073 1565 :
1104 1511 1326 1573 Τούτοις
1354 1510 1411 1562 δὲ
1454 1510 1553 1563 οὐκ
1598 1507 1898 1572 ἀκολουθεῖ,

323 1610 460 1679 ὅπερ
483 1605 683 1660 οἴονταί
710 1621 873 1667 τινες,
911 1604 991 1655 ὅτι
1035 1603 1128 1655 καὶ
1166 1601 1274 1654 τῶν
1310 1602 1477 1669 ἁγίων
1516 1600 1761 1667 ἀγγέλων
1796 1598 1902 1650 εἰσὶ

331 1702 606 1773 κρείττους
630 1699 677 1749 οἱ
703 1697 976 1767 ἄνθρωποι
1006 1696 1054 1747 οἱ
1086 1696 1142 1746 ὲν
1176 1694 1395 1764 Χριστῷ
1423 1692 1749 1761 σωζόμενοι·
1786 1689 1902 1752 πῶς

1997 501 2260 553 rationem
2295 499 2520 553 subdit:
2560 518 2579 551 ‹
2626 499 2880 568 quoniam
2940 496 3143 564 indigni
3191 506 3315 550 sunt
3368 499 3456 567 qui
3514 501 3570 554 in

1996 594 2251 663 prtesenti
2302 594 2499 648 szeculo
2548 595 2932 663 corripiantur,
2974 593 3071 646 sed
3117 594 3169 646 iu
3212 592 3390 647 futuro
3430 596 3572 649 reci-

1995 686 2142 753 pient
2172 701 2289 755 quae
2318 694 2617 740 merentur.
2663 703 2682 737 ι
2739 684 3115 738 Consentanea
3163 694 3289 738 sunt
3339 699 3457 752 qua:
3501 699 3571 740 ex

1996 772 2229 838 Origene
2277 772 2693 826 subministrant
2716 770 2931 825 Catena;
2959 771 3011 824 in
3050 771 3219 824 Exod.
3248 788 3338 835 xx,
3363 773 3418 835 5,
3448 790 3571 842 pag.

1999 863 2099 916 l27
2133 880 2145 915 :
2180 861 2430 931 Τοσούτῳ
2456 863 2649 932 χρόνῳ,
2679 862 2871 931 inquit,
2922 862 2951 913 ὁ
2992 861 3234 924 διάϐολος
3276 864 3575 935 ἁμαρτάνει

1997 956 2105 1010 ἀπὸ
2134 956 2363 1017 κτίσεως
2414 956 2509 1008 καὶ
2559 955 2863 1025 καταϐολῆς
2902 956 3130 1025 κόσμου,
3172 955 3264 1007 καὶ
3292 954 3414 1008 οὕτε
3442 954 3575 1026 πῦρ,

1996 1048 2118 1102 οὒτε
2149 1046 2389 1118 μάστιξ,
2421 1047 2494 1099 Οὐ
2534 1046 2643 1118 γὰρ
2682 1046 2831 1113 ἄξιός
2870 1049 2985 1099 ἐστι
3026 1046 3135 1100 τῶν
3174 1046 3445 1099 κολάσεων
3468 1046 3577 1099 τῶν

1999 1142 2106 1196 ἀπὸ
2141 1140 2233 1193 τοῦ
2265 1138 2420 1200 Θεοῦ,
2448 1139 2508 1191 οὐ
2534 1139 2642 1209 γὰρ
2665 1139 2883 1193 δύναται
2911 1140 3085 1191 εἰπεῖν
3115 1139 3144 1190 ὁ
3174 1138 3413 1200 διάϐολος
3432 1154 3445 1167 ο
3470 1138 3581 1191 Κύ-

1992 1253 2106 1306 ριε,
2154 1235 2239 1303 μὴ
2274 1227 2438 1304 θυμῷ
2473 1250 2587 1287 σου
2612 1233 2867 1302 ἐλέγξῃς
2894 1250 2991 1303 με,
3027 1234 3122 1286 καὶ
3148 1232 3215 1285 τὰ
3241 1230 3384 1302 ἑξῆς.
3413 1232 3583 1283 Ἕκα-

2004 1347 2126 1392 στος
2180 1324 2272 1381 οὖν
2319 1328 2572 1390 συνειδὼς
2621 1327 2797 1397 ἑαυτῷ
2830 1327 3121 1398 ἁμαρτίας,
3156 1325 3395 1395 εὐχέσθω
3427 1324 3580 1377 κολα·

2004 1421 2227 1491 σθῆναι·
2270 1420 2435 1472 καλὸν
2464 1419 2693 1490 μὲνγὰρ
2722 1419 2780 1472 τὸ
2812 1419 2977 1489 μηδὲν
3010 1419 3157 1484 ἀξιον
3186 1418 3458 1480 κολάσεως
3482 1433 3579 1469 πε-

2005 1515 2307 1585 ποιηκέναι.
2358 1515 2419 1566 Εἰ
2469 1514 2525 1566 δέ
2573 1531 2623 1565 τι
2665 1512 2810 1578 ἀξιον
2857 1512 3128 1575 κολάσεως
3178 1512 3576 1582 πεποιήκαμεν,

2005 1607 2147 1660 οὕτω
2173 1607 2544 1677 κολασθῶμεν,
2575 1606 2714 1659 ὥστε
2742 1605 2926 1660 ἐνθάδε
2960 1606 3058 1677 μὲν
3085 1605 3407 1659 ἀπολαϐεῖν·
3446 1602 3580 1675 μετά

2004 1702 2059 1753 δὲ
2086 1701 2259 1754 ταῦτα
2306 1703 2384 1765 εἰς
2424 1702 2548 1763 τοὺς
2584 1701 2816 1763 κόλπους
2860 1699 3111 1770 Ἀϐραὰμ
3143 1696 3579 1752 ἀναπαύσασθαι.

325 1794 435 1864 γὰρ
462 1792 708 1845 δύνανται
755 1790 803 1841 οἱ
830 1789 933 1841 ὑπὸ
959 1788 1128 1856 ἁγίων
1162 1786 1406 1854 ἀγγέλων
1436 1786 1514 1847 είς
1539 1784 1681 1853 ἄγγη
1720 1781 1899 1851 βαλλόο

2016 1812 2034 1844 ι
2070 1793 2275 1847 Tandiu
2308 1804 2391 1848 est
2420 1810 2482 1848 ex
2527 1810 2634 1863 quo
2665 1802 2854 1863 peccat
2877 1793 3121 1847 diabolus
3156 1807 3183 1847 a
3220 1792 3497 1846 creatione
3523 1805 3586 1844 ac

331 1901 479 1955 μενοι
497 1886 605 1944 τοῖς
634 1881 912 1951 βάλλουσιν
931 1882 1009 1943 εἰς
1042 1878 1107 1931 τὰ
1129 1879 1273 1947 ἄγγη
1302 1874 1760 1947 παραϐάλλεσθαι,
1798 1873 1906 1926 ὑπὸ

330 1974 424 2045 τὴν
456 1974 677 2025 ἐκείνων
705 1970 1024 2045 τεταγμένοι
1070 1969 1355 2035 ὲξουσίαν;
1404 1965 1587 2021 Ταῦτα
1631 1967 1686 2019 δέ
1730 1982 1908 2036 φαμεν

327 2066 426 2117 οὐκ
456 2063 773 2131 ἀγνοοῦντες
806 2079 967 2114 τινων
989 2060 1257 2127 ἀγγέλων,
1288 2059 1395 2111 τῶν
1438 2057 1510 2129 μὴ
1541 2057 1794 2126 τοιαύτην
1830 2057 1909 2108 oi-

330 2156 587 2227 κονομίαν
612 2154 1123 2225 ἐγκεχειρισμένων,
1163 2152 1276 2204 ἀλλ’
1310 2151 1429 2203 οὐδὲ
1462 2150 1663 2203 τούτων
1696 2148 1911 2200 πάντων

327 2247 605 2317 διαφέρειν
636 2246 761 2307 τοὺς
789 2247 845 2297 ὲν
873 2242 1092 2313 Χριστῷ
1115 2241 1531 2311 σωθησομένους
1555 2237 1874 2309 ἀνθρώπους
1894 2251 1910 2266 ο

328 2339 643 2407 ἀνέγνωμεν
692 2336 799 2407 γὰρ
844 2336 938 2387 καὶ
978 2334 1068 2386 τό·
1109 2335 1185 2396 είς
1230 2332 1264 2385 ἃ
1310 2329 1662 2401 ἐπιθυμοῦσιν
1696 2326 1914 2396 ἄγγελοι

333 2428 674 2501 παρακῦψαι,
707 2427 831 2479 ἔνθα
865 2426 964 2478 οὐκ
986 2425 1223 2496 εἴρηται,
1256 2422 1456 2484 πάντες
1487 2420 1730 2489 ἄγγελοι.
1760 2417 1915 2471 Οἴδα-

333 2538 435 2592 μεν
469 2522 563 2573 καὶ
602 2519 661 2571 τό
683 2536 697 2549 ·
725 2517 986 2586 ἀγγέλους
1021 2514 1335 2586 κρινοῦμεν,
1380 2514 1511 2566 ὅπου
1542 2512 1615 2583 μὴ
1642 2511 1913 2574 λέλεκται,

333 2612 539 2675 πάντας
571 2610 858 2679 ἀγγέλους.
898 2610 951 2663 Ιιι
989 2610 1074 2662 his
1108 2609 1370 2677 Origenes
1418 2606 1595 2675 prodit
1633 2604 1795 2655 animi
1831 2602 1913 2655 sui

335 2707 609 2761 levitatem
642 2715 698 2758 et
725 2703 1142 2758 inconstantiam
1187 2718 1285 2771 pro
1319 2715 1466 2753 more
1493 2714 1609 2753 suo.
1657 2697 1915 2765 Quisquis

333 2806 514 2849 autem
544 2796 609 2848 ad
637 2794 812 2847 locum
846 2793 1098 2855 alterum,
1128 2806 1287 2859 quem
1324 2805 1418 2844 sua
1453 2789 1803 2858 responsione
1829 2786 1915 2840 di-

337 2886 484 2941 luere
521 2897 749 2940 conatnr
780 2883 1038 2949 Thomas,
1093 2892 1251 2936 caute
1296 2881 1604 2945 attenderit,
1659 2878 1775 2945 ejus
1817 2893 1917 2932 ex-

336 2977 636 3046 ceptionem
687 2992 874 3046 parum
933 2974 1202 3043 probabit.
1243 2971 1389 3026 Talia
1432 2972 1520 3024 illa
1557 2981 1685 3026 sunt
1724 2970 1911 3025 homil.

334 3068 407 3122 24
450 3070 505 3121 in
542 3066 729 3129 Nam,
774 3082 919 3119 num.
947 3066 981 3119 '5
1012 3083 1025 3119 :
1057 3085 1076 3118 ‹
1114 3066 1266 3133 Smpe
1315 3064 1550 3118 diximus
1590 3064 1913 3123 animarum,

2011 1885 2195 1936 mundi
2252 1884 2657 1945 constitutione,
2717 1899 2814 1938 nec
2857 1884 2905 1937 ei
2962 1884 3100 1952 ignis
3148 1898 3245 1937 nec
3293 1882 3581 1951 flagellum.

2012 1973 2125 2027 Non
2159 1975 2301 2028 enim
2336 1988 2617 2044 poenarum
2650 1975 2846 2043 dignus
2882 1985 2966 2029 est
2990 1990 3107 2042 quze
3132 1990 3161 2027 a
3189 1974 3297 2028 Deo
3338 1973 3587 2041 inﬂigun-

2013 2073 2119 2128 tur,
2154 2079 2253 2117 nec
2279 2074 2454 2132 potest
2481 2062 2729 2118 diabolus
2759 2064 2939 2117 dicere
2968 2079 2982 2112 :
3025 2064 3262 2128 Domine,
3318 2080 3381 2115 ne
3413 2066 3467 2115 in
3503 2063 3584 2114 ira

2014 2162 2103 2207 tua
2147 2171 2339 2224 arguas
2393 2156 2553 2221 me“,
2580 2164 2686 2209 etc.
2739 2155 2998 2223 Quisquis
3060 2170 3187 2225 ergo
3232 2155 3333 2208 sibi
3379 2153 3584 2221 peccati

2014 2247 2266 2301 conscius
2297 2257 2399 2307 est.
2431 2256 2549 2300 oret
2573 2256 2629 2299 ut
2658 2248 2929 2315 puniatur.
2959 2246 3183 2300 Praestat
3205 2245 3421 2314 quidem
3455 2244 3585 2297 nihil

2015 2336 2352 2390 commisisse
2382 2337 2521 2404 quod
2558 2351 2771 2404 ptenam
2803 2345 3095 2391 mereatur.
3130 2334 3226 2389 Sin
3260 2346 3438 2389 autem
3473 2345 3589 2403 pm-

2017 2443 2083 2479 na
2113 2427 2332 2495 dignum
2370 2427 2644 2497 quidpiam
2673 2429 2901 2497 egimus,
2928 2428 3004 2482 sic
3035 2428 3344 2496 puniamur,
3373 2435 3432 2479 ut
3453 2439 3593 2495 pra-

2016 2519 2153 2573 senti
2187 2520 2402 2588 quidem
2444 2534 2556 2573 aevo
2597 2520 2940 2589 recipiamus,
2970 2528 3091 2587 post
3125 2518 3239 2573 bare
3264 2534 3392 2595 vero
3429 2519 3478 2571 in
3513 2517 3591 2571 si-

2016 2628 2085 2665 nu
2128 2613 2357 2666 Abraha:
2391 2614 2816 2681 requiescamus.
2856 2631 2873 2663 ι
2909 2612 3079 2665 Aliam
3120 2610 3337 2665 adducit
3367 2625 3585 2663 causam

2016 2704 2202 2757 homil.
2244 2705 2309 2757 15
2370 2706 2423 2757 in
2477 2703 2669 2766 Num.,
2716 2721 2864 2757 nmn.
2921 2703 2974 2763 7.
3024 2714 3304 2774 postquam
3338 2704 3589 2757 eumdem

2016 2793 2248 2847 Matthxi
2280 2793 2453 2847 locum
2486 2794 2551 2845 ad
2580 2795 2945 2848 testimonium
2974 2795 3159 2849 citavit
3185 2813 3196 2847 :
3221 2812 3239 2844 ι
3272 2793 3337 2847 Et
3363 2794 3436 2847 ob
3463 2792 3587 2857 hoc,

2018 2884 2210 2951 inquit,
2242 2899 2417 2952 neque
2456 2883 2725 2939 diabolum
2757 2885 2983 2939 removit
3011 2899 3039 2937 ιι
3081 2885 3382 2953 principatu
3408 2881 3592 2938 saeculi

2018 2976 2196 3045 hujus,
2222 2975 2347 3044 quia
2382 2974 2557 3027 adhuc
2585 2989 2719 3043 Opus
2757 2983 2841 3029 est
2874 2989 3035 3042 Opera
3067 2975 3183 3045 ejus
3212 2977 3275 3027 ad
3312 2974 3598 3043 perfectio—

2018 3080 2140 3118 nem
2181 3079 2370 3120 eorum
2425 3063 2519 3132 qui
2568 3065 2862 3119 coronandi
2924 3074 3084 3128 sunt;
3134 3079 3267 3133 opus
3296 3072 3377 3120 est
3420 3065 3601 3118 adhuc

336 3176 457 3231 qua:
486 3161 538 3214 in
573 3159 810 3213 Ecclesia
844 3158 934 3211 Dei
970 3168 1120 3220 sunt,
1148 3172 1333 3210 curant
1367 3155 1917 3224 procurationemque
1946 3139 1992 3199 C
2022 3172 2183 3225 opera
2223 3157 2342 3227 ejus
2395 3158 2462 3211 ad
2500 3158 2756 3212 exercitia
2813 3158 3167 3211 certaminum
3222 3166 3276 3211 et
3337 3156 3598 3209 victorias

340 3251 527 3306 haberi
570 3266 666 3319 per
706 3249 945 3318 angelos,
976 3262 1221 3316 quosque
1248 3247 1412 3301 etiam
1445 3246 1791 3313 adjudicium
1820 3258 1913 3297 ve-

340 3341 459 3394 nire
487 3355 607 3393 cum
641 3339 948 3392 hominibus
976 3336 1333 3398 ostendimus,
1367 3334 1535 3388 utillo
1571 3334 1750 3387 divino
1784 3348 1915 3387 con-

341 3437 450 3481 stet
493 3427 746 3479 cxamiue
789 3436 968 3477 utrum
1005 3438 1098 3477 sua
1131 3422 1334 3475 desidia
1365 3421 1707 3488 peccaverint
1741 3422 1917 3474 homi-

342 3533 462 3581 nes,
518 3533 584 3570 an
656 3516 985 3593 monitorum
1062 3512 1456 3580 custodnmque
1512 3512 1856 3582 negligentia.
1891 3530 1911 3565 ι

344 3607 476 3661 Nam
505 3607 550 3660 si
586 3616 645 3659 ut
672 3614 833 3659 testes
865 3614 1094 3665 tantum,
1124 3617 1229 3655 non
1258 3610 1317 3656 ut
1351 3616 1469 3656 reos
1492 3611 1689 3655 statum
1723 3601 1787 3654 iri
1817 3617 1914 3653 au-

342 3702 493 3772 gelos
529 3699 891 3770 signiﬁcatum
924 3698 1176 3753 voluisset
1219 3696 1499 3767 Origenes,
1531 3700 1672 3764 quod
1695 3705 1912 3749 conten-

344 3794 425 3846 dit
483 3791 738 3854 Thomas,
802 3805 905 3843 non
968 3790 1153 3857 utique
1212 3789 1281 3843 de
1350 3801 1536 3841 eorum
1597 3785 1919 3856 negligentia

346 3885 571 3955 perinde
627 3893 686 3937 ut
734 3884 799 3936 de
844 3882 1122 3936 hominum
1177 3880 1382 3934 desidia
1426 3879 1779 3947 quaestionem
1824 3879 1923 3931 ha~

346 3977 517 4030 bitunt
575 3974 640 4028 iri
696 3974 936 4027 dixisset.
993 3971 1065 4026 De
1116 3970 1305 4025 alienis
1348 3970 1547 4040 quippe
1593 3968 1921 4024 facinoribus

350 4067 718 4122 testimonium
751 4066 935 4120 dicunt
960 4073 1162 4130 testes;
1200 4064 1437 4133 ipsorum
1467 4076 1596 4116 vero
1628 4076 1789 4117 causa
1817 4074 1919 4114 non

346 4160 548 4230 agitur.

420 4248 586 4306 XXII.
625 4249 702 4302 Ex
730 4248 957 4309 duobus,
990 4261 1124 4314 quos
1152 4246 1451 4311 attulimus,
1508 4244 1650 4299 Petri
1688 4255 1741 4299 et
1767 4242 1922 4298 Judze

348 4340 502 4407 locis,
552 4350 607 4394 et
629 4340 799 4393 altero
823 4340 911 4393 illo
942 4340 1173 4393 Matthazi
1208 4338 1411 4402 vttt,29
1445 4353 1459 4389 :
1503 4356 1521 4387 ι
1554 4337 1617 4390 Ει
1642 4351 1770 4390 ecce
1806 4336 1920 4389 cla-

348 4442 633 4486 maverunt
683 4432 924 4485 dicentes
958 4447 970 4482 :
1002 4431 1138 4497 Quid
1172 4431 1347 4495 nobis,
1387 4439 1441 4482 et
1490 4430 1583 4482 tibi
1630 4427 1781 4491 Jesu,
1818 4426 1917 4480 Fili

350 4522 482 4577 Dei?
506 4523 697 4577 venisti
726 4524 829 4576 huc
851 4533 975 4575 ante
1002 4530 1209 4589 tempus
1235 4530 1486 4588 torquere
1512 4519 1647 4572 nos?
1679 4537 1696 4569 ι
1726 4520 1775 4571 in
1802 4532 1920 4571 eam
1954 4495 1998 4549 D

351 4612 630 4681 prolapsus
663 4622 747 4666 est
771 4610 1091 4665 sententiam
1119 4607 1405 4679 Origenes,
1447 4608 1622 4660 nullas
1652 4622 1791 4659 nunc
1823 4606 1923 4659 dre-

350 4702 598 4754 monibus
650 4701 876 4769 irrogari
921 4716 1131 4768 ptenas,
1188 4714 1360 4767 neque
1399 4712 1563 4768 porro
1596 4697 1659 4750 iri
1712 4698 1921 4765 irroga-

351 4804 486 4856 tutu,
521 4793 692 4845 donec
724 4802 972 4846 extremo
1002 4790 1207 4858 judicio
1256 4790 1535 4859 suppliciis
1581 4790 1800 4842 aeternis
1826 4787 1921 4843 ad-

350 4885 621 4937 dicantur.
675 4882 728 4934 ld
787 4883 1039 4952 proponit
1083 4882 1273 4951 dogma
1329 4880 1513 4935 homil.
1545 4880 1578 4934 8
1626 4880 1683 4933 in
1724 4877 1921 4944 Exod.,

351 4988 502 5029 num.
543 4972 596 5037 6,
634 4984 687 5026 et
717 4989 782 5026 ex
815 4972 1006 5028 Matth.
1040 4988 1157 5037 vui,
1214 4988 1266 5025 v.
1311 4972 1401 5037 29,
1462 4973 1767 5035 conﬁrmat,
1818 4985 1924 5040 pte-

353 5082 558 5134 uasqne
614 5065 755 5118 inter
807 5064 1083 5119 hominum
1122 5075 1177 5118 et
1215 5065 1516 5118 daemonum
1566 5064 1618 5116 id
1664 5062 1924 5116 interesse

353 5159 488 5221 vult,
521 5159 666 5227 quod
691 5157 765 5210 illi
803 5156 1141 5223 castigentur
1183 5157 1235 5209 itt
1272 5157 1373 5210 hoc
1400 5155 1617 5219 mundo,
1651 5173 1668 5205 ι
1703 5162 1758 5206 ιιι
1797 5168 1924 5221 pur-

351 5250 588 5318 gatiores
622 5250 687 5300 ad
718 5247 957 5300 futurum
1000 5246 1252 5301 saeculum
1282 5257 1527 5317 pergant,
1560 5256 1613 5300 et
1639 5245 1777 5299 ultra
1808 5246 1923 5297 dia-

357 5340 476 5393 bolo
511 5338 643 5393 socii
697 5354 803 5393 non
849 5338 1150 5393 elliciantnr
1182 5340 1233 5392 in
1260 5352 1459 5407 poena;
1515 5338 1567 5390 hi
1599 5351 1726 5390 vero
1755 5350 1927 5404 neque

355 5432 719 5499 corripiantur
742 5445 838 5499 pro
869 5441 1109 5501 peccato,
1141 5446 1315 5498 neque
1347 5428 1715 5499 ﬂagelleutur;
1746 5428 1925 5483 omnia

408 5523 493 5576 ³⁷1
526 5525 651 5578 Cor.
677 5539 750 5589 vt,
779 5524 834 5577 5.
909 5526 953 5556 ³⁸
983 5525 1124 5580 Psal.
1164 5542 1239 5587 vt,
1274 5524 1329 5580 2.

358 5616 524 5668 animi
558 5615 638 5669 sui
675 5615 946 5668 levitatem
968 5627 1020 5669 et
1055 5618 1470 5671 inconstantiam
1502 5618 1765 5684 prodere;
1793 5616 1923 5669 nihil

356 5685 499 5737 enim
534 5685 620 5739 hic
654 5686 783 5741 dicit
822 5689 964 5755 quod
996 5686 1185 5744 iisdem
1234 5686 1348 5743 fere
1391 5690 1567 5743 verbis
1609 5704 1712 5744 non
1748 5698 1923 5744 exstet

2026 3249 2328 3302 beatorum.
2364 3265 2382 3298 ι
2413 3246 2702 3315 Subjnugit
2731 3247 3070 3315 postmodum
3116 3245 3355 3299 Balaami
3388 3245 3600 3298 idcirco

2020 3337 2440 3392 incantamentis
2494 3336 2659 3390 Deum
2720 3336 3112 3400 intercessisse,
3171 3336 3297 3405 quia
3361 3336 3595 3389 alterum

2018 3428 2256 3496 alioquin
2286 3427 2505 3481 evenire
2540 3442 2761 3482 necesse
2787 3438 2927 3493 erat,
2956 3426 3038 3481 vel
3073 3426 3325 3495 papulum
3354 3425 3447 3481 Dei
3474 3441 3597 3495 per-

2019 3518 2190 3572 ditum
2232 3519 2373 3582 dari,
2409 3519 2451 3571 si
2486 3519 2817 3573 daemonibus
2850 3534 2878 3571 a
2912 3518 3165 3572 Balaamo
3192 3519 3475 3573 accersitis
3510 3533 3604 3569 ar-

2018 3607 2162 3662 bitrii
2211 3609 2294 3661 sui
2349 3608 2589 3662 facultati
2650 3608 2818 3663 libere
2848 3610 3074 3678 obsequi
3114 3609 3392 3674 licuisset;
3445 3608 3528 3661 vel
3554 3609 3601 3661 si

2021 3700 2234 3753 arbitrii
2265 3701 2345 3753 sui
2385 3700 2633 3754 libertate
2665 3700 2925 3754 deminuti
2980 3700 3227 3765 fuissent,
3269 3700 3439 3753 fuisse
3472 3698 3601 3761 hoc,

2026 3806 2044 3839 ι
2076 3789 2363 3844 damnasse
2398 3792 2776 3845 rationabilem
2825 3802 3154 3854 creaturam,
3212 3802 3266 3846 et
3302 3802 3427 3845 ante
3460 3801 3604 3845 tem-

2022 3896 2118 3950 pus
2154 3882 2398 3936 intulisse
2429 3882 2719 3951 judicium,
2768 3893 2823 3937 et
2852 3884 3139 3954 impedisse
3191 3884 3465 3948 omnibus,
3506 3884 3603 3953 qui

2021 3971 2307 4027 adversum
2333 3989 2426 4028 eos
2454 3975 2506 4027 in
2538 3991 2711 4046 agone
2740 3985 3021 4031 certantes
3047 3984 3295 4044 poterant
3322 3977 3606 4029 coronari.

2024 4062 2080 4114 Si
2102 4063 2246 4116 enim
2271 4064 2551 4119 daemoniis
2573 4066 2855 4120 auferatur
2886 4067 3107 4122 libertas
3132 4066 3365 4129 arbitrii,
3396 4066 3606 4119 nullum

2024 4152 2168 4205 ultra
2216 4154 2651 4224 impugnaturum
2686 4159 2922 4212 athletas
2971 4158 3203 4222 Christi;
3240 4157 3385 4212 nullo
3420 4169 3609 4212 autem

2026 4246 2394 4315 impugnante,
2430 4264 2533 4303 nec
2563 4260 2836 4304 certamen
2862 4249 3077 4319 aliquod
3100 4250 3338 4303 futurum
3367 4267 3382 4313 ;
3415 4260 3469 4304 et
3490 4249 3616 4303 sub-

2030 4334 2140 4390 lato
2176 4340 2496 4401 certamine,
2545 4341 2747 4393 nullum
2783 4340 3019 4394 futurum
3066 4342 3364 4410 praemium,
3399 4342 3611 4395 nullam

2028 4431 2329 4485 victoriam.
2360 4451 2377 4480 ι
2411 4432 2480 4484 At
2509 4433 2727 4487 homilia
2768 4434 2834 4487 15
2876 4435 2930 4486 in
2965 4433 3083 4488 Jos.
3131 4451 3278 4486 num.
3310 4436 3363 4496 6,
3411 4448 3616 4487 novum

2028 4522 2160 4590 quid
2194 4535 2259 4574 ac
2299 4525 2645 4577 memorabile
2684 4523 3108 4578 comminiscitur
3137 4547 3147 4578 ;
3182 4525 3620 4592 quotiescunque

2028 4612 2171 4665 enim
2211 4603 2422 4667 daemon
2469 4612 2661 4681 aliquis
2696 4623 2817 4682 post
2850 4626 3066 4684 paratas
3095 4615 3295 4668 homini
3334 4615 3424 4684 pio
3475 4615 3617 4669 insi-

2029 4703 2169 4766 dias,
2198 4703 2370 4757 victus
2399 4712 2483 4757 est
2506 4704 2573 4757 ab
2605 4718 2691 4768 eo,
2723 4720 2896 4773 pugna
2931 4706 3275 4759 excedentem
3301 4714 3502 4758 caestus
3528 4720 3621 4756 ar-

2030 4802 2243 4862 temque
2275 4807 2556 4861 reponere,
2578 4804 2632 4848 et
2651 4797 2789 4864 apud
2817 4795 3038 4859 inferos,
3066 4794 3147 4848 vel
3175 4794 3511 4848 destinatum
3546 4796 3625 4849 si-

2027 4882 2079 4937 bi
2102 4884 2277 4939 locum
2309 4884 2591 4940 abeuntem
2620 4900 2722 4939 non
2753 4887 2982 4955 amplius
3009 4885 3315 4939 hominibus
3336 4885 3403 4935 ad
3430 4886 3628 4951 nequi-

2030 4973 2156 5026 tiam
2184 4974 2534 5029 sollicitandis
2572 4990 2787 5041 operam
2830 4992 2981 5030 suam
3018 4975 3260 5029 conferre
3291 4992 3305 5026 :
3339 4974 3467 5026 hinc
3512 4975 3623 5026 iut-

2032 5062 2238 5118 minuto
2254 5063 2558 5117 daemonum
2581 5073 2906 5119 tentatorum
2939 5080 3164 5119 numero
3190 5063 3467 5119 faciliores
3498 5078 3631 5119 esse

2032 5155 2099 5207 ad
2146 5154 2344 5208 Christi
2400 5155 2555 5209 (idem
2606 5156 2803 5220 aditus,
2862 5157 3148 5226 pluresque
3184 5154 3248 5209 ad
3288 5157 3453 5209 Deum
3488 5171 3633 5210 cou-

2032 5247 2187 5313 verti,
2247 5262 2406 5316 quam
2455 5263 2576 5302 cum
2633 5249 2854 5315 integris
2898 5248 3066 5317 copiis
3096 5246 3289 5302 nefarii
3320 5247 3396 5300 illi
3435 5248 3632 5301 hostes

2031 5339 2411 5404 decertabant;
2450 5342 2499 5393 id
2526 5340 2666 5409 quod
2703 5340 3100 5410 Scripturarum
3134 5340 3349 5395 demum
3379 5343 3634 5394 auctori-

2034 5438 2144 5485 tate
2174 5441 2400 5485 conatur
2429 5436 2679 5502 probare.
2736 5434 2869 5488 Cum
2909 5434 2985 5489 ait
3030 5444 3210 5488 autem
3256 5432 3633 5487 Adamantius

2036 5615 2351 5688 homiliaei
2376 5618 2431 5669 in
2464 5615 2746 5679 Numeros,
2776 5617 2930 5688 cujus
2956 5618 3134 5676 locum
3166 5614 3325 5688 paulo
3354 5613 3505 5670 infra
3538 5613 3635 5669 ad-

2034 5689 2180 5742 ducit
2218 5687 2558 5744 clarissimus
2586 5689 2805 5759 praesul.
