3860 6230
188 321 287 374 873

1023 317 1587 374 ORICENIANORUM
1626 317 1756 372 LIB.
1800 317 1862 383 ll,
1900 318 2051 372 CAP.
2096 318 2158 383 ll,
2196 317 2472 384 QUzEST.
2518 318 2581 371 V.

3309 318 3413 371 875

191 434 372 489 bomil.
410 432 481 489 35
524 436 579 487 in
632 433 777 496 Lua,
809 454 828 486 ε
876 434 1057 505 Neque
1112 438 1255 492 enim
1289 453 1476 492 omnes
1504 438 1741 492 omnium
1773 443 1819 496 Α
1918 434 2107 493 XXIV.
2148 436 2391 489 Diximus
2428 450 2588 500 supra
2614 433 2891 502 Opinatum
2942 432 3103 487 fuisse
3125 431 3411 505 Origenem

187 533 310 578 sunt
337 524 647 588 adversarii,
705 525 797 578 sed
854 525 1047 595 singuli
1100 527 1337 595 singulos
1390 528 1608 593 habent,
1656 528 1747 596 qui

185 618 381 686 ubique
409 631 504 671 eos
543 626 858 685 sequantur,
887 629 941 672 et
976 621 1080 674 sint
1109 621 1346 683 comites,
1388 640 1407 674 ι
1443 622 1495 675 id
1525 623 1593 675 ita
1619 636 1748 677 con-

186 707 353 762 ciliari
405 718 578 777 potest
636 725 755 763 cum
809 712 1175 779 superioribus
1240 730 1256 766 :
1307 728 1438 783 quos
1483 714 1621 768 vinci
1682 716 1748 770 ab

187 800 509 864 hominibus,
569 809 623 855 et
653 802 823 857 vietos
867 802 1001 857 dixit
1057 804 1325 858 tentandis
1369 805 1434 859 iis
1465 806 1744 870 absistere,

184 903 275 943 eos
301 890 620 959 signiﬁcavit
648 891 736 959 qui
759 906 853 959 per
889 891 1163 946 intervalla
1210 892 1409 947 faciunt
1433 894 1745 963 impressio-

186 996 282 1036 nes
346 990 401 1036 et
458 982 652 1036 bellum
718 983 977 1037 adversus
1035 984 1279 1039 homines
1344 994 1593 1050 movent;
1655 986 1747 1055 qui

185 1080 362 1123 autem
393 1072 630 1139 perpetui
671 1073 895 1126 comites
944 1073 1249 1127 hominibus
1278 1074 1530 1143 assignati
1563 1075 1745 1130 adhre-

186 1170 324 1225 rent,
355 1162 418 1215 iis
444 1177 571 1217 vero
595 1162 682 1230 jus
704 1178 857 1217 suum
897 1165 1159 1234 integrum
1195 1166 1357 1219 etiam
1398 1167 1661 1233 superatis
1694 1178 1749 1221 et

186 1253 461 1306 hominum
512 1253 712 1323 pietate
755 1254 1044 1309 confutatis
1084 1271 1379 1313 remanere.
1432 1255 1749 1312 Planissime

186 1358 312 1397 vero
341 1359 532 1398 sensus
560 1360 719 1409 super
739 1346 841 1400 hoe
874 1358 1189 1417 argumento
1218 1363 1343 1403 suos
1372 1357 1591 1403 enarrat
1619 1350 1747 1404 lib.t

183 1435 323 1502 Περὶ
375 1435 594 1504 ἀρχῶν,
625 1451 742 1505 cap.
776 1436 829 1504 6,
860 1454 1007 1492 num.
1041 1439 1098 1504 5,
1132 1454 1290 1509 quem
1326 1440 1500 1494 locum
1523 1439 1632 1508 iam
1665 1456 1748 1495 su-

186 1542 277 1596 pra
314 1530 659 1595 produximus
694 1547 708 1582 :
747 1546 765 1579 (
800 1527 1015 1583 Interim
1049 1540 1153 1583 tam
1195 1532 1247 1585 in
1289 1532 1372 1586 bis
1416 1548 1535 1602 qua!
1562 1533 1749 1587 viden-

187 1628 293 1680 tur,
321 1629 375 1673 et
410 1620 789 1687 temporalibus
814 1621 1043 1684 saeculis,
1072 1637 1232 1690 quam
1271 1624 1323 1678 in
1354 1623 1459 1677 illis
1486 1638 1604 1691 qua:
1642 1639 1744 1677 non

183 1710 454 1775 videntur,
482 1720 534 1765 et
560 1722 755 1766 aeterna
779 1722 928 1777 sunt,
949 1728 1135 1767 omnes
1162 1714 1247 1768 isti
1280 1730 1376 1783 pro
1409 1716 1615 1780 ordine,
1650 1732 1747 1785 pro

1851 542 2032 581 rerum
2064 527 2302 581 omnium
2334 528 2543 581 ratione
2577 526 2892 595 pollentiqu
2928 541 3088 578 unam
3118 540 3239 580 esse
3269 540 3419 578 eam-

1848 618 2078 686 demque
2096 626 2367 681 naturam,
2398 632 2598 687 easque
2621 632 2716 687 pro
2741 617 3051 670 meritorum
3084 616 3415 685 inaequalita-

1851 719 1902 764 te
1933 707 2014 764 vel
2044 710 2199 763 evehi
2249 710 2315 764 ad
2344 710 2656 780 angelorum
2695 708 2933 773 ordines,
2977 708 3058 760 vel
3084 708 3134 761 in
3176 709 3409 763 humana

1847 815 2070 868 corpora
2094 801 2339 871 deprimi,
2375 803 2457 856 vel
2481 802 2748 856 daemones
2777 801 2939 854 etiam
2973 803 3223 855 evadere.
3253 802 3413 855 Aliud

1847 890 1981 960 quid
2012 892 2335 961 excogitavit
2375 900 2633 961 praeterea
2676 899 2860 944 nostra
2901 893 3413 948 connuemoratione

1846 992 1903 1036 et
1935 981 2309 1052 disquisitione
2339 984 2576 1051 dignum,
2603 982 2878 1035 hominum
2909 998 3098 1052 nempe
3123 985 3443 1038 sanctitate"

1847 1074 2255 1143 conspicuorum
2281 1072 2491 1127 animas
2530 1074 2672 1142 ipsos
2720 1087 2838 1129 esse
2873 1075 3113 1146 angelos,
3149 1090 3254 1130 non
3284 1090 3409 1144 pro-

1847 1176 1967 1235 pter
1998 1175 2213 1234 peccata
2239 1166 2291 1219 in
2320 1166 2591 1220 hominum
2624 1167 2862 1221 ordinem
2887 1169 3151 1232 redactos,
3176 1167 3267 1221 sed
3295 1167 3414 1222 aliis

1848 1257 1913 1310 de
1935 1257 2110 1310 causis
2139 1255 2564 1309 extraordinaria
2600 1254 2724 1309 illnc
2747 1255 3014 1325 legatione
3052 1271 3083 1310 a
3124 1256 3232 1310 Deo
3278 1257 3412 1310 mis-

1847 1360 1955 1399 sos.
1989 1343 2242 1401 Prostant
2269 1345 2523 1400 doctrinm
2578 1345 2735 1414 hujus
2783 1353 3123 1399 monumenta
3167 1357 3296 1399 tom.
3337 1360 3413 1400 xu

1846 1438 1900 1490 in
1929 1436 2145 1499 Matth”
2171 1454 2318 1492 num.
2342 1438 2431 1501 50,
2462 1440 2550 1493 ubi
2598 1440 2692 1507 ait,
2729 1442 3180 1510 quemadmodum
3221 1440 3413 1494 huma-

1848 1545 1929 1582 nae
1951 1528 2151 1583 Christi
2178 1538 2379 1584 natura:
2416 1529 2650 1585 Verbum
2685 1530 3028 1597 coniunctum
3055 1540 3157 1596 est,
3185 1531 3258 1585 ita
3288 1546 3412 1601 pro-

1848 1621 2090 1690 portione
2122 1622 2352 1691 quadam
2385 1623 2625 1691 angelos,
2665 1633 2916 1692 tanquam
2945 1621 3118 1678 Verba
3149 1637 3268 1678 sese
3290 1638 3415 1692 pro-

1846 1713 2023 1783 phetis
2048 1715 2355 1783 adjunxisse
2388 1732 2400 1765 :
2434 1716 2544 1768 Καὶ
2584 1716 2838 1786 πρόσχες,
2886 1716 3079 1783 inquit,
3114 1718 3162 1769 εί
3187 1716 3413 1770 δύνασαι

184 1804 412 1866 ratione,
448 1820 546 1872 pro
584 1805 763 1868 modo,
808 1816 862 1860 et
895 1805 1203 1859 meritorum
1244 1807 1590 1877 dignitatibus
1636 1807 1743 1863 dis-

1849 1808 1901 1859 ὲν
1926 1808 2132 1870 τούτοις
2168 1808 2294 1869 τοὺς
2318 1808 2577 1878 πρότερον
2609 1808 2879 1870 παθόντας
2912 1808 3192 1878 προφήτας
3223 1809 3414 1861 ἀναλο-

182 1904 495 1964 pensantur,
531 1905 589 1950 ut
624 1898 713 1952 alii
754 1900 806 1953 in
844 1900 1054 1969 primis,
1094 1898 1181 1952 alii
1213 1899 1265 1953 in
1303 1898 1572 1963 secundis,
1611 1914 1746 1951 non-

184 1986 315 2040 nulli
338 1988 498 2041 etiam
528 1990 580 2042 in
612 1989 809 2045 ultimis
844 1993 1193 2060 temporibus,
1226 2000 1280 2044 et
1307 2006 1402 2059 per
1437 1989 1634 2058 majora
1683 2005 1745 2045 ac

181 2082 428 2148 graviora
480 2081 760 2149 supplicia,
803 2098 1006 2136 necnon
1049 2092 1101 2137 et
1139 2083 1412 2143 diuturna,
1447 2096 1512 2135 ac
1542 2079 1742 2143 multis,

183 2176 245 2222 ut
273 2170 344 2223 ita
369 2168 565 2233 dicam,
593 2170 802 2224 saaculis
829 2171 1079 2234 tolerata,
1107 2170 1468 2240 asperioribus
1497 2171 1747 2224 emenda-

184 2258 420 2316 tiouibus
471 2261 703 2329 repsrati
754 2272 811 2316 et
857 2263 1086 2317 restituti
1135 2262 1547 2325 eruditionibus,
1574 2261 1748 2329 primo

182 2350 463 2419 angelicis,
517 2360 628 2407 tum
687 2352 882 2409 deinde
920 2354 1081 2409 etiam
1119 2354 1455 2421 superiorum
1486 2354 1744 2419 graduum

182 2445 496 2512 Virtutibus,
528 2456 581 2501 et
609 2448 689 2501 sic
729 2460 824 2512 per
851 2446 1054 2515 singula
1086 2446 1154 2500 ad
1180 2447 1457 2514 superiora
1486 2445 1744 2515 provecti,

183 2552 354 2606 usque
407 2539 473 2592 ad
526 2552 590 2592 ea
640 2553 757 2606 quae
794 2549 923 2592 sunt
956 2536 1241 2593 invisibilia
1281 2549 1334 2592 et
1380 2547 1577 2592 aeterna
1628 2552 1749 2606 per-

185 2628 435 2692 veniant,
494 2627 715 2696 singulis
773 2628 1025 2685 videlicet
1084 2629 1386 2699 quibusque
1448 2630 1746 2685 cmlestium

182 2720 441 2773 virtutum
493 2718 679 2777 ofﬁciis
715 2723 944 2791 quadam
993 2723 1353 2779 eruditionum
1402 2723 1581 2792 specie
1626 2739 1747 2792 per-

184 2810 409 2881 agratis.
443 2830 462 2861 ι

256 2902 442 2958 XXIII.
478 2904 655 2959 Vanus
685 2918 814 2959 sane
841 2914 984 2960 esset
1028 2921 1091 2961 ac
1118 2920 1543 2975 supervacaneus
1574 2906 1743 2973 labor,

183 2994 401 3050 Patrum
429 2997 667 3053 omnium
693 2999 908 3052 nomina
952 3007 1005 3054 et
1034 2998 1194 3053 verba
1234 2997 1549 3066 producere,
1592 3006 1746 3065 quot-

180 3098 316 3155 quot
348 3098 466 3157 post
500 3090 790 3143 admissum
820 3090 997 3145 scelus
1028 3105 1131 3143 non
1159 3088 1341 3143 statim
1369 3090 1420 3142 in
1457 3088 1741 3143 Tartarum

182 3181 430 3234 detrusos
475 3181 695 3249 angelos
736 3196 979 3248 sensere,
1012 3182 1104 3236 sed
1126 3183 1307 3237 damni
1341 3181 1466 3235 licet
1491 3196 1663 3250 paena,
1687 3189 1745 3234 ut

185 3279 401 3331 vorant.
435 3268 675 3336 affectos,
711 3287 873 3340 pinna:
925 3282 1101 3325 tamen
1147 3288 1327 3327 sensus
1372 3286 1435 3325 ac
1453 3270 1742 3340 supplicio-

1846 1901 1969 1967 γὶαν
2010 1900 2236 1968 φάσκειν
2290 1901 2577 1969 ἐσχηκέναι
2623 1900 2757 1969 πρὸς
2785 1899 2875 1952 τὸν
2910 1898 2985 1969 μὴ
3027 1898 3216 1968 ἔχοντα
3251 1893 3412 1961 εἶδος,

1850 1989 1981 2059 μηδὲ
2002 1990 2194 2052 κάλλος
2214 1988 2380 2056 Λόγον
2401 2006 2415 2019 ο
2446 1987 2633 2057 ὥσπερ
2659 1989 2715 2041 δὲ
2743 1989 2962 2059 ἔρχεται
2986 1990 3013 2040 ὁ
3048 1987 3174 2050 Υἱὸς
3207 1987 3299 2040 τοῦ
3323 1988 3413 2039 ἀν-

1847 2080 2063 2152 θρώπου
2097 2084 2154 2133 ἐν
2185 2084 2251 2153 τῇ
2285 2080 2411 2154 δόξῃ
2447 2082 2540 2134 τοῦ
2573 2083 2782 2154 Πατρὸς
2815 2080 2999 2145 αὑτοῦ,
3048 2080 3220 2145 οὕτως
3250 2084 3415 2149 ἀγγε-

1846 2173 1925 2226 λοι
1952 2172 2221 2243 γινόμενοι
2255 2176 2302 2226 οἱ
2333 2175 2391 2225 ὲν
2420 2176 2724 2245 προφήταις
2759 2175 2927 2243 λόγοι,
2967 2176 3083 2248 μετ’
3112 2175 3276 2229 αὑτοῦ
3309 2193 3414 2228 πα-

1851 2265 2175 2337 ραγίνονται,
2202 2265 2299 2337 τὴν
2331 2266 2617 2335 ἀναλογίαν
2661 2267 2918 2334 σώζοντες
2964 2271 3062 2341 τῆς
3099 2270 3304 2325 ἑαυτῶν
3328 2269 3415 2324 δό-

1848 2358 1963 2429 ξης.
2017 2358 2185 2414 Tomo
2228 2375 2438 2428 quoque
2495 2362 2732 2414 secundo
2781 2363 2835 2413 in
2883 2362 3069 2425 10am,
3120 2377 3268 2415 num.
3317 2361 3410 2427 24,

1847 2448 2106 2504 Joannem
2153 2453 2229 2504 ait
2285 2466 2390 2505 non
2441 2451 2602 2504 aliam
2660 2452 2910 2507 habuisse
2972 2468 3189 2507 causam
3229 2468 3327 2507 cur
3356 2453 3411 2507 in

1850 2543 2105 2595 mundum
2140 2543 2373 2604 veniret,
2424 2557 2585 2610 quam
2644 2552 2700 2594 ut
2746 2542 2812 2596 de
2849 2542 2966 2597 luce
3004 2550 3328 2607 testaretur;
3357 2553 3413 2596 et

1848 2633 1995 2687 addit
2027 2633 2183 2701 paulo
2216 2643 2354 2702 post,
2387 2649 2534 2687 num.
2563 2633 2655 2699 23,
2684 2633 2899 2703 angelos
2936 2633 3136 2689 Christi
3176 2636 3412 2688 imitate--

1851 2739 1937 2777 res
1969 2726 2258 2777 humanum
2289 2724 2525 2779 induisse
2552 2739 2771 2793 corpus,
2802 2738 2907 2791 quo
2928 2723 3127 2780 Christi
3156 2725 3206 2779 in
3236 2726 3414 2780 homi-

1850 2828 1944 2867 nes
1968 2829 2207 2869 amorem
2241 2814 2579 2877 simulantes,
2638 2817 3015 2885 promovenda:
3058 2818 3293 2885 ipsorum
3327 2833 3413 2870 sa-

1847 2905 1939 2958 luti
1974 2905 2294 2960 iuservirent
2318 2923 2331 2959 :
2355 2907 2465 2959 Καὶ
2490 2907 2608 2959 ἐπεὶ
2634 2905 2962 2971 ἁπαξαπλῶς
2988 2908 3045 2959 ὲν
3066 2906 3143 2977 τῷ
3168 2908 3412 2979 περὶτοῦ

1858 2996 2101 3049 Ἰωάννου
2128 2995 2290 3066 ἐσμὲν
2316 2995 2457 3067 λόγῳ
2479 2994 2761 3066 ζητοῦντες
2787 2994 2949 3049 αὑτοῦ
2973 2996 3071 3067 τὴν
3088 2997 3411 3070 ἀποστολὴν,

1843 3087 1941 3140 οὐκ
1974 3087 2215 3158 ἀκαίρως
2246 3088 2496 3140 ὑπόνοιαν
2520 3088 2812 3159 ἡμετέραν,
2843 3088 2908 3158 ἢν
2933 3089 3059 3158 περὶ
3095 3087 3262 3143 αὐτοῦ
3298 3088 3416 3159 ἕχο-

1848 3198 1965 3250 μεν,
2002 3180 2377 3252 προσθήσομεν
2399 3198 2411 3209 '
2443 3181 2563 3232 ἐπεὶ
2600 3178 2707 3249 γὰρ
2743 3180 3053 3250 ἀνέγνωμεν
3095 3182 3222 3252 περὶ
3247 3180 3412 3233 αὐτοῦ

1845 3272 2208 3345 προφητείαν·
2268 3271 2411 3326 Ἰδοὺ
2468 3272 2582 3342 ἐγὼ
2626 3272 2984 3327 ἀποστέλλω
3023 3274 3128 3327 τὲν
3158 3275 3416 3345 ἄγγελόν

182 3377 304 3417 rum
347 3375 464 3417 esse
516 3375 779 3433 expertes.
833 3362 1157 3419 Cousulatur
1195 3363 1551 3419 Bellarminus
1588 3363 1682 3417 lib.
1727 3378 1741 3415 ι

1849 3382 1956 3431 μου
2001 3364 2113 3433 πρὸ
2164 3363 2487 3432 προσώπου
2532 3382 2668 3427 σου,
2722 3364 2789 3431 ὃς
2819 3365 3257 3421 κατασκευάσει
3301 3365 3418 3437 τὴν

181 3452 261 3507 De
291 3457 468 3510 beam.
498 3463 757 3520 sanctam,
798 3470 919 3525 cap.
948 3455 1002 3510 6.
1038 3454 1267 3510 Gravius
1306 3455 1434 3509 illud
1469 3464 1573 3522 est,
1605 3455 1745 3524 quod

181 3546 402 3600 Patrum
440 3546 652 3600 illorum
685 3547 986 3617 complures
1010 3550 1246 3609 sensisse
1286 3548 1452 3603 refert
1486 3549 1746 3603 Eusebius

185 3633 329 3688 Hist.
371 3635 551 3689 eccles.
606 3637 697 3691 lib.
740 3652 817 3704 tv,
864 3652 982 3707 cap.
1032 3637 1118 3703 18,
1158 3654 1226 3693 ne
1281 3638 1495 3694 aeternis
1532 3638 1744 3707 quidem

178 3727 512 3782 cruciatibus
554 3743 674 3785 sese
714 3730 1025 3784 damnatum
1061 3731 1284 3785 scivisse
1326 3728 1614 3792 diabolum,
1655 3745 1749 3781 an-

181 3831 398 3890 tequam
432 3822 645 3889 publice
698 3822 826 3876 illud
861 3822 1111 3878 Christus
1153 3837 1219 3877 ac
1252 3820 1425 3890 palam
1461 3823 1748 3890 praedicas-

178 3921 283 3966 set.
310 3913 485 3983 Atque
508 3914 632 3968 hinc
660 3915 711 3968 iu
739 3929 899 3969 omne
931 3915 1179 3983 nequitia:
1206 3929 1372 3985 genus
1412 3913 1745 3982 prorupisse,

179 4004 490 4072 passimque
540 4006 769 4062 haereses
825 4006 1205 4063 disseminasse
1266 4014 1449 4060 narrat
1517 4003 1750 4058 Isidorus

180 4092 474 4158 Pelusiota,
508 4096 594 4149 lib.
628 4113 688 4159 ll,
714 4097 871 4166 epist.
905 4098 973 4152 9O
1005 4114 1020 4150 :
1059 4094 1319 4157 Ἀκούσας
1366 4096 1459 4148 καὶ
1497 4095 1596 4164 τῆς
1628 4093 1746 4146 καθ’

178 4184 374 4238 ἑαυτοῦ
415 4186 737 4255 ἀποφάσεως
795 4188 886 4240 τὸν
926 4189 1068 4256 ὅρον,
1116 4187 1473 4257 σφοδρότερον
1520 4186 1749 4238 ἔπνευσε

1845 3455 1986 3508 ὀδόν
2016 3473 2131 3510 σου
2156 3456 2492 3525 ἔμπροσθέν
2515 3456 2847 3525 σουιὲφίστα
2855 3476 2952 3527 μεν
2980 3460 3188 3530 μήποτε
3212 3456 3291 3523 εἷς
3307 3460 3416 3514 τῶν

1847 3546 2013 3614 ἁγίων
2039 3548 2283 3615 ἀγγέλων
2312 3546 2591 3617 τυγχάνων
2619 3549 2713 3600 ἐπὶ
2733 3548 3039 3620 λειτουργίᾳ
3063 3551 3270 3604 καταπέ
3279 3570 3416 3622 μπε-

1844 3655 1932 3692 ται
1960 3639 2053 3692 τοῦ
2077 3641 2327 3713 Σωτῆρος
2357 3641 2513 3711 ἡμῶν
2538 3640 2839 3713 πρόδρομος
2858 3660 2869 3671 ο
2906 3645 2998 3696 καὶ
3020 3644 3171 3697 οὐδὲν
3204 3643 3415 3714 θαυμα-

1848 3731 1969 3785 στὸν
1993 3732 2085 3785 τοῦ
2117 3733 2456 3804 πρωτοτόκου
2484 3732 2662 3803 πάσης
2687 3734 2913 3797 κτίσεως
2936 3736 3414 3806 ὲνσωματουμένου

1847 3828 1987 3881 κατά
2016 3818 2419 3898 φιλανθρωπίαν
2451 3828 2692 3898 ζηλωτάς
2736 3845 2887 3891 τινας
2916 3830 3009 3880 καὶ
3046 3828 3286 3900 μιμητὰς
3318 3847 3411 3896 γε-

1846 3919 2057 3987 γονέναι
2097 3919 2353 3990 Χριστοῦ,
2405 3919 2791 3988 ἀγαπήσαντας
2834 3918 2894 3970 τὸ
2918 3917 3004 3971 διά
3038 3918 3129 3972 τοῦ
3166 3918 3413 3989 σώματος

1848 4010 2186 4081 ὑπηρετῆσαι
2250 4010 2316 4081 τῇ
2362 4011 2440 4071 εἰς
2480 4007 2797 4080 ἀνθρώπους
2846 4008 3008 4061 αὑτοῦ
3061 4010 3408 4081 χρηστότητι.

1852 4100 1975 4155 Haec
2013 4100 2361 4153 deliramenta
2419 4099 2613 4153 deinde
2639 4099 2759 4152 libri
2788 4098 3066 4167 cujusdam
3099 4103 3410 4172 apocryphi,

1849 4194 1935 4247 cui
1962 4192 2145 4246 titulus
2169 4201 2251 4246 est
2276 4189 2516 4244 Precatio
2542 4189 2757 4256 Joseph,
2785 4192 3083 4259 approbare
3118 4190 3325 4257 nititur,
3358 4205 3415 4247 et

177 4280 303 4334 καθ’
341 4280 516 4351 ήμῶν,
551 4281 642 4333 καὶ
663 4280 759 4343 τὰς
790 4280 1026 4352 αἱρέσεις
1050 4279 1222 4333 ἔτεκε.
1263 4300 1281 4330 ί
1321 4280 1515 4333 Audito
1538 4290 1753 4333 senten-

1849 4302 1913 4340 ex
1953 4301 2017 4339 eo
2046 4285 2208 4340 etiam
2242 4284 2383 4352 quod
2407 4284 2691 4338 exsultavit
2722 4282 2955 4338 Joannes
2997 4284 3048 4337 in
3088 4284 3417 4341 Elizabethre

179 4374 273 4427 tiae
292 4376 573 4427 adversum
600 4390 657 4429 se
685 4375 804 4428 lata:
829 4377 1072 4438 decreto,
1100 4375 1278 4429 acrius
1304 4374 1532 4441 spiravit
1555 4372 1607 4426 in
1633 4386 1749 4435 nos,

1851 4386 2028 4436 utero,
2052 4374 2300 4443 quodque
2320 4371 2485 4426 Jacob
2517 4374 2654 4426 inter
2685 4384 2740 4426 et
2777 4372 2916 4426 Esau
2954 4372 3245 4427 discrimen
3281 4374 3414 4428 illud

176 4475 235 4518 et
274 4466 503 4520 haereses
533 4467 754 4534 prpe-rit.
789 4485 807 4518 ι
840 4465 1153 4537 Origenizat
1193 4465 1306 4532 ipse
1350 4462 1612 4519 Eusebius
1652 4462 1742 4516 lib.
1782 4496 1823 4548 ο
1851 4484 1879 4520 a
1913 4466 2019 4521 Deo
2043 4466 2399 4519 constitutum
2427 4473 2529 4529 est,
2554 4463 2789 4516 futurum
2817 4474 2874 4517 ut
2906 4463 3074 4531 major
3094 4464 3293 4519 serviat
3315 4465 3418 4518 mi-

180 4574 256 4613 vtt
295 4557 368 4611 De
394 4569 676 4626 prmparal.
708 4557 930 4626 Evang.,
976 4559 1027 4611 in
1068 4571 1133 4611 eo
1159 4559 1334 4623 capite
1379 4556 1519 4624 quod
1556 4557 1747 4609 inscri-

178 4660 328 4721 ptum
346 4662 427 4706 est
462 4649 632 4719 ιπερὶ
653 4649 1072 4719 ἀντικειμένων
1090 4648 1425 4718 δυνάμεων,
1456 4649 1566 4716 ubi,
1595 4658 1744 4717 post-

177 4759 341 4813 quam
381 4745 647 4799 dazmones
690 4753 908 4812 propter
966 4742 1297 4810 impietatem
1346 4741 1399 4795 in
1456 4739 1741 4794 Tartarum

178 4834 543 4905 pmcipitatos
578 4835 740 4890 fuisse
770 4834 925 4897 dixit,
965 4841 1169 4903 partem
1202 4833 1447 4900 exiguam
1490 4832 1555 4885 ad
1586 4846 1742 4885 exer-

179 4928 406 4981 cendam
439 4927 643 4998 piorum
680 4927 952 4981 hominum
988 4924 1329 4980 sanctitatem
1362 4921 1505 4975 circa
1541 4932 1738 4975 terram

181 5021 374 5075 fecisse
399 5034 623 5076 moram.
647 5034 710 5072 ac
733 5017 1091 5072 idololatriam
1133 5016 1187 5069 in
1216 5012 1484 5067 hominem
1510 5011 1746 5065 invexis-

179 5126 237 5164 se
269 5112 448 5165 tradit.
480 5110 788 5181 Origenizat
841 5117 897 5162 et
935 5106 1226 5161 Cassianus
1264 5103 1457 5159 Collat.
1496 5119 1591 5166 vlt,
1623 5117 1742 5169 cap.

180 5204 272 5267 17,
310 5203 399 5257 ubi
431 5201 699 5271 proﬂigari
724 5201 1015 5263 daemones,
1050 5207 1106 5254 et
1141 5211 1317 5267 pugna
1342 5195 1605 5250 excedere
1637 5204 1745 5246 sta-

181 5296 302 5359 tuit,
336 5294 758 5365 quotiescunque
816 5293 882 5346 ab
929 5288 1235 5345 hominibus
1289 5287 1415 5341 vitia
1471 5302 1533 5340 ea
1582 5301 1746 5353 expu-

180 5399 431 5458 gnantur,
467 5387 659 5455 quibus
689 5384 790 5455 ipsi
824 5391 1075 5453 praesunt.
1105 5380 1178 5437 Ut
1214 5391 1392 5435 autem
1420 5390 1631 5434 careret
1660 5380 1742 5433 bis

179 5480 398 5536 Patrum
440 5480 692 5535 subsidiis
750 5476 1010 5547 Origenes
1051 5483 1257 5538 noster,
1301 5474 1567 5527 luereseos
1618 5479 1742 5523 nota

183 5573 415 5626 putidum
448 5573 662 5626 decreto
696 5570 767 5625 illi
804 5569 1045 5638 apposita
1073 5575 1179 5627 est.
1219 5565 1362 5635 quod
1392 5579 1594 5631 pwnam
1626 5580 1743 5615 sen—

181 5682 268 5719 sus
308 5681 337 5719 a
370 5666 700 5719 daemonibus
748 5670 1008 5729 removet,
1043 5660 1212 5715 donec
1240 5667 1511 5729 postremo
1540 5655 1743 5726 judicio

184 5761 236 5812 iu
263 5759 513 5830 abyssum
546 5758 869 5827 relegentur.

426 5855 690 5916 PATBOL.
731 5853 851 5913 Gn.
889 5850 1090 5912 XYll.

1855 4561 1994 4614 nori.
2058 4557 2167 4611 Nec
2218 4559 2384 4611 multo
2423 4555 2670 4623 superius
2711 4556 2825 4609 haec
2862 4555 3113 4624 leguntur
3148 4557 3196 4608 in
3227 4557 3413 4611 iisdem

1853 4652 2273 4708 Commentariis.
2305 4663 2452 4702 num.
2490 4648 2553 4700 l7
2581 4667 2593 4701 :
2628 4646 2772 4718 Πλὴν
2797 4648 2825 4699 ὁ
2848 4647 3004 4700 τοῦτο
3028 4647 3261 4718 νομίζων
3301 4650 3419 4721 ἐρεῖ

1850 4744 1929 4794 ὅτι
1952 4739 2136 4811 ὥσπερ
2164 4738 2313 4810 παρά
2339 4741 2448 4801 τοῖς
2474 4736 2918 4807 ὁμολογουμένοις
2943 4737 3247 4809 ἀνθρώποις
3279 4741 3415 4792 εἰσὶν

1849 4834 2087 4903 ἄγγελοι,
2124 4833 2198 4895 ὡς
2236 4835 2264 4884 ό
2293 4831 2563 4901 Ζαχαρίας
2600 4831 2798 4899 λέγων·
2833 4832 3109 4901 Ἄγγελος
3136 4832 3283 4886 Θεοῦ
3303 4834 3417 4904 ἐγὼ

1844 4926 1969 4993 μεθ’
2004 4922 2167 4993 ὑμῶν
2194 4924 2327 4990 εἰμι,
2360 4921 2519 4990 λέγει
2554 4921 2759 4987 Κύριος
2788 4921 3226 4990 παντοκράτωρ.
3262 4925 3417 4979 Καὶὸ

1857 5017 2104 5084 Ἰωάννης
2132 5014 2259 5084 περὶ
2283 5007 2342 5066 οὗ
2368 5012 2701 5082 γέγραπται·
2742 5012 2894 5065 Ἰδοὺ
2925 5014 3038 5082 ἐγὼ
3062 5015 3418 5071 ἀποστέλλω

1847 5107 1951 5158 τᾶν
1995 5105 2248 5173 ἄγγελόν
2277 5120 2394 5171 μου
2419 5102 2530 5170 πρὸ
2559 5101 2881 5169 προσώπου
2906 5118 3021 5156 σου
3043 5122 3053 5133 ⁸
3085 5104 3226 5157 οὕτω
3250 5108 3342 5160 καὶ
3366 5111 3415 5159 οἱ

1845 5200 1937 5253 τοῦ
1961 5198 2093 5252 Θεοῦ
2118 5197 2333 5265 ἄγγελοι
2358 5196 2505 5266 παρὰ
2530 5196 2587 5248 τὸ
2622 5194 2777 5266 ἔργον
2810 5195 2967 5248 τοῦτο
2996 5199 3412 5268 χρηματίζουσι,

1848 5296 1938 5345 καὶ
1961 5294 2020 5345 οὺ
2048 5291 2195 5361 παρὰ
2231 5289 2326 5360 τὴν
2361 5287 2517 5357 φύσιν
2547 5288 2736 5355 ἄνδρες
2776 5287 3086 5357 κληθέντες.

1922 5381 2085 5436 XXV.
2132 5381 2244 5435 lloc
2266 5379 2572 5434 Adamantii
2597 5380 2789 5450 dogma
2816 5381 3071 5434 ceuvellit
3099 5381 3335 5451 Cyrillus
3359 5382 3414 5433 in

1848 5476 2006 5529 Joan.
2032 5491 2075 5540 1,
2099 5474 2154 5536 6,
2179 5473 2479 5541 multosque
2504 5472 2580 5523 ait
2602 5470 2712 5536 jam
2736 5480 2859 5525 ante
2881 5469 3188 5539 Origenem.
3221 5475 3416 5539 ipsum-

1849 5582 1952 5637 que
1996 5566 2130 5619 adeo
2170 5561 2431 5618 Joannem
2461 5562 2869 5631 evangelistam,
2911 5562 3205 5615 credidisse
3251 5560 3417 5613 Joan~

1852 5673 1971 5713 nem
2004 5657 2296 5725 Baptistam
2354 5670 2456 5709 non
2490 5654 2757 5707 hominem
2782 5653 2969 5715 fuisse,
3005 5654 3098 5706 sed
3140 5653 3417 5721 angelum,

1852 5744 2075 5815 ejusque
2096 5743 2295 5797 erroris
2323 5741 2594 5797 evertendi
2627 5756 2788 5797 causa
2812 5741 3127 5810 ascripsisse
3153 5739 3418 5802 Joannem

3022 5834 3103 5898 28
