3860 6230
457 265 561 322 873

1721 274 1779 327 ll.
1824 274 2140 333 DANIELIS
2183 279 2271 335 ΙΙΙ]
2284 279 2413 334 ΕΤΙΙ

3580 284 3687 339 876

459 386 730 458 Evangelii
760 386 1117 456 scriptorem:
1150 387 1276 442 Fuit
1316 392 1487 443 homo.
1524 392 1839 466 Anonymus
1886 396 2026 463 apud
2053 407 2101 461 Α
2203 397 2470 454 Caeterum
2512 400 2779 455 immerito
2809 402 2991 472 culpat
3034 400 3321 472 Origeuem
3364 401 3551 458 Sixtus
3582 402 3684 460 Se-

456 478 704 535 Photium
736 480 859 535 cod.
885 495 1027 535 cxvn
1051 479 1268 551 Origeni
1312 482 1579 547 obiectum
1612 484 1794 549 refert,
1828 487 2029 542 dixisse

454 572 624 636 illum,
652 572 733 626 ὅτι
765 575 829 625 ὲκ
867 572 1267 637 καταπ-τώσεως
1284 570 1445 644 ἦλθον
1477 577 1524 627 οἱ
1558 576 1700 645 ἅγιοι
1730 580 1809 641 εἰς
1834 578 1923 632 τὸν
1944 580 2031 632 κό-

456 679 612 733 σμον,
652 664 765 717 ἀλλ’
797 665 858 717 οὐ
889 664 953 717 δι’
984 666 1184 737 ἐτέρων
1218 666 1531 739 θεραπείαν.
1586 668 1690 722 Pro
1717 669 1869 738 ἅγιοι
1903 670 2029 741 legit

453 757 700 811 Andreas
748 754 1025 823 Schottus,
1086 758 1238 827 ἅγιοι
1286 758 1561 828 ἄγγελον
1624 763 1782 815 vertit
1834 763 2023 816 enim:

459 867 478 898 ι
515 850 744 903 Sanctos
794 848 1010 916 angelos
1070 850 1318 918 delapsos
1374 852 1426 904 in
1478 851 1736 906 mundum
1790 854 2022 919 venisse,

453 954 558 991 non
591 940 655 990 ad
683 937 906 992 aliorum
935 939 1273 1006 obsequium.
1310 959 1327 991 ι
1360 941 1585 1009 Quoquo
1612 942 1769 996 modo
1795 941 2023 1012 legatur,

452 1037 678 1097 apparet
710 1029 1001 1083 calumnia.
1036 1031 1103 1082 At
1132 1029 1492 1101 Hieronymus
1515 1033 1747 1100 priorem
1773 1033 2023 1103 Origenis

450 1119 624 1174 locum
657 1136 688 1175 e
722 1130 850 1175 tom.
894 1136 929 1174 ιι
971 1122 1025 1173 in
1058 1121 1216 1175 Joan.
1255 1124 1423 1192 tangit
1463 1123 1518 1176 in
1544 1123 1762 1193 Aggtrir
1801 1142 1814 1178 :
1848 1145 1865 1175 ι
1898 1126 2024 1190 Qui-

451 1210 574 1265 dam
604 1222 810 1280 putant,
845 1212 1037 1277 inquit,
1074 1223 1124 1266 et
1150 1210 1407 1267 Joannem
1434 1213 1756 1283 Baptistam,
1782 1231 1836 1271 et
1862 1219 2022 1272 Mala-

449 1301 649 1367 ebiam,
673 1302 762 1369 qui
790 1302 1176 1371 interpretatur
1192 1302 1405 1373 angelus
1438 1305 1666 1372 Domini,
1694 1317 1746 1360 et
1769 1309 2019 1376 Aggieum

445 1408 605 1463 quem
640 1409 781 1449 nunc
804 1394 1063 1449 habemus
1107 1395 1158 1447 in
1191 1397 1462 1459 manibus,
1493 1397 1656 1452 fuisse
1685 1400 1925 1469 angelos,
1966 1412 2022 1454 et

446 1486 516 1539 ob
537 1485 989 1555 dispensationem
1016 1492 1069 1538 et
1087 1483 1381 1553 jussionem
1407 1484 1497 1541 Dei
1531 1490 1890 1557 assumpsisse
1922 1489 2020 1542 hu-

447 1592 604 1631 mana
645 1592 895 1645 corpora,
945 1585 992 1630 et
1030 1578 1170 1630 inter
1202 1576 1448 1632 homines
1491 1592 1858 1633 conversatos.
1910 1580 2021 1635 Nec

445 1670 643 1723 mirum
680 1668 781 1723 hoc
808 1669 874 1725 de
908 1669 1112 1739 angelis
1134 1669 1301 1731 credi,
1352 1684 1473 1723 cum
1507 1684 1603 1737 pro
1630 1670 1801 1725 salute
1830 1681 2015 1726 nostra

444 1762 606 1816 etiam
638 1761 803 1815 Filius
839 1760 931 1814 Dei
980 1764 1272 1814 humanum
1306 1775 1500 1829 corpus
1547 1762 1922 1830 assumpserit.
1957 1763 2019 1816 Et
2050 1764 2092 1818 B

445 1854 515 1908 ob
543 1855 682 1909 hanc
706 1868 925 1907 causam
956 1853 1115 1907 etiam
1148 1852 1214 1906 de
1242 1854 1565 1923 apocryphis
1591 1855 1835 1924 pra-bent
1869 1857 2017 1908 testi-

445 1944 709 2009 monium,
745 1944 836 1997 ubi
866 1943 1063 1996 dicitur
1087 1945 1226 2012 quod
1261 1943 1430 1998 Jacob
1458 1945 1547 2011 qui
1582 1953 1763 2012 postea
1796 1955 2016 2001 vocatus

443 2046 529 2089 est
555 2033 738 2095 Israel,
771 2034 992 2103 angelus
1017 2033 1201 2099 fuerit,
1240 2046 1294 2089 et
1328 2047 1609 2105 propterea
1637 2036 2015 2105 supplautave—

445 2127 520 2181 rit
552 2126 774 2181 fratrem
807 2126 859 2179 in
893 2136 1082 2180 ventre
1116 2128 1302 2181 matris
1330 2142 1467 2194 $033;
1508 2124 1766 2181 Joannem
1803 2144 2017 2199 quoque

443 2217 512 2271 ad
542 2231 724 2273 vocem
754 2217 934 2271 Mariae
966 2220 1153 2271 matris
1189 2219 1394 2272 Domini
1442 2218 1743 2273 exsultasse
1777 2220 1829 2273 in
1864 2228 2015 2274 utero

448 2308 764 2372 Elizabeth;
795 2319 851 2362 et
884 2309 1125 2362 omnium
1152 2290 1549 2363 rationabilium
1577 2325 1737 2363 unam
1765 2325 1886 2364 esse
1916 2327 2012 2364 na-

446 2411 643 2466 turam,
675 2409 730 2453 et
758 2399 827 2452 ob
865 2399 1001 2452 hanc
1034 2414 1252 2452 causam
1305 2398 1550 2452 homines
1581 2400 1668 2467 qui
1699 2400 2016 2467 placuerunt

442 2492 576 2558 Deo,
608 2490 845 2560 aequales
880 2490 1087 2557 angelis
1118 2492 1252 2544 fieri.
1296 2489 1404 2544 l-loc
1450 2491 1521 2544 illi
1554 2492 1808 2545 sentiant.
1844 2492 2013 2546 Cmte-

443 2598 560 2636 rum
602 2598 698 2636 nos
727 2583 967 2635 nunlium
996 2581 1226 2647 Domini,
1271 2582 1324 2635 id
1357 2591 1439 2635 est
1464 2582 1730 2651 angelum,
1779 2582 1867 2652 qui
1910 2582 2012 2635 He-

440 2676 625 2730 braice
654 2675 851 2729 dicitur
872 2657 1060 2754 πέντε,
1095 2673 1415 2742 simpliciter
1446 2675 1757 2744 prophetam
1808 2675 2010 2729 dictum

439 2766 804 2835 recipiamus;
846 2766 914 2818 ab
940 2781 1005 2819 eo
1030 2768 1170 2834 quod
1211 2765 1419 2819 Domini
1460 2765 1789 2819 voluntatem
1816 2766 2013 2835 populo

440 2856 789 2910 nuntiaverit.
827 2876 846 2908 ι
901 2855 991 2910 Sic
1024 2865 1079 2910 et
1108 2856 1369 2924 protentio
1402 2853 1906 2909 Commentariorum
1955 2856 2010 2908 in

440 2947 763 3001 Malachiam
798 2964 815 3000 :
850 2964 869 2998 ι
904 2946 1013 3002 Nec
1049 2947 1344 3017 putandum
1377 2947 1626 3017 estjuxla
1655 2945 2009 3015 quorumdam

438 3040 771 3108 opinionem,
799 3038 1046 3108 angelum
1072 3035 1282 3091 venisse
1312 3038 1375 3091 de
1392 3037 1550 3102 coelo,
1575 3046 1629 3091 et
1655 3037 2012 3105 assumpsisse

441 3146 639 3200 corpus
697 3131 988 3184 humanum
1042 3138 1101 3183 ut
1142 3128 1324 3183 lsraeli
1373 3144 1493 3198 qua:
1541 3144 1569 3181 a
1616 3128 1844 3182 Domino
1884 3139 2011 3182 sunt

441 3225 699 3275 mandata
756 3221 1083 3290 l0queretur.
1122 3240 1141 3273 ι
1196 3220 1262 3274 Et
1304 3219 1459 3289 paulo
1490 3229 1613 3287 post
1645 3220 1835 3289 dogma
1881 3218 2012 3273 illud

439 3311 657 3381 Origeni
690 3313 1005 3366 nominatim
1044 3311 1271 3366 ascribit
1305 3332 1315 3365 :
1358 3329 1375 3361 ι
1420 3310 1672 3379 Scripsit,
1724 3311 1924 3380 inquit,
1958 3312 2010 3365 in

432 3404 581 3458 hunc
607 3403 803 3458 librum
831 3401 1088 3472 Origenes
1116 3401 1220 3455 tria
1250 3400 1551 3465 volumina;
1604 3401 1697 3455 sed
1729 3401 2009 3456 historiam

436 3493 669 3549 omnino
697 3507 799 3547 non
831 3493 1027 3561 tetigit,
1062 3501 1118 3545 et
1152 3506 1302 3546 more
1332 3506 1427 3546 suo
1458 3501 1600 3545 totus
1647 3491 1699 3545 in
1745 3490 2012 3561 allegoriae

441 3585 883 3655 interpretatione
921 3592 1166 3638 versatus
1191 3592 1293 3646 est,
1346 3582 1545 3636 nullam
1581 3583 1763 3637 Esdrze
1809 3583 2011 3637 faciens

440 3680 793 3743 mentionem,
816 3677 909 3731 sed
934 3674 1178 3743 angelum
1213 3683 1406 3743 putans
1444 3673 1611 3729 fuisse
1648 3675 1739 3744 qui
1776 3675 2009 3743 scripsit,

437 3771 731 3825 secundum
767 3770 898 3823 illud
946 3769 1088 3838 quod
1122 3768 1188 3822 de
1214 3767 1421 3822 Joanne
1445 3766 1670 3837 legimus
1700 3784 1715 3821 :
1758 3765 1892 3819 Ecce
1918 3783 2010 3836 ego

435 3865 587 3918 mitto
627 3862 867 3933 angelum
903 3876 1073 3914 meum
1102 3873 1220 3913 ante
1244 3859 1432 3928 facient
1468 3869 1613 3911 tuam
1629 3857 1694 3911 ³⁸.
1727 3858 1879 3923 Quod
1914 3874 2011 3913 nos

436 3956 658 4010 omnino
705 3969 810 4009 non
842 3954 1154 4021 recipimus,
1200 3965 1267 4005 ne
1297 3951 1600 4005 animarum
1643 3951 1708 4005 de
1730 3950 1868 4005 caelo
1903 3953 2012 4005 rui-

436 4064 560 4103 nam
590 4047 866 4117 suscipere
896 4043 1304 4113 compellamur.
1340 4061 1358 4094 ι
1389 4042 1533 4096 Idem
1562 4042 1613 4093 in
1634 4041 1859 4110 epistola
1887 4040 2010 4121 126,

435 4156 555 4210 quae
582 4150 667 4194 est
696 4139 762 4193 ad
787 4137 1073 4207 Evagrium
1111 4158 1122 4191 :
1160 4153 1178 4187 ι
1207 4134 1264 4189 In
1289 4135 1465 4188 fronte
1496 4133 1789 4196 Geneseos,
1821 4133 1873 4185 in
1902 4133 2012 4201 pri—

420 4250 522 4288 ma
556 4231 896 4288 homiliarum
925 4228 1170 4299 Origeuis
1192 4226 1365 4296 reperi
1398 4224 1660 4293 scriptum
1688 4224 1751 4277 de
1785 4222 2011 4277 Melchi-

425 4326 670 4389 sedech;
706 4323 758 4376 in
804 4338 909 4391 qua
948 4319 1227 4389 multiplici
1261 4331 1510 4371 sermone
1547 4316 1856 4385 disputans,
1889 4315 2013 4368 illuc

428 4417 716 4473 devolutus
751 4426 857 4481 est,
885 4424 946 4469 ut
976 4429 1097 4469 eum
1139 4412 1389 4484 angelum
1439 4411 1670 4473 diceret,
1712 4408 2013 4475 iisdemque

434 4526 569 4578 pene
618 4509 969 4578 argumentis,
1019 4505 1212 4576 quibus
1250 4505 1486 4573 scriptor
1534 4512 1657 4555 tuus
1696 4501 1762 4555 de
1809 4499 2011 4569 Spiritu

430 4614 644 4665 sancto,
711 4601 801 4653 ille
855 4601 922 4653 de
975 4598 1223 4668 supernis
1278 4596 1573 4649 virtutibus
1636 4602 1719 4647 est
1777 4592 2007 4646 locutus.

434 4694 681 4750 Transivi
732 4694 797 4745 ad
828 4691 1113 4761 Didymum
1149 4698 1470 4742 sectatorem
1516 4686 1652 4755 ejus,
1688 4693 1745 4737 et
1785 4684 1891 4737 vidi
1924 4685 2015 4737 ho-

434 4786 635 4841 minem
664 4786 892 4855 pedibus
918 4785 967 4836 in
997 4780 1236 4848 magistri
1270 4782 1376 4833 isse
1404 4777 1747 4833 sententiam.
1780 4795 1797 4827 ›
1829 4774 2011 4843 Longe

430 4895 563 4949 ergo
608 4878 675 4932 ab
711 4878 812 4932 hoc
847 4889 1035 4929 errore
1066 4872 1238 4927 abfuit
1276 4871 1657 4939 Hieronymus,
1706 4868 1791 4921 cui
1832 4868 2005 4935 ipsum

435 4982 614 5026 tamen
645 4971 696 5023 iu
729 4967 1018 5023 Comment.
1047 4965 1116 5018 ad
1154 4965 1341 5033 psatm.
1375 4975 1511 5014 χχιιι
1545 4959 1744 5013 favisse
1772 4960 2007 5026 suspica-

434 5077 523 5119 tur
561 5062 963 5119 Genebrardus.
1012 5060 1163 5127 Quod
1210 5068 1355 5110 certe
1386 5055 1466 5108 .ita
1505 5069 1609 5107 non
1651 5067 1770 5107 esse
1815 5053 2007 5120 depre-

433 5156 652 5216 hendet,
699 5150 944 5220 quisquis
976 5158 1140 5202 totam
1179 5144 1372 5214 psalmi
1411 5143 1571 5211 hujus
1604 5142 2004 5194 enarrationem

430 5246 664 5304 curiosis
697 5244 871 5300 oculis
896 5237 1323 5309 perlustraverit.
1366 5233 1692 5301 Hieronymo
1723 5231 1774 5284 id
1796 5246 2007 5299 quoque

430 5340 778 5410 exprobravit
803 5337 1026 5389 Rufinus
1054 5331 1252 5385 Invect.
1284 5345 1320 5392 ι,
1360 5327 1443 5380 his
1466 5334 1767 5379 commotus
1801 5338 1920 5391 qua:
1948 5325 2002 5376 in

434 5434 624 5502 Ephes.
650 5450 691 5499 ι,
716 5430 769 5498 4,
794 5429 1053 5497 scriptum
1085 5423 1285 5478 habent
1316 5419 1456 5474 illius
1484 5416 1873 5471 Commentarii.
1895 5414 2000 5468 Sed

432 5526 645 5596 culpam
681 5525 818 5578 hanc
858 5536 889 5575 a
923 5534 981 5575 se
1010 5518 1330 5586 deprecatur
1361 5508 1573 5579 Apotog.
1600 5524 1615 5561 ι
1647 5509 1764 5561 adv.
1796 5503 1994 5573 Ru/in.,

430 5631 554 5687 cap.
582 5615 616 5669 5
639 5624 695 5669 et
724 5613 776 5667 ϐ.

501 5737 544 5768 ³⁹
581 5731 798 5788 Malach.
830 5746 912 5798 ιιι,
944 5730 969 5783 1
1001 5745 1015 5787 ;
1057 5725 1245 5781 Matth.
1279 5740 1351 5788 xI,
1379 5721 1461 5777 10.

2130 493 2335 555 nensis,
2369 494 2511 564 quod
2544 495 2730 551 homil.
2794 496 2866 550 25
2906 498 2958 548 iu
2999 495 3128 549 Luc.
3181 503 3385 565 septem
3413 497 3683 552 Ecclesia-

2129 600 2245 638 rum
2287 586 2590 656 episc0pos,
2619 602 2754 657 quos
2783 587 3021 642 Joannes
3051 588 3102 641 in
3133 587 3448 657 Apocalypsi
3477 591 3683 645 ratione

2126 676 2282 732 ofﬁcii
2329 679 2545 749 angelos
2599 680 2873 750 appellat,
2909 695 3037 735 vere
3083 678 3252 735 fuisse
3293 680 3509 750 angelos
3536 722 3552 748 ,
3588 695 3681 737 ve-

2126 785 2353 840 ramque
2392 773 2708 843 angelorum
2740 783 2988 827 naturam
3026 772 3281 827 habuisse
3309 773 3541 837 dixerit;
3582 788 3680 828 nec

2127 863 2319 917 harum
2348 864 2493 919 enim
2524 864 2887 919 Ecclesiarum
2919 864 3201 934 episcopos
3247 862 3353 917 illic
3375 863 3575 931 putarit
3603 864 3677 917 si-

2125 955 2365 1025 gnificari
2386 996 2403 1021 ,
2437 957 2532 1011 sed
2556 971 2741 1017 earum
2788 953 3495 1027 guberriationi~.pr:efectos
3517 969 3675 1024 ange-

2124 1046 2223 1101 los.

2194 1137 2381 1193 XXVI.
2430 1141 2507 1195 De
2553 1142 2760 1212 angelis
2807 1140 3128 1197 tutelaribus
3170 1141 3441 1211 paradoxa
3476 1154 3680 1211 quoque

2123 1232 2289 1285 multa
2307 1234 2489 1297 habet,
2511 1250 2738 1304 quorum
2761 1233 3061 1289 omittenda
3090 1234 3246 1288 nobis
3266 1248 3370 1287 non
3389 1244 3472 1288 est
3488 1235 3682 1303 disqui-

2122 1324 2262 1376 sitio.
2291 1323 2346 1377 In
2369 1327 2579 1380 cantico
2605 1326 2764 1381 Mosis
2790 1337 2967 1383 exstat
2991 1344 3200 1384 comma
3226 1329 3386 1383 illud:
3413 1349 3431 1380 ι
3462 1330 3680 1396 Quando

2121 1417 2394 1471 dividebat
2424 1419 2734 1475 Altissimus
2761 1431 2972 1490 gentes,
3001 1421 3215 1491 quando
3246 1424 3525 1491 separabat
3545 1424 3678 1477 filios

2118 1509 2311 1576 Adam,
2352 1512 2635 1566 constituit
2664 1514 2922 1567 terminos
2957 1513 3275 1583 populorum
3307 1513 3463 1583 juxta
3494 1528 3675 1567 nume-

2120 1617 2237 1655 rum
2263 1601 2492 1656 filiorum
2515 1603 2701 1659 Israel.
2718 1604 2849 1659 Pars
2863 1617 3040 1660 autem
3062 1606 3292 1671 Domini,
3309 1606 3533 1675 pepulus
3546 1606 3677 1672 ejus:

2119 1691 2285 1748 Jacob
2310 1692 2584 1750 funiculus
2627 1696 2960 1753 haereditatis
2997 1699 3111 1768 ejus
3147 1699 3213 1753 ιο.
3253 1718 3272 1749 ι
3302 1698 3426 1753 Haec
3449 1694 3686 1754 Hebraeis

2120 1797 2449 1853 consonant;
2480 1799 2534 1842 at
2556 1802 2622 1842 ex
2653 1789 2904 1844 lectionis
2931 1792 3214 1854 varietate;
3249 1805 3407 1860 quam
3429 1790 3537 1844 alio
3570 1790 3688 1843 loco

2118 1882 2493 1948 expendimus,
2510 1881 3151 1952 verteruntSeptuaginta
3165 1883 3485 1950 lnterpretes
3502 1905 3513 1936 :
3530 1881 3687 1935 Κατὰ

2116 1970 2347 2043 ἀριθμὸν
2369 1972 2616 2041 ἀγγέλων
2641 1973 2795 2028 Θεοῦ.
2830 1974 2938 2029 llos
2984 1990 3105 2029 cum
3145 1974 3272 2030 alibi
3303 1974 3501 2042 passim
3526 2014 3545 2037 ,
3574 1982 3686 2026 tum

2116 2064 2207 2118 hic
2223 2064 2554 2120 secutus'est
2583 2067 2863 2136 Origenes,
2891 2079 3054 2136 atque
3086 2068 3208 2121 inde
3242 2068 3342 2122 sibi
3370 2068 3527 2121 tinxit
3560 2076 3686 2121 tunc

2116 2159 2349 2225 primum
2374 2160 2626 2224 gentibus
2652 2198 2665 2222 ,
2696 2175 2820 2213 cum
2850 2161 2900 2213 in
2941 2161 3122 2215 varias
3167 2160 3378 2230 linguas
3399 2159 3690 2228 variosque

2115 2248 2338 2317 populos
2373 2251 2439 2303 ad
2472 2252 2667 2305 turrim
2695 2250 2858 2305 Babel
2884 2252 3158 2323 dissipata:
3194 2262 3340 2317 sunt,
3371 2253 3685 2322 assignatos

2116 2339 2285 2395 fuisse
2330 2342 2597 2412 angelos,
2643 2353 2701 2397 ut
2731 2359 2916 2399 curam
2964 2360 3154 2400 earum
3185 2357 3460 2414 pastorum
3511 2346 3690 2399 instar

2115 2443 2393 2501 gererent,
2429 2445 2483 2488 et
2509 2436 2776 2503 primitias
2801 2451 2868 2490 ex
2906 2438 2973 2492 iis
3007 2438 3113 2492 Deo
3138 2436 3414 2504 offerrent,
3439 2438 3690 2493 homines

2122 2527 2171 2579 nl
2184 2526 2380 2579 mirum
2404 2528 2495 2596 qui
2521 2528 2733 2583 meritis
2751 2529 3118 2597 praecellerent
3143 2540 3197 2584 et
3226 2531 3443 2591 virtute,
3469 2544 3690 2583 eorum-

2114 2635 2180 2675 ve
2228 2622 2343 2689 pias
2374 2623 2770 2691 cogitationes;
2806 2634 2860 2678 et
2892 2635 2949 2678 ut
2991 2625 3296 2679 hominibus
3323 2623 3423 2677 sibi
3448 2624 3691 2677 destina-

2116 2714 2182 2766 tis
2210 2714 2277 2768 ad
2312 2715 2731 2784 comparandam
2768 2717 3001 2771 Salutem
3043 2717 3244 2770 auxilio
3287 2723 3470 2770 essent
3514 2733 3528 2766 :
3577 2730 3687 2784 quo

2112 2806 2349 2875 graviori
2398 2817 2579 2862 autem
2622 2810 2830 2864 scelere
2872 2825 2992 2864 sese
3029 2811 3081 2862 in
3116 2808 3387 2863 communi
3419 2808 3523 2861 hac
3554 2822 3684 2876 per-

2114 2899 2383 2955 duellione
2430 2916 2763 2971 unaquaeque
2798 2916 2930 2971 gens
2959 2902 3235 2971 alligasset
3263 2940 3280 2965 ,
3324 2915 3390 2953 eo
3442 2899 3691 2954 durioris

2112 2995 2325 3064 angeli,
2376 3010 2548 3064 ptena:
2589 3010 2797 3062 causa,
2847 2996 3074 3065 imperio
3128 2993 3295 3047 fuisse
3348 2991 3691 3059 subjectaiu;

2037 3108 2079 3165 ο
2116 3086 2282 3141 Deum
2335 3100 2512 3141 autem
2547 3088 2720 3157 ipsum
2770 3090 3062 3158 regendam
3114 3086 3421 3154 suscepisse
3470 3093 3691 3151 gentem

2114 3181 2253 3236 hanc
2286 3195 2406 3250 quae
2434 3180 2710 3248 antiquam
2746 3179 3009 3249 loquelam
3047 3178 3306 3238 retinuit;
3351 3176 3445 3229 sed
3494 3175 3571 3229 ita
3603 3185 3691 3226 ta-

2114 3289 2236 3329 men
2272 3284 2329 3328 ut
2362 3274 2405 3328 si
2455 3273 2632 3327 minus
2662 3273 2711 3327 ei
2749 3273 2894 3326 dicto
2945 3272 3251 3325 audientem
3281 3282 3340 3322 se
3371 3269 3650 3336 praeberet
3676 3307 3692 3330 ,

2112 3367 2179 3419 ad
2229 3365 2542 3435 angelorum
2593 3362 2970 3433 praefecturam
3016 3362 3312 3423 transiret;
3360 3369 3528 3428 atque
3567 3358 3697 3413 alia:

2112 3457 2297 3511 itidem
2346 3465 2536 3524 gentes
2583 3454 2919 3523 asperiorum
2955 3454 3266 3525 angelorum
3302 3456 3699 3521 experirentur

2113 3551 2341 3620 imperia
2369 3590 2384 3613 ,
2418 3551 2461 3602 si
2494 3549 2761 3602 leniorum
2784 3549 2933 3617 jussa
2964 3548 3388 3611 detrectassent;
3420 3544 3702 3597 molliori-

2111 3641 2211 3696 bus
2239 3641 2451 3695 interim
2480 3638 2717 3693 dominis
2740 3679 2754 3703 ,
2789 3638 2855 3691 ad
2889 3639 3229 3693 sarciendam
3259 3637 3699 3691 commissorum

2113 3732 2216 3786 sibi
2248 3732 2526 3786 hominum
2553 3731 2846 3799 jacturam,
2889 3730 3023 3784 alios
3053 3730 3339 3784 szeviorum
3369 3729 3695 3797 principum

2112 3826 2341 3895 imperio
2369 3823 2841 3887 subtrahentibus,
2875 3835 2931 3877 et
2960 3822 3027 3877 ad
3054 3836 3176 3876 sese
3197 3820 3696 3884 convertentibus;

2114 3919 2241 3972 hinc
2273 3916 2633 3971 exhzeredatis
2660 3915 2916 3970 lsraelitis
2951 3915 3154 3969 ascitas
3195 3930 3223 3967 a
3248 3913 3470 3967 Christo
3494 3921 3697 3981 gentes

2113 4014 2316 4077 fuisse;
2349 4009 2570 4080 angelos
2600 4023 2817 4077 quoque
2842 4023 2939 4077 pro
2985 4008 3299 4062 meritorum
3333 4018 3561 4059 suorum
3603 4019 3698 4058 ra—

2116 4110 2259 4163 tione
2289 4107 2477 4159 harum
2507 4103 2792 4158 illarumve
2821 4101 3060 4169 gentium
3090 4099 3328 4168 regimen
3362 4094 3533 4150 fuisse
3562 4110 3697 4151 sor-

2114 4203 2262 4264 titos,
2287 4200 2523 4266 deosque
2552 4193 2835 4264 appellari,
2874 4192 3018 4261 quod
3054 4207 3085 4245 a
3129 4190 3239 4245 Deo
3276 4190 3383 4243 dati
3414 4189 3554 4254 sint,
3589 4189 3696 4243 do-

2114 4296 2289 4348 minos
2314 4295 2457 4363 quod
2501 4307 2529 4344 a
2573 4290 2801 4343 Domino
2831 4296 3148 4357 potestatem
3188 4284 3548 4352 acceperint:
3590 4300 3699 4352 μα-

2113 4389 2398 4459 ταιώματα
2440 4389 2555 4441 haec
2603 4385 2781 4455 prodit
2810 4382 3073 4452 Origenes
3117 4396 3220 4434 non
3263 4394 3370 4433 uno
3397 4378 3547 4432 loco.
3590 4379 3689 4434 V’i«

2115 4485 2305 4538 deatur
2370 4480 2554 4535 homil.
2585 4478 2649 4531 16
2696 4479 2750 4529 in
2780 4475 2993 4537 Gener"
3025 4488 3173 4527 num.
3206 4471 3241 4523 9.
3263 4512 3278 4536 ,
3316 4479 3364 4523 et
3398 4469 3598 4523 homil.
3629 4470 3693 4523 11

2113 4578 2166 4629 in
2195 4575 2382 4637 Nnm.,
2417 4589 2566 4625 num.
2596 4571 2649 4633 4,
2690 4572 2741 4622 in
2777 4583 2882 4637 qua
2911 4582 3073 4634 supra
3097 4562 3539 4618 commemoratis
3574 4564 3697 4616 haec

2113 4667 2376 4736 adjungit,
2401 4666 2535 4717 alios
2568 4677 2781 4731 quoque
2811 4661 3039 4713 fortasse
3063 4658 3403 4711 extrinsecus
3433 4669 3567 4709 esse
3602 4673 3699 4707 an-

2111 4761 2298 4829 gelos,
2338 4759 2434 4829 qui
2484 4774 2549 4812 ex
2602 4754 2870 4809 universis
2916 4751 3167 4823 gentibus
3213 4748 3400 4802 fideles
3434 4762 3700 4817 quosque

2111 4860 2438 4922 Congregent
2461 4891 2477 4915 ,
2519 4863 2724 4918 eosque
2746 4846 3047 4916 gubernent
3070 4882 3085 4906 ,
3117 4857 3239 4895 cum
3272 4854 3301 4893 a
3324 4838 3551 4893 Christo
3584 4841 3695 4908 ipsi

2111 4947 2500 5013 gnberuentur,
2525 4942 2615 5010 qui
2646 4959 2662 4990 ‹
2699 4955 2805 4993 non
2833 4950 2939 4991 tam
2987 4952 3081 4989 rex
3106 4936 3332 4993 dicatur,
3361 4948 3527 5002 quam
3566 4933 3696 4986 Rex

2110 5053 2327 5107 regum;
2361 5048 2413 5089 et
2439 5051 2543 5088 non
2571 5044 2678 5086 tam
2715 5030 2993 5093 Dominus,
3032 5042 3192 5094 quam
3224 5024 3487 5077 Dominus
3508 5024 3699 5077 domi-

2111 5129 2385 5194 nantium;
2424 5145 2441 5176 ι
2476 5126 2732 5193 additque
2758 5121 2917 5191 paulo
2942 5120 3170 5174 inferius
3196 5130 3446 5185 magnam
3470 5116 3698 5170 sollici-

2110 5220 2350 5273 tudinem
2383 5216 2603 5288 angelos
2636 5215 2895 5269 adhibere
2939 5214 3006 5266 iis
3035 5208 3367 5271 excolendis,
3398 5222 3537 5275 quos
3574 5218 3701 5262 stu-

2109 5314 2198 5368 dio
2227 5327 2328 5366 suo
2377 5304 2440 5363 ac
2471 5309 2745 5377 diligentia
2792 5308 2859 5361 ab
2899 5304 3175 5360 erroribus
3205 5300 3269 5354 ad
3299 5300 3463 5354 fidem
3496 5302 3701 5353 tradu-

2109 5404 2309 5459 xerint.
2347 5402 2453 5457 Sed
2483 5413 2537 5456 et
2581 5400 2854 5455 homiliam
2887 5398 2957 5452 ‘23
2982 5398 3034 5450 in
3057 5396 3239 5457 Iosue,
3270 5407 3416 5446 num.
3445 5391 3505 5458 3,
3540 5394 3699 5447 adiri

2101 5499 2284 5565 jubeo,
2322 5495 2776 5552 etduodccimam
2816 5493 2871 5545 in
2901 5490 3120 5553 Lucam,
3162 5488 3214 5540 in
3256 5499 3360 5554 qua
3392 5485 3697 5538 nationum

2108 5591 2363 5660 prmsides
2388 5589 2606 5661 angelos
2632 5587 2732 5643 sub
2760 5583 3013 5655 imposito
3037 5580 3139 5637 sibi
3165 5590 3327 5635 onere
3355 5573 3699 5632 fatiscentes

1541 5719 1584 5752 ’⁸ο
1620 5719 1769 5772 Deut.
1810 5728 1979 5778 xsxu,
2019 5710 2074 5774 8,
2110 5710 2162 5764 9.
