3836 6236
405 336 509 390 879

1673 332 1733 390 P.
1777 334 2090 393 DANIELIS
2128 334 2368 391 llUETl!

3551 344 3663 401 880

407 456 691 525 imperium
723 450 958 518 fatetur;
987 460 1206 505 sanctos
1233 459 1414 507 autem
1438 465 1465 505 a
1495 449 1714 506 Christo
1740 456 1970 523 protegi,
2005 460 2049 515 Α
2076 456 2158 511 vis
2195 465 2249 511 et
2288 456 2389 525 ipsi
2432 458 2661 527 apostoli
2706 459 2912 530 angelis
2946 468 3168 517 utantur
3194 464 3533 534 adjutoribns
3585 467 3659 520 ad

409 547 501 614 qui
522 553 710 599 contra
738 543 1040 597 dtemonum
1069 541 1312 597 assultus
1342 541 1563 611 angelos
1608 559 1739 599 suos
1771 554 1978 601 tutores

407 636 477 690 iis
514 634 738 689 addidit.
786 632 842 687 ld
885 631 1027 702 quod
1070 632 1309 687 suasisse
1346 632 1559 687 videtur
1597 632 1820 702 Origeni
1867 634 1975 688 Da-

405 726 643 780 vidicum
709 724 835 777 illul
901 723 1089 792 psalmi
1150 738 1345 788 xxxrn,
1406 726 1437 780 8
1480 743 1495 779 :
1537 743 1557 777 ι
1610 725 1976 783 Castrameta-

404 817 553 872 bitur
591 814 820 885 angelus
866 814 1077 869 Domini
1119 814 1171 869 in
1207 816 1438 870 circuitu
1472 814 1780 872 timentium
1827 833 1976 885 eum,

406 920 462 965 et
494 909 684 976 eripiet
717 923 829 963 eos.
865 926 883 959 ι

478 1003 531 1055 In
572 1001 845 1056 contraria
885 1006 1063 1052 autem
1106 997 1234 1052 alibi
1282 998 1552 1064 discedit,
1597 1009 1652 1054 et
1698 1001 1972 1056 neminem

408 1094 606 1150 asserit
643 1092 889 1163 angelico
930 1104 1119 1145 carere
1156 1090 1412 1159 praesidio
1462 1112 1473 1146 :
1515 1101 1643 1161 puta
1686 1103 1831 1148 tomo
1875 1109 1975 1148 xm

405 1192 461 1244 in
489 1186 707 1250 Matth,
735 1199 883 1239 num.
908 1183 963 1247 5,
1005 1183 1095 1237 ubi
1119 1183 1355 1236 lunatico
1384 1184 1534 1249 huic,
1568 1201 1730 1256 quem
1766 1187 1979 1241 curavit

411 1280 709 1343 Dominus,
749 1275 995 1347 angelum
1048 1274 1247 1329 bonum
1305 1271 1545 1330 adfuisse
1601 1276 1803 1344 docet,
1861 1286 1975 1331 tum

406 1376 566 1430 etiam
594 1388 715 1427 cum
755 1386 785 1426 a
816 1371 1059 1426 daemone
1095 1378 1409 1435 vexaretur,
1456 1379 1510 1423 et
1562 1371 1797 1423 nondum
1830 1370 1975 1425 salu-

407 1478 577 1523 tarem
612 1466 813 1523 Christi
849 1479 1001 1533 opem
1045 1463 1301 1518 sensisset
1334 1482 1348 1517 :
1377 1462 1565 1534 Πατὴρ
1600 1463 1657 1517 δὲ
1696 1464 1787 1517 τοῦ
1827 1463 1976 1535 σελη-

406 1559 723 1631 νιαζομένου
745 1558 885 1628 τάχα
911 1559 939 1610 ὁ
967 1555 1144 1627 λαχὼν
1180 1555 1339 1610 αὑτὸν
1376 1554 1623 1623 ἄγγελος·
1656 1556 1763 1608 εἴτε
1795 1557 1977 1611 πᾶσαν

405 1654 621 1708 λεκτέον
662 1651 1008 1721 ἀνθρωπίνην
1052 1648 1229 1720 ψυχὴν
1278 1648 1384 1701 ὑπό
1426 1666 1528 1701 τινι
1582 1648 1840 1719 τετάχθαι
1883 1650 1979 1717 ἀγ-

405 1746 567 1816 γέλῳ.
616 1744 878 1799 lllustrior
905 1742 1064 1797 e:iam
1092 1750 1175 1795 est
1220 1739 1369 1795 locus
1407 1739 1543 1793 alter
1582 1755 1649 1795 ex
1686 1740 1871 1794 homil.
1905 1740 1975 1795 '55

404 1840 460 1891 in
507 1836 637 1891 Luc.
686 1836 736 1888 in
766 1850 872 1905 quo
923 1831 1268 1902 parvulorum
1307 1834 1396 1902 qui
1431 1831 1681 1887 Ecclesia:
1714 1831 1980 1886 dederunt
2010 1817 2051 1872 Β

405 1944 600 1985 nomen
624 1968 641 1994 ,
688 1927 907 1998 angelos
938 1925 1127 1981 faciem
1159 1925 1397 1980 cmlestis
1444 1923 1622 1979 Patris
1654 1938 1870 1995 semper
1897 1924 1979 1978 vi-

405 2023 537 2076 dere
584 2026 886 2084 asseverat;
935 2016 1027 2086 qui
1064 2031 1192 2071 vero
1226 2016 1294 2070 ab
1329 2014 1566 2070 Ecclesia
1616 2015 1774 2070 alieni
1828 2025 1975 2085 sunt,

404 2128 591 2169 eorum
618 2110 841 2181 angelos
873 2112 939 2164 ad
978 2108 1215 2163 ctelestis
1247 2107 1424 2162 Patris
1457 2107 1648 2161 faciem
1680 2106 1867 2162 oculos
1893 2117 1979 2159 at-

405 2204 592 2260 tollere
618 2217 723 2256 non
758 2201 993 2267 audere;
1033 2210 1085 2255 et
1124 2215 1222 2269 pro
1271 2200 1548 2254 hominum
1597 2198 1700 2257 sibi
1731 2199 1976 2254 subdito-

404 2312 523 2350 rum
550 2294 762 2352 meritis
795 2310 858 2349 ac
882 2293 1206 2358 virtutibus,
1252 2290 1369 2360 plus
1414 2291 1690 2356 minusve,
1716 2289 1798 2345 vel
1835 2305 1978 2346 sem-

403 2403 521 2457 per,
552 2386 637 2440 vel
672 2400 943 2454 nunquam
992 2382 1084 2437 Dei
1135 2384 1340 2437 vultum
1387 2381 1743 2451 contemplari
1793 2396 1972 2451 posse.

405 2479 545 2544 Quin
579 2476 745 2529 etiam
782 2474 1070 2542 unicuique
1096 2473 1313 2543 angelos
1341 2474 1474 2527 duos
1497 2513 1512 2538 ,
1541 2472 1740 2526 bonum
1768 2487 1932 2525 unum
1958 2512 1974 2538 ,

402 2570 605 2624 malum
650 2566 875 2622 alterum
908 2566 1098 2620 adesse
1131 2580 1235 2619 non
1270 2580 1376 2619 uno
1407 2564 1524 2620 loco
1572 2564 1971 2635 pronuntiavit,

404 2672 462 2716 ut
495 2662 653 2731 paulo
682 2658 906 2716 inferius
946 2658 1310 2713 ostendemus.

476 2755 692 2809 Dubitat
721 2762 981 2823 pmterea
1023 2750 1287 2819 Origenes
1318 2758 1496 2805 utrum
1533 2748 1601 2803 ab
1637 2750 1754 2818 ipso
1788 2747 1969 2804 statim

402 2858 524 2903 ortu
553 2846 773 2919 angelus
800 2860 980 2900 comes
1007 2843 1210 2899 homini
1242 2842 1434 2909 electo,
1466 2852 1520 2897 et
1543 2842 1702 2898 saluti
1732 2840 1975 2897 destina-

402 2950 459 2994 to
489 2938 808 3007 adiungatur
833 2952 861 2989 a
899 2937 1008 2991 Deo
1036 2979 1051 3003 ,
1082 2952 1150 2990 an
1186 2951 1215 2989 a
1246 2935 1534 3003 baptismo.
1579 2934 1793 2990 Prostat
1819 2935 1974 2990 locus

403 3042 550 3085 tonio
593 3044 688 3083 xm
723 3030 780 3081 in
821 3026 1039 3091 ΜαιιΙι.,
1084 3042 1233 3080 num.
1284 3025 1374 3091 26,
1410 3026 1496 3079 ubi
1540 3022 1666 3077 illud
1698 3024 1974 3094 evangeli-

401 3134 499 3179 sta:
539 3123 587 3155 “
637 3122 975 3192 explanans:
1012 3140 1030 3172 ι
1067 3118 1255 3175 Videte
1310 3132 1380 3174 ne
1411 3117 1769 3173 contemnatis
1807 3131 1970 3170 unum

400 3231 468 3268 ex
500 3215 584 3267 his
612 3210 820 3282 pusillis
851 3251 867 3277 ,
899 3230 918 3263 ι
946 3209 1139 3279 quzerit
1169 3224 1351 3264 annon
1386 3208 1476 3276 qui
1516 3208 1568 3261 in
1593 3206 1812 3263 Christo
1839 3221 1968 3275 par-

398 3301 508 3358 vuli
540 3312 665 3357 sunt
692 3311 746 3355 et
768 3298 1425 3370 imperfecti,angelorum
1458 3299 1703 3352 custodia
1734 3307 1966 3369 egeant;

400 3391 635 3461 majores
680 3398 857 3445 autem
893 3398 948 3445 et
999 3388 1267 3459 perfecti,
1326 3387 1529 3441 Christi
1592 3386 1777 3457 ipsius.
1826 3386 1963 3440 Tum

399 3481 750 3551 quaestionem
784 3488 1261 3534 commemoratam
1290 3477 1565 3547 proponit,
1602 3478 1794 3546 ecquid
1822 3484 1967 3546 post-

399 3588 562 3642 quam
594 3572 701 3627 nati
722 3584 848 3628 sunt
876 3571 1129 3637 infantes,
1160 3586 1231 3623 an
1260 3578 1542 3639 postquam
1575 3568 1771 3634 renati,
1802 3583 1967 3637 ange—

400 3661 572 3717 lorum
605 3660 886 3717 custodum
911 3662 1183 3718 consortio
1213 3660 1477 3714 fruantur.
1505 3657 1805 3728 Utramque
1836 3658 1968 3714 locis

397 3770 431 3809 e
460 3753 741 3825 Scriptura
781 3754 1023 3824 quaesitis
1050 3752 1201 3806 fulcit
1234 3752 1579 3819 sententiam,
1612 3750 1705 3807 sed
1731 3751 1965 3821 priorem

400 3844 673 3914 pluribus;
702 3844 985 3913 posteriori
1013 3858 1142 3897 vero
1185 3855 1519 3911 consequens
1542 3854 1663 3896 esse
1698 3840 1965 3911 agnoscit,

397 3936 602 4007 angelis
656 3935 870 3990 Satanae
900 3935 1172 3990 subditum
1205 3948 1326 3988 esse
1378 3932 1649 3987 hominem
1679 3970 1697 3997 ,
1729 3932 1965 4001 quandiu

400 4028 561 4083 fidem
587 4027 786 4083 Christi
822 4042 927 4082 non
957 4026 1214 4094 suscepit.
1253 4024 1494 4079 lnsolens
1518 4034 1696 4078 autem
1728 4039 1791 4078 ac
1817 4024 1969 4077 dam-

399 4135 590 4175 nosum
628 4119 880 4187 estquod
932 4118 1137 4189 adjicit,
1191 4115 1439 4185 angelum
1491 4113 1726 4169 fortasse
1757 4112 1964 4169 homini

400 4212 641 4268 nascenti
695 4211 970 4266 custodem
1017 4209 1299 4272 additum,
1356 4206 1553 4261 malum
1608 4204 1762 4259 initio
1814 4219 1964 4270 esse;

395 4304 595 4359 Christi
621 4302 816 4358 deinde
850 4301 1151 4357 doctrinam
1182 4307 1496 4368 capessente
1521 4312 1711 4367 puero,
1742 4297 1965 4352 eosdem

396 4396 576 4450 facere
623 4407 939 4465 progressus
971 4392 1215 4463 angelum
1242 4432 1259 4457 ,
1290 4402 1345 4445 et
1374 4390 1572 4444 faciem
1604 4389 1818 4443 demum
1852 4402 1966 4444 cte-

2080 546 2403 615 explendum
2435 549 2826 618 praedicationis
2853 568 2961 607 suae
2997 569 3212 621 munus,
3228 566 3283 611 et
3314 572 3449 626 opus
3471 558 3578 612 Eva
3591 574 3654 612 n-

2079 635 2203 708 gelii
2237 646 2740 698 consummandum.
2785 642 2877 699 Sic
2909 645 3054 699 enim
3086 646 3366 703 dicebatur
3399 649 3453 703 in
3490 649 3648 704 Acti—

2079 730 2179 784 bus
2227 731 2591 800 apostolorum
2617 734 2685 799 ",
2735 734 2859 802 quia
2897 737 3121 805 angelus
3151 736 3293 793 Petri
3339 749 3503 805 esset,
3550 739 3649 809 qui

2078 819 2321 888 pulsaret
2345 822 2413 874 ad
2442 823 2661 878 ostium.
2696 823 2960 879 Similiter
2987 841 3117 896 ergo
3163 827 3479 898 intelligitur
3524 844 3650 886 esse

2077 922 2132 968 et
2166 913 2301 969 alius
2335 913 2482 969 Pauli
2514 917 2736 986 angelus
2760 958 2776 983 ,
2818 918 2960 971 sicut
2984 927 3066 971 est
3107 918 3280 980 Petri,
3308 930 3364 975 et
3399 920 3535 975 alius
3565 921 3654 976 alo

2077 1006 2248 1060 terius
2275 1006 2526 1075 apostoli,
2553 1017 2607 1062 et
2631 1008 2965 1080 singulorum
3008 1024 3100 1077 per
3131 1011 3399 1066 ordinem.
3436 1031 3456 1065 ι
3497 1012 3650 1080 Quo-

2079 1110 2200 1150 rum
2228 1096 2424 1151 similia
2461 1098 2622 1153 habet
2653 1100 2800 1153 hom.
2825 1098 2896 1153 23
2927 1101 2981 1152 in
3002 1098 3145 1167 Jos.,
3181 1116 3328 1156 num.
3361 1102 3416 1156 5.

2151 1188 2345 1245 XXIX.
2392 1191 2594 1246 Praeter
2644 1191 2889 1247 homines
2919 1193 3305 1264 hominumque
3352 1205 3652 1252 conventus

2080 1295 2143 1335 ac
2165 1282 2483 1345 societates,
2515 1292 2625 1336 tum
2672 1282 3083 1349 ecclesiasticas,
3115 1294 3223 1337 tum
3254 1284 3519 1353 politicas,
3548 1302 3655 1342 aue

2079 1372 2321 1443 gelorum
2350 1388 2494 1427 cura:
2529 1374 2819 1442 permissas
2846 1413 2861 1437 ,
2894 1374 2999 1429 alia
3036 1363 3263 1446 'quoque
3290 1376 3527 1429 inanima
3557 1392 3652 1431 re-

2079 1464 2265 1532 gimini
2304 1465 2541 1532 ipsorum
2579 1465 2791 1521 subdita
2821 1481 2941 1522 esse
2965 1466 3225 1531 decrevit,
3254 1469 3511 1538 variaque
3531 1470 3649 1525 haec

2081 1555 2202 1610 illos
2233 1558 2441 1611 meritis
2467 1560 2580 1612 suis
2622 1558 2844 1614 sortitos
2878 1557 3049 1611 ollicia
3075 1599 3091 1623 ,
3126 1568 3186 1614 ut
3231 1560 3277 1614 si
3316 1561 3405 1629 qui
3456 1562 3649 1616 bestiis

2079 1646 2317 1715 praesint,
2352 1646 2539 1702 ferinis
2580 1646 2630 1700 id
2669 1650 2878 1702 actibus
2909 1649 3016 1702 sint
3042 1648 3354 1711 consecuti;
3399 1649 3490 1718 qui
3516 1663 3649 1703 vero

2079 1750 2386 1794 sanctorum
2418 1756 2605 1808 preces
2638 1740 2747 1795 Deo
2776 1740 2973 1796 olIerre
2992 1741 3129 1812 jussi
3160 1741 3287 1807 sint,
3324 1755 3417 1794 sua
3448 1741 3655 1809 pietate

2081 1830 2132 1885 id
2168 1832 2409 1887 muneris
2435 1834 2832 1901 promeruerint
2864 1848 2879 1887 :
2915 1834 3041 1888 hinc
3071 1832 3328 1901 Rapliaeli
3364 1832 3651 1887 medicina:

2080 1921 2313 1976 studium
2373 1921 2537 1977 fuisse
2571 1925 2919 1979 commissum
2951 1963 2965 1987 ,
3017 1938 3115 1995 pro
3160 1937 3256 1978 sua
3313 1923 3367 1976 in
3398 1922 3652 1978 homines

2081 2009 2381 2078 cliaritate;
2422 2013 2669 2068 Micliaeli
2697 2056 2711 2078 ,
2744 2017 3050 2069 orationum
3083 2013 3194 2069 Deo
3246 2013 3651 2070 oﬂ'erendarum

2080 2104 2392 2158 mandatum
2424 2104 2595 2161 fuisse
2622 2122 2850 2173 munus;
2883 2106 3147 2170 Gabrieli,
3182 2106 3443 2161 bellorum
3467 2107 3649 2161 admi-

2078 2193 2471 2250 nistrationem.
2527 2196 2772 2267 Legenda
2822 2199 2875 2251 in
2913 2212 3032 2250 eam
3084 2198 3405 2252 sententiam
3452 2196 3644 2252 homil.

2077 2283 2145 2337 14
2183 2284 2237 2337 in
2268 2281 2457 2350 Num.,
2488 2302 2636 2341 num.
2668 2288 2725 2352 ‘2,
2774 2302 2896 2359 pag.
2945 2287 3048 2343 ’525
3072 2328 3090 2353 ,
3116 2302 3221 2357 qua
3258 2288 3489 2356 plantis,
3520 2287 3648 2343 ani-

2077 2377 2308 2431 malibus
2330 2417 2347 2443 ,
2384 2379 2800 2450 animaliumque
2827 2380 3049 2447 fetibus,
3072 2381 3419 2445 evercitibus,
3449 2380 3650 2436 rebus-

2077 2484 2182 2539 que
2235 2470 2357 2524 aliis
2398 2470 2648 2537 terrenis,
2679 2472 2772 2527 sed
2806 2482 2862 2527 et
2890 2473 3095 2528 sanctis
3121 2474 3397 2541 operibus,
3430 2488 3651 2529 rerum-

2079 2574 2185 2629 que
2225 2560 2527 2617 divinarum
2576 2564 2851 2620 tradendae
2896 2566 3135 2623 scientia;
3166 2566 3382 2638 angelos
3413 2580 3649 2634 pneesse

2075 2654 2294 2718 asserit,
2322 2656 2729 2727 cavendumque
2758 2658 2936 2712 sancit
2962 2674 3028 2715 ne
3057 2659 3285 2713 terrenis
3312 2657 3477 2712 dediti
3501 2658 3648 2712 acti-

2075 2745 2175 2800 bus
2221 2754 2275 2799 et
2322 2746 2619 2817 corporeis,
2656 2747 2793 2802 inter
2843 2748 3124 2818 deputatos
3162 2750 3227 2805 iis
3260 2749 3651 2804 administran-

2075 2837 2161 2891 dis
2216 2836 2437 2908 angelos
2474 2839 2831 2915 reperiantur.
2874 2839 3119 2912 Legenda
3163 2853 3217 2896 et
3259 2841 3451 2897 homil.
3488 2840 3564 2894 23
3589 2840 3651 2899 ἱιι

2071 2928 2217 2994 Jos.,
2252 2946 2400 2983 num.
2430 2929 2485 2994 5,
2522 2940 2577 2985 et
2604 2931 2791 2985 homil.
2839 2932 2906 2985 10
2952 2935 3005 2986 in
3034 2932 3255 3000 Jerem.,
3292 2947 3441 2989 num.
3478 2932 3535 2999 6,
3590 2940 3652 2985 et.

2074 3026 2192 3086 cap.
2231 3017 2263 3073 8
2309 3020 2429 3073 libri
2479 3037 2495 3074 ι
2541 3022 2680 3089 Περὶ
2714 3021 2934 3089 ἀρχῶν,
2987 3040 3135 3079 ιιιιιιι.
3188 3025 3241 3090 1,
3277 3033 3332 3080 et
3363 3022 3499 3079 liber
3549 3038 3649 3078 VIII

2077 3121 2259 3164 contra
2297 3109 2463 3174 Cels.,
2496 3128 2650 3166 num.
2696 3114 2785 3180 51,
2836 3130 2943 3184 quo
2970 3113 3290 3185 Epicureum
3333 3114 3481 3169 illum
3508 3130 3651 3171 con-

2077 3202 2260 3258 futans
2293 3204 2687 3275 philosophum,
2754 3221 2934 3261 rerum
2990 3207 3271 3271 omnium,
3317 3221 3440 3276 qua:
3467 3206 3520 3260 in
3562 3206 3652 3263 his

2070 3295 2422 3351 inferioribus
2461 3309 2725 3367 geruntur
2753 3296 2885 3354 locis
2915 3338 2931 3365 ,
2960 3299 3398 3370 procurationem
3432 3300 3486 3353 in
3534 3301 3647 3355 das-

2070 3401 2264 3441 mones
2296 3390 2746 3445 transcribentem
2774 3430 2790 3455 ,
2821 3390 3028 3461 angelis
3053 3391 3205 3461 quasi
3234 3405 3298 3445 ex
3327 3391 3452 3462 jure
3480 3408 3652 3447 manu

2076 3476 2387 3532 confertum
2423 3481 2644 3548 reperit,
2689 3482 2826 3536 mala
2863 3480 3057 3547 solum,
3089 3493 3137 3536 et
3191 3483 3555 3549 incommoda,
3593 3494 3655 3540 et

2069 3585 2188 3640 quae
2218 3570 2451 3626 humano
2498 3572 2682 3640 generi
2736 3574 2893 3628 noxia
2952 3583 3112 3638 sunt,
3144 3573 3460 3628 sterilitates
3490 3585 3646 3643 puta,

2070 3662 2431 3727 calamitates,
2462 3664 2756 3731 siccitates,
2793 3665 3151 3733 pestilentiam
3182 3706 3195 3727 ,
3229 3664 3442 3735 aliaque
3467 3665 3521 3719 id
3550 3680 3652 3737 ge-

2070 3768 2171 3807 nus
2188 3754 2255 3809 ad
2271 3764 2520 3810 auctores
2541 3756 2811 3812 daemones
2823 3757 3081 3820 referens,
3100 3756 3498 3825 divinojudicio
3519 3774 3651 3815 cer-

2072 3845 2140 3898 tis
2183 3846 2510 3916 temporibus
2536 3846 2676 3903 hanc
2723 3849 3006 3902 adversum
3042 3849 3287 3903 homines
3314 3860 3649 3918 potestatem

2069 3936 2447 3991 nanciscentes
2473 3978 2486 4001 ,
2538 3939 2629 3992 sed
2681 3938 2938 3994 adversus
2975 3940 3166 4007 impios
3217 3941 3515 4009 praesertim
3543 3982 3557 4002 ,
3595 3951 3653 3998 et

2073 4044 2101 4081 a
2163 4030 2254 4082 Dei
2305 4031 2451 4083 cultu
2500 4032 2726 4087 alienos.
2775 4033 3155 4087 Verumtamen
3202 4032 3339 4089 libro
3376 4032 3653 4102 Περιφ-

2069 4119 2193 4189 χῶν
2216 4136 2296 4186 ιιι,
2327 4137 2445 4191 cap.
2474 4122 2530 4182 '5.
2568 4138 2715 4176 num.
2749 4123 2804 4186 2,
2837 4123 2890 4184 5,
2928 4124 3330 4194 disciplinarum
3362 4133 3416 4178 et
3439 4125 3644 4177 artium

2070 4221 2392 4281 potestatem
2462 4215 2794 4284 spiritalibus
2856 4216 3179 4285 quibusdam
3242 4216 3423 4270 mundi
3488 4216 3653 4285 hujus

2069 4304 2302 4373 energiis
2369 4320 2431 4359 ac
2481 4306 2773 4362 virtutibus
2816 4307 3074 4372 ascribit;
3132 4317 3292 4376 atque
3336 4306 3463 4361 inde
3502 4308 3653 4362 exsi-

2070 4404 2213 4451 stere
2278 4397 2487 4453 furores
2557 4400 2837 4468 poeticos,
2893 4400 3248 4454 divinationes
3302 4407 3358 4454 et
3412 4400 3651 4466 magiam

397 4487 547 4543 lestis
574 4485 751 4541 Patris
783 4495 1059 4554 spectare:
1089 4482 1171 4537 vel
1192 4482 1419 4536 fortasse
1446 4479 1693 4552 angelum
1729 4480 1960 4545 homini,
1997 4509 2040 4564 Β
2070 4486 2404 4541 arbitratur,
2473 4488 2606 4556 Qua;
2681 4504 2813 4543 sane
2882 4501 2947 4541 ex
3029 4486 3336 4542 amcorum
3374 4526 3391 4550 ,
3466 4484 3651 4541 Musas

396 4579 477 4631 vel
527 4578 795 4632 hominem
843 4576 1033 4646 angelo
1080 4574 1266 4629 salutis
1316 4584 1595 4628 auctorem
1640 4572 1907 4627 exsistere
1946 4588 1961 4637 ;

394 4669 678 4724 nonnullos
701 4683 829 4723 vero
854 4682 884 4721 e
909 4667 1211 4722 tutelariuin
1242 4668 1555 4736 angelorum
1594 4679 1818 4718 numero
1842 4662 1960 4715 Pa—

397 4763 496 4816 tris
527 4762 764 4816 ctnlestis
792 4770 1005 4829 aspectu
1058 4774 1271 4828 semper
1324 4758 1449 4811 frui.
1487 4756 1689 4811 Deinde
1735 4755 1965 4824 opponit

394 4852 497 4907 sibi
520 4852 661 4922 quod
687 4852 738 4905 in
772 4851 923 4904 Actis
945 4850 1312 4916 apostolorum
1346 4847 1607 4916 scriptum
1634 4854 1717 4899 est
1745 4846 1813 4909 “,
1850 4843 1965 4913 pul-

395 4948 550 4995 sante
571 4941 765 4995 ostium
798 4939 975 5005 Petro,
1011 4937 1101 5006 qui
1143 4937 1287 4990 intus
1319 4948 1493 5002 erant,
1526 4936 1694 5005 ipsius
1722 4947 1841 4988 esse
1866 4947 1965 4985 an-

396 5033 570 5102 gelum
602 5029 1015 5102 pronuntiasse;
1048 5043 1153 5082 non
1199 5043 1327 5097 ergo
1360 5026 1612 5097 perfectis
1645 5024 1963 5087 Christum,

398 5127 490 5177 sed
520 5120 769 5192 angelum
802 5122 986 5175 itidem
1011 5129 1068 5173 ut
1095 5118 1320 5187 reliquis
1351 5119 1644 5181 assistere;
1676 5117 1964 5185 respondet

397 5231 495 5285 pro
518 5214 767 5283 dogmate
792 5214 1114 5269 sententiam
1143 5212 1353 5265 illorum
1388 5211 1695 5279 neutiquam
1722 5224 1844 5262 esse
1872 5207 1964 5260 lia-

396 5306 647 5369 bendam,
671 5305 853 5373 quisic
878 5303 1136 5356 sentiunt.
1168 5301 1351 5369 Itaque
1377 5299 1562 5352 homil.
1589 5298 1657 5350 21
1690 5298 1744 5349 in
1774 5294 1964 5359 Num.,

399 5412 546 5452 itum.
578 5397 634 5462 5,
658 5395 821 5465 iustis
858 5405 912 5449 et
939 5393 1126 5448 electis
1176 5393 1349 5461 ipsum
1400 5392 1589 5443 adesse
1643 5388 1922 5441 Dominum
1950 5428 1965 5452 ,

402 5490 744 5546 inferioribus
782 5503 909 5542 vero
947 5487 1167 5555 angelos
1217 5484 1435 5538 disertis
1480 5483 1661 5537 verbis
1708 5481 1960 5538 afﬁrmat.

400 5583 488 5641 Sic
516 5585 630 5655 ipse
654 5581 1039 5651 tamethomil.
1071 5580 1127 5634 ll
1162 5582 1217 5632 in
1244 5577 1430 5643 Num.,
1466 5592 1612 5633 num.
1638 5579 1670 5630 4
1690 5596 1701 5631 :
1724 5597 1741 5629 ι
1770 5577 1965 5644 Quam-

474 5784 514 5815 ”
544 5786 725 5839 Matth.
767 5802 915 5850 xviii,
953 5786 1038 5841 10.
1115 5787 1159 5816 ⁸⁵
1186 5787 1305 5841 Act.
1341 5805 1435 5855 xu,
1477 5787 1667 5851 l3,15.

2071 4578 2332 4647 quasdam
2375 4578 2739 4634 doctrinarum
2774 4579 3031 4650 praesides
3058 4622 3073 4645 ,
3112 4589 3166 4633 et
3205 4578 3336 4633 deos
3375 4577 3650 4648 μουσηγέ-

2071 4684 2169 4730 τας
2199 4669 2543 4738 tingentium,
2583 4668 2851 4738 theologia
2875 4670 3127 4723 videntur
3154 4680 3275 4721 esse
3312 4667 3511 4732 petita.

2146 4757 2315 4811 XXX.
2356 4757 2633 4814 Hactenus
2666 4760 2731 4814 de
2772 4760 3033 4814 alterutra
3064 4757 3381 4829 angelorum
3413 4756 3501 4811 vel
3552 4756 3649 4810 hoc

2075 4866 2267 4905 norum
2303 4851 2384 4905 vel
2416 4851 2676 4906 malorum
2708 4853 2994 4923 stipatione
3017 4892 3031 4917 ,
3079 4851 3330 4921 gentibus
3356 4890 3373 4915 ,
3406 4851 3641 4905 homini-

2076 4941 2196 5004 bus,
2223 4950 2278 4993 et
2317 4940 2570 4996 inanimis
2599 4942 2764 4996 etiam
2814 4944 2979 4997 rebus
3010 4941 3194 4995 addita
3220 4981 3236 5007 ,
3266 4940 3422 5010 juxta
3458 4937 3648 5008 Orige-

2074 5030 2159 5084 nis
2188 5032 2511 5086 sententiam
2543 5034 2924 5088 disseruimus.
2957 5031 3113 5087 Nunc
3161 5033 3228 5087 de
3264 5043 3642 5099 utrorumque,

2072 5122 2335 5180 bonorum
2375 5127 2536 5181 simul
2580 5138 2635 5182 et
2676 5129 2940 5183 malorum
2973 5127 3283 5196 angelorum
3312 5124 3569 5197 gentibus
3594 5134 3647 5178 et

2072 5218 2385 5275 hominibus
2442 5221 2815 5275 assistentium
2871 5223 3130 5276 comitatu
3174 5234 3424 5289 quamam
3481 5217 3645 5272 abeo

2074 5311 2266 5365 tradita
2293 5312 2443 5377 sint,
2468 5313 2826 5381 disputemus.
2856 5312 3024 5368 Malos
3054 5314 3275 5382 angelos
3316 5313 3465 5367 haud
3493 5326 3647 5367 secus

2070 5415 2136 5456 ac
2175 5404 2344 5459 bonos
2393 5404 2447 5457 in
2494 5414 2687 5475 gentes
2716 5414 2900 5460 tenere
2950 5414 3273 5475 potestatem
3326 5404 3531 5459 scitum
3563 5411 3646 5457 est

2068 5492 2318 5564 Origenis
2352 5495 2446 5551 lib.
2489 5511 2581 5550 vnt
2622 5509 2805 5552 contra
2844 5496 3077 5563 Celsum,
3110 5512 3261 5551 num.
3292 5496 3386 5561 54,
3418 5506 3476 5549 et
3498 5496 3643 5549 imm.

2072 5583 2136 5637 η
2160 5586 2213 5639 in
2251 5584 2379 5643 Luc.
2413 5601 2429 5639 :
2460 5603 2479 5638 ι
2517 5584 2703 5656 Neque
2729 5587 2876 5643 enim
2908 5626 2923 5654 ,
2966 5587 3159 5659 inquit,
3186 5586 3274 5642 fas
3302 5595 3390 5641 est
3416 5582 3645 5640 credere

1747 5788 1789 5819 "
1822 5787 1948 5842 ibid.
1980 5785 2065 5840 15.
