  <div class='ocr_page' id='page_1' title='image "/cluster/home/n/w/nwhite01/storage/ocr_20150623/17/nnc1.0046978615/450.png"; bbox 0 0 3836 6236; ppageno 0'>
   <div class='ocr_carea' id='block_1_1' title="bbox 210 284 2628 355">
    <p class='ocr_par' dir='ltr' id='par_1_1' title="bbox 210 284 2628 355">
     <span class='ocr_line' id='line_1_1' title="bbox 210 284 2628 355; baseline -0.005 -2"><span class='ocrx_word' id='word_1_1' title='bbox 210 296 306 354; x_wconf 78' lang='grc'><strong>881</strong></span> <span class='ocrx_word' id='word_1_2' title='bbox 1053 288 1623 348; x_wconf 74' lang='lat' dir='ltr'><strong>ORIGENIANORUM</strong></span> <span class='ocrx_word' id='word_1_3' title='bbox 1664 286 1792 344; x_wconf 86' lang='lat' dir='ltr'><strong>LIB.</strong></span> <span class='ocrx_word' id='word_1_4' title='bbox 1836 286 1899 355; x_wconf 85' lang='lat' dir='ltr'><strong>ll,</strong></span> <span class='ocrx_word' id='word_1_5' title='bbox 1940 285 2094 343; x_wconf 82' lang='lat' dir='ltr'><strong>CAP.</strong></span> <span class='ocrx_word' id='word_1_6' title='bbox 2134 284 2200 354; x_wconf 84' lang='lat' dir='ltr'><strong>Il,</strong></span> <span class='ocrx_word' id='word_1_7' title='bbox 2243 285 2521 354; x_wconf 65' lang='lat' dir='ltr'><strong>QUEST.</strong></span> <span class='ocrx_word' id='word_1_8' title='bbox 2563 284 2628 341; x_wconf 82' lang='lat' dir='ltr'><strong>V.</strong></span> 
     </span>
    </p>
   </div>
   <div class='ocr_carea' id='block_1_2' title="bbox 3352 286 3455 339">
    <p class='ocr_par' dir='ltr' id='par_1_2' title="bbox 3352 286 3455 339">
     <span class='ocr_line' id='line_1_2' title="bbox 3352 286 3455 339; baseline -0.01 0"><span class='ocrx_word' id='word_1_9' title='bbox 3352 286 3455 339; x_wconf 72' lang='lat'><strong>882</strong></span> 
     </span>
    </p>
   </div>
   <div class='ocr_carea' id='block_1_3' title="bbox 213 404 3455 482">
    <p class='ocr_par' dir='ltr' id='par_1_3' title="bbox 213 404 3455 482">
     <span class='ocr_line' id='line_1_3' title="bbox 213 404 3455 482; baseline -0.003 -15"><span class='ocrx_word' id='word_1_10' title='bbox 213 414 383 469; x_wconf 88' lang='lat' dir='ltr'><strong>malos</strong></span> <span class='ocrx_word' id='word_1_11' title='bbox 415 410 637 482; x_wconf 75' lang='lat' dir='ltr'><strong>angelos</strong></span> <span class='ocrx_word' id='word_1_12' title='bbox 672 410 787 467; x_wconf 86' lang='lat' dir='ltr'><strong>suis</strong></span> <span class='ocrx_word' id='word_1_13' title='bbox 836 424 1069 480; x_wconf 70' lang='lat' dir='ltr'><strong>pmesse</strong></span> <span class='ocrx_word' id='word_1_14' title='bbox 1117 412 1447 480; x_wconf 87' lang='lat' dir='ltr'><strong>provinciis,</strong></span> <span class='ocrx_word' id='word_1_15' title='bbox 1497 422 1551 465; x_wconf 89' lang='lat' dir='ltr'><strong>et</strong></span> <span class='ocrx_word' id='word_1_16' title='bbox 1602 409 1771 464; x_wconf 87' lang='lat' dir='ltr'><strong>bonos</strong></span> <span class='ocrx_word' id='word_1_17' title='bbox 1806 422 1847 477; x_wconf 66' lang='grc' dir='ltr'>Α</span> <span class='ocrx_word' id='word_1_18' title='bbox 1883 410 2009 463; x_wconf 87' lang='lat' dir='ltr'><strong>vitio</strong></span> <span class='ocrx_word' id='word_1_19' title='bbox 2049 409 2337 475; x_wconf 79' lang='lat' dir='ltr'><strong>unicuique</strong></span> <span class='ocrx_word' id='word_1_20' title='bbox 2394 418 2627 475; x_wconf 78' lang='lat' dir='ltr'><strong>praeesse</strong></span> <span class='ocrx_word' id='word_1_21' title='bbox 2679 404 2973 458; x_wconf 61' lang='lat' dir='ltr'><strong>damonem</strong></span> <span class='ocrx_word' id='word_1_22' title='bbox 3046 416 3249 467; x_wconf 83' lang='lat' dir='ltr'><strong>unum,</strong></span> <span class='ocrx_word' id='word_1_23' title='bbox 3296 406 3455 470; x_wconf 89' lang='lat' dir='ltr'><strong>eique</strong></span> 
     </span>
    </p>
   </div>
   <div class='ocr_carea' id='block_1_4' title="bbox 214 500 1781 572">
    <p class='ocr_par' dir='ltr' id='par_1_4' title="bbox 214 500 1781 572">
     <span class='ocr_line' id='line_1_4' title="bbox 214 500 1781 572; baseline -0.003 -13"><span class='ocrx_word' id='word_1_24' title='bbox 214 518 320 559; x_wconf 84' lang='lat' dir='ltr'><strong>non</strong></span> <span class='ocrx_word' id='word_1_25' title='bbox 354 504 575 558; x_wconf 85' lang='lat' dir='ltr'><strong>easdem</strong></span> <span class='ocrx_word' id='word_1_26' title='bbox 614 502 921 572; x_wconf 82' lang='lat' dir='ltr'><strong>provincias</strong></span> <span class='ocrx_word' id='word_1_27' title='bbox 950 501 1156 555; x_wconf 87' lang='lat' dir='ltr'><strong>habere</strong></span> <span class='ocrx_word' id='word_1_28' title='bbox 1195 505 1509 569; x_wconf 88' lang='lat' dir='ltr'><strong>permissas.</strong></span> <span class='ocrx_word' id='word_1_29' title='bbox 1547 521 1565 552; x_wconf 78' lang='grc' dir='ltr'><strong>ι</strong></span> <span class='ocrx_word' id='word_1_30' title='bbox 1612 500 1781 569; x_wconf 78' lang='lat' dir='ltr'><strong>Leges</strong></span> 
     </span>
    </p>
   </div>
   <div class='ocr_carea' id='block_1_5' title="bbox 214 591 1782 662">
    <p class='ocr_par' dir='ltr' id='par_1_5' title="bbox 214 591 1782 662">
     <span class='ocr_line' id='line_1_5' title="bbox 214 591 1782 662; baseline -0.003 -13"><span class='ocrx_word' id='word_1_31' title='bbox 214 595 412 650; x_wconf 81' lang='lat' dir='ltr'><strong>similia</strong></span> <span class='ocrx_word' id='word_1_32' title='bbox 460 594 555 649; x_wconf 89' lang='lat' dir='ltr'><strong>lib.</strong></span> <span class='ocrx_word' id='word_1_33' title='bbox 595 609 654 647; x_wconf 95' lang='grc' dir='ltr'><strong>ιιι</strong></span> <span class='ocrx_word' id='word_1_34' title='bbox 688 592 827 661; x_wconf 82' lang='grc' dir='ltr'><strong>Περὶ</strong></span> <span class='ocrx_word' id='word_1_35' title='bbox 856 591 1076 661; x_wconf 79' lang='grc' dir='ltr'><strong>ἀρχῶν,</strong></span> <span class='ocrx_word' id='word_1_36' title='bbox 1114 606 1232 662; x_wconf 87' lang='lat' dir='ltr'><strong>cap.</strong></span> <span class='ocrx_word' id='word_1_37' title='bbox 1279 594 1332 654; x_wconf 79' lang='lat'><strong>3,</strong></span> <span class='ocrx_word' id='word_1_38' title='bbox 1380 606 1529 647; x_wconf 88' lang='lat' dir='ltr'><strong>num.</strong></span> <span class='ocrx_word' id='word_1_39' title='bbox 1556 591 1613 656; x_wconf 72' lang='lat'><strong>2,</strong></span> <span class='ocrx_word' id='word_1_40' title='bbox 1643 592 1698 656; x_wconf 77' lang='grc'><strong>5,</strong></span> <span class='ocrx_word' id='word_1_41' title='bbox 1727 602 1782 645; x_wconf 88' lang='lat' dir='ltr'><strong>et</strong></span> 
     </span>
    </p>
   </div>
   <div class='ocr_carea' id='block_1_6' title="bbox 217 685 1779 755">
    <p class='ocr_par' dir='ltr' id='par_1_6' title="bbox 217 685 1779 755">
     <span class='ocr_line' id='line_1_6' title="bbox 217 685 1779 755; baseline -0.006 -9"><span class='ocrx_word' id='word_1_42' title='bbox 217 690 364 746; x_wconf 82' lang='lat' dir='ltr'><strong>hom.</strong></span> <span class='ocrx_word' id='word_1_43' title='bbox 396 689 429 745; x_wconf 89' lang='lat'><strong>9</strong></span> <span class='ocrx_word' id='word_1_44' title='bbox 456 689 513 744; x_wconf 82' lang='lat' dir='ltr'><strong>in</strong></span> <span class='ocrx_word' id='word_1_45' title='bbox 535 686 748 754; x_wconf 57' lang='lat' dir='ltr'><strong>Cenem,</strong></span> <span class='ocrx_word' id='word_1_46' title='bbox 797 701 946 741; x_wconf 89' lang='lat' dir='ltr'><strong>num.</strong></span> <span class='ocrx_word' id='word_1_47' title='bbox 966 686 1023 751; x_wconf 81' lang='lat'><strong>5,</strong></span> <span class='ocrx_word' id='word_1_48' title='bbox 1052 688 1107 740; x_wconf 91' lang='lat' dir='ltr'><strong>in</strong></span> <span class='ocrx_word' id='word_1_49' title='bbox 1142 701 1245 755; x_wconf 88' lang='lat' dir='ltr'><strong>qua</strong></span> <span class='ocrx_word' id='word_1_50' title='bbox 1276 685 1536 754; x_wconf 75' lang='lat' dir='ltr'><strong>apostolis</strong></span> <span class='ocrx_word' id='word_1_51' title='bbox 1557 686 1779 740; x_wconf 82' lang='lat' dir='ltr'><strong>verbum</strong></span> 
     </span>
    </p>
   </div>
   <div class='ocr_carea' id='block_1_7' title="bbox 214 776 1781 851">
    <p class='ocr_par' dir='ltr' id='par_1_7' title="bbox 214 776 1781 851">
     <span class='ocr_line' id='line_1_7' title="bbox 214 776 1781 851; baseline -0.005 -14"><span class='ocrx_word' id='word_1_52' title='bbox 214 782 311 837; x_wconf 86' lang='lat' dir='ltr'><strong>Dei</strong></span> <span class='ocrx_word' id='word_1_53' title='bbox 343 780 765 851; x_wconf 70' lang='lat' dir='ltr'><strong>pmdicantibus</strong></span> <span class='ocrx_word' id='word_1_54' title='bbox 793 780 860 833; x_wconf 90' lang='lat' dir='ltr'><strong>ad</strong></span> <span class='ocrx_word' id='word_1_55' title='bbox 898 778 1233 833; x_wconf 82' lang='lat' dir='ltr'><strong>iracundiam</strong></span> <span class='ocrx_word' id='word_1_56' title='bbox 1281 780 1584 832; x_wconf 89' lang='lat' dir='ltr'><strong>concitatos</strong></span> <span class='ocrx_word' id='word_1_57' title='bbox 1612 776 1781 830; x_wconf 83' lang='lat' dir='ltr'><strong>fuisse</strong></span> 
     </span>
    </p>
   </div>
   <div class='ocr_carea' id='block_1_8' title="bbox 212 865 1780 942">
    <p class='ocr_par' dir='ltr' id='par_1_8' title="bbox 212 865 1780 942">
     <span class='ocr_line' id='line_1_8' title="bbox 212 865 1780 942; baseline -0.006 -15"><span class='ocrx_word' id='word_1_58' title='bbox 212 873 348 927; x_wconf 93' lang='lat' dir='ltr'><strong>dicit</strong></span> <span class='ocrx_word' id='word_1_59' title='bbox 389 871 611 942; x_wconf 80' lang='lat' dir='ltr'><strong>angelos</strong></span> <span class='ocrx_word' id='word_1_60' title='bbox 653 870 771 923; x_wconf 90' lang='lat' dir='ltr'><strong>illos</strong></span> <span class='ocrx_word' id='word_1_61' title='bbox 801 909 816 934; x_wconf 91' lang='lat'><strong>,</strong></span> <span class='ocrx_word' id='word_1_62' title='bbox 848 868 939 937; x_wconf 89' lang='lat' dir='ltr'><strong>qui</strong></span> <span class='ocrx_word' id='word_1_63' title='bbox 977 866 1218 936; x_wconf 88' lang='lat' dir='ltr'><strong>singulas</strong></span> <span class='ocrx_word' id='word_1_64' title='bbox 1263 881 1502 935; x_wconf 89' lang='lat' dir='ltr'><strong>quasque</strong></span> <span class='ocrx_word' id='word_1_65' title='bbox 1534 865 1780 919; x_wconf 84' lang='lat' dir='ltr'><strong>nationes</strong></span> 
     </span>
    </p>
   </div>
   <div class='ocr_carea' id='block_1_9' title="bbox 212 961 1781 1036">
    <p class='ocr_par' dir='ltr' id='par_1_9' title="bbox 212 961 1781 1036">
     <span class='ocr_line' id='line_1_9' title="bbox 212 961 1781 1036; baseline -0.008 -13"><span class='ocrx_word' id='word_1_66' title='bbox 212 966 438 1036; x_wconf 88' lang='lat' dir='ltr'><strong>imperio</strong></span> <span class='ocrx_word' id='word_1_67' title='bbox 464 963 800 1034; x_wconf 87' lang='lat' dir='ltr'><strong>premebant.</strong></span> <span class='ocrx_word' id='word_1_68' title='bbox 835 961 933 1016; x_wconf 87' lang='lat' dir='ltr'><strong>Cui</strong></span> <span class='ocrx_word' id='word_1_69' title='bbox 975 961 1268 1014; x_wconf 88' lang='lat' dir='ltr'><strong>astruendo</strong></span> <span class='ocrx_word' id='word_1_70' title='bbox 1302 961 1525 1014; x_wconf 85' lang='lat' dir='ltr'><strong>citatum</strong></span> <span class='ocrx_word' id='word_1_71' title='bbox 1560 969 1781 1027; x_wconf 91' lang='lat' dir='ltr'><strong>usurpat</strong></span> 
     </span>
    </p>
   </div>
   <div class='ocr_carea' id='block_1_10' title="bbox 213 1046 1778 1117">
    <p class='ocr_par' dir='ltr' id='par_1_10' title="bbox 213 1046 1778 1117">
     <span class='ocr_line' id='line_1_10' title="bbox 213 1046 1778 1117; baseline -0.003 -12"><span class='ocrx_word' id='word_1_72' title='bbox 213 1052 389 1107; x_wconf 87' lang='lat' dir='ltr'><strong>locum</strong></span> <span class='ocrx_word' id='word_1_73' title='bbox 417 1066 447 1106; x_wconf 88' lang='lat' dir='ltr'><strong>e</strong></span> <span class='ocrx_word' id='word_1_74' title='bbox 476 1051 689 1105; x_wconf 87' lang='lat' dir='ltr'><strong>cantico</strong></span> <span class='ocrx_word' id='word_1_75' title='bbox 736 1048 920 1113; x_wconf 79' lang='lat' dir='ltr'><strong>Musis,</strong></span> <span class='ocrx_word' id='word_1_76' title='bbox 957 1049 1244 1102; x_wconf 89' lang='lat' dir='ltr'><strong>Deuteron.</strong></span> <span class='ocrx_word' id='word_1_77' title='bbox 1277 1064 1448 1110; x_wconf 66' lang='grc' dir='ltr'>χχχιι,</span> <span class='ocrx_word' id='word_1_78' title='bbox 1468 1046 1520 1111; x_wconf 87' lang='lat'><strong>8,</strong></span> <span class='ocrx_word' id='word_1_79' title='bbox 1548 1048 1599 1110; x_wconf 88' lang='lat'><strong>9,</strong></span> <span class='ocrx_word' id='word_1_80' title='bbox 1620 1063 1778 1117; x_wconf 91' lang='lat' dir='ltr'><strong>quem</strong></span> 
     </span>
    </p>
   </div>
   <div class='ocr_carea' id='block_1_11' title="bbox 211 1138 1779 1209">
    <p class='ocr_par' dir='ltr' id='par_1_11' title="bbox 211 1138 1779 1209">
     <span class='ocr_line' id='line_1_11' title="bbox 211 1138 1779 1209; baseline -0.002 -13"><span class='ocrx_word' id='word_1_81' title='bbox 211 1152 266 1196; x_wconf 89' lang='lat' dir='ltr'><strong>et</strong></span> <span class='ocrx_word' id='word_1_82' title='bbox 289 1142 477 1197; x_wconf 90' lang='lat' dir='ltr'><strong>homil.</strong></span> <span class='ocrx_word' id='word_1_83' title='bbox 517 1140 587 1195; x_wconf 79' lang='lat'><strong>55</strong></span> <span class='ocrx_word' id='word_1_84' title='bbox 628 1142 684 1194; x_wconf 80' lang='lat' dir='ltr'><strong>in</strong></span> <span class='ocrx_word' id='word_1_85' title='bbox 717 1139 846 1194; x_wconf 88' lang='lat' dir='ltr'><strong>Luc.</strong></span> <span class='ocrx_word' id='word_1_86' title='bbox 877 1140 943 1193; x_wconf 88' lang='lat' dir='ltr'><strong>ad</strong></span> <span class='ocrx_word' id='word_1_87' title='bbox 973 1142 1190 1195; x_wconf 88' lang='lat' dir='ltr'><strong>eosdem</strong></span> <span class='ocrx_word' id='word_1_88' title='bbox 1223 1138 1394 1193; x_wconf 84' lang='lat' dir='ltr'><strong>malos</strong></span> <span class='ocrx_word' id='word_1_89' title='bbox 1427 1138 1648 1209; x_wconf 77' lang='lat' dir='ltr'><strong>angelos</strong></span> <span class='ocrx_word' id='word_1_90' title='bbox 1698 1140 1779 1193; x_wconf 87' lang='lat' dir='ltr'><strong>in-</strong></span> 
     </span>
    </p>
   </div>
   <div class='ocr_carea' id='block_1_12' title="bbox 212 1228 1779 1301">
    <p class='ocr_par' dir='ltr' id='par_1_12' title="bbox 212 1228 1779 1301">
     <span class='ocr_line' id='line_1_12' title="bbox 212 1228 1779 1301; baseline -0.003 -15"><span class='ocrx_word' id='word_1_91' title='bbox 212 1232 561 1301; x_wconf 83' lang='lat' dir='ltr'><strong>terpretando</strong></span> <span class='ocrx_word' id='word_1_92' title='bbox 612 1230 899 1285; x_wconf 87' lang='lat' dir='ltr'><strong>convertit.</strong></span> <span class='ocrx_word' id='word_1_93' title='bbox 933 1230 1195 1283; x_wconf 83' lang='lat' dir='ltr'><strong>Eumdem</strong></span> <span class='ocrx_word' id='word_1_94' title='bbox 1252 1244 1379 1285; x_wconf 88' lang='lat' dir='ltr'><strong>vero</strong></span> <span class='ocrx_word' id='word_1_95' title='bbox 1413 1229 1598 1285; x_wconf 86' lang='lat' dir='ltr'><strong>homil.</strong></span> <span class='ocrx_word' id='word_1_96' title='bbox 1646 1228 1681 1284; x_wconf 91' lang='lat'><strong>8</strong></span> <span class='ocrx_word' id='word_1_97' title='bbox 1724 1232 1779 1283; x_wconf 83' lang='lat' dir='ltr'><strong>in</strong></span> 
     </span>
    </p>
   </div>
   <div class='ocr_carea' id='block_1_13' title="bbox 212 1320 1777 1391">
    <p class='ocr_par' dir='ltr' id='par_1_13' title="bbox 212 1320 1777 1391">
     <span class='ocr_line' id='line_1_13' title="bbox 212 1320 1777 1391; baseline -0.002 -15"><span class='ocrx_word' id='word_1_98' title='bbox 212 1320 367 1376; x_wconf 74' lang='lat' dir='ltr'><strong>Exod</strong></span> <span class='ocrx_word' id='word_1_99' title='bbox 398 1362 414 1387; x_wconf 96' lang='lat'><strong>,</strong></span> <span class='ocrx_word' id='word_1_100' title='bbox 447 1338 594 1376; x_wconf 87' lang='lat' dir='ltr'><strong>num.</strong></span> <span class='ocrx_word' id='word_1_101' title='bbox 612 1322 667 1385; x_wconf 72' lang='lat'><strong>2,</strong></span> <span class='ocrx_word' id='word_1_102' title='bbox 690 1337 854 1390; x_wconf 84' lang='lat' dir='ltr'><strong>super</strong></span> <span class='ocrx_word' id='word_1_103' title='bbox 879 1322 982 1375; x_wconf 86' lang='lat' dir='ltr'><strong>hoc</strong></span> <span class='ocrx_word' id='word_1_104' title='bbox 1006 1332 1325 1391; x_wconf 87' lang='lat' dir='ltr'><strong>argumento</strong></span> <span class='ocrx_word' id='word_1_105' title='bbox 1350 1321 1651 1391; x_wconf 81' lang='lat' dir='ltr'><strong>proferens,</strong></span> <span class='ocrx_word' id='word_1_106' title='bbox 1673 1335 1777 1374; x_wconf 91' lang='lat' dir='ltr'><strong>non</strong></span> 
     </span>
    </p>
   </div>
   <div class='ocr_carea' id='block_1_14' title="bbox 209 1411 1779 1482">
    <p class='ocr_par' dir='ltr' id='par_1_14' title="bbox 209 1411 1779 1482">
     <span class='ocr_line' id='line_1_14' title="bbox 209 1411 1779 1482; baseline 0 -16"><span class='ocrx_word' id='word_1_107' title='bbox 209 1414 347 1466; x_wconf 87' lang='lat' dir='ltr'><strong>satis</strong></span> <span class='ocrx_word' id='word_1_108' title='bbox 402 1421 625 1481; x_wconf 81' lang='lat' dir='ltr'><strong>apparet</strong></span> <span class='ocrx_word' id='word_1_109' title='bbox 680 1413 745 1465; x_wconf 88' lang='lat' dir='ltr'><strong>ad</strong></span> <span class='ocrx_word' id='word_1_110' title='bbox 782 1413 1062 1478; x_wconf 89' lang='lat' dir='ltr'><strong>malosne,</strong></span> <span class='ocrx_word' id='word_1_111' title='bbox 1114 1428 1180 1467; x_wconf 89' lang='lat' dir='ltr'><strong>an</strong></span> <span class='ocrx_word' id='word_1_112' title='bbox 1236 1411 1302 1466; x_wconf 87' lang='lat' dir='ltr'><strong>ad</strong></span> <span class='ocrx_word' id='word_1_113' title='bbox 1348 1413 1519 1467; x_wconf 90' lang='lat' dir='ltr'><strong>bonos</strong></span> <span class='ocrx_word' id='word_1_114' title='bbox 1562 1411 1779 1482; x_wconf 80' lang='lat' dir='ltr'><strong>angelos</strong></span> 
     </span>
    </p>
   </div>
   <div class='ocr_carea' id='block_1_15' title="bbox 211 1504 1774 1576">
    <p class='ocr_par' dir='ltr' id='par_1_15' title="bbox 211 1504 1774 1576">
     <span class='ocr_line' id='line_1_15' title="bbox 211 1504 1774 1576; baseline 0 -17"><span class='ocrx_word' id='word_1_115' title='bbox 211 1504 487 1573; x_wconf 86' lang='lat' dir='ltr'><strong>pertinere</strong></span> <span class='ocrx_word' id='word_1_116' title='bbox 534 1504 679 1558; x_wconf 80' lang='lat' dir='ltr'><strong>velit.</strong></span> <span class='ocrx_word' id='word_1_117' title='bbox 710 1506 789 1559; x_wconf 83' lang='lat' dir='ltr'><strong>Ad</strong></span> <span class='ocrx_word' id='word_1_118' title='bbox 835 1507 1006 1561; x_wconf 89' lang='lat' dir='ltr'><strong>bonos</strong></span> <span class='ocrx_word' id='word_1_119' title='bbox 1055 1520 1186 1561; x_wconf 89' lang='lat' dir='ltr'><strong>vero</strong></span> <span class='ocrx_word' id='word_1_120' title='bbox 1217 1518 1402 1576; x_wconf 82' lang='lat' dir='ltr'><strong>aperte</strong></span> <span class='ocrx_word' id='word_1_121' title='bbox 1444 1505 1611 1560; x_wconf 82' lang='lat' dir='ltr'><strong>refert</strong></span> <span class='ocrx_word' id='word_1_122' title='bbox 1644 1517 1774 1559; x_wconf 91' lang='lat' dir='ltr'><strong>tom.</strong></span> 
     </span>
    </p>
   </div>
   <div class='ocr_carea' id='block_1_16' title="bbox 210 1596 902 1660">
    <p class='ocr_par' dir='ltr' id='par_1_16' title="bbox 210 1596 902 1660">
     <span class='ocr_line' id='line_1_16' title="bbox 210 1596 902 1660; baseline -0.001 -9"><span class='ocrx_word' id='word_1_123' title='bbox 210 1611 310 1651; x_wconf 79' lang='grc' dir='ltr'>ιιιι</span> <span class='ocrx_word' id='word_1_124' title='bbox 340 1596 397 1650; x_wconf 73' lang='lat' dir='ltr'><strong>in</strong></span> <span class='ocrx_word' id='word_1_125' title='bbox 417 1596 605 1660; x_wconf 76' lang='grc' dir='ltr'><strong>Ιοαη..</strong></span> <span class='ocrx_word' id='word_1_126' title='bbox 635 1612 785 1651; x_wconf 83' lang='grc' dir='ltr'>ιιιιιιι.</span> <span class='ocrx_word' id='word_1_127' title='bbox 812 1597 902 1652; x_wconf 75' lang='grc'><strong>49.</strong></span> 
     </span>
    </p>
   </div>
   <div class='ocr_carea' id='block_1_17' title="bbox 282 1690 1776 1762">
    <p class='ocr_par' dir='ltr' id='par_1_17' title="bbox 282 1690 1776 1762">
     <span class='ocr_line' id='line_1_17' title="bbox 282 1690 1776 1762; baseline 0 -17"><span class='ocrx_word' id='word_1_128' title='bbox 282 1690 600 1748; x_wconf 80' lang='lat' dir='ltr'><strong>Hominibus</strong></span> <span class='ocrx_word' id='word_1_129' title='bbox 629 1705 761 1746; x_wconf 92' lang='lat' dir='ltr'><strong>vero</strong></span> <span class='ocrx_word' id='word_1_130' title='bbox 785 1690 1010 1760; x_wconf 79' lang='lat' dir='ltr'><strong>singulis</strong></span> <span class='ocrx_word' id='word_1_131' title='bbox 1036 1691 1280 1762; x_wconf 79' lang='lat' dir='ltr'><strong>geminos</strong></span> <span class='ocrx_word' id='word_1_132' title='bbox 1314 1691 1506 1746; x_wconf 82' lang='lat' dir='ltr'><strong>adesse</strong></span> <span class='ocrx_word' id='word_1_133' title='bbox 1534 1691 1776 1760; x_wconf 83' lang='lat' dir='ltr'><strong>angelos,</strong></span> 
     </span>
    </p>
   </div>
   <div class='ocr_carea' id='block_1_18' title="bbox 1885 493 3453 567">
    <p class='ocr_par' dir='ltr' id='par_1_18' title="bbox 1885 493 3453 567">
     <span class='ocr_line' id='line_1_18' title="bbox 1885 493 3453 567; baseline -0.005 -12"><span class='ocrx_word' id='word_1_134' title='bbox 1885 498 2157 567; x_wconf 89' lang='lat' dir='ltr'><strong>subjectos</strong></span> <span class='ocrx_word' id='word_1_135' title='bbox 2182 512 2301 552; x_wconf 90' lang='lat' dir='ltr'><strong>esse</strong></span> <span class='ocrx_word' id='word_1_136' title='bbox 2342 498 2613 550; x_wconf 68' lang='lat' dir='ltr'><strong>daemones</strong></span> <span class='ocrx_word' id='word_1_137' title='bbox 2658 493 2987 562; x_wconf 85' lang='lat' dir='ltr'><strong>complures,</strong></span> <span class='ocrx_word' id='word_1_138' title='bbox 3017 493 3108 562; x_wconf 91' lang='lat' dir='ltr'><strong>qui</strong></span> <span class='ocrx_word' id='word_1_139' title='bbox 3153 493 3219 547; x_wconf 88' lang='lat' dir='ltr'><strong>ad</strong></span> <span class='ocrx_word' id='word_1_140' title='bbox 3263 493 3453 547; x_wconf 91' lang='lat' dir='ltr'><strong>vitium</strong></span> 
     </span>
    </p>
   </div>
   <div class='ocr_carea' id='block_1_19' title="bbox 1886 585 3455 659">
    <p class='ocr_par' dir='ltr' id='par_1_19' title="bbox 1886 585 3455 659">
     <span class='ocr_line' id='line_1_19' title="bbox 1886 585 3455 659; baseline -0.006 -12"><span class='ocrx_word' id='word_1_141' title='bbox 1886 597 2051 647; x_wconf 87' lang='lat' dir='ltr'><strong>hocce</strong></span> <span class='ocrx_word' id='word_1_142' title='bbox 2074 588 2476 659; x_wconf 89' lang='lat' dir='ltr'><strong>propagandum</strong></span> <span class='ocrx_word' id='word_1_143' title='bbox 2501 586 2841 642; x_wconf 86' lang='lat' dir='ltr'><strong>subserviant</strong></span> <span class='ocrx_word' id='word_1_144' title='bbox 2858 627 2872 651; x_wconf 91' lang='lat'><strong>,</strong></span> <span class='ocrx_word' id='word_1_145' title='bbox 2899 600 3087 639; x_wconf 90' lang='lat' dir='ltr'><strong>omnes</strong></span> <span class='ocrx_word' id='word_1_146' title='bbox 3107 593 3280 639; x_wconf 87' lang='lat' dir='ltr'><strong>autem</strong></span> <span class='ocrx_word' id='word_1_147' title='bbox 3301 585 3455 655; x_wconf 87' lang='lat' dir='ltr'><strong>prin-</strong></span> 
     </span>
    </p>
   </div>
   <div class='ocr_carea' id='block_1_20' title="bbox 1883 676 3451 752">
    <p class='ocr_par' dir='ltr' id='par_1_20' title="bbox 1883 676 3451 752">
     <span class='ocr_line' id='line_1_20' title="bbox 1883 676 3451 752; baseline -0.007 -13"><span class='ocrx_word' id='word_1_148' title='bbox 1883 686 2050 752; x_wconf 90' lang='lat' dir='ltr'><strong>cipes,</strong></span> <span class='ocrx_word' id='word_1_149' title='bbox 2070 688 2414 751; x_wconf 83' lang='lat' dir='ltr'><strong>peccatorum</strong></span> <span class='ocrx_word' id='word_1_150' title='bbox 2447 678 2784 731; x_wconf 90' lang='lat' dir='ltr'><strong>incremento</strong></span> <span class='ocrx_word' id='word_1_151' title='bbox 2815 676 3115 746; x_wconf 67' lang='lat' dir='ltr'><strong>praefectos,</strong></span> <span class='ocrx_word' id='word_1_152' title='bbox 3143 689 3451 744; x_wconf 90' lang='lat' dir='ltr'><strong>supremum</strong></span> 
     </span>
    </p>
   </div>
   <div class='ocr_carea' id='block_1_21' title="bbox 1884 767 3451 838">
    <p class='ocr_par' dir='ltr' id='par_1_21' title="bbox 1884 767 3451 838">
     <span class='ocr_line' id='line_1_21' title="bbox 1884 767 3451 838; baseline -0.006 -9"><span class='ocrx_word' id='word_1_153' title='bbox 1884 791 2049 830; x_wconf 92' lang='lat' dir='ltr'><strong>unum</strong></span> <span class='ocrx_word' id='word_1_154' title='bbox 2086 772 2297 838; x_wconf 91' lang='lat' dir='ltr'><strong>ducem,</strong></span> <span class='ocrx_word' id='word_1_155' title='bbox 2320 768 2468 824; x_wconf 90' lang='lat' dir='ltr'><strong>velut</strong></span> <span class='ocrx_word' id='word_1_156' title='bbox 2515 767 2727 823; x_wconf 75' lang='lat' dir='ltr'><strong>militiae</strong></span> <span class='ocrx_word' id='word_1_157' title='bbox 2753 780 2862 822; x_wconf 83' lang='lat' dir='ltr'><strong>suae</strong></span> <span class='ocrx_word' id='word_1_158' title='bbox 2892 768 3202 838; x_wconf 83' lang='lat' dir='ltr'><strong>magistrum</strong></span> <span class='ocrx_word' id='word_1_159' title='bbox 3232 767 3451 822; x_wconf 88' lang='lat' dir='ltr'><strong>habere.</strong></span> 
     </span>
    </p>
   </div>
   <div class='ocr_carea' id='block_1_22' title="bbox 1884 859 3451 925">
    <p class='ocr_par' dir='ltr' id='par_1_22' title="bbox 1884 859 3451 925">
     <span class='ocr_line' id='line_1_22' title="bbox 1884 859 3451 925; baseline -0.006 -4"><span class='ocrx_word' id='word_1_160' title='bbox 1884 866 2018 921; x_wconf 90' lang='lat' dir='ltr'><strong>Cum</strong></span> <span class='ocrx_word' id='word_1_161' title='bbox 2049 874 2231 918; x_wconf 89' lang='lat' dir='ltr'><strong>autem</strong></span> <span class='ocrx_word' id='word_1_162' title='bbox 2266 861 2455 916; x_wconf 91' lang='lat' dir='ltr'><strong>multis</strong></span> <span class='ocrx_word' id='word_1_163' title='bbox 2495 860 2653 915; x_wconf 89' lang='lat' dir='ltr'><strong>simul</strong></span> <span class='ocrx_word' id='word_1_164' title='bbox 2707 859 2953 913; x_wconf 82' lang='lat' dir='ltr'><strong>laborare</strong></span> <span class='ocrx_word' id='word_1_165' title='bbox 2982 861 3151 925; x_wconf 86' lang='lat' dir='ltr'><strong>possit</strong></span> <span class='ocrx_word' id='word_1_166' title='bbox 3175 859 3320 912; x_wconf 85' lang='lat' dir='ltr'><strong>vitiis</strong></span> <span class='ocrx_word' id='word_1_167' title='bbox 3351 859 3451 912; x_wconf 83' lang='lat' dir='ltr'><strong>ho-</strong></span> 
     </span>
    </p>
   </div>
   <div class='ocr_carea' id='block_1_23' title="bbox 1885 950 3454 1025">
    <p class='ocr_par' dir='ltr' id='par_1_23' title="bbox 1885 950 3454 1025">
     <span class='ocr_line' id='line_1_23' title="bbox 1885 950 3454 1025; baseline -0.008 -11"><span class='ocrx_word' id='word_1_168' title='bbox 1885 973 1993 1025; x_wconf 93' lang='lat' dir='ltr'><strong>mo,</strong></span> <span class='ocrx_word' id='word_1_169' title='bbox 2033 966 2088 1010; x_wconf 89' lang='lat' dir='ltr'><strong>et</strong></span> <span class='ocrx_word' id='word_1_170' title='bbox 2134 956 2344 1011; x_wconf 88' lang='lat' dir='ltr'><strong>laboret</strong></span> <span class='ocrx_word' id='word_1_171' title='bbox 2403 966 2662 1024; x_wconf 68' lang='lat' dir='ltr'><strong>persaepe,</strong></span> <span class='ocrx_word' id='word_1_172' title='bbox 2691 961 2817 1005; x_wconf 90' lang='lat' dir='ltr'><strong>tunc</strong></span> <span class='ocrx_word' id='word_1_173' title='bbox 2868 966 2898 1003; x_wconf 92' lang='lat' dir='ltr'><strong>a</strong></span> <span class='ocrx_word' id='word_1_174' title='bbox 2932 951 3112 1004; x_wconf 91' lang='lat' dir='ltr'><strong>multis</strong></span> <span class='ocrx_word' id='word_1_175' title='bbox 3149 964 3271 1004; x_wconf 88' lang='lat' dir='ltr'><strong>eum</strong></span> <span class='ocrx_word' id='word_1_176' title='bbox 3293 950 3454 1004; x_wconf 90' lang='lat' dir='ltr'><strong>simul</strong></span> 
     </span>
    </p>
   </div>
   <div class='ocr_carea' id='block_1_24' title="bbox 1883 1040 3452 1111">
    <p class='ocr_par' dir='ltr' id='par_1_24' title="bbox 1883 1040 3452 1111">
     <span class='ocr_line' id='line_1_24' title="bbox 1883 1040 3452 1111; baseline -0.006 -7"><span class='ocrx_word' id='word_1_177' title='bbox 1883 1050 2223 1105; x_wconf 65' lang='lat' dir='ltr'><strong>daemonibus</strong></span> <span class='ocrx_word' id='word_1_178' title='bbox 2258 1047 2498 1102; x_wconf 89' lang='lat' dir='ltr'><strong>insideri.</strong></span> <span class='ocrx_word' id='word_1_179' title='bbox 2519 1044 2671 1111; x_wconf 86' lang='lat' dir='ltr'><strong>Quod</strong></span> <span class='ocrx_word' id='word_1_180' title='bbox 2702 1044 2772 1097; x_wconf 88' lang='lat' dir='ltr'><strong>ita</strong></span> <span class='ocrx_word' id='word_1_181' title='bbox 2800 1053 2976 1097; x_wconf 87' lang='lat' dir='ltr'><strong>tamen</strong></span> <span class='ocrx_word' id='word_1_182' title='bbox 3012 1043 3078 1097; x_wconf 91' lang='lat' dir='ltr'><strong>ab</strong></span> <span class='ocrx_word' id='word_1_183' title='bbox 3108 1040 3339 1111; x_wconf 79' lang='lat' dir='ltr'><strong>Origene</strong></span> <span class='ocrx_word' id='word_1_184' title='bbox 3366 1042 3452 1095; x_wconf 91' lang='lat' dir='ltr'><strong>in-</strong></span> 
     </span>
    </p>
   </div>
   <div class='ocr_carea' id='block_1_25' title="bbox 1887 1133 3453 1210">
    <p class='ocr_par' dir='ltr' id='par_1_25' title="bbox 1887 1133 3453 1210">
     <span class='ocr_line' id='line_1_25' title="bbox 1887 1133 3453 1210; baseline -0.006 -15"><span class='ocrx_word' id='word_1_185' title='bbox 1887 1141 2160 1196; x_wconf 89' lang='lat' dir='ltr'><strong>tellectum</strong></span> <span class='ocrx_word' id='word_1_186' title='bbox 2195 1148 2348 1210; x_wconf 94' lang='lat' dir='ltr'><strong>puto,</strong></span> <span class='ocrx_word' id='word_1_187' title='bbox 2381 1137 2738 1207; x_wconf 81' lang='lat' dir='ltr'><strong>temporarias</strong></span> <span class='ocrx_word' id='word_1_188' title='bbox 2778 1150 2899 1190; x_wconf 85' lang='lat' dir='ltr'><strong>esse</strong></span> <span class='ocrx_word' id='word_1_189' title='bbox 2948 1136 3045 1189; x_wconf 90' lang='lat' dir='ltr'><strong>has</strong></span> <span class='ocrx_word' id='word_1_190' title='bbox 3098 1133 3453 1202; x_wconf 89' lang='lat' dir='ltr'><strong>complurium</strong></span> 
     </span>
    </p>
   </div>
   <div class='ocr_carea' id='block_1_26' title="bbox 1884 1225 3451 1298">
    <p class='ocr_par' dir='ltr' id='par_1_26' title="bbox 1884 1225 3451 1298">
     <span class='ocr_line' id='line_1_26' title="bbox 1884 1225 3451 1298; baseline -0.005 -11"><span class='ocrx_word' id='word_1_191' title='bbox 1884 1234 2187 1287; x_wconf 71' lang='lat' dir='ltr'><strong>daemonum</strong></span> <span class='ocrx_word' id='word_1_192' title='bbox 2263 1231 2650 1298; x_wconf 79' lang='lat' dir='ltr'><strong>angelorumve</strong></span> <span class='ocrx_word' id='word_1_193' title='bbox 2714 1225 3062 1292; x_wconf 77' lang='lat' dir='ltr'><strong>aﬂ&#39;ectiones;</strong></span> <span class='ocrx_word' id='word_1_194' title='bbox 3118 1236 3451 1281; x_wconf 86' lang='lat' dir='ltr'><strong>constantem</strong></span> 
     </span>
    </p>
   </div>
   <div class='ocr_carea' id='block_1_27' title="bbox 1884 1320 3452 1393">
    <p class='ocr_par' dir='ltr' id='par_1_27' title="bbox 1884 1320 3452 1393">
     <span class='ocr_line' id='line_1_27' title="bbox 1884 1320 3452 1393; baseline -0.005 -15"><span class='ocrx_word' id='word_1_195' title='bbox 1884 1334 2065 1378; x_wconf 89' lang='lat' dir='ltr'><strong>autem</strong></span> <span class='ocrx_word' id='word_1_196' title='bbox 2087 1332 2141 1377; x_wconf 91' lang='lat' dir='ltr'><strong>et</strong></span> <span class='ocrx_word' id='word_1_197' title='bbox 2176 1338 2271 1393; x_wconf 92' lang='lat' dir='ltr'><strong>per</strong></span> <span class='ocrx_word' id='word_1_198' title='bbox 2295 1322 2462 1377; x_wconf 89' lang='lat' dir='ltr'><strong>totius</strong></span> <span class='ocrx_word' id='word_1_199' title='bbox 2496 1320 2826 1375; x_wconf 89' lang='lat' dir='ltr'><strong>curriculum</strong></span> <span class='ocrx_word' id='word_1_200' title='bbox 2856 1321 2979 1373; x_wconf 66' lang='lat' dir='ltr'><strong>vitae</strong></span> <span class='ocrx_word' id='word_1_201' title='bbox 3018 1328 3452 1389; x_wconf 77' lang='lat' dir='ltr'><strong>perseverantem</strong></span> 
     </span>
    </p>
   </div>
   <div class='ocr_carea' id='block_1_28' title="bbox 1882 1409 3454 1483">
    <p class='ocr_par' dir='ltr' id='par_1_28' title="bbox 1882 1409 3454 1483">
     <span class='ocr_line' id='line_1_28' title="bbox 1882 1409 3454 1483; baseline -0.005 -12"><span class='ocrx_word' id='word_1_202' title='bbox 1882 1416 2017 1471; x_wconf 88' lang='lat' dir='ltr'><strong>certi</strong></span> <span class='ocrx_word' id='word_1_203' title='bbox 2070 1414 2299 1483; x_wconf 83' lang='lat' dir='ltr'><strong>alicujus</strong></span> <span class='ocrx_word' id='word_1_204' title='bbox 2352 1413 2532 1483; x_wconf 80' lang='lat' dir='ltr'><strong>angeli</strong></span> <span class='ocrx_word' id='word_1_205' title='bbox 2583 1411 2765 1466; x_wconf 85' lang='lat' dir='ltr'><strong>itidem</strong></span> <span class='ocrx_word' id='word_1_206' title='bbox 2805 1419 2859 1465; x_wconf 88' lang='lat' dir='ltr'><strong>et</strong></span> <span class='ocrx_word' id='word_1_207' title='bbox 2908 1410 3165 1464; x_wconf 71' lang='lat' dir='ltr'><strong>daemonis</strong></span> <span class='ocrx_word' id='word_1_208' title='bbox 3208 1409 3454 1475; x_wconf 81' lang='lat' dir='ltr'><strong>stipatio—</strong></span> 
     </span>
    </p>
   </div>
   <div class='ocr_carea' id='block_1_29' title="bbox 1884 1501 3454 1573">
    <p class='ocr_par' dir='ltr' id='par_1_29' title="bbox 1884 1501 3454 1573">
     <span class='ocr_line' id='line_1_29' title="bbox 1884 1501 3454 1573; baseline -0.007 -9"><span class='ocrx_word' id='word_1_209' title='bbox 1884 1524 2027 1573; x_wconf 89' lang='lat' dir='ltr'><strong>nem,</strong></span> <span class='ocrx_word' id='word_1_210' title='bbox 2077 1508 2318 1563; x_wconf 86' lang='lat' dir='ltr'><strong>nascenti</strong></span> <span class='ocrx_word' id='word_1_211' title='bbox 2375 1506 2598 1561; x_wconf 81' lang='lat' dir='ltr'><strong>cuilibet</strong></span> <span class='ocrx_word' id='word_1_212' title='bbox 2652 1504 2855 1558; x_wconf 84' lang='lat' dir='ltr'><strong>homini</strong></span> <span class='ocrx_word' id='word_1_213' title='bbox 2902 1503 3170 1558; x_wconf 85' lang='lat' dir='ltr'><strong>decretam</strong></span> <span class='ocrx_word' id='word_1_214' title='bbox 3209 1509 3265 1554; x_wconf 90' lang='lat' dir='ltr'><strong>et</strong></span> <span class='ocrx_word' id='word_1_215' title='bbox 3296 1501 3454 1554; x_wconf 90' lang='lat' dir='ltr'><strong>attri-</strong></span> 
     </span>
    </p>
   </div>
   <div class='ocr_carea' id='block_1_30' title="bbox 1880 1602 2082 1655">
    <p class='ocr_par' dir='ltr' id='par_1_30' title="bbox 1880 1602 2082 1655">
     <span class='ocr_line' id='line_1_30' title="bbox 1880 1602 2082 1655; baseline -0.01 0"><span class='ocrx_word' id='word_1_216' title='bbox 1880 1602 2082 1655; x_wconf 81' lang='lat' dir='ltr'><strong>bulam.</strong></span> 
     </span>
    </p>
   </div>
   <div class='ocr_carea' id='block_1_31' title="bbox 1951 1685 3451 1759">
    <p class='ocr_par' dir='ltr' id='par_1_31' title="bbox 1951 1685 3451 1759">
     <span class='ocr_line' id='line_1_31' title="bbox 1951 1685 3451 1759; baseline -0.005 -14"><span class='ocrx_word' id='word_1_217' title='bbox 1951 1690 2121 1747; x_wconf 92' lang='lat' dir='ltr'><strong>Porro</strong></span> <span class='ocrx_word' id='word_1_218' title='bbox 2167 1698 2284 1759; x_wconf 91' lang='lat' dir='ltr'><strong>post</strong></span> <span class='ocrx_word' id='word_1_219' title='bbox 2310 1689 2739 1743; x_wconf 89' lang='lat' dir='ltr'><strong>administratum</strong></span> <span class='ocrx_word' id='word_1_220' title='bbox 2787 1685 2964 1740; x_wconf 80' lang='lat' dir='ltr'><strong>tutelae</strong></span> <span class='ocrx_word' id='word_1_221' title='bbox 2997 1695 3194 1740; x_wconf 62' lang='lat' dir='ltr'><strong>nostra:</strong></span> <span class='ocrx_word' id='word_1_222' title='bbox 3237 1700 3451 1748; x_wconf 90' lang='lat' dir='ltr'><strong>munus,</strong></span> 
     </span>
    </p>
   </div>
   <div class='ocr_carea' id='block_1_32' title="bbox 211 1777 3455 1852">
    <p class='ocr_par' dir='ltr' id='par_1_32' title="bbox 211 1777 3455 1852">
     <span class='ocr_line' id='line_1_32' title="bbox 211 1777 3455 1852; baseline -0.002 -16"><span class='ocrx_word' id='word_1_223' title='bbox 211 1782 409 1837; x_wconf 90' lang='lat' dir='ltr'><strong>bonum</strong></span> <span class='ocrx_word' id='word_1_224' title='bbox 439 1784 689 1848; x_wconf 90' lang='lat' dir='ltr'><strong>alterum,</strong></span> <span class='ocrx_word' id='word_1_225' title='bbox 738 1782 966 1838; x_wconf 89' lang='lat' dir='ltr'><strong>alterum</strong></span> <span class='ocrx_word' id='word_1_226' title='bbox 1020 1783 1217 1838; x_wconf 90' lang='lat' dir='ltr'><strong>malum</strong></span> <span class='ocrx_word' id='word_1_227' title='bbox 1273 1784 1514 1838; x_wconf 88' lang='lat' dir='ltr'><strong>decernit</strong></span> <span class='ocrx_word' id='word_1_228' title='bbox 1544 1785 1637 1838; x_wconf 91' lang='lat' dir='ltr'><strong>lib.</strong></span> <span class='ocrx_word' id='word_1_229' title='bbox 1676 1800 1690 1836; x_wconf 92' lang='grc' dir='ltr'><strong>ι</strong></span> <span class='ocrx_word' id='word_1_230' title='bbox 1723 1784 1777 1836; x_wconf 81' lang='lat' dir='ltr'><strong>in</strong></span> <span class='ocrx_word' id='word_1_231' title='bbox 1812 1777 1850 1831; x_wconf 84' lang='grc' dir='ltr'>Β</span> <span class='ocrx_word' id='word_1_232' title='bbox 1882 1793 2079 1837; x_wconf 88' lang='lat' dir='ltr'><strong>statum</strong></span> <span class='ocrx_word' id='word_1_233' title='bbox 2109 1783 2176 1837; x_wconf 91' lang='lat' dir='ltr'><strong>iri</strong></span> <span class='ocrx_word' id='word_1_234' title='bbox 2218 1782 2439 1852; x_wconf 80' lang='lat' dir='ltr'><strong>angelos</strong></span> <span class='ocrx_word' id='word_1_235' title='bbox 2468 1781 2522 1834; x_wconf 93' lang='lat' dir='ltr'><strong>in</strong></span> <span class='ocrx_word' id='word_1_236' title='bbox 2559 1779 2784 1847; x_wconf 88' lang='lat' dir='ltr'><strong>judicio,</strong></span> <span class='ocrx_word' id='word_1_237' title='bbox 2816 1788 2870 1831; x_wconf 92' lang='lat' dir='ltr'><strong>et</strong></span> <span class='ocrx_word' id='word_1_238' title='bbox 2910 1778 3173 1848; x_wconf 66' lang='lat' dir='ltr'><strong>imposita:</strong></span> <span class='ocrx_word' id='word_1_239' title='bbox 3199 1778 3303 1832; x_wconf 88' lang='lat' dir='ltr'><strong>sibi</strong></span> <span class='ocrx_word' id='word_1_240' title='bbox 3331 1792 3455 1847; x_wconf 90' lang='lat' dir='ltr'><strong>pro-</strong></span> 
     </span>
    </p>
   </div>
   <div class='ocr_carea' id='block_1_33' title="bbox 209 1871 1777 1944">
    <p class='ocr_par' dir='ltr' id='par_1_33' title="bbox 209 1871 1777 1944">
     <span class='ocr_line' id='line_1_33' title="bbox 209 1871 1777 1944; baseline 0.001 -18"><span class='ocrx_word' id='word_1_241' title='bbox 209 1872 379 1940; x_wconf 79' lang='lat' dir='ltr'><strong>Epiu.</strong></span> <span class='ocrx_word' id='word_1_242' title='bbox 399 1873 467 1926; x_wconf 85' lang='lat' dir='ltr'><strong>ad</strong></span> <span class='ocrx_word' id='word_1_243' title='bbox 488 1871 664 1943; x_wconf 64' lang='lat' dir='ltr'><strong>Rom...</strong></span> <span class='ocrx_word' id='word_1_244' title='bbox 686 1889 831 1928; x_wconf 91' lang='lat' dir='ltr'><strong>num.</strong></span> <span class='ocrx_word' id='word_1_245' title='bbox 858 1873 943 1932; x_wconf 80' lang='grc'><strong>18,</strong></span> <span class='ocrx_word' id='word_1_246' title='bbox 959 1884 1013 1927; x_wconf 91' lang='lat' dir='ltr'><strong>et</strong></span> <span class='ocrx_word' id='word_1_247' title='bbox 1035 1888 1100 1927; x_wconf 80' lang='lat' dir='ltr'><strong>ex</strong></span> <span class='ocrx_word' id='word_1_248' title='bbox 1130 1874 1424 1944; x_wconf 90' lang='lat' dir='ltr'><strong>Scripturis</strong></span> <span class='ocrx_word' id='word_1_249' title='bbox 1450 1875 1617 1929; x_wconf 90' lang='lat' dir='ltr'><strong>sacris</strong></span> <span class='ocrx_word' id='word_1_250' title='bbox 1637 1889 1777 1943; x_wconf 49' lang='lat' dir='ltr'><strong>saepe</strong></span> 
     </span>
    </p>
   </div>
   <div class='ocr_carea' id='block_1_34' title="bbox 209 1964 1779 2036">
    <p class='ocr_par' dir='ltr' id='par_1_34' title="bbox 209 1964 1779 2036">
     <span class='ocr_line' id='line_1_34' title="bbox 209 1964 1779 2036; baseline 0.001 -17"><span class='ocrx_word' id='word_1_251' title='bbox 209 1965 263 2020; x_wconf 89' lang='lat' dir='ltr'><strong>id</strong></span> <span class='ocrx_word' id='word_1_252' title='bbox 289 1979 348 2019; x_wconf 88' lang='lat' dir='ltr'><strong>se</strong></span> <span class='ocrx_word' id='word_1_253' title='bbox 381 1966 626 2021; x_wconf 87' lang='lat' dir='ltr'><strong>docuisse</strong></span> <span class='ocrx_word' id='word_1_254' title='bbox 652 1966 728 2019; x_wconf 86' lang='lat' dir='ltr'><strong>ait</strong></span> <span class='ocrx_word' id='word_1_255' title='bbox 758 1965 943 2019; x_wconf 88' lang='lat' dir='ltr'><strong>homil.</strong></span> <span class='ocrx_word' id='word_1_256' title='bbox 980 1967 1049 2020; x_wconf 68' lang='grc'>25</span> <span class='ocrx_word' id='word_1_257' title='bbox 1078 1967 1131 2019; x_wconf 83' lang='lat' dir='ltr'><strong>in</strong></span> <span class='ocrx_word' id='word_1_258' title='bbox 1159 1964 1303 2030; x_wconf 68' lang='lat'><strong>103.,</strong></span> <span class='ocrx_word' id='word_1_259' title='bbox 1336 1982 1484 2022; x_wconf 90' lang='lat' dir='ltr'><strong>num.</strong></span> <span class='ocrx_word' id='word_1_260' title='bbox 1518 1967 1572 2035; x_wconf 70' lang='grc' dir='ltr'><strong>ὅ,</strong></span> <span class='ocrx_word' id='word_1_261' title='bbox 1601 1980 1655 2023; x_wconf 90' lang='lat' dir='ltr'><strong>et</strong></span> <span class='ocrx_word' id='word_1_262' title='bbox 1683 1982 1779 2036; x_wconf 89' lang='lat' dir='ltr'><strong>per</strong></span> 
     </span>
    </p>
   </div>
   <div class='ocr_carea' id='block_1_35' title="bbox 205 2056 1776 2129">
    <p class='ocr_par' dir='ltr' id='par_1_35' title="bbox 205 2056 1776 2129">
     <span class='ocr_line' id='line_1_35' title="bbox 205 2056 1776 2129; baseline 0.002 -18"><span class='ocrx_word' id='word_1_263' title='bbox 205 2056 434 2112; x_wconf 80' lang='lat' dir='ltr'><strong>Genium</strong></span> <span class='ocrx_word' id='word_1_264' title='bbox 487 2056 769 2126; x_wconf 86' lang='lat' dir='ltr'><strong>principis,</strong></span> <span class='ocrx_word' id='word_1_265' title='bbox 822 2071 980 2125; x_wconf 83' lang='lat' dir='ltr'><strong>quem</strong></span> <span class='ocrx_word' id='word_1_266' title='bbox 1013 2059 1310 2111; x_wconf 65' lang='lat' dir='ltr'><strong>daemonem</strong></span> <span class='ocrx_word' id='word_1_267' title='bbox 1340 2073 1458 2113; x_wconf 88' lang='lat' dir='ltr'><strong>esse</strong></span> <span class='ocrx_word' id='word_1_268' title='bbox 1491 2059 1622 2114; x_wconf 90' lang='lat' dir='ltr'><strong>dicit</strong></span> <span class='ocrx_word' id='word_1_269' title='bbox 1676 2060 1776 2129; x_wconf 89' lang='lat' dir='ltr'><strong>ipsi</strong></span> 
     </span>
    </p>
   </div>
   <div class='ocr_carea' id='block_1_36' title="bbox 209 2142 1777 2214">
    <p class='ocr_par' dir='ltr' id='par_1_36' title="bbox 209 2142 1777 2214">
     <span class='ocr_line' id='line_1_36' title="bbox 209 2142 1777 2214; baseline 0.004 -19"><span class='ocrx_word' id='word_1_270' title='bbox 209 2142 450 2198; x_wconf 82' lang='lat' dir='ltr'><strong>nascenti</strong></span> <span class='ocrx_word' id='word_1_271' title='bbox 494 2145 818 2213; x_wconf 88' lang='lat' dir='ltr'><strong>appositum,</strong></span> <span class='ocrx_word' id='word_1_272' title='bbox 873 2144 1046 2214; x_wconf 88' lang='lat' dir='ltr'><strong>jurari</strong></span> <span class='ocrx_word' id='word_1_273' title='bbox 1106 2155 1248 2199; x_wconf 86' lang='lat' dir='ltr'><strong>vetat</strong></span> <span class='ocrx_word' id='word_1_274' title='bbox 1296 2146 1391 2201; x_wconf 90' lang='lat' dir='ltr'><strong>lib.</strong></span> <span class='ocrx_word' id='word_1_275' title='bbox 1437 2162 1532 2201; x_wconf 86' lang='lat' dir='ltr'><strong>vttt</strong></span> <span class='ocrx_word' id='word_1_276' title='bbox 1594 2157 1777 2202; x_wconf 82' lang='lat' dir='ltr'><strong>contra</strong></span> 
     </span>
    </p>
   </div>
   <div class='ocr_carea' id='block_1_37' title="bbox 205 2234 1778 2311">
    <p class='ocr_par' dir='ltr' id='par_1_37' title="bbox 205 2234 1778 2311">
     <span class='ocr_line' id='line_1_37' title="bbox 205 2234 1778 2311; baseline 0.003 -22"><span class='ocrx_word' id='word_1_277' title='bbox 205 2234 371 2301; x_wconf 51' lang='grc' dir='ltr'><strong>(ἔρια,</strong></span> <span class='ocrx_word' id='word_1_278' title='bbox 407 2252 551 2291; x_wconf 89' lang='lat' dir='ltr'><strong>num.</strong></span> <span class='ocrx_word' id='word_1_279' title='bbox 590 2236 681 2303; x_wconf 84' lang='lat'><strong>65,</strong></span> <span class='ocrx_word' id='word_1_280' title='bbox 728 2238 1118 2292; x_wconf 79' lang='grc' dir='ltr'>Ἀποθανατέον</span> <span class='ocrx_word' id='word_1_281' title='bbox 1165 2242 1282 2293; x_wconf 80' lang='grc' dir='ltr'>ἐστὶ</span> <span class='ocrx_word' id='word_1_282' title='bbox 1335 2241 1554 2311; x_wconf 79' lang='grc' dir='ltr'><strong>μᾶλλον,</strong></span> <span class='ocrx_word' id='word_1_283' title='bbox 1584 2244 1778 2311; x_wconf 82' lang='lat' dir='ltr'><strong>inquit,</strong></span> 
     </span>
    </p>
   </div>
   <div class='ocr_carea' id='block_1_38' title="bbox 206 2327 1781 2403">
    <p class='ocr_par' dir='ltr' id='par_1_38' title="bbox 206 2327 1781 2403">
     <span class='ocr_line' id='line_1_38' title="bbox 206 2327 1781 2403; baseline 0.006 -25"><span class='ocrx_word' id='word_1_284' title='bbox 206 2327 340 2396; x_wconf 82' lang='grc' dir='ltr'><strong>ἡμῖν</strong></span> <span class='ocrx_word' id='word_1_285' title='bbox 394 2327 532 2399; x_wconf 82' lang='grc' dir='ltr'>ὑπὲρ</span> <span class='ocrx_word' id='word_1_286' title='bbox 570 2327 665 2381; x_wconf 79' lang='grc' dir='ltr'><strong>τοῦ</strong></span> <span class='ocrx_word' id='word_1_287' title='bbox 703 2329 777 2401; x_wconf 82' lang='grc' dir='ltr'><strong>μὴ</strong></span> <span class='ocrx_word' id='word_1_288' title='bbox 851 2328 1044 2399; x_wconf 81' lang='grc' dir='ltr'><strong>ὀμόσαι</strong></span> <span class='ocrx_word' id='word_1_289' title='bbox 1109 2332 1379 2403; x_wconf 83' lang='grc' dir='ltr'><strong>μοχθηρὸν</strong></span> <span class='ocrx_word' id='word_1_290' title='bbox 1413 2334 1641 2403; x_wconf 83' lang='grc' dir='ltr'>δαίμονα</span> <span class='ocrx_word' id='word_1_291' title='bbox 1688 2338 1781 2388; x_wconf 75' lang='grc' dir='ltr'>καὶ</span> 
     </span>
    </p>
   </div>
   <div class='ocr_carea' id='block_1_39' title="bbox 204 2417 1780 2495">
    <p class='ocr_par' dir='ltr' id='par_1_39' title="bbox 204 2417 1780 2495">
     <span class='ocr_line' id='line_1_39' title="bbox 204 2417 1780 2495; baseline 0.005 -24"><span class='ocrx_word' id='word_1_292' title='bbox 204 2417 434 2473; x_wconf 73' lang='grc' dir='ltr'><strong>ἄπιστον</strong></span> <span class='ocrx_word' id='word_1_293' title='bbox 482 2419 742 2484; x_wconf 83' lang='grc' dir='ltr'><strong>πολλάκις</strong></span> <span class='ocrx_word' id='word_1_294' title='bbox 785 2421 1325 2491; x_wconf 77' lang='grc' dir='ltr'><strong>συνεξαμαρτάνοντα</strong></span> <span class='ocrx_word' id='word_1_295' title='bbox 1377 2418 1420 2491; x_wconf 83' lang='grc' dir='ltr'>ᾧ</span> <span class='ocrx_word' id='word_1_296' title='bbox 1461 2424 1649 2495; x_wconf 77' lang='grc' dir='ltr'>ἔλαχεν</span> <span class='ocrx_word' id='word_1_297' title='bbox 1688 2427 1780 2479; x_wconf 84' lang='grc' dir='ltr'><strong>ἁν-</strong></span> 
     </span>
    </p>
   </div>
   <div class='ocr_carea' id='block_1_40' title="bbox 208 2510 1778 2586">
    <p class='ocr_par' dir='ltr' id='par_1_40' title="bbox 208 2510 1778 2586">
     <span class='ocr_line' id='line_1_40' title="bbox 208 2510 1778 2586; baseline 0.004 -23"><span class='ocrx_word' id='word_1_298' title='bbox 208 2510 434 2582; x_wconf 80' lang='grc' dir='ltr'><strong>θρώπῳ,</strong></span> <span class='ocrx_word' id='word_1_299' title='bbox 466 2512 498 2577; x_wconf 82' lang='grc' dir='ltr'><strong>ἦ</strong></span> <span class='ocrx_word' id='word_1_300' title='bbox 540 2513 634 2565; x_wconf 78' lang='grc' dir='ltr'>καὶ</span> <span class='ocrx_word' id='word_1_301' title='bbox 666 2511 827 2564; x_wconf 79' lang='grc' dir='ltr'>πλέον</span> <span class='ocrx_word' id='word_1_302' title='bbox 856 2511 1020 2563; x_wconf 79' lang='grc' dir='ltr'>αὑτοῦ</span> <span class='ocrx_word' id='word_1_303' title='bbox 1081 2514 1478 2583; x_wconf 78' lang='grc' dir='ltr'>ἁμαρτάνοντα.</span> <span class='ocrx_word' id='word_1_304' title='bbox 1533 2515 1778 2586; x_wconf 87' lang='lat' dir='ltr'><strong>Dogmati</strong></span> 
     </span>
    </p>
   </div>
   <div class='ocr_carea' id='block_1_41' title="bbox 205 2604 1782 2675">
    <p class='ocr_par' dir='ltr' id='par_1_41' title="bbox 205 2604 1782 2675">
     <span class='ocr_line' id='line_1_41' title="bbox 205 2604 1782 2675; baseline 0.002 -15"><span class='ocrx_word' id='word_1_305' title='bbox 205 2604 339 2660; x_wconf 79' lang='lat' dir='ltr'><strong>huic</strong></span> <span class='ocrx_word' id='word_1_306' title='bbox 395 2606 700 2673; x_wconf 65' lang='lat' dir='ltr'><strong>prtesidium</strong></span> <span class='ocrx_word' id='word_1_307' title='bbox 762 2605 979 2660; x_wconf 82' lang='lat' dir='ltr'><strong>aSeiscit</strong></span> <span class='ocrx_word' id='word_1_308' title='bbox 1032 2620 1101 2660; x_wconf 80' lang='lat' dir='ltr'><strong>ex</strong></span> <span class='ocrx_word' id='word_1_309' title='bbox 1161 2606 1374 2662; x_wconf 65' lang='lat' dir='ltr'><strong>Hermae</strong></span> <span class='ocrx_word' id='word_1_310' title='bbox 1430 2607 1671 2675; x_wconf 77' lang='lat' dir='ltr'><strong>Pastore,</strong></span> <span class='ocrx_word' id='word_1_311' title='bbox 1728 2621 1782 2663; x_wconf 88' lang='lat' dir='ltr'><strong>et</strong></span> 
     </span>
    </p>
   </div>
   <div class='ocr_carea' id='block_1_42' title="bbox 204 2695 1777 2772">
    <p class='ocr_par' dir='ltr' id='par_1_42' title="bbox 204 2695 1777 2772">
     <span class='ocr_line' id='line_1_42' title="bbox 204 2695 1777 2772; baseline 0.003 -22"><span class='ocrx_word' id='word_1_312' title='bbox 204 2695 471 2751; x_wconf 58' lang='lat' dir='ltr'><strong>Barnabas</strong></span> <span class='ocrx_word' id='word_1_313' title='bbox 497 2696 721 2765; x_wconf 86' lang='lat' dir='ltr'><strong>epistola</strong></span> <span class='ocrx_word' id='word_1_314' title='bbox 747 2696 860 2767; x_wconf 92' lang='lat' dir='ltr'><strong>(qui</strong></span> <span class='ocrx_word' id='word_1_315' title='bbox 886 2696 1005 2751; x_wconf 87' lang='lat' dir='ltr'><strong>libri</strong></span> <span class='ocrx_word' id='word_1_316' title='bbox 1032 2697 1098 2751; x_wconf 93' lang='lat' dir='ltr'><strong>ad</strong></span> <span class='ocrx_word' id='word_1_317' title='bbox 1138 2698 1279 2754; x_wconf 90' lang='lat' dir='ltr'><strong>hanc</strong></span> <span class='ocrx_word' id='word_1_318' title='bbox 1302 2700 1443 2754; x_wconf 91' lang='lat' dir='ltr'><strong>diem</strong></span> <span class='ocrx_word' id='word_1_319' title='bbox 1469 2711 1777 2772; x_wconf 82' lang='lat' dir='ltr'><strong>supersunt,</strong></span> 
     </span>
    </p>
   </div>
   <div class='ocr_carea' id='block_1_43' title="bbox 204 2788 1777 2863">
    <p class='ocr_par' dir='ltr' id='par_1_43' title="bbox 204 2788 1777 2863">
     <span class='ocr_line' id='line_1_43' title="bbox 204 2788 1777 2863; baseline 0.003 -20"><span class='ocrx_word' id='word_1_320' title='bbox 204 2801 436 2857; x_wconf 83' lang='lat' dir='ltr'><strong>eamque</strong></span> <span class='ocrx_word' id='word_1_321' title='bbox 465 2788 750 2844; x_wconf 89' lang='lat' dir='ltr'><strong>continent</strong></span> <span class='ocrx_word' id='word_1_322' title='bbox 803 2790 1148 2861; x_wconf 86' lang='lat' dir='ltr'><strong>doctrinam),</strong></span> <span class='ocrx_word' id='word_1_323' title='bbox 1205 2793 1297 2846; x_wconf 92' lang='lat' dir='ltr'><strong>lib.</strong></span> <span class='ocrx_word' id='word_1_324' title='bbox 1330 2808 1387 2847; x_wconf 89' lang='grc' dir='ltr'><strong>ιιι</strong></span> <span class='ocrx_word' id='word_1_325' title='bbox 1431 2792 1507 2847; x_wconf 85' lang='lat' dir='ltr'><strong>De</strong></span> <span class='ocrx_word' id='word_1_326' title='bbox 1533 2794 1777 2863; x_wconf 60' lang='lat' dir='ltr'><strong>princip,</strong></span> 
     </span>
    </p>
   </div>
   <div class='ocr_carea' id='block_1_44' title="bbox 202 2879 1779 2950">
    <p class='ocr_par' dir='ltr' id='par_1_44' title="bbox 202 2879 1779 2950">
     <span class='ocr_line' id='line_1_44' title="bbox 202 2879 1779 2950; baseline 0.004 -16"><span class='ocrx_word' id='word_1_327' title='bbox 202 2893 329 2948; x_wconf 85' lang='lat' dir='ltr'><strong>cap.</strong></span> <span class='ocrx_word' id='word_1_328' title='bbox 354 2879 412 2945; x_wconf 71' lang='lat'><strong>3,</strong></span> <span class='ocrx_word' id='word_1_329' title='bbox 448 2896 595 2935; x_wconf 90' lang='lat' dir='ltr'><strong>num.</strong></span> <span class='ocrx_word' id='word_1_330' title='bbox 631 2881 684 2944; x_wconf 81' lang='grc'><strong>4,</strong></span> <span class='ocrx_word' id='word_1_331' title='bbox 719 2893 774 2938; x_wconf 89' lang='lat' dir='ltr'><strong>et</strong></span> <span class='ocrx_word' id='word_1_332' title='bbox 829 2882 1018 2937; x_wconf 89' lang='lat' dir='ltr'><strong>homil.</strong></span> <span class='ocrx_word' id='word_1_333' title='bbox 1072 2882 1140 2937; x_wconf 79' lang='lat'><strong>55</strong></span> <span class='ocrx_word' id='word_1_334' title='bbox 1169 2885 1225 2938; x_wconf 82' lang='lat' dir='ltr'><strong>in</strong></span> <span class='ocrx_word' id='word_1_335' title='bbox 1253 2884 1404 2950; x_wconf 84' lang='lat' dir='ltr'><strong>Luc.,</strong></span> <span class='ocrx_word' id='word_1_336' title='bbox 1439 2885 1527 2940; x_wconf 91' lang='lat' dir='ltr'><strong>ubi</strong></span> <span class='ocrx_word' id='word_1_337' title='bbox 1568 2887 1645 2941; x_wconf 91' lang='lat' dir='ltr'><strong>ait</strong></span> <span class='ocrx_word' id='word_1_338' title='bbox 1683 2889 1779 2942; x_wconf 86' lang='lat' dir='ltr'><strong>ad-</strong></span> 
     </span>
    </p>
   </div>
   <div class='ocr_carea' id='block_1_45' title="bbox 202 2971 1779 3048">
    <p class='ocr_par' dir='ltr' id='par_1_45' title="bbox 202 2971 1779 3048">
     <span class='ocr_line' id='line_1_45' title="bbox 202 2971 1779 3048; baseline 0.008 -25"><span class='ocrx_word' id='word_1_339' title='bbox 202 2971 529 3038; x_wconf 77' lang='lat' dir='ltr'><strong>versarium,</strong></span> <span class='ocrx_word' id='word_1_340' title='bbox 579 2982 632 3027; x_wconf 88' lang='lat' dir='ltr'><strong>et</strong></span> <span class='ocrx_word' id='word_1_341' title='bbox 669 2973 1042 3030; x_wconf 80' lang='lat' dir='ltr'><strong>insidiatorem</strong></span> <span class='ocrx_word' id='word_1_342' title='bbox 1077 2992 1105 3031; x_wconf 88' lang='lat' dir='ltr'><strong>a</strong></span> <span class='ocrx_word' id='word_1_343' title='bbox 1146 2978 1300 3033; x_wconf 91' lang='lat' dir='ltr'><strong>nobis</strong></span> <span class='ocrx_word' id='word_1_344' title='bbox 1331 2992 1592 3048; x_wconf 88' lang='lat' dir='ltr'><strong>nusquam</strong></span> <span class='ocrx_word' id='word_1_345' title='bbox 1627 2994 1779 3034; x_wconf 88' lang='lat' dir='ltr'><strong>rece-</strong></span> 
     </span>
    </p>
   </div>
   <div class='ocr_carea' id='block_1_46' title="bbox 202 3061 1778 3139">
    <p class='ocr_par' dir='ltr' id='par_1_46' title="bbox 202 3061 1778 3139">
     <span class='ocr_line' id='line_1_46' title="bbox 202 3061 1778 3139; baseline 0.006 -23"><span class='ocrx_word' id='word_1_346' title='bbox 202 3061 359 3129; x_wconf 88' lang='lat' dir='ltr'><strong>dere,</strong></span> <span class='ocrx_word' id='word_1_347' title='bbox 415 3064 513 3119; x_wconf 85' lang='lat' dir='ltr'><strong>sed</strong></span> <span class='ocrx_word' id='word_1_348' title='bbox 552 3065 620 3118; x_wconf 92' lang='lat' dir='ltr'><strong>ad</strong></span> <span class='ocrx_word' id='word_1_349' title='bbox 675 3066 971 3136; x_wconf 87' lang='lat' dir='ltr'><strong>principem</strong></span> <span class='ocrx_word' id='word_1_350' title='bbox 1007 3069 1185 3138; x_wconf 89' lang='lat' dir='ltr'><strong>gentis</strong></span> <span class='ocrx_word' id='word_1_351' title='bbox 1214 3071 1466 3124; x_wconf 90' lang='lat' dir='ltr'><strong>nimirum</strong></span> <span class='ocrx_word' id='word_1_352' title='bbox 1497 3072 1778 3139; x_wconf 67' lang='lat' dir='ltr'><strong>praasidem</strong></span> 
     </span>
    </p>
   </div>
   <div class='ocr_carea' id='block_1_47' title="bbox 204 3155 1779 3225">
    <p class='ocr_par' dir='ltr' id='par_1_47' title="bbox 204 3155 1779 3225">
     <span class='ocr_line' id='line_1_47' title="bbox 204 3155 1779 3225; baseline 0.009 -18"><span class='ocrx_word' id='word_1_353' title='bbox 204 3155 511 3211; x_wconf 72' lang='lat' dir='ltr'><strong>daemonem</strong></span> <span class='ocrx_word' id='word_1_354' title='bbox 545 3173 645 3211; x_wconf 90' lang='lat' dir='ltr'><strong>nos</strong></span> <span class='ocrx_word' id='word_1_355' title='bbox 670 3158 960 3225; x_wconf 85' lang='lat' dir='ltr'><strong>deducere,</strong></span> <span class='ocrx_word' id='word_1_356' title='bbox 1008 3170 1065 3215; x_wconf 92' lang='lat' dir='ltr'><strong>et</strong></span> <span class='ocrx_word' id='word_1_357' title='bbox 1102 3176 1130 3214; x_wconf 87' lang='lat' dir='ltr'><strong>a</strong></span> <span class='ocrx_word' id='word_1_358' title='bbox 1162 3177 1221 3216; x_wconf 91' lang='lat' dir='ltr'><strong>se</strong></span> <span class='ocrx_word' id='word_1_359' title='bbox 1252 3172 1493 3217; x_wconf 83' lang='lat' dir='ltr'><strong>servatos</strong></span> <span class='ocrx_word' id='word_1_360' title='bbox 1520 3165 1779 3221; x_wconf 89' lang='lat' dir='ltr'><strong>adversus</strong></span> 
     </span>
    </p>
   </div>
   <div class='ocr_carea' id='block_1_48' title="bbox 201 3246 1779 3321">
    <p class='ocr_par' dir='ltr' id='par_1_48' title="bbox 201 3246 1779 3321">
     <span class='ocr_line' id='line_1_48' title="bbox 201 3246 1779 3321; baseline 0.008 -21"><span class='ocrx_word' id='word_1_361' title='bbox 201 3246 466 3317; x_wconf 87' lang='lat' dir='ltr'><strong>principis</strong></span> <span class='ocrx_word' id='word_1_362' title='bbox 523 3249 787 3316; x_wconf 86' lang='lat' dir='ltr'><strong>alterius,</strong></span> <span class='ocrx_word' id='word_1_363' title='bbox 838 3266 1028 3320; x_wconf 88' lang='lat' dir='ltr'><strong>rapere</strong></span> <span class='ocrx_word' id='word_1_364' title='bbox 1078 3268 1176 3307; x_wconf 92' lang='lat' dir='ltr'><strong>nos</strong></span> <span class='ocrx_word' id='word_1_365' title='bbox 1229 3255 1495 3321; x_wconf 87' lang='lat' dir='ltr'><strong>volentis,</strong></span> <span class='ocrx_word' id='word_1_366' title='bbox 1553 3257 1779 3313; x_wconf 85' lang='lat' dir='ltr'><strong>insidias</strong></span> 
     </span>
    </p>
   </div>
   <div class='ocr_carea' id='block_1_49' title="bbox 200 3338 1775 3416">
    <p class='ocr_par' dir='ltr' id='par_1_49' title="bbox 200 3338 1775 3416">
     <span class='ocr_line' id='line_1_49' title="bbox 200 3338 1775 3416; baseline 0.006 -21"><span class='ocrx_word' id='word_1_367' title='bbox 200 3338 397 3395; x_wconf 83' lang='lat' dir='ltr'><strong>sistere</strong></span> <span class='ocrx_word' id='word_1_368' title='bbox 427 3358 441 3394; x_wconf 86' lang='lat'><strong>:</strong></span> <span class='ocrx_word' id='word_1_369' title='bbox 467 3340 742 3398; x_wconf 89' lang='lat' dir='ltr'><strong>Christum</strong></span> <span class='ocrx_word' id='word_1_370' title='bbox 796 3355 975 3400; x_wconf 89' lang='lat' dir='ltr'><strong>autem</strong></span> <span class='ocrx_word' id='word_1_371' title='bbox 1029 3344 1302 3416; x_wconf 89' lang='lat' dir='ltr'><strong>principes</strong></span> <span class='ocrx_word' id='word_1_372' title='bbox 1333 3362 1521 3403; x_wconf 90' lang='lat' dir='ltr'><strong>omnes</strong></span> <span class='ocrx_word' id='word_1_373' title='bbox 1559 3351 1775 3416; x_wconf 87' lang='lat' dir='ltr'><strong>vicisse,</strong></span> 
     </span>
    </p>
   </div>
   <div class='ocr_carea' id='block_1_50' title="bbox 199 3433 1779 3511">
    <p class='ocr_par' dir='ltr' id='par_1_50' title="bbox 199 3433 1779 3511">
     <span class='ocr_line' id='line_1_50' title="bbox 199 3433 1779 3511; baseline 0.007 -25"><span class='ocrx_word' id='word_1_374' title='bbox 199 3439 263 3487; x_wconf 76' lang='lat' dir='ltr'><strong>et</strong></span> <span class='ocrx_word' id='word_1_375' title='bbox 297 3433 560 3489; x_wconf 89' lang='lat' dir='ltr'><strong>terminos</strong></span> <span class='ocrx_word' id='word_1_376' title='bbox 593 3450 779 3490; x_wconf 91' lang='lat' dir='ltr'><strong>eorum</strong></span> <span class='ocrx_word' id='word_1_377' title='bbox 841 3445 1204 3491; x_wconf 89' lang='lat' dir='ltr'><strong>transeuntem</strong></span> <span class='ocrx_word' id='word_1_378' title='bbox 1262 3441 1506 3510; x_wconf 86' lang='lat' dir='ltr'><strong>captivos</strong></span> <span class='ocrx_word' id='word_1_379' title='bbox 1554 3442 1779 3511; x_wconf 88' lang='lat' dir='ltr'><strong>populos</strong></span> 
     </span>
    </p>
   </div>
   <div class='ocr_carea' id='block_1_51' title="bbox 201 3522 1781 3604">
    <p class='ocr_par' dir='ltr' id='par_1_51' title="bbox 201 3522 1781 3604">
     <span class='ocr_line' id='line_1_51' title="bbox 201 3522 1781 3604; baseline 0.008 -28"><span class='ocrx_word' id='word_1_380' title='bbox 201 3522 273 3577; x_wconf 87' lang='lat' dir='ltr'><strong>ad</strong></span> <span class='ocrx_word' id='word_1_381' title='bbox 293 3523 422 3577; x_wconf 90' lang='lat' dir='ltr'><strong>sein</strong></span> <span class='ocrx_word' id='word_1_382' title='bbox 445 3524 670 3579; x_wconf 86' lang='lat' dir='ltr'><strong>salutem</strong></span> <span class='ocrx_word' id='word_1_383' title='bbox 717 3529 1080 3585; x_wconf 86' lang='lat' dir='ltr'><strong>transtulisse.</strong></span> <span class='ocrx_word' id='word_1_384' title='bbox 1106 3532 1266 3585; x_wconf 84' lang='lat' dir='ltr'><strong>Addit</strong></span> <span class='ocrx_word' id='word_1_385' title='bbox 1294 3533 1486 3587; x_wconf 90' lang='lat' dir='ltr'><strong>deinde</strong></span> <span class='ocrx_word' id='word_1_386' title='bbox 1511 3550 1525 3590; x_wconf 87' lang='lat'><strong>:</strong></span> <span class='ocrx_word' id='word_1_387' title='bbox 1556 3554 1575 3585; x_wconf 84' lang='grc'><strong><em>‹</em></strong></span> <span class='ocrx_word' id='word_1_388' title='bbox 1598 3534 1781 3604; x_wconf 86' lang='lat' dir='ltr'><strong>Neque</strong></span> 
     </span>
    </p>
   </div>
   <div class='ocr_carea' id='block_1_52' title="bbox 201 3615 1777 3695">
    <p class='ocr_par' dir='ltr' id='par_1_52' title="bbox 201 3615 1777 3695">
     <span class='ocr_line' id='line_1_52' title="bbox 201 3615 1777 3695; baseline 0.006 -26"><span class='ocrx_word' id='word_1_389' title='bbox 201 3615 350 3669; x_wconf 83' lang='lat' dir='ltr'><strong>enim</strong></span> <span class='ocrx_word' id='word_1_390' title='bbox 384 3631 575 3671; x_wconf 82' lang='lat' dir='ltr'><strong>outncs</strong></span> <span class='ocrx_word' id='word_1_391' title='bbox 621 3618 859 3673; x_wconf 91' lang='lat' dir='ltr'><strong>omnium</strong></span> <span class='ocrx_word' id='word_1_392' title='bbox 904 3632 1031 3677; x_wconf 88' lang='lat' dir='ltr'><strong>sunt</strong></span> <span class='ocrx_word' id='word_1_393' title='bbox 1074 3625 1397 3689; x_wconf 85' lang='lat' dir='ltr'><strong>adversarii,</strong></span> <span class='ocrx_word' id='word_1_394' title='bbox 1452 3626 1545 3679; x_wconf 89' lang='lat' dir='ltr'><strong>sed</strong></span> <span class='ocrx_word' id='word_1_395' title='bbox 1584 3626 1777 3695; x_wconf 82' lang='lat' dir='ltr'><strong>singuli</strong></span> 
     </span>
    </p>
   </div>
   <div class='ocr_carea' id='block_1_53' title="bbox 201 3703 1781 3785">
    <p class='ocr_par' dir='ltr' id='par_1_53' title="bbox 201 3703 1781 3785">
     <span class='ocr_line' id='line_1_53' title="bbox 201 3703 1781 3785; baseline 0.009 -28"><span class='ocrx_word' id='word_1_396' title='bbox 201 3703 450 3774; x_wconf 89' lang='lat' dir='ltr'><strong>singulos</strong></span> <span class='ocrx_word' id='word_1_397' title='bbox 476 3708 695 3774; x_wconf 88' lang='lat' dir='ltr'><strong>habent,</strong></span> <span class='ocrx_word' id='word_1_398' title='bbox 734 3711 824 3779; x_wconf 92' lang='lat' dir='ltr'><strong>qui</strong></span> <span class='ocrx_word' id='word_1_399' title='bbox 856 3713 1056 3785; x_wconf 91' lang='lat' dir='ltr'><strong>ubique</strong></span> <span class='ocrx_word' id='word_1_400' title='bbox 1096 3730 1191 3772; x_wconf 89' lang='lat' dir='ltr'><strong>eos</strong></span> <span class='ocrx_word' id='word_1_401' title='bbox 1222 3727 1539 3785; x_wconf 83' lang='lat' dir='ltr'><strong>sequantur,</strong></span> <span class='ocrx_word' id='word_1_402' title='bbox 1575 3727 1629 3771; x_wconf 91' lang='lat' dir='ltr'><strong>et</strong></span> <span class='ocrx_word' id='word_1_403' title='bbox 1673 3720 1781 3773; x_wconf 90' lang='lat' dir='ltr'><strong>sint</strong></span> 
     </span>
    </p>
   </div>
   <div class='ocr_carea' id='block_1_54' title="bbox 200 3797 521 3851">
    <p class='ocr_par' dir='ltr' id='par_1_54' title="bbox 200 3797 521 3851">
     <span class='ocr_line' id='line_1_54' title="bbox 200 3797 521 3851; baseline 0 -2"><span class='ocrx_word' id='word_1_404' title='bbox 200 3797 453 3851; x_wconf 84' lang='lat' dir='ltr'><strong>comites.</strong></span> <span class='ocrx_word' id='word_1_405' title='bbox 501 3816 521 3849; x_wconf 79' lang='grc' dir='ltr'><strong>ι</strong></span> 
     </span>
    </p>
   </div>
   <div class='ocr_carea' id='block_1_55' title="bbox 274 3888 1777 3964">
    <p class='ocr_par' dir='ltr' id='par_1_55' title="bbox 274 3888 1777 3964">
     <span class='ocr_line' id='line_1_55' title="bbox 274 3888 1777 3964; baseline 0.011 -25"><span class='ocrx_word' id='word_1_406' title='bbox 274 3888 413 3953; x_wconf 81' lang='lat' dir='ltr'><strong>Quid</strong></span> <span class='ocrx_word' id='word_1_407' title='bbox 442 3892 583 3957; x_wconf 88' lang='lat' dir='ltr'><strong>quod</strong></span> <span class='ocrx_word' id='word_1_408' title='bbox 637 3892 863 3964; x_wconf 86' lang='lat' dir='ltr'><strong>singulis</strong></span> <span class='ocrx_word' id='word_1_409' title='bbox 918 3896 1224 3953; x_wconf 90' lang='lat' dir='ltr'><strong>hominibus</strong></span> <span class='ocrx_word' id='word_1_410' title='bbox 1256 3914 1360 3953; x_wconf 90' lang='lat' dir='ltr'><strong>non</strong></span> <span class='ocrx_word' id='word_1_411' title='bbox 1410 3901 1626 3955; x_wconf 87' lang='lat' dir='ltr'><strong>unicum</strong></span> <span class='ocrx_word' id='word_1_412' title='bbox 1656 3912 1777 3957; x_wconf 80' lang='lat' dir='ltr'><strong>tan-</strong></span> 
     </span>
    </p>
   </div>
   <div class='ocr_carea' id='block_1_56' title="bbox 202 3982 1779 4057">
    <p class='ocr_par' dir='ltr' id='par_1_56' title="bbox 202 3982 1779 4057">
     <span class='ocr_line' id='line_1_56' title="bbox 202 3982 1779 4057; baseline 0.013 -27"><span class='ocrx_word' id='word_1_413' title='bbox 202 3982 483 4039; x_wconf 86' lang='lat' dir='ltr'><strong>tummodo</strong></span> <span class='ocrx_word' id='word_1_414' title='bbox 503 3984 773 4053; x_wconf 87' lang='lat' dir='ltr'><strong>angelum,</strong></span> <span class='ocrx_word' id='word_1_415' title='bbox 808 3988 1095 4044; x_wconf 86' lang='lat' dir='ltr'><strong>unicumve</strong></span> <span class='ocrx_word' id='word_1_416' title='bbox 1122 3990 1445 4057; x_wconf 69' lang='lat' dir='ltr'><strong>daemonem,</strong></span> <span class='ocrx_word' id='word_1_417' title='bbox 1513 3996 1605 4048; x_wconf 89' lang='lat' dir='ltr'><strong>sed</strong></span> <span class='ocrx_word' id='word_1_418' title='bbox 1644 4004 1779 4050; x_wconf 90' lang='lat' dir='ltr'><strong>totas</strong></span> 
     </span>
    </p>
   </div>
   <div class='ocr_carea' id='block_1_57' title="bbox 201 4073 1780 4156">
    <p class='ocr_par' dir='ltr' id='par_1_57' title="bbox 201 4073 1780 4156">
     <span class='ocr_line' id='line_1_57' title="bbox 201 4073 1780 4156; baseline 0.011 -33"><span class='ocrx_word' id='word_1_419' title='bbox 201 4073 520 4141; x_wconf 82' lang='lat' dir='ltr'><strong>angelorum</strong></span> <span class='ocrx_word' id='word_1_420' title='bbox 552 4078 960 4151; x_wconf 64' lang='lat' dir='ltr'><strong>daamouumque</strong></span> <span class='ocrx_word' id='word_1_421' title='bbox 992 4083 1243 4138; x_wconf 85' lang='lat' dir='ltr'><strong>cohortes</strong></span> <span class='ocrx_word' id='word_1_422' title='bbox 1264 4085 1505 4156; x_wconf 80' lang='lat' dir='ltr'><strong>adjungit</strong></span> <span class='ocrx_word' id='word_1_423' title='bbox 1534 4087 1719 4140; x_wconf 91' lang='lat' dir='ltr'><strong>homil.</strong></span> <span class='ocrx_word' id='word_1_424' title='bbox 1746 4088 1780 4140; x_wconf 76' lang='grc'><strong>4</strong></span> 
     </span>
    </p>
   </div>
   <div class='ocr_carea' id='block_1_58' title="bbox 198 4164 1776 4246">
    <p class='ocr_par' dir='ltr' id='par_1_58' title="bbox 198 4164 1776 4246">
     <span class='ocr_line' id='line_1_58' title="bbox 198 4164 1776 4246; baseline 0.011 -31"><span class='ocrx_word' id='word_1_425' title='bbox 198 4164 260 4217; x_wconf 77' lang='lat' dir='ltr'><strong>in</strong></span> <span class='ocrx_word' id='word_1_426' title='bbox 280 4166 469 4232; x_wconf 74' lang='lat' dir='ltr'><strong>psalm,</strong></span> <span class='ocrx_word' id='word_1_427' title='bbox 498 4182 685 4234; x_wconf 80' lang='lat' dir='ltr'><strong>xxxvi,</strong></span> <span class='ocrx_word' id='word_1_428' title='bbox 711 4187 858 4229; x_wconf 86' lang='lat' dir='ltr'><strong>num.</strong></span> <span class='ocrx_word' id='word_1_429' title='bbox 894 4174 946 4238; x_wconf 78' lang='grc'><strong>5,</strong></span> <span class='ocrx_word' id='word_1_430' title='bbox 971 4189 1093 4245; x_wconf 88' lang='lat' dir='ltr'><strong>pag.</strong></span> <span class='ocrx_word' id='word_1_431' title='bbox 1116 4176 1240 4231; x_wconf 78' lang='lat'><strong>675.</strong></span> <span class='ocrx_word' id='word_1_432' title='bbox 1264 4196 1282 4227; x_wconf 79' lang='grc' dir='ltr'><strong>ι</strong></span> <span class='ocrx_word' id='word_1_433' title='bbox 1312 4175 1590 4246; x_wconf 86' lang='lat' dir='ltr'><strong>Nunquam</strong></span> <span class='ocrx_word' id='word_1_434' title='bbox 1611 4180 1776 4244; x_wconf 89' lang='lat' dir='ltr'><strong>enim,</strong></span> 
     </span>
    </p>
   </div>
   <div class='ocr_carea' id='block_1_59' title="bbox 199 4254 1781 4338">
    <p class='ocr_par' dir='ltr' id='par_1_59' title="bbox 199 4254 1781 4338">
     <span class='ocr_line' id='line_1_59' title="bbox 199 4254 1781 4338; baseline 0.01 -31"><span class='ocrx_word' id='word_1_435' title='bbox 199 4254 400 4325; x_wconf 66' lang='lat' dir='ltr'><strong>inquit,</strong></span> <span class='ocrx_word' id='word_1_436' title='bbox 432 4259 580 4314; x_wconf 86' lang='lat' dir='ltr'><strong>solus</strong></span> <span class='ocrx_word' id='word_1_437' title='bbox 603 4270 687 4315; x_wconf 81' lang='lat' dir='ltr'><strong>est</strong></span> <span class='ocrx_word' id='word_1_438' title='bbox 729 4263 932 4332; x_wconf 85' lang='lat' dir='ltr'><strong>justus,</strong></span> <span class='ocrx_word' id='word_1_439' title='bbox 986 4268 1081 4319; x_wconf 88' lang='lat' dir='ltr'><strong>sed</strong></span> <span class='ocrx_word' id='word_1_440' title='bbox 1114 4282 1180 4320; x_wconf 91' lang='lat' dir='ltr'><strong>ne</strong></span> <span class='ocrx_word' id='word_1_441' title='bbox 1214 4268 1372 4321; x_wconf 91' lang='lat' dir='ltr'><strong>unius</strong></span> <span class='ocrx_word' id='word_1_442' title='bbox 1401 4270 1642 4338; x_wconf 79' lang='lat' dir='ltr'><strong>quidem,</strong></span> <span class='ocrx_word' id='word_1_443' title='bbox 1685 4279 1781 4323; x_wconf 91' lang='lat' dir='ltr'><strong>aut</strong></span> 
     </span>
    </p>
   </div>
   <div class='ocr_carea' id='block_1_60' title="bbox 195 4350 1779 4427">
    <p class='ocr_par' dir='ltr' id='par_1_60' title="bbox 195 4350 1779 4427">
     <span class='ocr_line' id='line_1_60' title="bbox 195 4350 1779 4427; baseline 0.004 -20"><span class='ocrx_word' id='word_1_444' title='bbox 195 4350 472 4414; x_wconf 87' lang='lat' dir='ltr'><strong>duorum,</strong></span> <span class='ocrx_word' id='word_1_445' title='bbox 535 4352 618 4405; x_wconf 87' lang='lat' dir='ltr'><strong>vel</strong></span> <span class='ocrx_word' id='word_1_446' title='bbox 664 4355 823 4407; x_wconf 91' lang='lat' dir='ltr'><strong>trium</strong></span> <span class='ocrx_word' id='word_1_447' title='bbox 889 4359 1255 4412; x_wconf 81' lang='lat' dir='ltr'><strong>tantummodo</strong></span> <span class='ocrx_word' id='word_1_448' title='bbox 1308 4361 1621 4427; x_wconf 86' lang='lat' dir='ltr'><strong>angelorum</strong></span> <span class='ocrx_word' id='word_1_449' title='bbox 1692 4376 1779 4415; x_wconf 91' lang='lat' dir='ltr'><strong>so-</strong></span> 
     </span>
    </p>
   </div>
   <div class='ocr_carea' id='block_1_61' title="bbox 1883 1869 3451 1941">
    <p class='ocr_par' dir='ltr' id='par_1_61' title="bbox 1883 1869 3451 1941">
     <span class='ocr_line' id='line_1_61' title="bbox 1883 1869 3451 1941; baseline -0.004 -13"><span class='ocrx_word' id='word_1_450' title='bbox 1883 1874 2074 1928; x_wconf 76' lang='lat' dir='ltr'><strong>vincize</strong></span> <span class='ocrx_word' id='word_1_451' title='bbox 2122 1874 2385 1928; x_wconf 83' lang='lat' dir='ltr'><strong>rationem</strong></span> <span class='ocrx_word' id='word_1_452' title='bbox 2435 1872 2737 1927; x_wconf 90' lang='lat' dir='ltr'><strong>reddituros</strong></span> <span class='ocrx_word' id='word_1_453' title='bbox 2791 1870 2960 1940; x_wconf 90' lang='lat' dir='ltr'><strong>ipsius</strong></span> <span class='ocrx_word' id='word_1_454' title='bbox 3009 1871 3285 1941; x_wconf 89' lang='lat' dir='ltr'><strong>persuasio</strong></span> <span class='ocrx_word' id='word_1_455' title='bbox 3332 1869 3451 1923; x_wconf 81' lang='lat' dir='ltr'><strong>fuit.</strong></span> 
     </span>
    </p>
   </div>
   <div class='ocr_carea' id='block_1_62' title="bbox 1887 1964 3455 2036">
    <p class='ocr_par' dir='ltr' id='par_1_62' title="bbox 1887 1964 3455 2036">
     <span class='ocr_line' id='line_1_62' title="bbox 1887 1964 3455 2036; baseline -0.002 -17"><span class='ocrx_word' id='word_1_456' title='bbox 1887 1965 2057 2032; x_wconf 85' lang='lat' dir='ltr'><strong>Quam</strong></span> <span class='ocrx_word' id='word_1_457' title='bbox 2088 1966 2341 2036; x_wconf 90' lang='lat' dir='ltr'><strong>quoniam</strong></span> <span class='ocrx_word' id='word_1_458' title='bbox 2396 1966 2506 2035; x_wconf 84' lang='lat' dir='ltr'><strong>jam</strong></span> <span class='ocrx_word' id='word_1_459' title='bbox 2549 1973 2672 2018; x_wconf 86' lang='lat' dir='ltr'><strong>ante</strong></span> <span class='ocrx_word' id='word_1_460' title='bbox 2701 1964 3063 2029; x_wconf 82' lang='lat' dir='ltr'><strong>excussimus,</strong></span> <span class='ocrx_word' id='word_1_461' title='bbox 3105 1976 3455 2032; x_wconf 88' lang='lat' dir='ltr'><strong>properemus</strong></span> 
     </span>
    </p>
   </div>
   <div class='ocr_carea' id='block_1_63' title="bbox 1882 2053 3455 2129">
    <p class='ocr_par' dir='ltr' id='par_1_63' title="bbox 1882 2053 3455 2129">
     <span class='ocr_line' id='line_1_63' title="bbox 1882 2053 3455 2129; baseline -0.001 -18"><span class='ocrx_word' id='word_1_462' title='bbox 1882 2057 1949 2112; x_wconf 90' lang='lat' dir='ltr'><strong>ad</strong></span> <span class='ocrx_word' id='word_1_463' title='bbox 1984 2059 2109 2123; x_wconf 88' lang='lat' dir='ltr'><strong>alia,</strong></span> <span class='ocrx_word' id='word_1_464' title='bbox 2141 2067 2194 2112; x_wconf 92' lang='lat' dir='ltr'><strong>et</strong></span> <span class='ocrx_word' id='word_1_465' title='bbox 2223 2057 2420 2129; x_wconf 88' lang='lat' dir='ltr'><strong>placita</strong></span> <span class='ocrx_word' id='word_1_466' title='bbox 2452 2071 2547 2111; x_wconf 90' lang='lat' dir='ltr'><strong>sua</strong></span> <span class='ocrx_word' id='word_1_467' title='bbox 2582 2070 2744 2124; x_wconf 88' lang='lat' dir='ltr'><strong>super</strong></span> <span class='ocrx_word' id='word_1_468' title='bbox 2779 2055 3088 2124; x_wconf 86' lang='lat' dir='ltr'><strong>angelorum</strong></span> <span class='ocrx_word' id='word_1_469' title='bbox 3123 2053 3283 2109; x_wconf 91' lang='lat' dir='ltr'><strong>tutela</strong></span> <span class='ocrx_word' id='word_1_470' title='bbox 3314 2055 3455 2109; x_wconf 88' lang='lat' dir='ltr'><strong>unde</strong></span> 
     </span>
    </p>
   </div>
   <div class='ocr_carea' id='block_1_64' title="bbox 1884 2147 3455 2219">
    <p class='ocr_par' dir='ltr' id='par_1_64' title="bbox 1884 2147 3455 2219">
     <span class='ocr_line' id='line_1_64' title="bbox 1884 2147 3455 2219; baseline -0.001 -17"><span class='ocrx_word' id='word_1_471' title='bbox 1884 2149 2149 2216; x_wconf 84' lang='lat' dir='ltr'><strong>hauserit,</strong></span> <span class='ocrx_word' id='word_1_472' title='bbox 2184 2158 2238 2204; x_wconf 88' lang='lat' dir='ltr'><strong>et</strong></span> <span class='ocrx_word' id='word_1_473' title='bbox 2294 2149 2567 2217; x_wconf 88' lang='lat' dir='ltr'><strong>quodnam</strong></span> <span class='ocrx_word' id='word_1_474' title='bbox 2627 2148 2729 2202; x_wconf 89' lang='lat' dir='ltr'><strong>sibi</strong></span> <span class='ocrx_word' id='word_1_475' title='bbox 2790 2148 3145 2219; x_wconf 66' lang='lat' dir='ltr'><strong>patrocinium</strong></span> <span class='ocrx_word' id='word_1_476' title='bbox 3191 2147 3455 2214; x_wconf 85' lang='lat' dir='ltr'><strong>spondere</strong></span> 
     </span>
    </p>
   </div>
   <div class='ocr_carea' id='block_1_65' title="bbox 1882 2241 2474 2309">
    <p class='ocr_par' dir='ltr' id='par_1_65' title="bbox 1882 2241 2474 2309">
     <span class='ocr_line' id='line_1_65' title="bbox 1882 2241 2474 2309; baseline -0.003 -14"><span class='ocrx_word' id='word_1_477' title='bbox 1882 2241 2071 2309; x_wconf 87' lang='lat' dir='ltr'><strong>possit,</strong></span> <span class='ocrx_word' id='word_1_478' title='bbox 2103 2241 2474 2309; x_wconf 85' lang='lat' dir='ltr'><strong>exquiramus.</strong></span> 
     </span>
    </p>
   </div>
   <div class='ocr_carea' id='block_1_66' title="bbox 1960 2331 3454 2400">
    <p class='ocr_par' dir='ltr' id='par_1_66' title="bbox 1960 2331 3454 2400">
     <span class='ocr_line' id='line_1_66' title="bbox 1960 2331 3454 2400; baseline 0 -16"><span class='ocrx_word' id='word_1_479' title='bbox 1960 2331 2155 2386; x_wconf 69' lang='lat' dir='ltr'><strong>XXXI.</strong></span> <span class='ocrx_word' id='word_1_480' title='bbox 2190 2332 2523 2387; x_wconf 68' lang='lat' dir='ltr'><strong>Praeiverunt</strong></span> <span class='ocrx_word' id='word_1_481' title='bbox 2554 2331 2629 2384; x_wconf 92' lang='lat' dir='ltr'><strong>illi</strong></span> <span class='ocrx_word' id='word_1_482' title='bbox 2668 2332 2721 2385; x_wconf 86' lang='lat' dir='ltr'><strong>in</strong></span> <span class='ocrx_word' id='word_1_483' title='bbox 2747 2347 2809 2385; x_wconf 89' lang='lat' dir='ltr'><strong>ea</strong></span> <span class='ocrx_word' id='word_1_484' title='bbox 2851 2332 3105 2400; x_wconf 89' lang='lat' dir='ltr'><strong>opinione</strong></span> <span class='ocrx_word' id='word_1_485' title='bbox 3129 2332 3193 2385; x_wconf 88' lang='lat' dir='ltr'><strong>de</strong></span> <span class='ocrx_word' id='word_1_486' title='bbox 3223 2332 3454 2386; x_wconf 86' lang='lat' dir='ltr'><strong>hominis</strong></span> 
     </span>
    </p>
   </div>
   <div class='ocr_carea' id='block_1_67' title="bbox 1883 2424 3456 2493">
    <p class='ocr_par' dir='ltr' id='par_1_67' title="bbox 1883 2424 3456 2493">
     <span class='ocr_line' id='line_1_67' title="bbox 1883 2424 3456 2493; baseline -0.002 -15"><span class='ocrx_word' id='word_1_487' title='bbox 1883 2424 2305 2493; x_wconf 89' lang='lat' dir='ltr'><strong>uniuscujusque</strong></span> <span class='ocrx_word' id='word_1_488' title='bbox 2344 2424 2494 2479; x_wconf 87' lang='lat' dir='ltr'><strong>socio</strong></span> <span class='ocrx_word' id='word_1_489' title='bbox 2524 2438 2587 2478; x_wconf 91' lang='lat' dir='ltr'><strong>ac</strong></span> <span class='ocrx_word' id='word_1_490' title='bbox 2619 2425 2874 2492; x_wconf 85' lang='lat' dir='ltr'><strong>stipatore</strong></span> <span class='ocrx_word' id='word_1_491' title='bbox 2906 2425 3062 2492; x_wconf 87' lang='lat' dir='ltr'><strong>genio</strong></span> <span class='ocrx_word' id='word_1_492' title='bbox 3083 2424 3308 2492; x_wconf 88' lang='lat' dir='ltr'><strong>gentiles</strong></span> <span class='ocrx_word' id='word_1_493' title='bbox 3335 2424 3456 2490; x_wconf 72' lang='lat' dir='ltr'><strong>plri-</strong></span> 
     </span>
    </p>
   </div>
   <div class='ocr_carea' id='block_1_68' title="bbox 1883 2513 3452 2585">
    <p class='ocr_par' dir='ltr' id='par_1_68' title="bbox 1883 2513 3452 2585">
     <span class='ocr_line' id='line_1_68' title="bbox 1883 2513 3452 2585; baseline -0.003 -15"><span class='ocrx_word' id='word_1_494' title='bbox 1883 2514 2117 2585; x_wconf 86' lang='lat' dir='ltr'><strong>lnsophi,</strong></span> <span class='ocrx_word' id='word_1_495' title='bbox 2154 2517 2244 2584; x_wconf 90' lang='lat' dir='ltr'><strong>qui</strong></span> <span class='ocrx_word' id='word_1_496' title='bbox 2291 2514 2565 2568; x_wconf 91' lang='lat' dir='ltr'><strong>hominum</strong></span> <span class='ocrx_word' id='word_1_497' title='bbox 2594 2525 2649 2568; x_wconf 89' lang='lat' dir='ltr'><strong>et</strong></span> <span class='ocrx_word' id='word_1_498' title='bbox 2677 2514 2915 2568; x_wconf 86' lang='lat' dir='ltr'><strong>locorum</strong></span> <span class='ocrx_word' id='word_1_499' title='bbox 2944 2515 3196 2583; x_wconf 78' lang='lat' dir='ltr'><strong>praesides</strong></span> <span class='ocrx_word' id='word_1_500' title='bbox 3245 2513 3452 2582; x_wconf 88' lang='lat' dir='ltr'><strong>genios,</strong></span> 
     </span>
    </p>
   </div>
   <div class='ocr_carea' id='block_1_69' title="bbox 1884 2605 3455 2677">
    <p class='ocr_par' dir='ltr' id='par_1_69' title="bbox 1884 2605 3455 2677">
     <span class='ocr_line' id='line_1_69' title="bbox 1884 2605 3455 2677; baseline -0.003 -15"><span class='ocrx_word' id='word_1_501' title='bbox 1884 2626 1987 2664; x_wconf 91' lang='lat' dir='ltr'><strong>non</strong></span> <span class='ocrx_word' id='word_1_502' title='bbox 2014 2626 2046 2663; x_wconf 87' lang='lat' dir='ltr'><strong>e</strong></span> <span class='ocrx_word' id='word_1_503' title='bbox 2079 2609 2447 2677; x_wconf 86' lang='lat' dir='ltr'><strong>superioribus</strong></span> <span class='ocrx_word' id='word_1_504' title='bbox 2477 2608 2721 2671; x_wconf 88' lang='lat' dir='ltr'><strong>deorum,</strong></span> <span class='ocrx_word' id='word_1_505' title='bbox 2752 2607 2845 2661; x_wconf 88' lang='lat' dir='ltr'><strong>sed</strong></span> <span class='ocrx_word' id='word_1_506' title='bbox 2869 2622 2933 2659; x_wconf 76' lang='lat' dir='ltr'><strong>ex</strong></span> <span class='ocrx_word' id='word_1_507' title='bbox 2970 2607 3188 2660; x_wconf 89' lang='lat' dir='ltr'><strong>deorum</strong></span> <span class='ocrx_word' id='word_1_508' title='bbox 3214 2606 3279 2659; x_wconf 91' lang='lat' dir='ltr'><strong>de</strong></span> <span class='ocrx_word' id='word_1_509' title='bbox 3301 2605 3455 2675; x_wconf 85' lang='lat' dir='ltr'><strong>plebe</strong></span> 
     </span>
    </p>
   </div>
   <div class='ocr_carea' id='block_1_70' title="bbox 1882 2693 3455 2763">
    <p class='ocr_par' dir='ltr' id='par_1_70' title="bbox 1882 2693 3455 2763">
     <span class='ocr_line' id='line_1_70' title="bbox 1882 2693 3455 2763; baseline -0.004 -10"><span class='ocrx_word' id='word_1_510' title='bbox 1882 2699 2164 2753; x_wconf 82' lang='lat' dir='ltr'><strong>ordinibus</strong></span> <span class='ocrx_word' id='word_1_511' title='bbox 2186 2698 2478 2753; x_wconf 88' lang='lat' dir='ltr'><strong>accersitos</strong></span> <span class='ocrx_word' id='word_1_512' title='bbox 2502 2696 2735 2751; x_wconf 79' lang='lat' dir='ltr'><strong>confessi</strong></span> <span class='ocrx_word' id='word_1_513' title='bbox 2763 2704 2889 2751; x_wconf 89' lang='lat' dir='ltr'><strong>sunt</strong></span> <span class='ocrx_word' id='word_1_514' title='bbox 2910 2714 2924 2763; x_wconf 88' lang='lat'>;</span> <span class='ocrx_word' id='word_1_515' title='bbox 2990 2693 3143 2749; x_wconf 87' lang='lat' dir='ltr'><strong>Plato</strong></span> <span class='ocrx_word' id='word_1_516' title='bbox 3166 2710 3293 2749; x_wconf 89' lang='lat' dir='ltr'><strong>vero</strong></span> <span class='ocrx_word' id='word_1_517' title='bbox 3317 2710 3455 2763; x_wconf 62' lang='lat' dir='ltr'><strong>prae-</strong></span> 
     </span>
    </p>
   </div>
   <div class='ocr_carea' id='block_1_71' title="bbox 1883 2789 3453 2863">
    <p class='ocr_par' dir='ltr' id='par_1_71' title="bbox 1883 2789 3453 2863">
     <span class='ocr_line' id='line_1_71' title="bbox 1883 2789 3453 2863; baseline -0.004 -15"><span class='ocrx_word' id='word_1_518' title='bbox 1883 2797 2059 2863; x_wconf 91' lang='lat' dir='ltr'><strong>cipue,</strong></span> <span class='ocrx_word' id='word_1_519' title='bbox 2098 2805 2153 2847; x_wconf 91' lang='lat' dir='ltr'><strong>ut</strong></span> <span class='ocrx_word' id='word_1_520' title='bbox 2181 2792 2430 2848; x_wconf 85' lang='lat' dir='ltr'><strong>Clemens</strong></span> <span class='ocrx_word' id='word_1_521' title='bbox 2468 2792 2865 2846; x_wconf 77' lang='lat' dir='ltr'><strong>Alexandrinus</strong></span> <span class='ocrx_word' id='word_1_522' title='bbox 2897 2791 3159 2859; x_wconf 87' lang='lat' dir='ltr'><strong>agnoscit,</strong></span> <span class='ocrx_word' id='word_1_523' title='bbox 3195 2806 3316 2844; x_wconf 87' lang='lat' dir='ltr'><strong>cmn</strong></span> <span class='ocrx_word' id='word_1_524' title='bbox 3355 2789 3453 2844; x_wconf 89' lang='lat' dir='ltr'><strong>ali-</strong></span> 
     </span>
    </p>
   </div>
   <div class='ocr_carea' id='block_1_72' title="bbox 1884 2884 3455 2955">
    <p class='ocr_par' dir='ltr' id='par_1_72' title="bbox 1884 2884 3455 2955">
     <span class='ocr_line' id='line_1_72' title="bbox 1884 2884 3455 2955; baseline -0.003 -14"><span class='ocrx_word' id='word_1_525' title='bbox 1884 2885 1960 2951; x_wconf 91' lang='lat' dir='ltr'><strong>bi,</strong></span> <span class='ocrx_word' id='word_1_526' title='bbox 2006 2895 2118 2940; x_wconf 90' lang='lat' dir='ltr'><strong>tum</strong></span> <span class='ocrx_word' id='word_1_527' title='bbox 2167 2886 2221 2939; x_wconf 90' lang='lat' dir='ltr'><strong>in</strong></span> <span class='ocrx_word' id='word_1_528' title='bbox 2254 2885 2348 2939; x_wconf 93' lang='lat' dir='ltr'><strong>lib.</strong></span> <span class='ocrx_word' id='word_1_529' title='bbox 2377 2902 2410 2939; x_wconf 89' lang='lat' dir='ltr'><strong>x</strong></span> <span class='ocrx_word' id='word_1_530' title='bbox 2442 2885 2517 2939; x_wconf 87' lang='lat' dir='ltr'><strong>De</strong></span> <span class='ocrx_word' id='word_1_531' title='bbox 2543 2885 2766 2955; x_wconf 86' lang='lat' dir='ltr'><strong>republ.,</strong></span> <span class='ocrx_word' id='word_1_532' title='bbox 2809 2899 2997 2939; x_wconf 84' lang='lat' dir='ltr'><strong>versus</strong></span> <span class='ocrx_word' id='word_1_533' title='bbox 3054 2884 3238 2938; x_wconf 84' lang='lat' dir='ltr'><strong>linem.</strong></span> <span class='ocrx_word' id='word_1_534' title='bbox 3287 2884 3455 2952; x_wconf 83' lang='lat' dir='ltr'><strong>Cujus</strong></span> 
     </span>
    </p>
   </div>
   <div class='ocr_carea' id='block_1_73' title="bbox 1885 2975 3453 3043">
    <p class='ocr_par' dir='ltr' id='par_1_73' title="bbox 1885 2975 3453 3043">
     <span class='ocr_line' id='line_1_73' title="bbox 1885 2975 3453 3043; baseline -0.003 -10"><span class='ocrx_word' id='word_1_535' title='bbox 1885 2978 2184 3033; x_wconf 88' lang='lat' dir='ltr'><strong>doctrinam</strong></span> <span class='ocrx_word' id='word_1_536' title='bbox 2230 2978 2307 3033; x_wconf 89' lang='lat' dir='ltr'><strong>ita</strong></span> <span class='ocrx_word' id='word_1_537' title='bbox 2338 2978 2592 3034; x_wconf 83' lang='lat' dir='ltr'><strong>edisserit</strong></span> <span class='ocrx_word' id='word_1_538' title='bbox 2633 2976 2876 3031; x_wconf 80' lang='lat' dir='ltr'><strong>Plotinus</strong></span> <span class='ocrx_word' id='word_1_539' title='bbox 2907 2976 3048 3031; x_wconf 84' lang='lat' dir='ltr'><strong>Enn.</strong></span> <span class='ocrx_word' id='word_1_540' title='bbox 3075 2977 3130 3043; x_wconf 81' lang='grc'><strong>5,</strong></span> <span class='ocrx_word' id='word_1_541' title='bbox 3163 2975 3256 3030; x_wconf 92' lang='lat' dir='ltr'><strong>lib.</strong></span> <span class='ocrx_word' id='word_1_542' title='bbox 3295 2989 3366 3040; x_wconf 83' lang='lat' dir='ltr'><strong>tv,</strong></span> <span class='ocrx_word' id='word_1_543' title='bbox 3396 2984 3453 3029; x_wconf 90' lang='lat' dir='ltr'><strong>ut</strong></span> 
     </span>
    </p>
   </div>
   <div class='ocr_carea' id='block_1_74' title="bbox 1884 3066 3451 3139">
    <p class='ocr_par' dir='ltr' id='par_1_74' title="bbox 1884 3066 3451 3139">
     <span class='ocr_line' id='line_1_74' title="bbox 1884 3066 3451 3139; baseline -0.001 -16"><span class='ocrx_word' id='word_1_544' title='bbox 1884 3071 1975 3139; x_wconf 91' lang='lat' dir='ltr'><strong>qui</strong></span> <span class='ocrx_word' id='word_1_545' title='bbox 2003 3084 2064 3125; x_wconf 90' lang='lat' dir='ltr'><strong>ea</strong></span> <span class='ocrx_word' id='word_1_546' title='bbox 2105 3071 2439 3138; x_wconf 83' lang='lat' dir='ltr'><strong>perspexerit</strong></span> <span class='ocrx_word' id='word_1_547' title='bbox 2470 3077 2696 3132; x_wconf 88' lang='lat' dir='ltr'><strong>attente,</strong></span> <span class='ocrx_word' id='word_1_548' title='bbox 2738 3069 2985 3124; x_wconf 89' lang='lat' dir='ltr'><strong>dubitare</strong></span> <span class='ocrx_word' id='word_1_549' title='bbox 3010 3069 3228 3123; x_wconf 92' lang='lat' dir='ltr'><strong>minime</strong></span> <span class='ocrx_word' id='word_1_550' title='bbox 3258 3066 3451 3137; x_wconf 88' lang='lat' dir='ltr'><strong>possit,</strong></span> 
     </span>
    </p>
   </div>
   <div class='ocr_carea' id='block_1_75' title="bbox 1883 3157 3454 3228">
    <p class='ocr_par' dir='ltr' id='par_1_75' title="bbox 1883 3157 3454 3228">
     <span class='ocr_line' id='line_1_75' title="bbox 1883 3157 3454 3228; baseline -0.001 -17"><span class='ocrx_word' id='word_1_551' title='bbox 1883 3159 2011 3228; x_wconf 88' lang='lat' dir='ltr'><strong>quin</strong></span> <span class='ocrx_word' id='word_1_552' title='bbox 2046 3173 2141 3214; x_wconf 90' lang='lat' dir='ltr'><strong>sua</strong></span> <span class='ocrx_word' id='word_1_553' title='bbox 2166 3174 2196 3213; x_wconf 90' lang='lat' dir='ltr'><strong>e</strong></span> <span class='ocrx_word' id='word_1_554' title='bbox 2221 3158 2449 3213; x_wconf 90' lang='lat' dir='ltr'><strong>Platone</strong></span> <span class='ocrx_word' id='word_1_555' title='bbox 2484 3158 2952 3213; x_wconf 84' lang='lat' dir='ltr'><strong>Platonicorumve</strong></span> <span class='ocrx_word' id='word_1_556' title='bbox 2983 3157 3454 3213; x_wconf 82' lang='lat' dir='ltr'><strong>lucubrationibus</strong></span> 
     </span>
    </p>
   </div>
   <div class='ocr_carea' id='block_1_76' title="bbox 1882 3249 3450 3320">
    <p class='ocr_par' dir='ltr' id='par_1_76' title="bbox 1882 3249 3450 3320">
     <span class='ocr_line' id='line_1_76' title="bbox 1882 3249 3450 3320; baseline 0.001 -20"><span class='ocrx_word' id='word_1_557' title='bbox 1882 3250 2142 3320; x_wconf 74' lang='lat' dir='ltr'><strong>tirigenes</strong></span> <span class='ocrx_word' id='word_1_558' title='bbox 2169 3250 2541 3314; x_wconf 86' lang='lat' dir='ltr'><strong>transtulerit;</strong></span> <span class='ocrx_word' id='word_1_559' title='bbox 2584 3265 2706 3303; x_wconf 88' lang='lat' dir='ltr'><strong>nam</strong></span> <span class='ocrx_word' id='word_1_560' title='bbox 2750 3258 2804 3305; x_wconf 91' lang='lat' dir='ltr'><strong>et</strong></span> <span class='ocrx_word' id='word_1_561' title='bbox 2837 3250 3097 3304; x_wconf 65' lang='lat' dir='ltr'><strong>daemonis</strong></span> <span class='ocrx_word' id='word_1_562' title='bbox 3141 3249 3450 3319; x_wconf 66' lang='lat' dir='ltr'><strong>praesidium</strong></span> 
     </span>
    </p>
   </div>
   <div class='ocr_carea' id='block_1_77' title="bbox 1882 3341 3449 3411">
    <p class='ocr_par' dir='ltr' id='par_1_77' title="bbox 1882 3341 3449 3411">
     <span class='ocr_line' id='line_1_77' title="bbox 1882 3341 3449 3411; baseline 0 -16"><span class='ocrx_word' id='word_1_563' title='bbox 1882 3342 2075 3396; x_wconf 72' lang='lat' dir='ltr'><strong>anima:</strong></span> <span class='ocrx_word' id='word_1_564' title='bbox 2113 3341 2362 3411; x_wconf 89' lang='lat' dir='ltr'><strong>largitur,</strong></span> <span class='ocrx_word' id='word_1_565' title='bbox 2409 3350 2465 3397; x_wconf 90' lang='lat' dir='ltr'><strong>et</strong></span> <span class='ocrx_word' id='word_1_566' title='bbox 2507 3342 2803 3397; x_wconf 89' lang='lat' dir='ltr'><strong>secundum</strong></span> <span class='ocrx_word' id='word_1_567' title='bbox 2858 3342 3051 3396; x_wconf 81' lang='lat' dir='ltr'><strong>animae</strong></span> <span class='ocrx_word' id='word_1_568' title='bbox 3104 3341 3449 3403; x_wconf 85' lang='lat' dir='ltr'><strong>mutationes,</strong></span> 
     </span>
    </p>
   </div>
   <div class='ocr_carea' id='block_1_78' title="bbox 1882 3433 3448 3503">
    <p class='ocr_par' dir='ltr' id='par_1_78' title="bbox 1882 3433 3448 3503">
     <span class='ocr_line' id='line_1_78' title="bbox 1882 3433 3448 3503; baseline -0.001 -16"><span class='ocrx_word' id='word_1_569' title='bbox 1882 3433 2081 3487; x_wconf 91' lang='lat' dir='ltr'><strong>mutari</strong></span> <span class='ocrx_word' id='word_1_570' title='bbox 2111 3434 2406 3488; x_wconf 72' lang='lat' dir='ltr'><strong>dmmonem</strong></span> <span class='ocrx_word' id='word_1_571' title='bbox 2453 3442 2626 3503; x_wconf 87' lang='lat' dir='ltr'><strong>putat,</strong></span> <span class='ocrx_word' id='word_1_572' title='bbox 2661 3443 2717 3488; x_wconf 91' lang='lat' dir='ltr'><strong>et</strong></span> <span class='ocrx_word' id='word_1_573' title='bbox 2749 3448 2872 3489; x_wconf 90' lang='lat' dir='ltr'><strong>eum</strong></span> <span class='ocrx_word' id='word_1_574' title='bbox 2901 3433 3095 3487; x_wconf 78' lang='lat' dir='ltr'><strong>anima:</strong></span> <span class='ocrx_word' id='word_1_575' title='bbox 3135 3433 3448 3501; x_wconf 69' lang='lat' dir='ltr'><strong>daemonem,</strong></span> 
     </span>
    </p>
   </div>
   <div class='ocr_carea' id='block_1_79' title="bbox 1883 3526 3451 3596">
    <p class='ocr_par' dir='ltr' id='par_1_79' title="bbox 1883 3526 3451 3596">
     <span class='ocr_line' id='line_1_79' title="bbox 1883 3526 3451 3596; baseline -0.001 -16"><span class='ocrx_word' id='word_1_576' title='bbox 1883 3536 2167 3596; x_wconf 87' lang='lat' dir='ltr'><strong>postquam</strong></span> <span class='ocrx_word' id='word_1_577' title='bbox 2201 3539 2433 3594; x_wconf 90' lang='lat' dir='ltr'><strong>corpore</strong></span> <span class='ocrx_word' id='word_1_578' title='bbox 2470 3526 2645 3580; x_wconf 88' lang='lat' dir='ltr'><strong>soluta</strong></span> <span class='ocrx_word' id='word_1_579' title='bbox 2678 3535 2782 3590; x_wconf 88' lang='lat' dir='ltr'><strong>est,</strong></span> <span class='ocrx_word' id='word_1_580' title='bbox 2821 3526 3104 3579; x_wconf 89' lang='lat' dir='ltr'><strong>imminere</strong></span> <span class='ocrx_word' id='word_1_581' title='bbox 3128 3536 3332 3589; x_wconf 90' lang='lat' dir='ltr'><strong>censet,</strong></span> <span class='ocrx_word' id='word_1_582' title='bbox 3360 3527 3451 3593; x_wconf 86' lang='lat' dir='ltr'><strong>qui</strong></span> 
     </span>
    </p>
   </div>
   <div class='ocr_carea' id='block_1_80' title="bbox 1880 3617 3453 3686">
    <p class='ocr_par' dir='ltr' id='par_1_80' title="bbox 1880 3617 3453 3686">
     <span class='ocr_line' id='line_1_80' title="bbox 1880 3617 3453 3686; baseline 0 -16"><span class='ocrx_word' id='word_1_583' title='bbox 1880 3633 1999 3670; x_wconf 90' lang='lat' dir='ltr'><strong>eam</strong></span> <span class='ocrx_word' id='word_1_584' title='bbox 2038 3618 2177 3671; x_wconf 80' lang='lat' dir='ltr'><strong>rexit</strong></span> <span class='ocrx_word' id='word_1_585' title='bbox 2212 3618 2338 3670; x_wconf 88' lang='lat' dir='ltr'><strong>dum</strong></span> <span class='ocrx_word' id='word_1_586' title='bbox 2361 3632 2559 3686; x_wconf 90' lang='lat' dir='ltr'><strong>corpus</strong></span> <span class='ocrx_word' id='word_1_587' title='bbox 2591 3617 2896 3678; x_wconf 86' lang='lat' dir='ltr'><strong>animaret;</strong></span> <span class='ocrx_word' id='word_1_588' title='bbox 2936 3627 2989 3672; x_wconf 90' lang='lat' dir='ltr'><strong>et</strong></span> <span class='ocrx_word' id='word_1_589' title='bbox 3028 3627 3283 3672; x_wconf 80' lang='lat' dir='ltr'><strong>externos</strong></span> <span class='ocrx_word' id='word_1_590' title='bbox 3317 3632 3453 3686; x_wconf 77' lang='lat' dir='ltr'><strong>pra:-</strong></span> 
     </span>
    </p>
   </div>
   <div class='ocr_carea' id='block_1_81' title="bbox 1882 3708 3450 3779">
    <p class='ocr_par' dir='ltr' id='par_1_81' title="bbox 1882 3708 3450 3779">
     <span class='ocr_line' id='line_1_81' title="bbox 1882 3708 3450 3779; baseline 0.002 -19"><span class='ocrx_word' id='word_1_591' title='bbox 1882 3716 2027 3761; x_wconf 82' lang='lat' dir='ltr'><strong>terea</strong></span> <span class='ocrx_word' id='word_1_592' title='bbox 2058 3721 2121 3760; x_wconf 90' lang='lat' dir='ltr'><strong>ac</strong></span> <span class='ocrx_word' id='word_1_593' title='bbox 2150 3708 2393 3763; x_wconf 90' lang='lat' dir='ltr'><strong>internos</strong></span> <span class='ocrx_word' id='word_1_594' title='bbox 2411 3710 2605 3763; x_wconf 63' lang='lat' dir='ltr'><strong>anima;</strong></span> <span class='ocrx_word' id='word_1_595' title='bbox 2636 3711 2924 3779; x_wconf 90' lang='lat' dir='ltr'><strong>unicuique</strong></span> <span class='ocrx_word' id='word_1_596' title='bbox 2944 3711 3134 3764; x_wconf 89' lang='lat' dir='ltr'><strong>adesse</strong></span> <span class='ocrx_word' id='word_1_597' title='bbox 3161 3710 3450 3777; x_wconf 74' lang='lat' dir='ltr'><strong>daemones,</strong></span> 
     </span>
    </p>
   </div>
   <div class='ocr_carea' id='block_1_82' title="bbox 1882 3798 3453 3875">
    <p class='ocr_par' dir='ltr' id='par_1_82' title="bbox 1882 3798 3453 3875">
     <span class='ocr_line' id='line_1_82' title="bbox 1882 3798 3453 3875; baseline 0.003 -21"><span class='ocrx_word' id='word_1_598' title='bbox 1882 3816 1948 3854; x_wconf 82' lang='lat' dir='ltr'><strong>ex</strong></span> <span class='ocrx_word' id='word_1_599' title='bbox 1987 3798 2105 3868; x_wconf 90' lang='lat' dir='ltr'><strong>ejus</strong></span> <span class='ocrx_word' id='word_1_600' title='bbox 2131 3802 2309 3855; x_wconf 87' lang='lat' dir='ltr'><strong>verbis</strong></span> <span class='ocrx_word' id='word_1_601' title='bbox 2332 3803 2670 3870; x_wconf 87' lang='lat' dir='ltr'><strong>perspicuum</strong></span> <span class='ocrx_word' id='word_1_602' title='bbox 2701 3815 2813 3861; x_wconf 89' lang='lat' dir='ltr'><strong>est.</strong></span> <span class='ocrx_word' id='word_1_603' title='bbox 2849 3803 2985 3859; x_wconf 91' lang='lat' dir='ltr'><strong>llinc</strong></span> <span class='ocrx_word' id='word_1_604' title='bbox 3014 3804 3271 3875; x_wconf 83' lang='lat' dir='ltr'><strong>Apuleius</strong></span> <span class='ocrx_word' id='word_1_605' title='bbox 3296 3805 3348 3857; x_wconf 91' lang='lat' dir='ltr'><strong>in</strong></span> <span class='ocrx_word' id='word_1_606' title='bbox 3390 3804 3453 3859; x_wconf 92' lang='lat' dir='ltr'><strong>li-</strong></span> 
     </span>
    </p>
   </div>
   <div class='ocr_carea' id='block_1_83' title="bbox 1882 3891 3453 3965">
    <p class='ocr_par' dir='ltr' id='par_1_83' title="bbox 1882 3891 3453 3965">
     <span class='ocr_line' id='line_1_83' title="bbox 1882 3891 3453 3965; baseline 0.002 -18"><span class='ocrx_word' id='word_1_607' title='bbox 1882 3892 2024 3947; x_wconf 89' lang='lat' dir='ltr'><strong>bello</strong></span> <span class='ocrx_word' id='word_1_608' title='bbox 2059 3891 2134 3945; x_wconf 85' lang='lat' dir='ltr'><strong>De</strong></span> <span class='ocrx_word' id='word_1_609' title='bbox 2160 3893 2256 3946; x_wconf 81' lang='lat' dir='ltr'><strong>deo</strong></span> <span class='ocrx_word' id='word_1_610' title='bbox 2279 3891 2512 3947; x_wconf 85' lang='lat' dir='ltr'><strong>Socratis</strong></span> <span class='ocrx_word' id='word_1_611' title='bbox 2538 3909 2556 3946; x_wconf 93' lang='lat'><em>:</em></span> <span class='ocrx_word' id='word_1_612' title='bbox 2594 3912 2615 3945; x_wconf 70' lang='lat' dir='ltr'><strong>r</strong></span> <span class='ocrx_word' id='word_1_613' title='bbox 2649 3894 2729 3949; x_wconf 82' lang='lat' dir='ltr'><strong>Ex</strong></span> <span class='ocrx_word' id='word_1_614' title='bbox 2765 3895 2868 3951; x_wconf 89' lang='lat' dir='ltr'><strong>hac</strong></span> <span class='ocrx_word' id='word_1_615' title='bbox 2899 3910 3051 3965; x_wconf 90' lang='lat' dir='ltr'><strong>ergo,</strong></span> <span class='ocrx_word' id='word_1_616' title='bbox 3106 3895 3298 3965; x_wconf 91' lang='lat' dir='ltr'><strong>inquit,</strong></span> <span class='ocrx_word' id='word_1_617' title='bbox 3357 3911 3453 3950; x_wconf 90' lang='lat' dir='ltr'><strong>su-</strong></span> 
     </span>
    </p>
   </div>
   <div class='ocr_carea' id='block_1_84' title="bbox 1881 3982 3452 4054">
    <p class='ocr_par' dir='ltr' id='par_1_84' title="bbox 1881 3982 3452 4054">
     <span class='ocr_line' id='line_1_84' title="bbox 1881 3982 3452 4054; baseline 0.003 -18"><span class='ocrx_word' id='word_1_618' title='bbox 1881 3982 2130 4038; x_wconf 88' lang='lat' dir='ltr'><strong>blimiore</strong></span> <span class='ocrx_word' id='word_1_619' title='bbox 2171 3987 2470 4039; x_wconf 67' lang='lat' dir='ltr'><strong>daemonum</strong></span> <span class='ocrx_word' id='word_1_620' title='bbox 2503 3985 2656 4054; x_wconf 87' lang='lat' dir='ltr'><strong>c0pia</strong></span> <span class='ocrx_word' id='word_1_621' title='bbox 2711 3986 2866 4041; x_wconf 87' lang='lat' dir='ltr'><strong>Plato</strong></span> <span class='ocrx_word' id='word_1_622' title='bbox 2923 3996 3169 4041; x_wconf 90' lang='lat' dir='ltr'><strong>autumat</strong></span> <span class='ocrx_word' id='word_1_623' title='bbox 3226 3987 3452 4053; x_wconf 79' lang='lat' dir='ltr'><strong>singulis</strong></span> 
     </span>
    </p>
   </div>
   <div class='ocr_carea' id='block_1_85' title="bbox 1881 4074 3456 4149">
    <p class='ocr_par' dir='ltr' id='par_1_85' title="bbox 1881 4074 3456 4149">
     <span class='ocr_line' id='line_1_85' title="bbox 1881 4074 3456 4149; baseline 0.005 -22"><span class='ocrx_word' id='word_1_624' title='bbox 1881 4074 2191 4129; x_wconf 89' lang='lat' dir='ltr'><strong>hominibus</strong></span> <span class='ocrx_word' id='word_1_625' title='bbox 2223 4076 2274 4128; x_wconf 90' lang='lat' dir='ltr'><strong>in</strong></span> <span class='ocrx_word' id='word_1_626' title='bbox 2295 4076 2403 4129; x_wconf 89' lang='lat' dir='ltr'><strong>vita</strong></span> <span class='ocrx_word' id='word_1_627' title='bbox 2430 4077 2639 4146; x_wconf 87' lang='lat' dir='ltr'><strong>agenda</strong></span> <span class='ocrx_word' id='word_1_628' title='bbox 2667 4086 2832 4132; x_wconf 90' lang='lat' dir='ltr'><strong>testes</strong></span> <span class='ocrx_word' id='word_1_629' title='bbox 2850 4088 2905 4132; x_wconf 91' lang='lat' dir='ltr'><strong>et</strong></span> <span class='ocrx_word' id='word_1_630' title='bbox 2931 4082 3186 4135; x_wconf 88' lang='lat' dir='ltr'><strong>custodes</strong></span> <span class='ocrx_word' id='word_1_631' title='bbox 3217 4081 3456 4149; x_wconf 86' lang='lat' dir='ltr'><strong>singulos</strong></span> 
     </span>
    </p>
   </div>
   <div class='ocr_carea' id='block_1_86' title="bbox 1881 4165 3457 4237">
    <p class='ocr_par' dir='ltr' id='par_1_86' title="bbox 1881 4165 3457 4237">
     <span class='ocr_line' id='line_1_86' title="bbox 1881 4165 3457 4237; baseline 0.005 -19"><span class='ocrx_word' id='word_1_632' title='bbox 1881 4165 2116 4231; x_wconf 89' lang='lat' dir='ltr'><strong>additos,</strong></span> <span class='ocrx_word' id='word_1_633' title='bbox 2131 4166 2218 4233; x_wconf 93' lang='lat' dir='ltr'><strong>qui</strong></span> <span class='ocrx_word' id='word_1_634' title='bbox 2240 4167 2439 4221; x_wconf 90' lang='lat' dir='ltr'><strong>nemini</strong></span> <span class='ocrx_word' id='word_1_635' title='bbox 2463 4170 2736 4237; x_wconf 87' lang='lat' dir='ltr'><strong>conspicui</strong></span> <span class='ocrx_word' id='word_1_636' title='bbox 2762 4185 2973 4237; x_wconf 78' lang='lat' dir='ltr'><strong>seraper</strong></span> <span class='ocrx_word' id='word_1_637' title='bbox 2994 4171 3195 4234; x_wconf 89' lang='lat' dir='ltr'><strong>adsint,</strong></span> <span class='ocrx_word' id='word_1_638' title='bbox 3212 4172 3457 4225; x_wconf 88' lang='lat' dir='ltr'><strong>omnium</strong></span> 
     </span>
    </p>
   </div>
   <div class='ocr_carea' id='block_1_87' title="bbox 1883 4260 3449 4332">
    <p class='ocr_par' dir='ltr' id='par_1_87' title="bbox 1883 4260 3449 4332">
     <span class='ocr_line' id='line_1_87' title="bbox 1883 4260 3449 4332; baseline 0.003 -22"><span class='ocrx_word' id='word_1_639' title='bbox 1883 4272 1986 4311; x_wconf 91' lang='lat' dir='ltr'><strong>non</strong></span> <span class='ocrx_word' id='word_1_640' title='bbox 2021 4260 2181 4313; x_wconf 90' lang='lat' dir='ltr'><strong>modo</strong></span> <span class='ocrx_word' id='word_1_641' title='bbox 2197 4267 2443 4314; x_wconf 88' lang='lat' dir='ltr'><strong>actorum</strong></span> <span class='ocrx_word' id='word_1_642' title='bbox 2474 4267 2660 4327; x_wconf 88' lang='lat' dir='ltr'><strong>testes,</strong></span> <span class='ocrx_word' id='word_1_643' title='bbox 2682 4276 2865 4315; x_wconf 86' lang='lat' dir='ltr'><strong>verum</strong></span> <span class='ocrx_word' id='word_1_644' title='bbox 2890 4263 3053 4315; x_wconf 89' lang='lat' dir='ltr'><strong>etiam</strong></span> <span class='ocrx_word' id='word_1_645' title='bbox 3072 4262 3449 4332; x_wconf 89' lang='lat' dir='ltr'><strong>cogitatorum.</strong></span> 
     </span>
    </p>
   </div>
   <div class='ocr_carea' id='block_1_88' title="bbox 1882 4350 3452 4419">
    <p class='ocr_par' dir='ltr' id='par_1_88' title="bbox 1882 4350 3452 4419">
     <span class='ocr_line' id='line_1_88' title="bbox 1882 4350 3452 4419; baseline 0.004 -18"><span class='ocrx_word' id='word_1_646' title='bbox 1882 4350 1961 4403; x_wconf 84' lang='lat' dir='ltr'><strong>Ac</strong></span> <span class='ocrx_word' id='word_1_647' title='bbox 1993 4350 2080 4404; x_wconf 89' lang='lat' dir='ltr'><strong>ubi</strong></span> <span class='ocrx_word' id='word_1_648' title='bbox 2108 4351 2217 4404; x_wconf 87' lang='lat' dir='ltr'><strong>vita</strong></span> <span class='ocrx_word' id='word_1_649' title='bbox 2255 4350 2397 4405; x_wconf 84' lang='lat' dir='ltr'><strong>edita</strong></span> <span class='ocrx_word' id='word_1_650' title='bbox 2440 4354 2782 4405; x_wconf 82' lang='lat' dir='ltr'><strong>remeandqu</strong></span> <span class='ocrx_word' id='word_1_651' title='bbox 2831 4364 2945 4419; x_wconf 85' lang='lat' dir='ltr'><strong>est,</strong></span> <span class='ocrx_word' id='word_1_652' title='bbox 2986 4356 3235 4407; x_wconf 86' lang='lat' dir='ltr'><strong>eumdem</strong></span> <span class='ocrx_word' id='word_1_653' title='bbox 3276 4354 3452 4419; x_wconf 84' lang='lat' dir='ltr'><strong>illum,</strong></span> 
     </span>
    </p>
   </div>
   <div class='ocr_carea' id='block_1_89' title="bbox 194 4440 3455 4514">
    <p class='ocr_par' dir='ltr' id='par_1_89' title="bbox 194 4440 3455 4514">
     <span class='ocr_line' id='line_1_89' title="bbox 194 4440 3455 4514; baseline 0.003 -17"><span class='ocrx_word' id='word_1_654' title='bbox 194 4442 402 4497; x_wconf 77' lang='lat' dir='ltr'><strong>cietate</strong></span> <span class='ocrx_word' id='word_1_655' title='bbox 430 4446 693 4497; x_wconf 74' lang='lat' dir='ltr'><strong>subnixus</strong></span> <span class='ocrx_word' id='word_1_656' title='bbox 727 4454 832 4509; x_wconf 86' lang='lat' dir='ltr'><strong>est,</strong></span> <span class='ocrx_word' id='word_1_657' title='bbox 861 4447 952 4498; x_wconf 82' lang='lat' dir='ltr'><strong>sed</strong></span> <span class='ocrx_word' id='word_1_658' title='bbox 979 4448 1254 4501; x_wconf 78' lang='lat' dir='ltr'><strong>exercitus</strong></span> <span class='ocrx_word' id='word_1_659' title='bbox 1282 4449 1333 4502; x_wconf 87' lang='lat' dir='ltr'><strong>ei</strong></span> <span class='ocrx_word' id='word_1_660' title='bbox 1370 4449 1627 4504; x_wconf 79' lang='lat' dir='ltr'><strong>virtutum</strong></span> <span class='ocrx_word' id='word_1_661' title='bbox 1667 4464 1777 4505; x_wconf 83' lang='lat' dir='ltr'><strong>coe-</strong></span> <span class='ocrx_word' id='word_1_662' title='bbox 1812 4459 1855 4513; x_wconf 83' lang='grc' dir='ltr'>υ</span> <span class='ocrx_word' id='word_1_663' title='bbox 1884 4442 1975 4511; x_wconf 85' lang='lat' dir='ltr'><strong>qui</strong></span> <span class='ocrx_word' id='word_1_664' title='bbox 2010 4440 2165 4497; x_wconf 82' lang='lat' dir='ltr'><strong>nobis</strong></span> <span class='ocrx_word' id='word_1_665' title='bbox 2208 4444 2463 4513; x_wconf 59' lang='lat' dir='ltr'><strong>praeditus</strong></span> <span class='ocrx_word' id='word_1_666' title='bbox 2517 4444 2636 4507; x_wconf 74' lang='lat' dir='ltr'><strong>fuit.</strong></span> <span class='ocrx_word' id='word_1_667' title='bbox 2693 4454 2910 4514; x_wconf 81' lang='lat' dir='ltr'><strong>raptare</strong></span> <span class='ocrx_word' id='word_1_668' title='bbox 2966 4445 3105 4499; x_wconf 85' lang='lat' dir='ltr'><strong>illico</strong></span> <span class='ocrx_word' id='word_1_669' title='bbox 3133 4455 3187 4499; x_wconf 84' lang='lat' dir='ltr'><strong>et</strong></span> <span class='ocrx_word' id='word_1_670' title='bbox 3238 4450 3455 4501; x_wconf 79' lang='lat' dir='ltr'><strong>trahere</strong></span> 
     </span>
    </p>
   </div>
   <div class='ocr_carea' id='block_1_90' title="bbox 197 4530 1776 4608">
    <p class='ocr_par' dir='ltr' id='par_1_90' title="bbox 197 4530 1776 4608">
     <span class='ocr_line' id='line_1_90' title="bbox 197 4530 1776 4608; baseline 0.007 -22"><span class='ocrx_word' id='word_1_671' title='bbox 197 4530 420 4586; x_wconf 87' lang='lat' dir='ltr'><strong>lestium</strong></span> <span class='ocrx_word' id='word_1_672' title='bbox 454 4545 652 4602; x_wconf 73' lang='lat' dir='ltr'><strong>przrsto</strong></span> <span class='ocrx_word' id='word_1_673' title='bbox 684 4545 796 4590; x_wconf 83' lang='lat' dir='ltr'><strong>est:</strong></span> <span class='ocrx_word' id='word_1_674' title='bbox 838 4557 856 4587; x_wconf 78' lang='grc' dir='ltr'><strong>ι</strong></span> <span class='ocrx_word' id='word_1_675' title='bbox 914 4538 1057 4606; x_wconf 87' lang='lat' dir='ltr'><strong>quod</strong></span> <span class='ocrx_word' id='word_1_676' title='bbox 1082 4554 1189 4592; x_wconf 91' lang='lat' dir='ltr'><strong>non</strong></span> <span class='ocrx_word' id='word_1_677' title='bbox 1217 4541 1282 4594; x_wconf 89' lang='lat' dir='ltr'><strong>ad</strong></span> <span class='ocrx_word' id='word_1_678' title='bbox 1312 4540 1570 4608; x_wconf 84' lang='lat' dir='ltr'><strong>spiritalia</strong></span> <span class='ocrx_word' id='word_1_679' title='bbox 1599 4553 1776 4597; x_wconf 87' lang='lat' dir='ltr'><strong>tamen</strong></span> 
     </span>
    </p>
   </div>
   <div class='ocr_carea' id='block_1_91' title="bbox 196 4624 1778 4701">
    <p class='ocr_par' dir='ltr' id='par_1_91' title="bbox 196 4624 1778 4701">
     <span class='ocr_line' id='line_1_91' title="bbox 196 4624 1778 4701; baseline 0.004 -21"><span class='ocrx_word' id='word_1_680' title='bbox 196 4624 348 4680; x_wconf 81' lang='lat' dir='ltr'><strong>bona</strong></span> <span class='ocrx_word' id='word_1_681' title='bbox 379 4625 710 4680; x_wconf 72' lang='lat' dir='ltr'><strong>conferenda</strong></span> <span class='ocrx_word' id='word_1_682' title='bbox 747 4628 1049 4698; x_wconf 87' lang='lat' dir='ltr'><strong>restringit,</strong></span> <span class='ocrx_word' id='word_1_683' title='bbox 1086 4630 1183 4684; x_wconf 88' lang='lat' dir='ltr'><strong>sed</strong></span> <span class='ocrx_word' id='word_1_684' title='bbox 1227 4631 1293 4685; x_wconf 91' lang='lat' dir='ltr'><strong>ad</strong></span> <span class='ocrx_word' id='word_1_685' title='bbox 1325 4646 1583 4701; x_wconf 89' lang='lat' dir='ltr'><strong>corporea</strong></span> <span class='ocrx_word' id='word_1_686' title='bbox 1614 4634 1778 4687; x_wconf 89' lang='lat' dir='ltr'><strong>etiam</strong></span> 
     </span>
    </p>
   </div>
   <div class='ocr_carea' id='block_1_92' title="bbox 194 4716 1779 4793">
    <p class='ocr_par' dir='ltr' id='par_1_92' title="bbox 194 4716 1779 4793">
     <span class='ocr_line' id='line_1_92' title="bbox 194 4716 1779 4793; baseline 0.006 -25"><span class='ocrx_word' id='word_1_687' title='bbox 194 4725 461 4783; x_wconf 79' lang='lat' dir='ltr'><strong>prorogat</strong></span> <span class='ocrx_word' id='word_1_688' title='bbox 493 4716 678 4769; x_wconf 90' lang='lat' dir='ltr'><strong>homil.</strong></span> <span class='ocrx_word' id='word_1_689' title='bbox 707 4718 775 4770; x_wconf 70' lang='lat'><strong>:20</strong></span> <span class='ocrx_word' id='word_1_690' title='bbox 806 4718 859 4771; x_wconf 81' lang='lat' dir='ltr'><strong>in</strong></span> <span class='ocrx_word' id='word_1_691' title='bbox 890 4716 1031 4783; x_wconf 65' lang='lat'><strong>103.,</strong></span> <span class='ocrx_word' id='word_1_692' title='bbox 1059 4736 1208 4775; x_wconf 89' lang='lat' dir='ltr'><strong>num.</strong></span> <span class='ocrx_word' id='word_1_693' title='bbox 1240 4721 1265 4773; x_wconf 81' lang='grc'><strong>1</strong></span> <span class='ocrx_word' id='word_1_694' title='bbox 1290 4737 1303 4772; x_wconf 92' lang='lat'>:</span> <span class='ocrx_word' id='word_1_695' title='bbox 1330 4740 1347 4771; x_wconf 75' lang='grc' dir='ltr'><strong>ι</strong></span> <span class='ocrx_word' id='word_1_696' title='bbox 1370 4722 1595 4778; x_wconf 90' lang='lat' dir='ltr'><strong>Constat</strong></span> <span class='ocrx_word' id='word_1_697' title='bbox 1651 4738 1779 4793; x_wconf 89' lang='lat' dir='ltr'><strong>ergo</strong></span> 
     </span>
    </p>
   </div>
   <div class='ocr_carea' id='block_1_93' title="bbox 195 4803 1778 4879">
    <p class='ocr_par' dir='ltr' id='par_1_93' title="bbox 195 4803 1778 4879">
     <span class='ocr_line' id='line_1_93' title="bbox 195 4803 1778 4879; baseline 0.005 -20"><span class='ocrx_word' id='word_1_698' title='bbox 195 4803 406 4859; x_wconf 83' lang='lat' dir='ltr'><strong>multas</strong></span> <span class='ocrx_word' id='word_1_699' title='bbox 431 4820 555 4859; x_wconf 82' lang='lat' dir='ltr'><strong>esse</strong></span> <span class='ocrx_word' id='word_1_700' title='bbox 586 4808 810 4861; x_wconf 86' lang='lat' dir='ltr'><strong>virtutes</strong></span> <span class='ocrx_word' id='word_1_701' title='bbox 837 4809 978 4863; x_wconf 90' lang='lat' dir='ltr'><strong>intra</strong></span> <span class='ocrx_word' id='word_1_702' title='bbox 1008 4825 1122 4873; x_wconf 84' lang='lat' dir='ltr'><strong>nos,</strong></span> <span class='ocrx_word' id='word_1_703' title='bbox 1152 4812 1346 4879; x_wconf 88' lang='lat' dir='ltr'><strong>quibus</strong></span> <span class='ocrx_word' id='word_1_704' title='bbox 1371 4812 1452 4867; x_wconf 88' lang='lat' dir='ltr'><strong>vel</strong></span> <span class='ocrx_word' id='word_1_705' title='bbox 1478 4815 1778 4868; x_wconf 89' lang='lat' dir='ltr'><strong>animarum</strong></span> 
     </span>
    </p>
   </div>
   <div class='ocr_carea' id='block_1_94' title="bbox 195 4898 1781 4970">
    <p class='ocr_par' dir='ltr' id='par_1_94' title="bbox 195 4898 1781 4970">
     <span class='ocr_line' id='line_1_94' title="bbox 195 4898 1781 4970; baseline 0.006 -21"><span class='ocrx_word' id='word_1_706' title='bbox 195 4902 541 4961; x_wconf 82' lang='lat' dir='ltr'><strong>nostrarum,</strong></span> <span class='ocrx_word' id='word_1_707' title='bbox 579 4898 659 4951; x_wconf 88' lang='lat' dir='ltr'><strong>vel</strong></span> <span class='ocrx_word' id='word_1_708' title='bbox 691 4914 983 4968; x_wconf 90' lang='lat' dir='ltr'><strong>corporum</strong></span> <span class='ocrx_word' id='word_1_709' title='bbox 1012 4916 1139 4956; x_wconf 90' lang='lat' dir='ltr'><strong>cura</strong></span> <span class='ocrx_word' id='word_1_710' title='bbox 1168 4904 1427 4970; x_wconf 88' lang='lat' dir='ltr'><strong>permissa</strong></span> <span class='ocrx_word' id='word_1_711' title='bbox 1461 4915 1583 4970; x_wconf 89' lang='lat' dir='ltr'><strong>est;</strong></span> <span class='ocrx_word' id='word_1_712' title='bbox 1625 4925 1643 4957; x_wconf 78' lang='grc' dir='ltr'><strong>ι</strong></span> <span class='ocrx_word' id='word_1_713' title='bbox 1693 4907 1781 4960; x_wconf 91' lang='lat' dir='ltr'><strong>cui</strong></span> 
     </span>
    </p>
   </div>
   <div class='ocr_carea' id='block_1_95' title="bbox 195 4983 1778 5067">
    <p class='ocr_par' dir='ltr' id='par_1_95' title="bbox 195 4983 1778 5067">
     <span class='ocr_line' id='line_1_95' title="bbox 195 4983 1778 5067; baseline 0.007 -27"><span class='ocrx_word' id='word_1_714' title='bbox 195 4983 548 5041; x_wconf 81' lang='lat' dir='ltr'><strong>defendendo</strong></span> <span class='ocrx_word' id='word_1_715' title='bbox 586 4990 754 5043; x_wconf 91' lang='lat' dir='ltr'><strong>utitur</strong></span> <span class='ocrx_word' id='word_1_716' title='bbox 806 4992 1103 5061; x_wconf 89' lang='lat' dir='ltr'><strong>scriptione</strong></span> <span class='ocrx_word' id='word_1_717' title='bbox 1150 4997 1381 5065; x_wconf 89' lang='lat' dir='ltr'><strong>quadam</strong></span> <span class='ocrx_word' id='word_1_718' title='bbox 1448 4999 1778 5067; x_wconf 85' lang='lat' dir='ltr'><strong>apocrypha,</strong></span> 
     </span>
    </p>
   </div>
   <div class='ocr_carea' id='block_1_96' title="bbox 194 5076 1780 5154">
    <p class='ocr_par' dir='ltr' id='par_1_96' title="bbox 194 5076 1780 5154">
     <span class='ocr_line' id='line_1_96' title="bbox 194 5076 1780 5154; baseline 0.008 -26"><span class='ocrx_word' id='word_1_719' title='bbox 194 5092 367 5145; x_wconf 87' lang='lat' dir='ltr'><strong>quam</strong></span> <span class='ocrx_word' id='word_1_720' title='bbox 404 5076 602 5131; x_wconf 77' lang='lat' dir='ltr'><strong>Enochi</strong></span> <span class='ocrx_word' id='word_1_721' title='bbox 630 5080 821 5133; x_wconf 80' lang='lat' dir='ltr'><strong>librum</strong></span> <span class='ocrx_word' id='word_1_722' title='bbox 842 5096 963 5137; x_wconf 88' lang='lat' dir='ltr'><strong>esse</strong></span> <span class='ocrx_word' id='word_1_723' title='bbox 993 5086 1252 5154; x_wconf 85' lang='lat' dir='ltr'><strong>suspicari</strong></span> <span class='ocrx_word' id='word_1_724' title='bbox 1278 5087 1468 5154; x_wconf 88' lang='lat' dir='ltr'><strong>possis,</strong></span> <span class='ocrx_word' id='word_1_725' title='bbox 1500 5086 1686 5139; x_wconf 86' lang='lat' dir='ltr'><strong>homil.</strong></span> <span class='ocrx_word' id='word_1_726' title='bbox 1711 5086 1780 5140; x_wconf 74' lang='lat'><strong>55</strong></span> 
     </span>
    </p>
   </div>
   <div class='ocr_carea' id='block_1_97' title="bbox 197 5164 1779 5247">
    <p class='ocr_par' dir='ltr' id='par_1_97' title="bbox 197 5164 1779 5247">
     <span class='ocr_line' id='line_1_97' title="bbox 197 5164 1779 5247; baseline 0.008 -29"><span class='ocrx_word' id='word_1_727' title='bbox 197 5168 260 5220; x_wconf 87' lang='lat' dir='ltr'><strong>in</strong></span> <span class='ocrx_word' id='word_1_728' title='bbox 288 5164 418 5221; x_wconf 74' lang='lat' dir='ltr'><strong>Luc.</strong></span> <span class='ocrx_word' id='word_1_729' title='bbox 485 5186 504 5219; x_wconf 73' lang='grc' dir='ltr'><strong>ι</strong></span> <span class='ocrx_word' id='word_1_730' title='bbox 549 5168 824 5238; x_wconf 85' lang='lat' dir='ltr'><strong>Legimus,</strong></span> <span class='ocrx_word' id='word_1_731' title='bbox 865 5172 1060 5242; x_wconf 88' lang='lat' dir='ltr'><strong>inquit,</strong></span> <span class='ocrx_word' id='word_1_732' title='bbox 1116 5176 1163 5228; x_wconf 83' lang='lat' dir='ltr'><strong>si</strong></span> <span class='ocrx_word' id='word_1_733' title='bbox 1223 5185 1401 5229; x_wconf 85' lang='lat' dir='ltr'><strong>tamen</strong></span> <span class='ocrx_word' id='word_1_734' title='bbox 1460 5178 1545 5229; x_wconf 91' lang='lat' dir='ltr'><strong>cui</strong></span> <span class='ocrx_word' id='word_1_735' title='bbox 1602 5178 1779 5247; x_wconf 84' lang='lat' dir='ltr'><strong>placet</strong></span> 
     </span>
    </p>
   </div>
   <div class='ocr_carea' id='block_1_98' title="bbox 201 5258 1773 5336">
    <p class='ocr_par' dir='ltr' id='par_1_98' title="bbox 201 5258 1773 5336">
     <span class='ocr_line' id='line_1_98' title="bbox 201 5258 1773 5336; baseline 0.005 -24"><span class='ocrx_word' id='word_1_736' title='bbox 201 5258 516 5327; x_wconf 80' lang='lat' dir='ltr'><strong>hujusmodi</strong></span> <span class='ocrx_word' id='word_1_737' title='bbox 544 5264 868 5332; x_wconf 68' lang='lat' dir='ltr'><strong>scripturam</strong></span> <span class='ocrx_word' id='word_1_738' title='bbox 901 5267 1165 5335; x_wconf 89' lang='lat' dir='ltr'><strong>recipere,</strong></span> <span class='ocrx_word' id='word_1_739' title='bbox 1216 5266 1438 5336; x_wconf 70' lang='lat' dir='ltr'><strong>justitize</strong></span> <span class='ocrx_word' id='word_1_740' title='bbox 1475 5278 1531 5321; x_wconf 90' lang='lat' dir='ltr'><strong>et</strong></span> <span class='ocrx_word' id='word_1_741' title='bbox 1575 5267 1773 5336; x_wconf 85' lang='lat' dir='ltr'><strong>iniqui-</strong></span> 
     </span>
    </p>
   </div>
   <div class='ocr_carea' id='block_1_99' title="bbox 202 5351 1773 5427">
    <p class='ocr_par' dir='ltr' id='par_1_99' title="bbox 202 5351 1773 5427">
     <span class='ocr_line' id='line_1_99' title="bbox 202 5351 1773 5427; baseline 0.003 -21"><span class='ocrx_word' id='word_1_742' title='bbox 202 5351 338 5407; x_wconf 84' lang='lat' dir='ltr'><strong>tatis</strong></span> <span class='ocrx_word' id='word_1_743' title='bbox 359 5352 576 5422; x_wconf 84' lang='lat' dir='ltr'><strong>angelos</strong></span> <span class='ocrx_word' id='word_1_744' title='bbox 600 5369 763 5424; x_wconf 87' lang='lat' dir='ltr'><strong>super</strong></span> <span class='ocrx_word' id='word_1_745' title='bbox 780 5356 1012 5412; x_wconf 69' lang='lat' dir='ltr'><strong>Abraha:</strong></span> <span class='ocrx_word' id='word_1_746' title='bbox 1042 5358 1212 5413; x_wconf 79' lang='lat' dir='ltr'><strong>Saltth</strong></span> <span class='ocrx_word' id='word_1_747' title='bbox 1246 5361 1627 5427; x_wconf 76' lang='lat' dir='ltr'><strong>disceptantes,</strong></span> <span class='ocrx_word' id='word_1_748' title='bbox 1649 5360 1773 5412; x_wconf 88' lang='lat' dir='ltr'><strong>dum</strong></span> 
     </span>
    </p>
   </div>
   <div class='ocr_carea' id='block_1_100' title="bbox 200 5451 1771 5512">
    <p class='ocr_par' dir='ltr' id='par_1_100' title="bbox 200 5451 1771 5512">
     <span class='ocr_line' id='line_1_100' title="bbox 200 5451 1771 5512; baseline 0.005 -18"><span class='ocrx_word' id='word_1_749' title='bbox 200 5452 450 5512; x_wconf 69' lang='lat' dir='ltr'><strong>utraeque</strong></span> <span class='ocrx_word' id='word_1_750' title='bbox 490 5454 680 5500; x_wconf 67' lang='lat' dir='ltr'><strong>turmae</strong></span> <span class='ocrx_word' id='word_1_751' title='bbox 709 5463 808 5502; x_wconf 91' lang='lat' dir='ltr'><strong>suo</strong></span> <span class='ocrx_word' id='word_1_752' title='bbox 845 5464 966 5503; x_wconf 88' lang='lat' dir='ltr'><strong>eum</strong></span> <span class='ocrx_word' id='word_1_753' title='bbox 1002 5451 1187 5504; x_wconf 91' lang='lat' dir='ltr'><strong>volunt</strong></span> <span class='ocrx_word' id='word_1_754' title='bbox 1235 5453 1398 5504; x_wconf 70' lang='grc' dir='ltr'><strong>(εωιυί</strong></span> <span class='ocrx_word' id='word_1_755' title='bbox 1428 5451 1719 5507; x_wconf 89' lang='lat' dir='ltr'><strong>vindicare.</strong></span> <span class='ocrx_word' id='word_1_756' title='bbox 1752 5469 1771 5502; x_wconf 74' lang='grc' dir='ltr'><strong>ι</strong></span> 
     </span>
    </p>
   </div>
   <div class='ocr_carea' id='block_1_101' title="bbox 207 5533 1777 5611">
    <p class='ocr_par' dir='ltr' id='par_1_101' title="bbox 207 5533 1777 5611">
     <span class='ocr_line' id='line_1_101' title="bbox 207 5533 1777 5611; baseline 0.007 -25"><span class='ocrx_word' id='word_1_757' title='bbox 207 5533 288 5587; x_wconf 75' lang='lat' dir='ltr'><strong>Ex</strong></span> <span class='ocrx_word' id='word_1_758' title='bbox 323 5535 565 5590; x_wconf 73' lang='lat' dir='ltr'><strong>danuone</strong></span> <span class='ocrx_word' id='word_1_759' title='bbox 602 5548 805 5601; x_wconf 86' lang='lat' dir='ltr'><strong>autem.</strong></span> <span class='ocrx_word' id='word_1_760' title='bbox 837 5542 922 5594; x_wconf 92' lang='lat' dir='ltr'><strong>cui</strong></span> <span class='ocrx_word' id='word_1_761' title='bbox 958 5556 1152 5596; x_wconf 91' lang='lat' dir='ltr'><strong>nomen</strong></span> <span class='ocrx_word' id='word_1_762' title='bbox 1194 5542 1375 5611; x_wconf 82' lang='lat' dir='ltr'><strong>Legio,</strong></span> <span class='ocrx_word' id='word_1_763' title='bbox 1408 5542 1588 5595; x_wconf 89' lang='lat' dir='ltr'><strong>miseri</strong></span> <span class='ocrx_word' id='word_1_764' title='bbox 1636 5543 1777 5597; x_wconf 90' lang='lat' dir='ltr'><strong>illius</strong></span> 
     </span>
    </p>
   </div>
   <div class='ocr_carea' id='block_1_102' title="bbox 202 5627 1778 5702">
    <p class='ocr_par' dir='ltr' id='par_1_102' title="bbox 202 5627 1778 5702">
     <span class='ocr_line' id='line_1_102' title="bbox 202 5627 1778 5702; baseline 0.007 -24"><span class='ocrx_word' id='word_1_765' title='bbox 202 5629 264 5679; x_wconf 92' lang='lat' dir='ltr'><strong>in</strong></span> <span class='ocrx_word' id='word_1_766' title='bbox 291 5627 552 5694; x_wconf 88' lang='lat' dir='ltr'><strong>sepulcris</strong></span> <span class='ocrx_word' id='word_1_767' title='bbox 580 5629 877 5685; x_wconf 88' lang='lat' dir='ltr'><strong>habitantis</strong></span> <span class='ocrx_word' id='word_1_768' title='bbox 908 5648 1104 5700; x_wconf 91' lang='lat' dir='ltr'><strong>corpus</strong></span> <span class='ocrx_word' id='word_1_769' title='bbox 1126 5643 1445 5700; x_wconf 90' lang='lat' dir='ltr'><strong>occupaute,</strong></span> <span class='ocrx_word' id='word_1_770' title='bbox 1472 5648 1499 5685; x_wconf 91' lang='lat' dir='ltr'><strong>a</strong></span> <span class='ocrx_word' id='word_1_771' title='bbox 1534 5632 1778 5702; x_wconf 87' lang='lat' dir='ltr'><strong>plurimis</strong></span> 
     </span>
    </p>
   </div>
   <div class='ocr_carea' id='block_1_103' title="bbox 202 5717 1777 5795">
    <p class='ocr_par' dir='ltr' id='par_1_103' title="bbox 202 5717 1777 5795">
     <span class='ocr_line' id='line_1_103' title="bbox 202 5717 1777 5795; baseline 0.004 -23"><span class='ocrx_word' id='word_1_772' title='bbox 202 5717 370 5773; x_wconf 80' lang='lat' dir='ltr'><strong>simul</strong></span> <span class='ocrx_word' id='word_1_773' title='bbox 411 5718 745 5777; x_wconf 68' lang='lat' dir='ltr'><strong>daamonibus</strong></span> <span class='ocrx_word' id='word_1_774' title='bbox 770 5738 868 5777; x_wconf 91' lang='lat' dir='ltr'><strong>nos</strong></span> <span class='ocrx_word' id='word_1_775' title='bbox 910 5725 1101 5793; x_wconf 88' lang='lat' dir='ltr'><strong>probat</strong></span> <span class='ocrx_word' id='word_1_776' title='bbox 1141 5726 1507 5781; x_wconf 87' lang='lat' dir='ltr'><strong>circumsideri</strong></span> <span class='ocrx_word' id='word_1_777' title='bbox 1536 5741 1550 5790; x_wconf 79' lang='grc'><strong>;</strong></span> <span class='ocrx_word' id='word_1_778' title='bbox 1583 5726 1777 5795; x_wconf 81' lang='lat' dir='ltr'><strong>quippe</strong></span> 
     </span>
    </p>
   </div>
   <div class='ocr_carea' id='block_1_104' title="bbox 1886 4533 3452 4607">
    <p class='ocr_par' dir='ltr' id='par_1_104' title="bbox 1886 4533 3452 4607">
     <span class='ocr_line' id='line_1_104' title="bbox 1886 4533 3452 4607; baseline 0.004 -21"><span class='ocrx_word' id='word_1_779' title='bbox 1886 4533 2050 4587; x_wconf 89' lang='lat' dir='ltr'><strong>veluti</strong></span> <span class='ocrx_word' id='word_1_780' title='bbox 2082 4534 2384 4589; x_wconf 89' lang='lat' dir='ltr'><strong>custodiam</strong></span> <span class='ocrx_word' id='word_1_781' title='bbox 2420 4550 2573 4589; x_wconf 89' lang='lat' dir='ltr'><strong>suam</strong></span> <span class='ocrx_word' id='word_1_782' title='bbox 2602 4537 2668 4590; x_wconf 87' lang='lat' dir='ltr'><strong>ad</strong></span> <span class='ocrx_word' id='word_1_783' title='bbox 2712 4536 2978 4605; x_wconf 83' lang='lat' dir='ltr'><strong>judicium</strong></span> <span class='ocrx_word' id='word_1_784' title='bbox 3016 4553 3030 4588; x_wconf 88' lang='lat'><strong>:</strong></span> <span class='ocrx_word' id='word_1_785' title='bbox 3064 4547 3228 4607; x_wconf 90' lang='lat' dir='ltr'><strong>atque</strong></span> <span class='ocrx_word' id='word_1_786' title='bbox 3266 4538 3372 4593; x_wconf 91' lang='lat' dir='ltr'><strong>illic</strong></span> <span class='ocrx_word' id='word_1_787' title='bbox 3398 4539 3452 4593; x_wconf 89' lang='lat' dir='ltr'><strong>in</strong></span> 
     </span>
    </p>
   </div>
   <div class='ocr_carea' id='block_1_105' title="bbox 1885 4626 3453 4697">
    <p class='ocr_par' dir='ltr' id='par_1_105' title="bbox 1885 4626 3453 4697">
     <span class='ocr_line' id='line_1_105' title="bbox 1885 4626 3453 4697; baseline 0.005 -19"><span class='ocrx_word' id='word_1_788' title='bbox 1885 4640 2048 4679; x_wconf 90' lang='lat' dir='ltr'><strong>causa</strong></span> <span class='ocrx_word' id='word_1_789' title='bbox 2083 4626 2308 4681; x_wconf 89' lang='lat' dir='ltr'><strong>dicenda</strong></span> <span class='ocrx_word' id='word_1_790' title='bbox 2339 4631 2594 4683; x_wconf 86' lang='lat' dir='ltr'><strong>assistere</strong></span> <span class='ocrx_word' id='word_1_791' title='bbox 2622 4644 2636 4693; x_wconf 92' lang='lat'>;</span> <span class='ocrx_word' id='word_1_792' title='bbox 2689 4628 2733 4683; x_wconf 88' lang='lat' dir='ltr'><strong>si</strong></span> <span class='ocrx_word' id='word_1_793' title='bbox 2769 4643 2873 4697; x_wconf 85' lang='lat' dir='ltr'><strong>qua</strong></span> <span class='ocrx_word' id='word_1_794' title='bbox 2903 4631 3340 4695; x_wconf 85' lang='lat' dir='ltr'><strong>commentiatur,</strong></span> <span class='ocrx_word' id='word_1_795' title='bbox 3367 4646 3453 4686; x_wconf 74' lang='lat' dir='ltr'><strong>re-</strong></span> 
     </span>
    </p>
   </div>
   <div class='ocr_carea' id='block_1_106' title="bbox 1884 4717 3453 4792">
    <p class='ocr_par' dir='ltr' id='par_1_106' title="bbox 1884 4717 3453 4792">
     <span class='ocr_line' id='line_1_106' title="bbox 1884 4717 3453 4792; baseline 0.005 -20"><span class='ocrx_word' id='word_1_796' title='bbox 1884 4717 2153 4786; x_wconf 87' lang='lat' dir='ltr'><strong>darguere</strong></span> <span class='ocrx_word' id='word_1_797' title='bbox 2177 4760 2192 4783; x_wconf 94' lang='lat'><strong>,</strong></span> <span class='ocrx_word' id='word_1_798' title='bbox 2246 4719 2290 4774; x_wconf 92' lang='lat' dir='ltr'><strong>si</strong></span> <span class='ocrx_word' id='word_1_799' title='bbox 2321 4734 2425 4788; x_wconf 89' lang='lat' dir='ltr'><strong>qua</strong></span> <span class='ocrx_word' id='word_1_800' title='bbox 2471 4734 2600 4773; x_wconf 89' lang='lat' dir='ltr'><strong>vera</strong></span> <span class='ocrx_word' id='word_1_801' title='bbox 2641 4721 2803 4787; x_wconf 90' lang='lat' dir='ltr'><strong>dicat,</strong></span> <span class='ocrx_word' id='word_1_802' title='bbox 2837 4736 3189 4787; x_wconf 88' lang='lat' dir='ltr'><strong>asseverare;</strong></span> <span class='ocrx_word' id='word_1_803' title='bbox 3229 4738 3453 4792; x_wconf 90' lang='lat' dir='ltr'><strong>prorsus</strong></span> 
     </span>
    </p>
   </div>
   <div class='ocr_carea' id='block_1_107' title="bbox 1887 4808 3451 4883">
    <p class='ocr_par' dir='ltr' id='par_1_107' title="bbox 1887 4808 3451 4883">
     <span class='ocr_line' id='line_1_107' title="bbox 1887 4808 3451 4883; baseline 0.005 -21"><span class='ocrx_word' id='word_1_804' title='bbox 1887 4808 2030 4862; x_wconf 90' lang='lat' dir='ltr'><strong>illius</strong></span> <span class='ocrx_word' id='word_1_805' title='bbox 2065 4812 2377 4865; x_wconf 89' lang='lat' dir='ltr'><strong>testimonio</strong></span> <span class='ocrx_word' id='word_1_806' title='bbox 2413 4809 2541 4865; x_wconf 77' lang='lat' dir='ltr'><strong>ferri</strong></span> <span class='ocrx_word' id='word_1_807' title='bbox 2575 4812 2926 4868; x_wconf 88' lang='lat' dir='ltr'><strong>sententiam.</strong></span> <span class='ocrx_word' id='word_1_808' title='bbox 2964 4833 2983 4865; x_wconf 81' lang='grc' dir='ltr'><strong>ι</strong></span> <span class='ocrx_word' id='word_1_809' title='bbox 3019 4815 3199 4883; x_wconf 87' lang='lat' dir='ltr'><strong>Itaque</strong></span> <span class='ocrx_word' id='word_1_810' title='bbox 3240 4831 3451 4870; x_wconf 89' lang='lat' dir='ltr'><strong>summa</strong></span> 
     </span>
    </p>
   </div>
   <div class='ocr_carea' id='block_1_108' title="bbox 1886 4899 3454 4973">
    <p class='ocr_par' dir='ltr' id='par_1_108' title="bbox 1886 4899 3454 4973">
     <span class='ocr_line' id='line_1_108' title="bbox 1886 4899 3454 4973; baseline 0.006 -21"><span class='ocrx_word' id='word_1_811' title='bbox 1886 4899 2143 4969; x_wconf 85' lang='lat' dir='ltr'><strong>religione</strong></span> <span class='ocrx_word' id='word_1_812' title='bbox 2173 4903 2361 4970; x_wconf 85' lang='lat' dir='ltr'><strong>genius</strong></span> <span class='ocrx_word' id='word_1_813' title='bbox 2395 4903 2464 4954; x_wconf 89' lang='lat' dir='ltr'><strong>ab</strong></span> <span class='ocrx_word' id='word_1_814' title='bbox 2491 4903 2727 4973; x_wconf 89' lang='lat' dir='ltr'><strong>antiquis</strong></span> <span class='ocrx_word' id='word_1_815' title='bbox 2761 4904 3043 4960; x_wconf 84' lang='lat' dir='ltr'><strong>colebatur</strong></span> <span class='ocrx_word' id='word_1_816' title='bbox 3075 4906 3454 4968; x_wconf 76' lang='lat' dir='ltr'><strong>:Censorinus</strong></span> 
     </span>
    </p>
   </div>
   <div class='ocr_carea' id='block_1_109' title="bbox 1883 4988 3452 5067">
    <p class='ocr_par' dir='ltr' id='par_1_109' title="bbox 1883 4988 3452 5067">
     <span class='ocr_line' id='line_1_109' title="bbox 1883 4988 3452 5067; baseline 0.004 -23"><span class='ocrx_word' id='word_1_817' title='bbox 1883 5004 2004 5059; x_wconf 90' lang='lat' dir='ltr'><strong>cap.</strong></span> <span class='ocrx_word' id='word_1_818' title='bbox 2036 4988 2071 5045; x_wconf 78' lang='lat'>5</span> <span class='ocrx_word' id='word_1_819' title='bbox 2100 4990 2176 5044; x_wconf 87' lang='lat' dir='ltr'><strong>De</strong></span> <span class='ocrx_word' id='word_1_820' title='bbox 2218 4993 2304 5044; x_wconf 82' lang='lat' dir='ltr'><strong>die</strong></span> <span class='ocrx_word' id='word_1_821' title='bbox 2354 4992 2522 5046; x_wconf 82' lang='lat' dir='ltr'><strong>natali</strong></span> <span class='ocrx_word' id='word_1_822' title='bbox 2561 5011 2580 5049; x_wconf 89' lang='lat'><strong><em>:</em></strong></span> <span class='ocrx_word' id='word_1_823' title='bbox 2614 5012 2632 5044; x_wconf 74' lang='grc' dir='ltr'><strong>ι</strong></span> <span class='ocrx_word' id='word_1_824' title='bbox 2685 4994 2859 5050; x_wconf 86' lang='lat' dir='ltr'><strong>Genio</strong></span> <span class='ocrx_word' id='word_1_825' title='bbox 2900 4996 3061 5067; x_wconf 87' lang='lat' dir='ltr'><strong>igitur</strong></span> <span class='ocrx_word' id='word_1_826' title='bbox 3112 4998 3452 5067; x_wconf 85' lang='lat' dir='ltr'><strong>potissimum</strong></span> 
     </span>
    </p>
   </div>
   <div class='ocr_carea' id='block_1_110' title="bbox 1881 5091 3452 5159">
    <p class='ocr_par' dir='ltr' id='par_1_110' title="bbox 1881 5091 3452 5159">
     <span class='ocr_line' id='line_1_110' title="bbox 1881 5091 3452 5159; baseline 0.004 -19"><span class='ocrx_word' id='word_1_827' title='bbox 1881 5100 1978 5156; x_wconf 90' lang='lat' dir='ltr'><strong>per</strong></span> <span class='ocrx_word' id='word_1_828' title='bbox 2003 5102 2217 5141; x_wconf 87' lang='lat' dir='ltr'><strong>omnem</strong></span> <span class='ocrx_word' id='word_1_829' title='bbox 2260 5098 2471 5143; x_wconf 66' lang='lat' dir='ltr'><strong>aetatem</strong></span> <span class='ocrx_word' id='word_1_830' title='bbox 2514 5092 2801 5159; x_wconf 89' lang='lat' dir='ltr'><strong>quotannis</strong></span> <span class='ocrx_word' id='word_1_831' title='bbox 2848 5091 3239 5147; x_wconf 75' lang='lat' dir='ltr'><strong>sacriﬁcamus.</strong></span> <span class='ocrx_word' id='word_1_832' title='bbox 3266 5091 3452 5159; x_wconf 80' lang='lat' dir='ltr'><strong>Quatt-</strong></span> 
     </span>
    </p>
   </div>
   <div class='ocr_carea' id='block_1_111' title="bbox 1880 5180 3450 5253">
    <p class='ocr_par' dir='ltr' id='par_1_111' title="bbox 1880 5180 3450 5253">
     <span class='ocr_line' id='line_1_111' title="bbox 1880 5180 3450 5253; baseline 0.004 -21"><span class='ocrx_word' id='word_1_833' title='bbox 1880 5194 2042 5248; x_wconf 90' lang='lat' dir='ltr'><strong>quam</strong></span> <span class='ocrx_word' id='word_1_834' title='bbox 2067 5195 2173 5235; x_wconf 90' lang='lat' dir='ltr'><strong>non</strong></span> <span class='ocrx_word' id='word_1_835' title='bbox 2203 5181 2375 5236; x_wconf 90' lang='lat' dir='ltr'><strong>solum</strong></span> <span class='ocrx_word' id='word_1_836' title='bbox 2420 5180 2530 5246; x_wconf 90' lang='lat' dir='ltr'><strong>hic,</strong></span> <span class='ocrx_word' id='word_1_837' title='bbox 2560 5182 2654 5235; x_wconf 90' lang='lat' dir='ltr'><strong>sed</strong></span> <span class='ocrx_word' id='word_1_838' title='bbox 2695 5190 2750 5237; x_wconf 91' lang='lat' dir='ltr'><strong>et</strong></span> <span class='ocrx_word' id='word_1_839' title='bbox 2795 5182 2883 5236; x_wconf 89' lang='lat' dir='ltr'><strong>alii</strong></span> <span class='ocrx_word' id='word_1_840' title='bbox 2915 5193 3039 5237; x_wconf 90' lang='lat' dir='ltr'><strong>sunt</strong></span> <span class='ocrx_word' id='word_1_841' title='bbox 3085 5194 3342 5253; x_wconf 63' lang='lat' dir='ltr'><strong>praeterea</strong></span> <span class='ocrx_word' id='word_1_842' title='bbox 3376 5185 3450 5238; x_wconf 92' lang='lat' dir='ltr'><strong>dii</strong></span> 
     </span>
    </p>
   </div>
   <div class='ocr_carea' id='block_1_112' title="bbox 1880 5271 3453 5345">
    <p class='ocr_par' dir='ltr' id='par_1_112' title="bbox 1880 5271 3453 5345">
     <span class='ocr_line' id='line_1_112' title="bbox 1880 5271 3453 5345; baseline 0.003 -21"><span class='ocrx_word' id='word_1_843' title='bbox 1880 5272 2187 5341; x_wconf 89' lang='lat' dir='ltr'><strong>complures</strong></span> <span class='ocrx_word' id='word_1_844' title='bbox 2212 5274 2486 5326; x_wconf 85' lang='lat' dir='ltr'><strong>hominum</strong></span> <span class='ocrx_word' id='word_1_845' title='bbox 2512 5271 2676 5325; x_wconf 88' lang='lat' dir='ltr'><strong>vitam</strong></span> <span class='ocrx_word' id='word_1_846' title='bbox 2706 5289 2802 5342; x_wconf 91' lang='lat' dir='ltr'><strong>pro</strong></span> <span class='ocrx_word' id='word_1_847' title='bbox 2830 5290 2924 5329; x_wconf 88' lang='lat' dir='ltr'><strong>sua</strong></span> <span class='ocrx_word' id='word_1_848' title='bbox 2951 5276 3179 5345; x_wconf 85' lang='lat' dir='ltr'><strong>quisque</strong></span> <span class='ocrx_word' id='word_1_849' title='bbox 3209 5276 3453 5345; x_wconf 88' lang='lat' dir='ltr'><strong>portione</strong></span> 
     </span>
    </p>
   </div>
   <div class='ocr_carea' id='block_1_113' title="bbox 1882 5364 3453 5437">
    <p class='ocr_par' dir='ltr' id='par_1_113' title="bbox 1882 5364 3453 5437">
     <span class='ocr_line' id='line_1_113' title="bbox 1882 5364 3453 5437; baseline 0.001 -22"><span class='ocrx_word' id='word_1_850' title='bbox 1882 5364 2353 5429; x_wconf 87' lang='lat' dir='ltr'><strong>adminiculantes,</strong></span> <span class='ocrx_word' id='word_1_851' title='bbox 2400 5381 2538 5435; x_wconf 88' lang='lat' dir='ltr'><strong>quos</strong></span> <span class='ocrx_word' id='word_1_852' title='bbox 2577 5367 2843 5421; x_wconf 88' lang='lat' dir='ltr'><strong>volentem</strong></span> <span class='ocrx_word' id='word_1_853' title='bbox 2877 5381 3207 5437; x_wconf 85' lang='lat' dir='ltr'><strong>cognoscere</strong></span> <span class='ocrx_word' id='word_1_854' title='bbox 3245 5365 3453 5433; x_wconf 77' lang='lat' dir='ltr'><strong>Indigi-</strong></span> 
     </span>
    </p>
   </div>
   <div class='ocr_carea' id='block_1_114' title="bbox 1885 5457 3453 5522">
    <p class='ocr_par' dir='ltr' id='par_1_114' title="bbox 1885 5457 3453 5522">
     <span class='ocr_line' id='line_1_114' title="bbox 1885 5457 3453 5522; baseline 0.002 -17"><span class='ocrx_word' id='word_1_855' title='bbox 1885 5464 2235 5508; x_wconf 78' lang='lat' dir='ltr'><strong>tamenlorum</strong></span> <span class='ocrx_word' id='word_1_856' title='bbox 2264 5457 2387 5511; x_wconf 92' lang='lat' dir='ltr'><strong>libri</strong></span> <span class='ocrx_word' id='word_1_857' title='bbox 2420 5457 2553 5511; x_wconf 90' lang='lat' dir='ltr'><strong>satis</strong></span> <span class='ocrx_word' id='word_1_858' title='bbox 2585 5460 2916 5522; x_wconf 87' lang='lat' dir='ltr'><strong>edocebunt;</strong></span> <span class='ocrx_word' id='word_1_859' title='bbox 2947 5458 3038 5511; x_wconf 86' lang='lat' dir='ltr'><strong>sed</strong></span> <span class='ocrx_word' id='word_1_860' title='bbox 3063 5473 3252 5511; x_wconf 89' lang='lat' dir='ltr'><strong>omnes</strong></span> <span class='ocrx_word' id='word_1_861' title='bbox 3282 5458 3333 5509; x_wconf 84' lang='lat' dir='ltr'><strong>lii</strong></span> <span class='ocrx_word' id='word_1_862' title='bbox 3364 5471 3453 5509; x_wconf 86' lang='lat' dir='ltr'><strong>se-</strong></span> 
     </span>
    </p>
   </div>
   <div class='ocr_carea' id='block_1_115' title="bbox 1883 5547 3452 5619">
    <p class='ocr_par' dir='ltr' id='par_1_115' title="bbox 1883 5547 3452 5619">
     <span class='ocr_line' id='line_1_115' title="bbox 1883 5547 3452 5619; baseline 0.003 -20"><span class='ocrx_word' id='word_1_863' title='bbox 1883 5547 1987 5599; x_wconf 88' lang='lat' dir='ltr'><strong>mel</strong></span> <span class='ocrx_word' id='word_1_864' title='bbox 2040 5549 2091 5601; x_wconf 93' lang='lat' dir='ltr'><strong>in</strong></span> <span class='ocrx_word' id='word_1_865' title='bbox 2136 5564 2462 5619; x_wconf 87' lang='lat' dir='ltr'><strong>unoquoque</strong></span> <span class='ocrx_word' id='word_1_866' title='bbox 2498 5551 2713 5605; x_wconf 88' lang='lat' dir='ltr'><strong>homine</strong></span> <span class='ocrx_word' id='word_1_867' title='bbox 2754 5553 3030 5605; x_wconf 91' lang='lat' dir='ltr'><strong>numinum</strong></span> <span class='ocrx_word' id='word_1_868' title='bbox 3065 5566 3282 5605; x_wconf 85' lang='lat' dir='ltr'><strong>suorum</strong></span> <span class='ocrx_word' id='word_1_869' title='bbox 3322 5548 3452 5604; x_wconf 67' lang='lat' dir='ltr'><strong>elle-</strong></span> 
     </span>
    </p>
   </div>
   <div class='ocr_carea' id='block_1_116' title="bbox 1883 5644 3453 5711">
    <p class='ocr_par' dir='ltr' id='par_1_116' title="bbox 1883 5644 3453 5711">
     <span class='ocr_line' id='line_1_116' title="bbox 1883 5644 3453 5711; baseline 0.004 -21"><span class='ocrx_word' id='word_1_870' title='bbox 1883 5650 2028 5691; x_wconf 91' lang='lat' dir='ltr'><strong>ctum</strong></span> <span class='ocrx_word' id='word_1_871' title='bbox 2068 5653 2493 5707; x_wconf 68' lang='lat' dir='ltr'><strong>repmsentaut:</strong></span> <span class='ocrx_word' id='word_1_872' title='bbox 2534 5646 2786 5711; x_wconf 80' lang='lat' dir='ltr'><strong>quocirca</strong></span> <span class='ocrx_word' id='word_1_873' title='bbox 2846 5660 2949 5698; x_wconf 90' lang='lat' dir='ltr'><strong>non</strong></span> <span class='ocrx_word' id='word_1_874' title='bbox 2993 5658 3088 5709; x_wconf 87' lang='lat' dir='ltr'><strong>per</strong></span> <span class='ocrx_word' id='word_1_875' title='bbox 3139 5657 3297 5696; x_wconf 90' lang='lat' dir='ltr'><strong>oume</strong></span> <span class='ocrx_word' id='word_1_876' title='bbox 3331 5644 3453 5697; x_wconf 70' lang='lat' dir='ltr'><strong>vita:</strong></span> 
     </span>
    </p>
   </div>
   <div class='ocr_carea' id='block_1_117' title="bbox 1886 5732 3451 5803">
    <p class='ocr_par' dir='ltr' id='par_1_117' title="bbox 1886 5732 3451 5803">
     <span class='ocr_line' id='line_1_117' title="bbox 1886 5732 3451 5803; baseline 0.005 -21"><span class='ocrx_word' id='word_1_877' title='bbox 1886 5732 2118 5799; x_wconf 80' lang='lat' dir='ltr'><strong>spatium</strong></span> <span class='ocrx_word' id='word_1_878' title='bbox 2150 5734 2302 5791; x_wconf 85' lang='lat' dir='ltr'><strong>novis</strong></span> <span class='ocrx_word' id='word_1_879' title='bbox 2330 5734 2682 5803; x_wconf 84' lang='lat' dir='ltr'><strong>religionibus</strong></span> <span class='ocrx_word' id='word_1_880' title='bbox 2721 5745 3087 5792; x_wconf 88' lang='lat' dir='ltr'><strong>arcessuntur.</strong></span> <span class='ocrx_word' id='word_1_881' title='bbox 3113 5733 3320 5792; x_wconf 86' lang='lat' dir='ltr'><strong>Genius</strong></span> <span class='ocrx_word' id='word_1_882' title='bbox 3353 5748 3451 5790; x_wconf 82' lang='lat' dir='ltr'><strong>au-</strong></span> 
     </span>
    </p>
   </div>
  </div>
