3860 6230
437 334 543 389 Βῖὅ

1706 329 1765 384 Ρ.
1814 326 2130 382 DANIELIS
2167 321 2402 380 IIUETII

3584 317 3699 372 884

439 461 544 503 tem
576 448 647 502 ita
687 441 842 502 nobis
880 447 1208 502 observator
1242 446 1517 515 appositus
1544 455 1650 509 est,
1679 457 1738 500 ut
1763 463 1831 502 ne
1868 463 2004 518 pun-
2036 450 2080 502 A
2109 444 2410 514 asperiores
2461 439 2656 508 imponi
2698 438 2858 492 duces
2913 437 3152 492 deﬁnivit
3195 435 3552 494 Adamantius
3594 458 3608 492 :
3646 442 3696 494 si

437 549 525 595 cto
554 537 769 606 quidem
805 538 1064 604 temporis
1095 537 1304 607 longius
1334 538 1606 600 abscedat,
1632 537 1725 591 sed
1755 539 1822 591 ab
1852 549 2004 593 utero

438 633 628 684 matris
650 639 904 698 exceptos
923 630 988 682 ad
1016 641 1316 683 extremum
1341 629 1460 682 vitae
1477 631 1618 685 diem
1646 630 1951 685 comitetur.
1983 648 1999 679 ι

437 721 570 775 Nota
619 731 813 789 praeter
859 729 1173 789 perpetuum
1215 720 1354 788 genii
1400 721 1736 784 comitatum,
1783 721 2004 775 deorum

437 813 790 881 complurium
850 811 1149 866 ministerio
1229 813 1392 862 vitam
1468 811 1758 865 humanam
1826 811 2004 878 juvari

441 905 648 971 priscos
687 905 806 960 illos
854 916 1098 973 putasse,
1151 904 1290 970 quod
1334 901 1676 973 Origenianis
1723 905 2005 959 sententiis

437 1003 720 1048 consonat.
766 997 940 1059 Atque
969 1005 1030 1046 ea
1063 1005 1193 1045 sane
1234 993 1510 1060 persuasio
1543 991 1610 1044 ad
1642 1001 1852 1046 veteres
1887 992 2004 1046 illos

436 1101 468 1137 c
495 1083 666 1137 sacris
687 1081 1045 1138 voluminibus
1077 1081 1311 1149 profecta
1349 1081 1607 1150 primum,
1642 1084 1734 1137 sed
1767 1082 2005 1150 profanis

438 1176 666 1229 subinde
714 1174 984 1245 ﬁgmentis
1047 1175 1344 1228 deformata
1398 1176 1657 1231 manavit.
1709 1175 1833 1230 litec
1889 1176 2002 1244 ipsa

438 1282 650 1336 quoque
685 1268 920 1320 indidem
961 1267 1014 1319 in
1060 1265 1378 1331 Ecclesiam,
1408 1266 1767 1337 Ecclesiwque
1797 1266 2002 1333 Patres,

436 1361 530 1414 sed
569 1359 753 1426 purior
779 1369 833 1412 et
872 1358 1179 1412 defaecatior
1204 1357 1473 1427 proﬂuxit.

507 1448 721 1501 XXXII.
757 1447 928 1502 Verba
965 1446 1128 1501 Mosis
1156 1463 1188 1500 e
1226 1449 1514 1504 Deuteron.
1549 1465 1724 1511 xxxii,
1753 1450 1806 1514 8,
1835 1450 1890 1514 9,
1914 1466 2004 1504 eo-

435 1542 556 1594 dem
604 1543 986 1609 propemodum
1024 1541 1242 1596 deﬂexit,
1299 1543 1560 1597 Eusebius
1609 1558 1671 1596 ae
1723 1540 1998 1610 Origenes.

439 1633 714 1689 Universis
741 1635 934 1703 quippe
977 1635 1225 1704 gentibus
1279 1634 1499 1702 angelos
1547 1636 1798 1704 praesides
1829 1652 1857 1688 a
1894 1636 2003 1690 Deo

433 1727 708 1796 oppositos
730 1729 904 1780 (locet.
935 1726 1126 1780 Filium
1151 1736 1328 1782 autem
1362 1728 1452 1781 Dei
1483 1729 1785 1797 suscepisse
1808 1745 1998 1798 regen-

431 1822 558 1875 dum
584 1823 864 1888 Israelem,
902 1823 1210 1892 quicunque
1247 1839 1437 1893 nempe
1461 1825 1783 1891 patriarchae
1814 1824 1998 1880 Jacobi

433 1912 685 1980 pietatem
719 1914 937 1975 imitati,
973 1915 1192 1968 nomine
1227 1915 1343 1983 ejus
1368 1914 1622 1983 appellari
1661 1926 1995 1970 meruerunt.

433 2004 606 2072 Atque
678 2005 788 2059 lure
868 2005 1344 2060 Demonstrntionis
1393 2007 1697 2076 euangelicis
1772 2006 1864 2061 lib.
1925 2022 1998 2073 Iv,

429 2110 550 2165 cap.
597 2095 651 2150 7.
687 2094 821 2148 Τιιιιι
874 2098 924 2149 in
979 2097 1330 2167 sequentibus
1368 2099 1554 2152 scribit
1589 2097 1805 2167 angelos
1852 2099 1996 2162 illos,

428 2191 542 2241 sive
571 2188 748 2257 potius
778 2189 1088 2258 angelorum
1140 2189 1316 2244 tutelae
1347 2190 1668 2244 commissos
1700 2193 1943 2247 homines
1967 2207 1996 2246 a

427 2280 760 2356 daemonibus
785 2283 1076 2352 Oppugnari
1130 2283 1296 2337 fuisse
1324 2293 1554 2352 ereptos,
1585 2299 1887 2355 magnaque
1929 2301 1996 2339 ex

427 2382 579 2438 parte
607 2373 659 2426 in
695 2387 881 2429 eorum
916 2384 1235 2443 potestatem
1287 2376 1455 2430 fuisse
1486 2378 1770 2442 redactos;
1823 2380 1998 2446 quoad

427 2465 796 2520 laborantibus
821 2480 872 2520 et
916 2468 1187 2534 oppressis
1226 2477 1566 2522 succurreret
1597 2468 1869 2536 Christus,
1897 2470 1997 2522 im-

425 2557 746 2626 piorumqne
805 2559 1104 2610 daemomun
1158 2558 1497 2628 tyrannidem
1548 2559 1874 2628 proiligaret.
1920 2561 1994 2614 Ita

423 2657 476 2702 et
496 2649 825 2714 Augustinus
854 2651 906 2703 in
936 2648 1132 2703 l’salm.
1155 2666 1395 2706 ωιτη-ιιι
1419 2666 1433 2705 :
1463 2670 1480 2700 ι
1504 2651 1616 2705 Νοιι
1640 2653 1832 2707 clausit
1859 2655 1997 2708 Deus

423 2739 622 2794 fontem
657 2740 914 2794 bonitatis
963 2757 1072 2794 suae
1118 2743 1278 2794 etiam
1317 2742 1368 2794 in
1407 2741 1747 2811 alienigenas
1785 2755 1992 2812 gentes,

421 2843 557 2897 quas
587 2831 686 2883 sub
705 2829 912 2898 angelis
943 2832 1319 2895 constituerat,
1348 2832 1648 2899 portionem
1670 2833 1770 2886 sibi
1793 2833 1993 2888 l'aciens

420 2921 671 2992 populum
702 2920 882 2974 Israel.
920 2942 935 2972 ι

490 3009 566 3064 Ne
602 3008 880 3064 conﬂictus
901 3009 1112 3078 quidem
1147 3009 1265 3064 illos
1300 3012 1615 3082 angelorum
1651 3012 1792 3066 inter
1815 3027 1896 3078 se,
1938 3025 1991 3066 et

417 3101 620 3171 prmlia,
650 3103 894 3156 homines
917 3102 1018 3156 sibi
1046 3104 1363 3158 contulisses
1392 3105 1622 3158 invicem
1645 3105 1984 3170 subtrahere,
2014 3150 2056 3206 C

415 3191 625 3260 sibique
700 3191 966 3258 subjicere
1017 3193 1308 3247 volentium
1372 3194 1487 3248 sine
1545 3196 1986 3265 astipulatoribus

415 3282 694 3349 proposuit
743 3279 1000 3351 Origenes
1032 3300 1045 3334 :
1075 3298 1210 3352 quos
1269 3285 1412 3338 inter
1460 3288 1780 3341 recensendi
1837 3298 1982 3355 sunt,

415 3383 674 3441 quotquot
700 3375 924 3428 citatum
964 3375 1198 3430 Daniclis
1221 3376 1489 3431 decimum
1522 3390 1684 3448 caput
1710 3381 1775 3433 ad
1819 3379 1987 3436 bonos

416 3465 637 3534 angelos
668 3477 1071 3520 converterunt.
1101 3466 1235 3521 Nam
1261 3469 1306 3522 si
1333 3469 1586 3540 princeps
1611 3473 1762 3539 regni
1791 3471 1982 3528 Persa-

415 3569 555 3619 rum,
586 3555 808 3620 angelus
833 3559 1030 3625 quippe
1067 3558 1259 3623 bonus,
1289 3576 1412 3613 cum
1451 3561 1707 3618 Michaele
1735 3565 1984 3620 velitatus
2018 3613 2027 3622 .

411 3655 522 3710 est,
552 3648 772 3716 angelos
802 3650 969 3704 bonos
1007 3651 1144 3704 inter
1173 3666 1232 3704 se
1277 3653 1536 3708 dimicare
1574 3656 1848 3710 fatendum
1877 3673 1980 3713 est.

415 3737 694 3805 Principes
724 3749 901 3793 autem
951 3741 1098 3808 regni
1141 3741 1447 3807 Persarum,
1476 3756 1529 3799 et
1554 3746 1860 3801 Graecorum
1886 3752 1981 3804 bo-

414 3843 512 3881 nos
559 3843 679 3883 esse
739 3831 958 3900 angelos
1018 3833 1396 3887 existimarunt
1450 3839 1798 3906 complures;
1843 3843 1984 3895 velut

412 3914 782 3976 Theodoretus
812 3923 866 3976 in
914 3923 1015 3977 hoc
1065 3925 1296 3980 Danielis
1327 3939 1522 3994 caput;
1562 3929 1793 3984 Isidorus
1828 3930 1984 3985 Pelu-

411 4013 549 4066 siota
593 4012 686 4068 lib.
717 4029 777 4080 ιι,
817 4016 974 4084 epist.
1026 4015 1123 4079 85;
1175 4013 1409 4071 Joannes
1456 4019 1872 4088 Chrysostoinus
1928 4022 1978 4074 in

415 4103 644 4161 humilia:
689 4104 968 4174 cujusdam
1017 4107 1070 4159 in
1105 4107 1300 4160 Christi
1353 4106 1600 4161 Natalem
1659 4111 1980 4180 fragmento,

408 4195 554 4266 quod
591 4195 815 4248 exhibet
845 4195 1073 4250 Photius
1094 4198 1216 4251 cod.
1258 4211 1548 4260 CCLXXVII;
1582 4197 1676 4251 sed
1717 4197 1982 4265 imprimis

407 4288 468 4345 3.
501 4285 755 4352 Thomas,
787 4303 837 4357 p.
864 4306 903 4356 ι,
949 4305 1004 4358 q.
1035 4290 1156 4354 H5,
1182 4300 1287 4343 art.
1321 4290 1377 4354 8,
1421 4291 1512 4358 qui
1544 4291 1812 4358 quomodo
1841 4291 1982 4346 inter

405 4393 464 4433 se
486 4379 795 4434 discordare
839 4382 1044 4450 possint
1085 4382 1282 4450 angeli,
1314 4381 1554 4451 exponit.

2113 535 2290 589 minus
2315 548 2482 590 novos
2508 532 2700 587 ascribi
2734 530 3000 600 principes
3026 532 3414 586 rebellantibus
3444 532 3696 586 homini-

2108 628 2226 688 bus,
2262 638 2318 680 at
2358 626 2570 694 priores
2599 634 2746 678 certe
2784 623 2996 678 detrahi
3053 622 3284 678 Basilius
3312 623 3544 676 censuit.
3600 621 3699 677 Sic

2105 720 2248 774 enim
2304 719 2462 772 habet
2504 719 2558 770 in
2593 717 2751 769 [snite
2780 731 2837 780 v,
2890 715 2923 767 5
2977 733 2992 769 :
3036 717 3264 786 Μήποτε
3307 714 3364 768 δὲ
3393 714 3488 767 καὶ
3527 714 3696 784 ἡμῶν

2111 813 2339 875 ἕκαστος
2385 811 2523 882 ἔχων
2593 809 2823 879 ἄγγελον
2865 807 3016 877 ἅγιον
3075 807 3166 860 τὸν
3237 805 3693 878 παρεμϐάλλοντα

2111 904 2295 974 κύκλῳ
2317 903 2425 956 τῶν
2453 902 2616 972 φοϐον
2625 902 2798 973 μένων
2819 901 2910 955 τὸν
2938 901 3160 971 Κύριον,
3185 902 3242 953 ἐν
3273 898 3569 970 ἁμαρτίαις
3607 896 3695 960 ἐξ·

2115 995 2361 1057 ετασθεὶς
2386 994 2639 1056 ὑπόδικος
2662 993 2881 1064 γένηται
2907 996 2973 1064 τῇ
3002 991 3355 1062 ἀπειληθείσῃ
3371 991 3579 1060 πληγῇ,
3598 989 3692 1041 καὶ

2112 1089 2371 1160 γυμνωοῇ
2407 1087 2500 1140 τοῦ
2549 1088 2760 1157 τείχους
2786 1087 2884 1157 τῆς
2915 1084 3021 1140 ἀπὺ
3049 1085 3156 1139 τῶν
3197 1084 3364 1153 ἁγίων
3403 1082 3692 1151 δύναμεων

2114 1180 2436 1250 ἀσφαλείας.
2477 1199 2494 1230 ι
2527 1179 2781 1233 Fortasse
2821 1187 2995 1231 autem
3035 1178 3402 1246 unusquisque
3438 1184 3688 1229 nostrum

2107 1274 2310 1327 habens
2333 1271 2580 1340 angelum
2601 1278 2864 1335 sanctum,
2884 1275 3353 1323 castrametantem
3383 1266 3434 1317 in
3453 1263 3687 1318 circuitu

2111 1363 2414 1419 timentium
2441 1361 2754 1426 Dominum,
2805 1361 2858 1414 in
2912 1359 3143 1430 peccatis
3172 1357 3560 1427 deprehensus,
3593 1357 3690 1411 ob-

2111 1454 2306 1509 noxius
2341 1453 2438 1506 ﬁat
2469 1453 2744 1506 intentata:
2787 1451 2888 1506 sibi
2922 1449 3111 1520 plagre,
3142 1459 3194 1503 et
3220 1447 3480 1517 spolietur
3505 1461 3684 1512 muro,

2105 1548 2346 1602 custodia
2387 1547 2596 1602 scilicet
2634 1554 2939 1598 sanctarum
2991 1544 3270 1597 virtutum.
3303 1561 3322 1593 ι
3377 1538 3564 1608 Neque
3593 1539 3686 1592 de-

2111 1646 2237 1692 sunt
2260 1639 2620 1707 sane,quibus
2643 1655 2710 1693 ne
2736 1653 2874 1690 nunc
2894 1635 3110 1706 quidem
3129 1633 3259 1688 satis
3280 1633 3446 1700 liquet
3470 1631 3684 1684 idemne

2112 1739 2404 1798 perpetuus
2432 1730 2634 1784 homini
2686 1729 2974 1797 unicuique
3004 1741 3184 1782 comes
3229 1722 3451 1794 angelus
3500 1722 3685 1776 adha—

2034 1800 2076 1854 B
2113 1829 2248 1884 reat,
2282 1835 2349 1873 an
2386 1819 2520 1875 alios
2549 1821 2638 1875 alii
2673 1822 2726 1875 in
2755 1836 2820 1876 eo
2845 1834 3067 1874 munere
3091 1817 3378 1884 excipiant.

2181 1909 2398 1979 Origeui
2428 1925 2606 1964 rerum
2641 1913 2905 1979 omnium,
2965 1911 3129 1964 etiam
3175 1909 3530 1962 inanimarum
3583 1918 3683 1958 cu-

2103 2000 2332 2053 stodiam
2376 2000 2582 2070 angelis
2621 2001 2887 2071 deleganti
2935 2001 3078 2055 favet
3127 2002 3545 2070 Chrysostomus
3583 2002 3682 2053 ho-

2104 2089 2214 2143 mil.
2256 2093 2309 2144 in
2345 2091 2531 2146 Natat.
2557 2092 2774 2158 Christi,
2803 2095 2940 2162 apud
2968 2093 3216 2148 Photium
3247 2093 3366 2148 cod.
3402 2109 3685 2154 ccuxvu,

2112 2183 2382 2253 Ἐστησεν
2406 2186 2434 2238 ὁ
2456 2185 2590 2248 Θεὸς
2624 2187 2890 2255 ἀγγέλους
2938 2188 3078 2241 κατά
3104 2188 3172 2240 τὰ
3213 2187 3444 2258 κλίματα
3467 2188 3567 2256 τῆς
3613 2189 3689 2241 oi-

2105 2276 2395 2348 κουμένης,
2421 2278 2515 2332 ἕνα
2537 2279 2766 2333 ἕκαστον
2796 2282 3188 2352 ἐπιτροπεύειν,
3221 2281 3296 2344 ὡς
3349 2282 3444 2334 καὶ
3472 2281 3684 2351 Μωσῆς

2106 2368 2274 2436 λέγει,
2330 2371 2448 2432 ἐνὸς
2496 2373 2727 2426 ἑκάστου
2763 2372 2968 2437 ἔθνους.
3015 2375 3247 2443 Ἔστησε
3294 2373 3382 2437 δὲ,
3443 2374 3532 2426 ἵνα
3580 2376 3680 2443 τὴν

2107 2461 2316 2530 ἄψυχον
2345 2464 2522 2517 κτίσιν
2559 2463 2947 2533 χαλινώσωσιν,
2983 2465 3130 2535 ἣλιον
3159 2467 3251 2518 καὶ
3296 2465 3544 2537 σελήνην,
3581 2469 3680 2520 καὶ

2098 2550 2394 2617 θάλασσαν,
2431 2555 2523 2605 καὶ
2566 2555 2687 2624 γῆν,
2735 2556 2828 2607 καὶ
2849 2555 2916 2607 τά
2957 2558 3014 2608 ἐν
3043 2557 3246 2620 αὐτοῖς,
3285 2559 3580 2628 ὑπηρετεῖν
3605 2563 3673 2629 τῇ

2099 2641 2190 2694 τοῦ
2223 2643 2508 2714 ἀνθρώπου
2545 2645 2857 2699 ἀπολαύσει.
2900 2666 2919 2697 ι
2956 2650 3242 2702 Constituit
3288 2651 3427 2704 Deus
3451 2652 3673 2719 angelos

2096 2737 2384 2789 secundmn
2415 2738 2630 2790 climata
2657 2741 2824 2802 orbis,
2857 2751 2912 2792 ιιι
2937 2741 3132 2810 singuli
3178 2756 3357 2795 curam
3398 2744 3670 2811 gererent,

2099 2827 2548 2894 quemadmodum
2583 2829 2659 2882 ait
2702 2839 2755 2884 et
2789 2830 3017 2902 Moyses,
3046 2833 3374 2900 singularum
3403 2835 3669 2902 gentium.

2094 2919 2382 2972 Constituit
2427 2929 2605 2974 autem
2651 2923 2717 2975 ad
2787 2924 3080 2977 inanimam
3115 2935 3414 2978 creaturam
3475 2941 3667 2994 regen-

2092 3012 2235 3076 dam,
2278 3009 2467 3072 solem,
2501 3021 2558 3065 et
2610 3013 2809 3080 lunam,
2839 3023 2894 3069 et
2927 3030 3094 3081 mare,
3120 3025 3174 3069 et
3220 3026 3436 3081 terram,
3476 3030 3530 3070 et
3550 3035 3673 3088 qua:

2093 3098 2144 3152 in
2175 3100 2241 3154 iis
2273 3110 2419 3165 sunt,
2447 3112 2504 3156 ut
2532 3105 2805 3158 hominum
2838 3107 3018 3159 usibus
3056 3108 3399 3163 inservirent.
3439 3130 3458 3161 ι

2163 3191 2236 3244 De
2265 3195 2462 3260 gemini
2499 3195 2698 3263 angeli,
2733 3196 2859 3249 boni
2914 3199 3162 3251 nimirum
3214 3211 3267 3253 et
3328 3201 3452 3253 rnali
3500 3179 3670 3256 satel-

2088 3281 2223 3348 litiu,
2280 3301 2442 3354 quam
2490 3287 2710 3340 tradidit
2754 3287 3081 3354 doctrinam,
3111 3292 3250 3344 hanc
3285 3307 3385 3346 neu
3416 3292 3484 3345 ab
3532 3293 3674 3348 Iler-

2090 3393 2174 3430 ma
2211 3379 2383 3432 solum
2433 3391 2487 3432 et
2528 3379 2795 3445 Barnaba,
2856 3386 2948 3434 sed
2985 3397 3014 3434 a
3049 3383 3311 3437 dictatore
3359 3387 3524 3440 etiam
3566 3404 3673 3443 suo

2091 3467 2309 3524 Platone
2352 3483 2655 3538 acceperat,
2687 3473 2837 3541 cujus
2875 3475 3036 3528 verba
3089 3477 3202 3530 hanc
3230 3495 3261 3532 e
3316 3478 3452 3532 libro
3497 3496 3527 3532 x
3570 3479 3674 3534 Lc-

2086 3581 2207 3632 gum
2234 3563 2396 3616 refert
2415 3563 2782 3618 'I'heodoretus
2811 3582 2973 3618 serui.
3004 3566 3037 3619 ’5
3071 3567 3143 3619 De
3169 3571 3385 3621 cummi.
3427 3569 3666 3624 Grecor.

2092 3655 2272 3722 aﬁ‘ect.
2301 3670 2318 3706 :
2352 3652 2540 3723 Ψυχὴν
2589 3653 2645 3704 δὲ
2673 3654 2996 3721 διοικοῦσαν,
3042 3657 3134 3710 καὶ
3179 3660 3489 3713 ἐνοικοῦσαν
3531 3667 3673 3717 πᾶσι

2089 3747 2199 3806 τοῖς
2234 3746 2479 3816 πανταχῆ
2513 3745 2847 3815 κινουμένοις
2889 3747 3135 3815 λέγοντός
3162 3766 3276 3812 σου,
3312 3753 3406 3803 καὶ
3460 3753 3552 3804 τὸν
3575 3756 3671 3806 οὐ-

2086 3837 2247 3904 ρανὸν
2269 3837 2486 3890 διοικεῖν
2502 3839 2713 3907 ἀνάγκη
2745 3841 2907 3905 φάναι.
2931 3840 3013 3890 ’τί
3041 3842 3181 3911 μήν;
3211 3842 3386 3913 μίανῆ
3414 3843 3668 3910 πλείουςς

2085 3928 2197 3997 ἐγὼ
2231 3930 2367 4000 ὑπὲρ
2403 3930 2549 3998 σφῶν
2580 3930 2977 4002 ἀποκρινοῦμαι
3003 3948 3016 3961 °
3046 3932 3188 3986 δυοῖν
3227 3938 3323 4005 μὲν
3350 3933 3442 3990 οὖν
3491 3941 3669 4006 γέπου

2092 4021 2299 4074 ἐλάττω
2341 4023 2414 4092 μὴ
2453 4023 2708 4093 τιθῶμεν,
2748 4028 2848 4095 τῆς
2894 4044 2953 4079 τε
3004 4025 3363 4098 εὐεργέτιδος,
3419 4032 3516 4082 καὶ
3562 4031 3669 4101 τῆς

2087 4113 2343 4165 τάναντία
2369 4113 2670 4185 δυναμένης
2691 4117 3048 4186 ἐργάσασθαι.
3086 4138 3104 4169 ι
3147 4121 3278 4174 Cum
3307 4131 3487 4174 autem
3529 4123 3668 4177 dicis

2083 4203 2316 4256 animam
2365 4207 2780 4274 gubernantem,
2849 4217 2903 4263 et
2967 4211 3186 4263 insitam
3237 4210 3487 4265 omnibus
3540 4229 3666 4280 qua:

2085 4296 2284 4363 ubique
2312 4309 2627 4362 moventur;
2674 4299 2870 4353 cadum
2917 4315 3133 4369 quoque
3161 4301 3462 4370 gubernare
3513 4304 3665 4358 illam

2085 4389 2389 4444 necessario
2416 4390 2701 4446 dicendum
2736 4403 2838 4447 est.
2889 4393 3028 4459 Quid
3075 4396 3278 4466 igitur?
3325 4412 3566 4451 unamue
3595 4415 3665 4452 an

479 4470 639 4526 Varia
669 4481 848 4527 autem
883 4474 995 4526 hazc
1020 4473 1150 4542 ipsis
1179 4473 1418 4538 iujuncta
1454 4474 1621 4529 fuisse
1651 4491 1747 4543 pro
1774 4477 1980 4531 meritis
2011 4488 2054 4542 Ι)
2084 4478 2300 4546 plures?
2335 4479 2445 4550 Ego
2469 4484 2620 4538 vobis
2650 4487 2999 4554 respondebo.
3033 4486 3109 4543 Ne
3139 4489 3418 4557 pauciores
3449 4490 3667 4546 duabus

403 4563 597 4628 ollicia,
631 4573 754 4631 post
791 4565 1078 4631 Origencm
1119 4562 1356 4618 Isidorus
1395 4581 1610 4635 quoque
1645 4567 1977 4637 llispalensis

401 4655 708 4709 allirmavit.
738 4674 756 4706 ι
791 4655 1090 4722 Unicuique
1121 4657 1305 4719 etiam,
1337 4675 1356 4707 ι
1397 4658 1569 4727 inquit
1618 4660 1709 4714 lib.
1744 4676 1814 4714 vu
1850 4659 1977 4713 Ori-

401 4748 532 4815 gin.,
572 4762 689 4815 cap.
727 4747 779 4810 5,
824 4765 841 4796 ι
877 4748 1016 4800 sicut
1064 4746 1377 4814 prazdietum
1408 4761 1514 4814 est,
1546 4752 1760 4820 prepria
1803 4751 1975 4806 cilicia

400 4851 496 4890 sua
525 4837 784 4906 injuncta,
809 4853 928 4907 quae
957 4853 1048 4892 eos
1079 4841 1439 4906 promeruisse
1473 4842 1524 4894 in
1558 4845 1738 4896 mundi
1767 4853 1979 4900 constat

397 4930 644 4984 exordio.
672 4927 808 4996 Nam
836 4929 956 4999 quia
987 4932 1158 4998 angeli
1186 4941 1238 4985 et
1259 4933 1392 4987 locis
1415 4943 1468 4986 et
1501 4933 1810 4990 lietuinibus
1834 4952 1971 5004 prae-

398 5029 544 5082 sunt,
577 5035 672 5087 per
699 5023 1013 5091 prephetam
1043 5034 1272 5079 testatur
1298 5025 1522 5093 angelus
1547 5026 1732 5080 dicens
1755 5046 1770 5082 :
1811 5027 1971 5084 Prin-

397 5128 514 5178 cepa
552 5115 698 5181 regni
753 5111 1037 5167 Persarum
1081 5119 1266 5170 restitit
1316 5118 1527 5172 mihi“.
1570 5117 1720 5172 Unde
1750 5131 1972 5188 apparet

398 5207 602 5262 nullum
625 5224 745 5263 esse
770 5210 968 5276 locum,
997 5212 1082 5265 cui
1112 5213 1284 5282 angeli
1311 5229 1419 5266 non
1443 5213 1665 5280 praesint
1691 5231 1704 5265 :
1730 5198 1972 5282 prtesunt

394 5301 542 5357 enim
565 5310 622 5354 et
658 5303 916 5371 auspiciis
947 5319 1171 5371 operum
1204 5305 1466 5358 omnium.
1495 5303 1592 5358 llic
1625 5317 1710 5358 est
1737 5306 1868 5358 ordo
1893 5307 1972 5360 vel

393 5395 671 5448 distinctio
699 5396 1032 5464 angelorum,
1073 5397 1166 5466 qui
1215 5409 1336 5467 post
1386 5397 1595 5467 lapsum
1623 5398 1886 5452 malorum
1919 5401 1970 5453 iu

395 5487 598 5539 ctrlesti
628 5485 811 5556 vigore
857 5497 1143 5542 steterunt.
1178 5508 1196 5538 ι

467 5577 818 5633 ltcfraetariis
858 5578 1120 5637 adversus
1163 5585 1478 5654 angelorum
1501 5584 1646 5654 jussa
1672 5581 1974 5641 hominibus

459 5753 503 5791 “
530 5758 663 5815 Dan.
701 5777 749 5828 ιι,
787 5761 871 5818 l5.

2083 4585 2408 4639 statuamus,
2441 4589 2559 4628 eam
2607 4593 2728 4646 qua:
2776 4578 2911 4632 bona
2945 4580 3211 4646 conferat,
3267 4591 3324 4634 et
3378 4597 3502 4634 eam
3539 4599 3662 4650 (μιν

2083 4666 2358 4716 contraria
2385 4667 2554 4733 possit
2584 4669 2812 4724 etlieere.
2855 4690 2873 4722 υ
2915 4671 2970 4725 In
3004 4687 3068 4726 eo
3093 4683 3269 4725 autem
3302 4675 3663 4730 Adamantius

2083 4755 2338 4823 plurimos
2364 4759 2550 4812 habuit
2578 4764 2995 4827 consentientes,
3033 4766 3124 4819 sed
3156 4765 3470 4819 Cassianum
3523 4784 3661 4836 pra:-

2083 4847 2270 4901 sertim
2305 4849 2498 4904 Collat.
2529 4868 2644 4918 vm,
2677 4870 2797 4923 cap.
2828 4851 2916 4920 l7,
2941 4868 2996 4909 et
3030 4857 3124 4911 lib.
3148 4873 3270 4921 xm,
3303 4874 3422 4928 cap.
3449 4859 3541 4924 12,
3568 4861 3658 4928 qui

2083 4939 2220 4993 idem
2253 4938 2463 4995 Henna:
2488 4945 2845 5000 testiinonium
2887 4949 3140 5014 adducit;
3169 4958 3331 5018 atque
3385 4950 3662 5018 dogmatis

2081 5030 2238 5098 hujus
2272 5041 2525 5099 tanquam
2562 5033 2679 5088 falsi
2711 5045 2765 5089 et
2805 5051 2993 5093 errore
3043 5039 3302 5108 implicati
3335 5041 3577 5102 nomine,
3609 5053 3660 5096 et

2084 5127 2244 5184 hunc,
2272 5133 2324 5178 et
2353 5125 2524 5189 illum,
2560 5136 2616 5180 et
2661 5127 2948 5198 Origenem
2998 5142 3251 5199 praeterea
3296 5129 3662 5186 Bellarminus

2084 5216 2366 5285 castigavit
2407 5217 2458 5270 in
2494 5219 2587 5273 lib.
2631 5219 2710 5274 De
2742 5223 2922 5290 script.
2954 5221 3158 5289 eccles.,
3198 5223 3250 5275 in
3278 5222 3372 5275 lib.
3413 5219 3659 5286 Pastum,

2079 5310 2224 5374 quod
2251 5325 2358 5363 non
2394 5312 2608 5366 fecisset
2635 5313 2884 5378 fortasse,
2939 5317 2980 5368 si
3031 5318 3081 5368 in
3113 5315 3300 5368 eadem
3335 5329 3458 5368 esse
3489 5331 3658 5368 causa

2086 5401 2404 5471 Gregorium
2437 5403 2736 5474 Nyssenum
2783 5409 3134 5461 meminisset.
3207 5406 3393 5461 Eidem
3439 5423 3659 5477 quoque

2082 5494 2341 5549 Cassiano
2392 5499 2604 5565 pra-ivit
2648 5498 2929 5568 Origenes,
2999 5515 3121 5553 eum
3178 5499 3470 5568 unicuique
3525 5502 3658 5555 vitio

2082 5602 2234 5645 suum
2257 5593 2535 5660 praesidem
2563 5609 2682 5649 esse
2709 5593 3025 5650 attributum
3053 5595 3292 5651 deﬁnivit
3313 5613 3327 5664 ;
3351 5599 3494 5667 quod
3529 5597 3656 5653 licet
