3860 6230
220 288 327 345 885

1070 285 1639 345 ORICENIANORI'EM
1680 284 1813 339 LIB:
1848 283 1911 348 Il,
1951 284 2101 339 CAP.
2145 285 2208 347 II',
2246 283 2522 351 ΟυᾹῖὃτ.
2565 281 2630 336 γ.

3340 273 3446 330 886

216 418 406 471 parum
435 402 635 456 habere
661 402 908 457 videatur
936 403 1352 471 probabilitatis,
1385 403 1453 457 ab
1482 400 1779 470 insignibus
1808 409 1853 457 A
1882 412 2088 470 patrum
2116 400 2463 455 Bostrensem
2488 399 2946 467 imitabimur,qui
2974 397 3220 468 Origenis
3246 397 3449 453 doctri-
3488 406 3493 425 λ

219 507 399 547 tamen
429 494 632 563 aliquot
674 493 1011 549 scholasticis
1050 508 1153 548 non
1186 495 1405 548 omnino
1440 492 1775 561 repudiatum

218 594 320 641 est.

289 676 369 730 Ad
415 675 781 731 excusandum
811 675 1058 746 Origenis
1112 691 1352 731 errorem
1382 676 1448 729 de
1482 674 1684 742 judicio
1724 675 1776 727 in

221 766 721 833 angelostutelares
769 767 895 822 olim
955 768 1241 823 statuendo
1301 767 1477 837 aliqua
1533 766 1778 835 superius

222 860 626 929 proposuimus;
688 876 831 915 nunc
869 861 1122 931 quoniam
1170 848 1412 914 Patrum.
1437 858 1700 927 suffragiis
1726 868 1782 913 et

178 998 185 1003 .
220 951 540 1006 auctoritate
568 968 891 1022 pugnamus,
925 954 991 1007 ad
1026 953 1340 1007 elevandam
1379 951 1646 1021 opinionis
1678 952 1780 1005 hu-

214 1042 305 1112 jus
334 1043 585 1098 invidiam
638 1044 1019 1116 Hieronymum
1074 1044 1321 1115 Origcnis
1372 1042 1778 1113 suifragatorcm

216 1136 561 1190 adducemus.
595 1135 642 1191 Is
670 1137 720 1191 in
762 1137 888 1190 illud
928 1136 1179 1203 Michaeze,
1221 1151 1338 1203 cap.
1368 1151 1441 1200 vt,
1477 1150 1617 1189 vers.
1646 1136 1697 1200 I,
1723 1135 1778 1197 2,

223 1243 244 1276 ε
283 1228 473 1281 Audite
501 1243 619 1297 qua:
666 1228 921 1283 Dominus
956 1229 1228 1297 loquitur:
1264 1228 1458 1297 Surge,
1517 1226 1783 1280 contende

211 1314 416 1385 judicio
447 1320 729 1374 adversum
769 1330 996 1380 montes,
1024 1328 1078 1373 et
1119 1320 1340 1372 audiant
1389 1318 1553 1373 colles
1597 1332 1781 1372 vocem

221 1418 387 1464 tuam.
431 1411 669 1464 Audiant
717 1422 926 1465 montes
969 1410 1225 1479 judicium
1274 1410 1504 1470 Domini,
1540 1418 1594 1462 et
1628 1409 1783 1462 fortia

216 1498 562 1556 fundamenta
595 1485 790 1556 terra}
826 1522 844 1553 ι
871 1504 1141 1555 montibus
1169 1502 1275 1556 illis
1314 1501 1601 1570 significari
1633 1512 1785 1571 ptttat

217 1592 459 1663 angelos,
483 1595 679 1663 quibus
714 1611 892 1649 rerum
939 1595 1294 1648 humanarum
1329 1595 1612 1648 commissa
1663 1610 1784 1663 pro-

217 1686 429 1740 curatio
452 1695 555 1745 est,
611 1685 758 1755 juxta
796 1686 1011 1740 Denter.
1051 1702 1224 1750 xxxu,
1251 1685 1304 1746 8,
1339 1695 1389 1739 et
1432 1684 1594 1740 Hebr.
1627 1687 1783 1751 1,14,

219 1790 385 1845 atque
416 1793 529 1847 eos,
546 1780 587 1832 si
612 1779 831 1848 populos
850 1794 993 1833 cura‘
1022 1793 1133 1833 suae
1162 1780 1449 1845 permissos
1474 1782 1611 1831 male
1635 1793 1786 1831 rexe-

216 1873 356 1936 rint,
393 1873 661 1941 culpatum
690 1874 776 1938 iri,
807 1873 950 1928 velut
979 1873 1201 1941 Apocal.
1232 1890 1266 1926 ιι
1295 1881 1349 1926 ει
1383 1887 1464 1926 ιιι.
1492 1871 1626 1925 Hinc
1664 1870 1786 1926 Ori-

219 1966 373 2035 genis
432 1980 533 2017 non
566 1965 883 2018 sententiam
940 1964 1121 2027 modo,
1177 1963 1271 2018 sed
1313 1962 1475 2016 verba
1532 1962 1645 2015 fere
1674 1961 1788 2029 ipsa

226 2064 469 2124 usurpat.
509 2074 526 2105 ο
554 2054 705 2108 Sicut
742 2055 908 2119 enim,
967 2054 1177 2122 inquit,
1230 2053 1495 2107 interdum
1551 2052 1790 2121 episcopi

222 2144 381 2214 culpa
415 2154 520 2209 est,
547 2144 809 2199 interdum
840 2144 1029 2214 plebis,
1053 2154 1108 2199 et
1139 2158 1279 2213 saepe
1302 2144 1557 2213 magister
1585 2151 1789 2211 peccat,

222 2248 364 2301 saepe
396 2233 714 2304 discipulus,
741 2242 794 2288 et
827 2248 1205 2302 nonnunquam
1234 2233 1400 2301 patris
1441 2233 1627 2288 vitium
1684 2244 1787 2297 est,

219 2340 608 2394 nonnunquam
629 2326 747 2389 lilii,
763 2335 819 2380 ut
836 2326 916 2379 vel
952 2328 1089 2381 bene
1111 2326 1190 2381 vel
1208 2326 1342 2380 male
1358 2326 1697 2381 erudiantur:
1720 2327 1790 2380 ita

222 2418 279 2472 in
319 2418 520 2487 judicio
552 2419 665 2483 Dei,
690 2419 774 2473 vel
818 2420 885 2474 ad
935 2419 1155 2486 angelos
1198 2419 1401 2474 crimen
1434 2418 1715 2484 referetur,
1747 2420 1791 2474 si

223 2528 331 2567 non
358 2512 569 2581 egerint
607 2521 821 2576 cuncta,
852 2528 971 2582 qua:
996 2513 1061 2565 ad
1098 2527 1252 2566 suum
1289 2511 1519 2567 ollicium
1552 2514 1789 2583 pertine-

224 2604 384 2668 bant;
416 2604 498 2658 vel
530 2606 595 2657 ad
627 2603 903 2673 pupulum,
956 2604 1000 2658 si
1034 2603 1137 2657 illis
1167 2604 1415 2659 universa
1454 2605 1792 2669 facientibus,

224 2694 330 2764 ipsi
371 2696 556 2751 audire
600 2697 1039 2768 contempserint.
1074 2715 1091 2747 ι
1162 2696 1291 2763 Quae
1350 2714 1554 2752 merum
1605 2698 1791 2769 Orige-

224 2789 459 2845 nismum
490 2789 746 2844 redolent.

297 2881 535 2935 XXXIII.
572 2882 677 2937 Sed
714 2882 891 2937 missis
934 2883 1158 2939 aliorum
1188 2884 1486 2955 suffragiis,
1524 2885 1795 2937 Adaman-

228 2973 302 3028 tio
336 2989 428 3028 sua
468 2990 680 3044 quoque
726 2975 891 3043 ipsius
916 2975 1178 3030 dubitatio
1224 2979 1355 3031 satis
1403 2976 1793 3046 patrocinatur.

1878 508 2000 545 nam
2033 493 2101 546 de
2128 493 2439 560 angelorum
2477 492 2663 554 tutela,
2713 490 3109 559 Origenemque
3136 490 3333 559 ipsum,
3366 489 3447 546 sic
3494 552 3495 557 η

1879 596 2134 651 tanquam
2185 582 2360 638 elI‘atis
2388 584 2499 638 suis
2543 584 2892 653 pertinaciter
2918 584 3302 644 adhaerentem.
3340 597 3445 636 non

1878 677 2032 747 quasi
2075 676 2417 746 conjecturas
2453 676 2637 730 timide
2678 685 3083 744 proponeutem,
3134 674 3363 730 traducit
3392 683 3449 729 et

1878 768 2146 840 suggillat.
2172 767 2311 824 Nihil
2347 768 2472 822 licet.
2500 768 2634 822 falso
2665 768 2766 838 ipsi
2796 767 3032 838 aflhtgat,
3055 783 3174 822 cum
3210 768 3286 822 ait
3315 781 3448 822 cen-

1880 862 2056 917 suisse
2109 876 2231 915 eum
2280 860 2498 929 angelos
2546 876 2645 929 pro
2691 860 2804 915 suis
2857 862 3115 929 peccatis,
3141 876 3262 914 cum
3298 861 3450 929 prius

1879 961 2087 1008 mentes
2115 960 2319 1017 essent,
2342 952 2562 1021 angelos
2593 960 2647 1005 et
2676 950 3032 1019 archangelos
3065 951 3334 1015 evasisse;
3375 951 3451 1005 lc-

1880 1048 2198 1115 viorumque
2228 1046 2503 1114 culparum
2533 1060 2653 1099 reos
2694 1044 2745 1098 in
2779 1059 2873 1098 eos
2895 1045 2985 1113 qui
3024 1045 3270 1114 graviora
3312 1044 3455 1097 desi-

1880 1148 2137 1207 gnassent
2176 1139 2403 1193 crimina
2444 1138 2730 1207 imperium
2781 1137 3091 1201 accepisse;
3125 1136 3455 1205 tutelamque

1881 1232 2013 1302 ipsis
2033 1247 2218 1287 eorum
2246 1232 2521 1286 hominum
2550 1230 2822 1297 traditam,
2846 1229 2932 1297 qui
2959 1230 3024 1282 ad
3048 1229 3275 1283 salutem
3300 1236 3458 1312 alter-.-

1882 1339 2003 1377 nam
2022 1332 2177 1378 erant
2207 1324 2552 1392 promovendi
2581 1338 2739 1388 ;cum
2774 1322 2871 1391 ipsi
2899 1332 3076 1376 tamen
3101 1320 3327 1375 salutem
3353 1316 3454 1374 sib|

1881 1418 2202 1488 promereri,
2235 1427 2287 1471 et
2332 1417 2397 1470 ad
2448 1416 2735 1486 pristinum
2771 1416 2999 1485 gradum
3025 1415 3457 1485 recuperandum

1885 1508 2143 1564 deberent
2182 1510 2333 1569 eniti,
2371 1509 2654 1577 eidemque
2696 1507 2902 1576 judicio
2937 1523 3001 1561 ac
3034 1507 3282 1562 homines
3315 1519 3461 1561 cura:

1887 1614 1999 1656 Suae
2050 1599 2329 1653 commissi
2381 1609 2565 1652 essent
2622 1597 2750 1651 olim
2794 1597 3130 1667 subjiciendi.
3182 1593 3460 1650 Habentur

1888 1692 2157 1761 Antipatri
2206 1692 2365 1761 hujus
2415 1691 2713 1759 fragmenta
2783 1691 2924 1745 inter
2963 1689 3188 1759 Eclogas
3236 1686 3459 1742 Joannis

1894 1785 2228 1850 Damasceni,
2247 1800 2365 1853 quae
2400 1785 2783 1853 manuscripts:
2810 1792 3161 1837 asservantur
3183 1782 3236 1835 in
3263 1780 3459 1835 biblio-

1893 1879 2045 1933 theca
2069 1877 2485 1933 Claromontana
2506 1878 2726 1932 Patrum
2756 1875 3043 1933 Societatis
3059 1874 3206 1940 Jesu,
3236 1884 3291 1929 et
3320 1888 3458 1943 qna-

1894 1987 2010 2026 rum
2034 1980 2283 2038 excerpta
2318 1974 2384 2025 ad
2420 1986 2504 2025 me
2539 1970 2776 2026 olliciose
2828 1968 3133 2024 transmisit
3160 1967 3463 2022 eruditissi-

1892 2079 2012 2119 mus
2058 2073 2113 2117 et
2157 2063 2578 2118 humanissimus
2617 2061 2832 2118 Gabriel
2860 2060 3181 2116 Cossartius.

1962 2154 2202 2212 XXXIV.
2237 2156 2347 2209 Nec
2378 2156 2499 2211 vita:
2523 2156 2684 2224 hujus
2724 2153 2970 2209 mortalis
3014 2153 3209 2207 finibus
3241 2150 3461 2220 angelo-

1893 2266 2010 2306 rum
2036 2251 2396 2305 ministerium
2432 2249 2746 2303 homiuihus
2791 2248 3161 2317 praestandum
3197 2245 3464 2298 Adaman-

1895 2343 2001 2397 tius
2025 2352 2262 2403 coercet,
2295 2342 2390 2395 sed
2414 2349 2675 2411 prorogat
2712 2340 2876 2393 etiam
2913 2340 2979 2392 ad
3009 2352 3071 2393 ea
3099 2352 3217 2406 quae
3245 2343 3465 2389 antece-

1893 2436 2024 2488 dunt
2050 2435 2326 2489 hominum
2352 2434 2542 2497 vitam,
2564 2447 2791 2500 qumque
2816 2432 2987 2500 ipsam
3008 2425 3462 2498 excipiunt.Nam

1893 2526 2201 2596 angelorum
2223 2541 2324 2595 ope
2339 2524 2547 2577 animas
2573 2522 2851 2576 hominum
2876 2520 3095 2573 immitti
3122 2517 3460 2584 corporibus,

1894 2634 2092 2689 easque
2118 2632 2346 2686 corpore
2367 2616 2573 2672 solutas
2592 2613 2791 2681 suscipi
2818 2613 2885 2666 ab
2911 2612 3063 2681 ipsis,
3091 2610 3205 2663 sisti
3233 2609 3285 2662 in
3312 2607 3463 2677 judi-

1895 2714 2061 2775 cium,
2101 2712 2153 2765 in
2182 2710 2509 2765 destinatum
2546 2710 2759 2761 demum
2818 2705 2992 2759 locum
3022 2702 3235 2766 deduci,
3261 2710 3316 2755 et
3357 2715 3462 2754 non

1896 2806 2054 2857 aliter
2090 2802 2221 2871 regi,
2257 2817 2418 2871 quam
2445 2815 2568 2854 cum
2621 2796 2939 2864 corporibus
2989 2794 3207 2863 illigata:
3235 2802 3421 2847 essent
3447 2831 3464 2854 ,

1898 2893 2173 2961 conceptis
2205 2890 2385 2945 verbis
2427 2888 2732 2943 alIirmavit.
2775 2886 2935 2941 Certe
2957 2882 3465 2938 Commentariorum

1897 2988 1949 3040 in
1974 2985 2138 3039 Joan.
2170 2994 2315 3037 tomo
2348 2998 2465 3046 xm,
2516 2995 2665 3035 num.
2692 2978 2780 3042 49,
2819 2975 3039 3045 angelos
3073 2974 3136 3029 ad
3188 2973 3464 3027 hominum

226 3066 320 3120 Illa
352 3075 528 3120 autem
559 3066 643 3121 vel
671 3083 733 3121 ex
761 3083 826 3123 eo
868 3067 1100 3121 maxime
1136 3078 1378 3137 apparet,
1431 3067 1571 3135 quod
1602 3083 1735 3137 quas
1763 3082 1790 3119 a

1897 3087 2048 3132 satus
2076 3092 2103 3130 a
2136 3076 2243 3130 Deo
2274 3075 2551 3129 ordinatos
2569 3086 2689 3128 esse
2718 3072 3117 3138 dicit,quorum
3149 3080 3310 3136 opera
3341 3080 3467 3121 cor-

226 3159 496 3211 communi
544 3158 913 3226 theologorum
964 3172 1123 3212 sensu
1163 3160 1396 3213 maxime
1442 3159 1795 3213 abhorrentes

224 3251 376 3305 visus
408 3260 489 3304 est
541 3250 793 3320 amplecti
842 3249 1160 3311 sententias.
1213 3249 1400 3303 iisdem
1456 3266 1520 3303 ex
1570 3249 1795 3303 adverso

226 3342 530 3397 contrarias
571 3344 830 3411 quasdam
885 3343 1183 3412 proposuit.
1238 3343 1313 3396 Ac
1344 3342 1411 3396 de
1438 3342 1642 3411 angelis
1683 3343 1794 3411 pri-

226 3451 374 3488 mum
408 3434 459 3488 in
490 3435 766 3489 hominum
798 3435 1017 3489 tutelam
1048 3434 1342 3502 deputatis,
1372 3442 1514 3487 tanta
1555 3432 1669 3500 ejus
1697 3433 1797 3486 du-

226 3524 419 3578 bitatio
443 3534 543 3588 est,
576 3534 635 3578 ut
670 3534 905 3580 statuere
937 3526 1159 3579 minime
1208 3526 1397 3594 possit,
1448 3526 1797 3594 quemadmo-

227 3617 353 3669 dum
383 3616 637 3682 diximus,
678 3633 745 3671 an
780 3619 847 3673 ah
877 3627 1018 3682 ortu,
1059 3633 1125 3672 an
1158 3634 1186 3672 a
1220 3618 1486 3686 baptismo
1516 3619 1793 3675 hominum

228 3723 412 3764 curam
458 3707 771 3779 suscipiant.
835 3710 945 3765 Nec
992 3712 1193 3779 absque
1243 3712 1574 3767 dubitatione
1632 3710 1796 3766 tradit

230 3802 448 3871 angelos
480 3803 632 3857 nobis
671 3803 916 3873 regendis
945 3803 1236 3868 delegatos.
1270 3804 1484 3859 eosdem
1517 3804 1794 3858 nobiscum

230 3894 285 3949 in
310 3894 411 3949 ϐόε
442 3893 625 3949 facere
654 3908 988 3965 progressus.
1011 3895 1253 3950 Incertus
1282 3896 1531 3949 similiter
1556 3906 1638 3950 est
1677 3898 1797 3950 ani-

229 3985 330 4049 mi,
356 3985 646 4053 angelusne
668 3985 892 4050 homini,
919 3986 1152 4041 homone
1194 3985 1383 4055 angelo
1414 3985 1638 4040 salutem
1673 4002 1797 4049 pro-

228 4087 383 4130 curet
427 4086 482 4131 et
518 4077 788 4132 conciliet.
848 4077 1025 4133 Nihilo
1059 4078 1229 4148 magis
1270 4076 1371 4133 sibi
1403 4088 1640 4143 constat,
1675 4095 1797 4133 cum

224 4170 401 4240 justos
431 4170 573 4240 ipsos
603 4186 631 4223 a
668 4169 907 4233 Christo,
934 4173 1023 4241 qui
1054 4186 1180 4227 vero
1206 4172 1257 4225 in
1286 4174 1485 4241 pietate
1516 4171 1798 4227 inferiores

230 4269 358 4315 sunt
401 4261 467 4315 ab
497 4260 703 4332 angelis
761 4262 1019 4316 custodiri
1068 4262 1332 4328 decernit,
1384 4263 1525 4317 sicut
1578 4277 1607 4315 a
1642 4264 1799 4318 nobis

228 4354 571 4408 observatum
604 4362 687 4407 est
716 4370 729 4406 :
762 4353 975 4409 cunctis
996 4353 1193 4424 quippe
1223 4353 1351 4407 alias
1373 4354 1684 4424 angelorum
1717 4364 1799 4409 tu-

232 4445 395 4499 telam
413 4445 671 4514 assignat.
694 4443 968 4499 Neminem
997 4445 1305 4514 angelorum
1336 4446 1586 4513 prazsidio
1614 4461 1799 4500 carere

234 4536 393 4590 docet
421 4536 733 4605 aliquando;
786 4537 915 4592 solis
963 4537 1091 4591 illud
1135 4538 1423 4607 aliquando
1475 4536 1798 4593 Christianis

232 4628 498 4683 concedit.
521 4627 651 4681 Tam
672 4638 1007 4683 constantem
1040 4645 1417 4700 nonnunquam
1456 4631 1606 4701 lingit
1628 4632 1799 4701 stipa-

237 4721 437 4774 tionem
465 4719 797 4789 angelorum,
839 4731 898 4773 ut
925 4735 1059 4787 quos
1093 4722 1143 4775 in
1176 4722 1277 4777 hoc
1309 4722 1508 4777 mundo
1540 4723 1801 4793 regendos

236 4810 593 4878 susceperint,
619 4810 805 4865 iisdem
842 4811 896 4865 in
926 4812 1105 4867 futuro
1144 4828 1374 4882 praeesse
1405 4814 1624 4869 minime
1653 4816 1800 4869 desi-

236 4910 368 4955 nant
402 4914 497 4954 :at
523 4910 710 4956 contra
746 4901 997 4957 homines
1029 4902 1129 4957 sibi
1162 4904 1213 4957 in
1242 4906 1542 4960 custodiam
1574 4907 1802 4962 traditos

236 4995 453 5065 eripere
501 4994 754 5058 invicem,
798 5005 853 5049 et
893 4994 957 5048 ad
994 5010 1052 5049 se
1084 4996 1382 5050 transferre
1415 5012 1799 5067 nonnunquam

238 5085 460 5156 angelos
488 5086 691 5142 docuit.
718 5086 871 5152 Quod
911 5088 954 5141 si
987 5098 1130 5142 recte
1157 5103 1285 5157 ergo
1315 5099 1369 5143 et
1402 5105 1463 5144 ex
1496 5104 1650 5159 aequo
1680 5106 1801 5145 cum

236 5176 470 5251 Origene
498 5194 658 5248 agere
706 5180 971 5245 velimus;
1027 5181 1287 5251 quidquid
1339 5182 1391 5237 in
1439 5198 1497 5235 re
1547 5183 1799 5245 obscura,

236 5283 339 5323 nec
367 5268 487 5323 ullis
513 5268 764 5323 Ecclesia:
792 5272 1175 5333 sanctionibus
1214 5273 1566 5326 determinata
1610 5288 1804 5341 propo-

237 5360 378 5425 suit,
421 5360 566 5415 velut
612 5362 678 5415 ab
725 5362 945 5417 homine
978 5402 994 5427 ,
1042 5379 1147 5418 non
1196 5373 1306 5418 tam
1344 5376 1551 5419 certum
1605 5365 1805 5434 aliquid

236 5452 643 5519 pronuntiante,
678 5467 839 5521 quam
886 5454 1132 5510 veritatis
1161 5456 1339 5511 studio
1369 5457 1573 5511 incerta
1605 5474 1807 5527 expen-

236 5541 399 5596 dente
426 5541 721 5610 profectum
754 5545 1097 5616 accipiemus.
1134 5543 1452 5618 Neutiquam
1492 5562 1618 5603 vero
1652 5546 1805 5602 Anti-

315 5716 362 5753 ⁸⁷
388 5717 517 5775 Luc.
557 5736 651 5783 xtl,
680 5722 767 5776 ‘20.

1896 3184 1997 3237 pus
2029 3177 2081 3222 et
2115 3168 2295 3222 anima
2321 3168 2373 3219 in
2408 3180 2571 3219 unum
2598 3162 2927 3218 coalescant.
2951 3159 3104 3225 Quod
3136 3166 3313 3211 autem
3342 3172 3467 3210 cou-

1898 3272 1979 3315 tra
2011 3259 2167 3326 objici
2201 3267 2397 3328 potest,
2432 3254 2684 3309 manibus
2721 3254 2810 3307 Dei
2846 3251 3027 3305 fictum
3061 3265 3121 3303 se
3154 3260 3209 3303 et
3261 3249 3465 3303 forma—

1899 3361 2008 3405 tum
2035 3364 2326 3421 agnoscere
2357 3348 2609 3401 Davidem
2652 3345 2841 3415 psalm.
2895 3359 3089 3405 cxvtu,
3112 3341 3201 3407 73,
3228 3349 3279 3395 et
3312 3339 3467 3395 Jerc-

1896 3442 2060 3497 miam
2091 3459 2129 3508 ι,
2148 3441 2200 3504 5,
2227 3442 2277 3496 id
2308 3442 2379 3495 ita
2414 3440 2591 3505 solvit,
2617 3439 2863 3493 conditos
2880 3436 3097 3504 quidem
3135 3433 3258 3488 illos
3284 3448 3312 3485 a
3338 3433 3465 3493 Deo.

1899 3534 1991 3589 sed
2022 3534 2332 3604 angelorum
2364 3530 2667 3586 ministerio
2712 3540 2767 3583 et
2814 3544 2950 3596 ope;
3006 3524 3467 3594 quemadmodum

1900 3627 1983 3679 lex
2010 3626 2207 3679 dicitur
2257 3624 2504 3678 ordinata
2559 3638 2655 3691 per
2710 3620 2952 3689 angelos,
3015 3619 3143 3673 licet
3191 3624 3467 3669 auctorem

1901 3718 2065 3773 Deum
2100 3718 2316 3772 habeat.
2351 3715 2499 3770 Hanc
2527 3728 2740 3783 quoque
2761 3712 2982 3767 obducit
3016 3709 3465 3779 responsionem;

1899 3825 2035 3878 quos
2073 3807 2172 3861 sibi
2206 3808 2347 3863 Dens
2367 3806 2716 3877 peculiariter
2739 3804 3055 3869 destinavit,
3088 3801 3283 3858 Johum
3319 3808 3467 3869 puta.

1901 3900 2155 3955 Davidem
2196 3911 2250 3953 et
2283 3897 2595 3963 Jeremiam,
2648 3913 2677 3951 a
2722 3898 2829 3953 Deo
2859 3897 2973 3966 ipso
3032 3894 3200 3950 fuisse
3255 3894 3467 3957 factos;

1900 3994 2135 4061 reliquos
2176 4006 2303 4047 vero
2328 3992 2392 4045 ab
2426 3992 2491 4044 iis
2518 3990 2722 4060 angelis
2747 3988 2939 4058 quibus
2973 3986 3111 4041 forte
3137 3985 3466 4055 obtigerunt.

1899 4085 2015 4152 Quo
2046 4084 2235 4139 referri
2270 4082 2424 4153 jubet
2452 4082 2583 4136 illud
2617 4080 2817 4137 Cenes.
2862 4097 2918 4142 ι.
2962 4078 3030 4133 9.6
3067 4097 3080 4132 :
3118 4096 3137 4129 ι
3180 4076 3470 4130 Faciamus

1898 4175 2173 4231 hominem
2203 4174 2269 4227 ad
2294 4174 2581 4243 imaginem
2609 4182 2663 4226 et
2696 4170 3105 4225 similitudinem
3139 4177 3405 4229 nostram;
3444 4184 3462 4213 ι

1898 4276 1953 4318 ει
1977 4264 2103 4319 illud
2129 4262 2326 4317 Gencs.
2350 4278 2429 4327 XI,
2455 4262 2483 4311 7
2507 4282 2518 4315 :
2552 4280 2569 4311 ‹
2606 4260 2813 4322 Venite,
2838 4259 3316 4318 descendamns,et
3336 4270 3468 4309 con-

1900 4358 2185 4411 fundamus
2220 4357 2288 4410 ibi
2316 4355 2550 4420 linguam
2585 4368 2770 4407 eorum
2801 4372 2815 4416 ;
2859 4371 2877 4402 ι
2909 4353 3016 4405 Deo
3042 4364 3234 4418 nempe
3265 4348 3341 4402 sic
3372 4362 3468 4400 an-

1902 4450 2047 4520 gelos
2073 4448 2382 4503 hominibus
2402 4447 2615 4501 tuendis
2642 4444 2921 4514 praefectos
2946 4442 3273 4510 alloquenle.
3300 4438 3471 4492 Tomo

1900 4556 2028 4596 vero
2052 4556 2141 4593 xix
2166 4539 2220 4593 in
2274 4539 2455 4598 Joan.,
2488 4552 2637 4590 num.
2664 4536 2713 4595 ι,
2735 4550 2799 4588 ex
2821 4535 2922 4588 hoc
2941 4532 3099 4587 Lucae
3124 4532 3203 4587 δέ
3233 4529 3469 4599 «Stulte,

1902 4634 2004 4686 hac
2039 4640 2193 4685 nocte
2222 4630 2455 4683 animam
2500 4638 2647 4680 tuam
2686 4635 2932 4692 repetunt
2959 4640 2987 4677 a
3026 4635 3099 4687 te,
3135 4642 3154 4675 ι
3189 4622 3468 4676 hominum

1902 4723 2139 4776 omnium
2176 4721 2383 4786 animas
2408 4735 2434 4770 a
2460 4719 2807 4788 ψυχαγωγοῖς
2844 4717 3185 4786 quibusdam,
3226 4715 3316 4783 qui
3350 4716 3470 4768 ani-

1902 4816 2007 4868 mis
2034 4813 2163 4883 ipsis
2206 4811 2609 4881 praastantiores
2638 4822 2799 4873 sunt,
2836 4809 3039 4862 assumi
3087 4808 3273 4869 tradit,
3308 4816 3471 4877 atque

1903 4904 2062 4973 hujus
2091 4902 2442 4973 ψυχαγωγίας
2475 4902 2766 4954 immunem
2805 4899 2970 4953 fuisse
2993 4899 3165 4953 solum
3196 4897 3469 4954 Christum

1901 4995 2106 5061 Jesum,
2129 4997 2213 5049 cui
2252 4992 2443 5062 reliqui
2462 5006 2651 5046 omnes
2672 4991 2835 5044 etiam
2864 4989 3208 5058 patriarchm,
3236 4991 3471 5059 prophe-

1904 5100 1971 5144 tae
2006 5100 2061 5142 et
2085 5086 2309 5157 apostoli
2341 5086 2493 5139 fuere
2536 5083 2778 5138 obnoxii.
2812 5083 3129 5150 Assumptus
3167 5092 3345 5135 autem
3398 5082 3467 5137 ab

1904 5180 2112 5251 angelis
2139 5178 2397 5234 custodiae
2430 5176 2663 5238 illarum,
2710 5176 2835 5227 dum
2896 5176 2947 5227 in
2976 5188 3205 5243 corpore
3236 5182 3424 5228 essent
3454 5213 3469 5237 ,

1909 5272 2173 5343 deputatis
2199 5270 2431 5336 animas,
2454 5269 2505 5321 in
2532 5268 2790 5336 judicium
2826 5267 2893 5320 ab
2926 5266 3029 5320 illis
3059 5266 3189 5333 ipsis
3218 5269 3471 5319 eductum

1908 5367 1976 5421 iri
2012 5365 2203 5420 scribit
2229 5364 2416 5418 homil.
2446 5365 2499 5416 in
2534 5360 2697 5414 Num.
2736 5360 2823 5423 II,
2846 5375 2995 5413 num.
3024 5358 3078 5421 4,
3108 5368 3163 5413 et
3194 5358 3293 5421 ‘20,
3317 5370 3467 5409 num.

1910 5459 1964 5512 4.
2001 5454 2111 5511 Nec
2143 5454 2196 5509 in
2224 5453 2489 5523 judicium
2535 5452 2727 5513 solum,
2762 5450 2855 5503 sed
2896 5449 2948 5502 iu
2978 5448 3255 5517 suppliciis
3285 5446 3473 5509 etiam,

1912 5549 1995 5605 vel
2016 5547 2201 5619 gloria:
2236 5545 2558 5602 destinatum
2614 5543 2808 5597 locum.
2841 5558 2858 5592 ι
2904 5540 3146 5595 Mortuus
3174 5548 3280 5605 est,
3322 5555 3341 5589 ι
3382 5536 3472 5590 in-
