3836 6236
396 277 501 333 887

1668 258 1737 323 P.
1780 262 2099 321 DANIELIS
2131 261 2367 320 HUE’I‘II

3536 258 3647 314 888

386 390 515 458 -quit
543 389 731 444 homil.
765 388 801 445 9
822 390 876 442 in
909 386 1098 453 Lerit.,
1127 402 1275 442 num.
1300 387 1355 452 t,
1390 408 1407 438 ε
1447 386 1689 443 Lazarus
1718 398 1774 443 et
1796 387 1969 444 abdu-
2001 387 2047 443 Α
2077 391 2256 437 tamen
2289 393 2402 436 tam
2435 394 2650 436 noneos
2677 380 2905 436 dicimus
2954 386 3231 435 creatores
3275 376 3593 432 animalium
3625 416 3645 442 ,

399 493 519 538 ctus
540 493 625 536 est
652 482 721 536 ab
747 481 955 551 angelis
980 479 1033 535 in
1066 480 1245 535 sinum
1293 480 1548 534 Abrahae.
1583 479 1843 534 Similiter
1871 495 1968 533 au-

398 588 505 629 tem
543 584 599 629 et
618 576 789 641 dives,
819 583 877 627 et
904 574 1171 627 abductus
1200 580 1283 626 est
1313 572 1378 625 ad
1411 572 1680 627 infernum
1709 573 1761 626 in
1792 573 1968 626 locutu

396 665 649 720 tormenti
664 664 730 719 ⁸⁸.
748 664 1146 718 Animadvertis
1161 662 1440 717 evidenter
1454 663 1568 717 loca
1594 664 1756 718 sortis
1771 664 1971 718 utrius-

395 770 502 824 que
547 756 826 810 distincta.
853 755 987 809 Vide
1025 756 1188 810 etiam
1230 757 1321 824 qui
1351 764 1482 811 sunt
1523 756 1613 824 qui
1660 756 1965 809 abducunt:

396 849 591 919 angeli,
628 848 823 918 inquit,
857 849 950 917 qui
971 862 1188 917 semper
1216 850 1387 918 parati
1417 857 1543 904 sunt
1575 849 1641 902 ad
1697 850 1969 902 abducen-

396 941 521 992 dum
554 957 568 991 :
604 937 841 991 ministri
864 937 1014 993 enim
1062 937 1155 991 Dei
1190 948 1317 992 sunt
1344 945 1411 993 ad
1464 939 1566 993 hoc
1594 938 1768 1007 ipsum
1804 938 1969 993 desti-

395 1028 525 1091 nati,
560 1027 651 1096 qui
680 1026 937 1097 impleant
963 1038 1162 1083 sortem
1190 1045 1353 1098 quam
1385 1030 1480 1083 tibi
1502 1030 1614 1096 ipse
1632 1029 1962 1098 paraveris.)

396 1119 593 1173 liomil.
623 1119 657 1173 5
695 1120 749 1173 in
779 1119 970 1184 Nam,
1016 1137 1165 1178 num.
1196 1122 1250 1184 5,
1280 1132 1501 1177 sanctos
1523 1125 1590 1176 ab
1612 1122 1818 1192 angelis
1847 1132 1967 1193 post

398 1222 628 1265 mortem
657 1212 910 1267 manibus
950 1222 1006 1268 et
1031 1214 1272 1268 humeris
1303 1215 1427 1268 vehi
1471 1215 1827 1281 demonstrat,
1868 1214 1967 1269 do-

398 1314 498 1356 nec
529 1300 579 1354 in
610 1302 813 1370 quietis
833 1302 1010 1357 locum
1042 1304 1258 1359 deducti
1303 1306 1432 1358 sint.
1466 1304 1619 1371 Quod
1671 1306 1963 1376 signiﬁcari

395 1392 473 1446 ait
506 1392 598 1448 illo
626 1394 847 1449 Davidis
874 1395 1067 1465 psalm.
1103 1411 1188 1460 xc,
1225 1396 1313 1461 ll,
1350 1397 1415 1451 l2
1447 1417 1459 1450 :
1499 1416 1517 1448 t
1548 1398 1812 1464 Quoniam
1873 1414 1966 1452 an-

391 1485 525 1549 gelis
556 1488 667 1541 suis
690 1488 1056 1543 mandavitde
1081 1497 1155 1553 te,
1198 1502 1255 1543 ut
1284 1492 1593 1546 custodiant
1626 1502 1678 1547 te
1703 1493 1756 1547 in
1787 1494 1964 1547 omni-

390 1578 491 1631 bus
524 1580 626 1634 viis
660 1580 785 1635 tuis.
834 1580 889 1635 In
941 1582 1191 1638 manibus
1236 1585 1531 1653 portabunt
1599 1596 1669 1648 te,
1724 1600 1791 1640 ne
1822 1584 1963 1641 forte

388 1668 632 1725 olendas
680 1674 745 1725 ad
798 1672 1026 1743 lapidem
1059 1677 1251 1746 pedem
1284 1687 1454 1732 tuum.
1494 1696 1513 1729 ι
1566 1676 1643 1732 Ex
1688 1692 1755 1732 eo
1778 1688 1957 1733 autem

2075 490 2238 544 quam
2275 490 2376 529 nec
2407 473 2672 544 agricolas
2700 471 2917 542 frugum
2947 481 3109 541 atque
3132 472 3407 525 arborum.
3446 489 3469 522 ι

2146 565 2222 617 llli
2259 565 2475 634 quidem
2502 565 2725 635 Origeni
2759 579 2825 618 ex
2849 564 3083 618 ethnicis
3124 561 3523 632 prmluserunt:
3570 575 3642 615 ex

2074 658 2403 713 Christianis
2433 672 2565 712 vero
2617 656 2860 727 praelusit
2911 655 3159 709 Clemens
3216 651 3641 716 Alexandrinus,

2072 754 2161 823 qui
2187 754 2423 807 animam
2456 752 2509 805 in
2543 750 2866 805 muliebrem
2902 757 3115 800 uterum
3145 744 3359 798 immitti
3380 742 3512 797 dicit
3536 742 3645 795 ὑπό

2070 863 2213 908 τινος
2240 844 2351 899 τῶν
2383 847 2450 915 τῇ
2478 842 2687 912 γενέσει
2711 837 3027 908 ἐφεστώτων
3051 836 3315 906 ἀγγέλων,
3339 846 3393 891 et
3418 837 3642 905 angelos

2074 935 2389 1005 ἐφεστῶτας
2410 937 2478 1005 τῇ
2506 932 2679 1003 ἀνόδῳ
2704 938 3113 986 commemorat.
3143 928 3209 982 Et
3230 943 3358 983 vero
3375 928 3644 996 posterior

2072 1030 2159 1084 illa
2188 1031 2254 1083 de
2289 1029 2605 1098 angelorum
2640 1029 2907 1080 humanas
2966 1023 3173 1076 animas
3212 1022 3265 1074 in
3309 1036 3435 1075 suas
3482 1021 3645 1074 sedes

2072 1123 2456 1192 reponentium
2490 1107 2794 1175 ministerio
2817 1115 3085 1171 sententia
3137 1112 3390 1168 Ecclesia:
3450 1113 3643 1165 catho-

2074 1216 2189 1270 liete
2225 1215 2436 1285 placitis
2458 1226 2703 1269 consona
2723 1219 2828 1266 est.
2865 1209 3104 1264 Priorem
3128 1217 3334 1268 autem,
3363 1219 3485 1275 qua:
3515 1206 3642 1256 ani-

2073 1322 2283 1361 marum
2338 1305 2565 1359 sationis
2615 1318 2799 1358 curam
2859 1300 3066 1370 angelis
3114 1300 3379 1364 ascribit,
3410 1310 3645 1366 qumque

2075 1398 2206 1451 tomi
2243 1413 2343 1451 xm
2377 1398 2431 1449 in
2459 1394 2624 1449 Joan.
2662 1395 2782 1448 loco
2820 1408 2851 1446 a
2889 1393 3044 1446 nobis
3068 1405 3230 1457 supra
3274 1391 3434 1443 allato
3463 1394 3639 1443 conti-

2065 1499 2249 1551 netur,
2284 1490 2363 1543 sic
2388 1490 2503 1557 ipse
2526 1487 2786 1558 Origenes
2803 1496 3026 1541 excusat
3050 1504 3062 1540 :
3096 1483 3279 1537 Ταῦτα
3300 1482 3355 1536 δὲ
3380 1483 3479 1535 οὐκ
3504 1483 3634 1534 ἀπο-

2070 1582 2387 1652 φαινόμενοι
2439 1579 2666 1649 λέγομεν
2694 1622 2709 1644 ,
2744 1578 2943 1649 πολλῆς
2991 1577 3099 1649 γὰρ
3128 1576 3359 1646 βασάνου
3389 1574 3461 1627 τά
3482 1575 3639 1644 τηλιο

2080 1670 2259 1725 καῦτα
2307 1670 2529 1742 χρῄζει,
2580 1670 2646 1721 ἵν’
2672 1668 2864 1741 εὑρεθῇ
2926 1668 3151 1739 πότερον
3186 1666 3356 1729 οὕτως
3408 1665 3563 1735 ἔχει,
3606 1665 3638 1733 ἢ

394 1760 561 1824 Pauli,
598 1762 616 1816 1
649 1762 897 1819 Thessal.
924 1782 998 1828 tv,
1042 1744 1145 1821 l6:
1181 1786 1200 1817 ι
1239 1769 1438 1823 Deinde
1468 1785 1564 1823 nos
1590 1769 1681 1837 qui
1709 1769 1954 1834 vivimus,

2071 1764 2291 1834 ἑτέρως.

389 1853 480 1918 qui
515 1850 893 1922 relinquimur,
925 1856 1083 1911 simul
1127 1858 1399 1927 rapientur
1422 1874 1544 1913 cum
1578 1859 1687 1913 illis
1722 1859 1774 1913 in
1807 1860 1966 1915 nubi-

390 1944 489 1997 bus
519 1945 731 2000 obviam
760 1945 987 2003 Domino
1016 1947 1068 2001 in
1087 1963 1238 2010 aera,
1278 1959 1333 2004 et
1360 1950 1439 2004 sic
1467 1966 1680 2019 semper
1707 1967 1828 2005 cum
1862 1952 1965 2006 Do-

390 2034 539 2085 mino
568 2036 792 2100 erimus,
826 2054 847 2087 ι
892 2038 1088 2105 probat
1137 2046 1349 2108 raptutn
1412 2039 1475 2093 iri
1527 2041 1596 2095 ab
1630 2042 1837 2112 angelis
1867 2056 1963 2097 eos

389 2123 480 2191 qui
513 2125 659 2179 vitiis
691 2126 904 2196 purgati
929 2127 1163 2182 leviores
1179 2138 1471 2183 evaserunt
1494 2146 1508 2194 ;
1535 2140 1804 2199 portatum
1833 2146 1962 2187 vero

390 2215 458 2270 iri
502 2216 759 2287 reliquos,
790 2219 883 2288 qui
936 2229 1287 2287 peccatorum
1325 2220 1572 2291 reliquiis
1600 2233 1726 2278 sunt
1755 2228 1958 2280 onusti.

387 2309 453 2364 Et
486 2309 710 2365 humilia
748 2311 966 2367 demum
995 2313 1053 2367 ll
1116 2314 1169 2367 in
1203 2312 1393 2377 Num..
1419 2331 1567 2371 num.
1600 2317 1656 2379 ι.
1683 2332 1804 2387 pag.
1832 2316 1957 2382 308,

381 2398 498 2463 jam
534 2414 698 2469 supra
725 2400 1200 2472 laudata,angeios
1220 2416 1340 2473 post
1376 2405 1516 2461 hanc
1541 2408 1709 2461 vitam
1743 2407 1958 2463 futuros

390 2503 574 2543 eorum
606 2490 878 2559 principes
902 2492 1170 2556 decernit,
1207 2497 1404 2564 quibus
1458 2499 1583 2551 dum
1619 2499 1669 2551 in
1704 2498 1841 2554 vivis
1868 2513 1959 2554 es—

388 2589 528 2641 sent,
557 2580 671 2646 jam
701 2591 827 2636 ante
853 2584 1204 2652 praefuerant,
1259 2603 1507 2657 quosque
1537 2590 1716 2644 studio
1769 2606 1869 2645 suo
1895 2606 1959 2645 ac

388 2671 570 2729 labore
593 2674 660 2728 ad
690 2673 965 2731 Christum
1002 2690 1402 2734 converterant.

459 2847 538 2903 Ex
563 2847 807 2904 Platonis
837 2861 1016 2909 autem
1048 2855 1289 2910 fontibus
1317 2872 1382 2911 ea
1425 2856 1539 2912 l'cre
1581 2860 1772 2915 hausta
1807 2871 1951 2917 sunt.

387 2937 479 2992 Sic
511 2940 653 2992 enim
698 2941 782 2994 ille
833 2942 884 2996 in
920 2942 1227 2999 Phaedone:
1267 2949 1497 3016 Λέγεται
1539 2950 1596 3004 δὲ
1631 2950 1839 3017 οὕτως,
1878 2955 1955 3019 ὡς

382 3029 489 3097 ἄρα
512 3029 910 3101 τελευτήσαντα
942 3033 1169 3087 ἕκαστον
1201 3039 1229 3089 ὁ
1259 3039 1491 3093 ἑκάστου
1520 3039 1748 3110 δαίμων,
1783 3043 1954 3115 ὅσπερ

385 3122 562 3185 ζῶντα
589 3123 815 3194 εἰλήχει,
849 3120 1003 3189 οὗτος
1036 3128 1189 3195 ἄγειν
1221 3129 1488 3201 ὲπιχείροι
1519 3136 1599 3196 εἰς
1633 3134 1696 3205 δή
1734 3152 1855 3188 τινα
1871 3137 1956 3190 τό-

382 3230 505 3277 πον,
534 3211 586 3297 οἷ
603 3216 684 3267 δεῖ
707 3217 830 3279 τοὺς
852 3218 1206 3286 συλλεγέντας
1225 3221 1707 3296 διαδικασαμένους
1731 3231 1810 3294 εἰς
1826 3230 1955 3301 ᾅδου

382 3305 742 3375 πορεύεσθαι,
789 3307 927 3377 μετὰ
981 3311 1245 3379 ἡγεμόνος
1299 3314 1531 3380 ἐκείνου,
1629 3318 1693 3389 δὴ
1729 3323 1957 3391 προστέ-

380 3412 576 3449 τακται
622 3398 747 3463 τοὺς
778 3399 986 3453 ἐνθένδε
1020 3403 1197 3455 ἐκεῖσε
1227 3406 1509 3476 πορεῦσαι.
1569 3429 1586 3460 ι
1633 3410 1725 3465 Sic
1773 3425 1951 3470 autem

304 3548 305 3553 η
384 3486 557 3538 I'ertnr
582 3497 851 3542 mortuum
878 3506 1341 3564 unumquemque,
1360 3498 1659 3555 daemonem
1683 3502 1833 3558 illum
1861 3508 1951 3575 qui

383 3577 654 3632 viventem
681 3582 907 3636 sortitus
936 3581 1139 3649 fuerat,
1164 3588 1433 3645 deducere
1459 3594 1648 3646 conari
1684 3595 1735 3648 in
1764 3612 1953 3666 quem-

385 3670 508 3724 dam
541 3671 739 3738 locum,
781 3674 871 3729 ubi
907 3686 1123 3744 oportet
1146 3692 1504 3750 congregatos
1551 3699 1741 3742 omnes
1784 3703 1950 3745 causa

376 3763 525 3818 dicta
553 3768 620 3818 ad
648 3766 853 3821 inferos
875 3770 1145 3835 proﬁcisci
1181 3787 1304 3826 cum
1340 3775 1477 3828 duce
1524 3776 1644 3840 illo,
1675 3779 1763 3833 cui
1801 3797 1951 3837 man-

378 3854 563 3909 datum
602 3866 689 3910 est
719 3871 813 3911 eos
835 3858 929 3926 qui
962 3857 1109 3913 illinc
1136 3862 1409 3931 abierunt,
1442 3864 1567 3920 illuc
1591 3868 1882 3927 deducere.
1925 3891 1945 3924 ι

376 3944 532 4010 Quod
570 3948 692 4002 aliis
736 3948 933 4003 deinde
975 3949 1099 4004 libri
1156 3952 1394 4021 ejusdem
1450 3955 1587 4011 locis
1619 3962 1850 4029 repetit;
1894 3971 1949 4017 et

378 4048 501 4106 post
533 4039 680 4092 illum
700 4041 948 4095 Plotinus
973 4043 1114 4098 Enn.
1145 4060 1232 4105 lli,
1257 4046 1351 4100 lib.
1381 4063 1456 4112 tv,
1493 4064 1612 4119 cap.
1636 4052 1709 4106 6:
1746 4054 1803 4106 Ὀ
1831 4056 1950 4125 μέν·

374 4147 456 4185 τοι
503 4131 712 4201 δαίμων
765 4129 921 4198 οὗτος
956 4135 1015 4188 ὃν
1054 4135 1305 4207 λέγομεν,
1346 4140 1574 4208 ἀγαγεῖν
1608 4142 1819 4206 λέγεται
1854 4148 1949 4210 -εἰς

373 4221 521 4292 ᾅδου,
546 4225 732 4278 οὐκέτι
765 4228 793 4279 ὁ
826 4228 986 4291 αὐτὸς
1020 4230 1223 4298 μένειν,
1245 4230 1341 4284 ἐὰν
1366 4233 1439 4303 μὴ
1466 4233 1534 4287 τὰ
1570 4235 1708 4288 αὐτὰ
1761 4238 1947 4309 ἕληται

373 4315 552 4369 πάλιν·
588 4318 693 4388 πρὸ
730 4318 786 4372 δὲ
816 4320 909 4373 τοῦ
945 4321 1094 4386 πῶς;
1143 4322 1203 4374 τὸ
1228 4322 1291 4394 δὴ
1317 4326 1542 4393 ἀγαγεῖν
1580 4331 1658 4389 εἰς
1691 4328 1790 4399 τὴν
1829 4333 1948 4401 κρί-

374 4424 479 4461 σιν.
511 4428 529 4459 ι
563 4408 780 4464 Daunon
806 4427 933 4481 ergo
968 4413 1056 4465 ille
1079 4429 1238 4481 quem
1266 4416 1517 4481 dicimus,
1547 4420 1813 4477 deducere
1835 4422 1944 4477 fer-

373 4509 460 4553 tur
484 4502 548 4553 ad
581 4501 805 4568 inferos,
840 4520 943 4556 non
988 4506 1221 4574 amplius
1274 4507 1411 4561 idem
1447 4524 1788 4580 permanere,
1840 4518 1940 4572 nisi

370 4590 561 4643 eadem
594 4606 815 4645 rursum
838 4591 1025 4661 eligat.
1060 4595 1230 4647 Antea
1268 4609 1397 4651 vero
1436 4600 1743 4668 quomodo?
1774 4602 1943 4657 addu-

370 4693 496 4733 cere
520 4680 777 4733 nimirum
834 4682 901 4735 ad
952 4682 1239 4749 judicium.
1276 4702 1294 4736 ›
1337 4685 1672 4756 Augustinus
1719 4691 1812 4745 lib.
1865 4710 1943 4747 xu

370 4770 449 4825 De
473 4771 613 4827 civit.
645 4772 760 4837 Dei,
790 4789 912 4841 cap.
940 4775 1008 4827 24
1036 4795 1048 4829 :
1074 4795 1093 4827 ι
1132 4778 1211 4831 llli
1240 4789 1447 4845 autem,
1481 4782 1677 4850 inquit,
1699 4784 1791 4852 qui
1818 4784 1945 4839 Pla-

371 4862 483 4916 toni
516 4877 614 4917 suo
635 4866 885 4929 credunt,
917 4882 1022 4920 non
1058 4869 1127 4922 ab
1158 4869 1251 4925 illo
1275 4886 1488 4925 summo
1515 4875 1625 4929 Deo
1651 4877 1742 4945 qui
1768 4877 1939 4933 fabri-

371 4965 526 5008 catus
556 4966 638 5010 est
655 4957 935 5024 mundum,
965 4961 1059 5014 sed
1083 4962 1151 5016 ab
1174 4962 1293 5018 aliis
1323 4964 1647 5031 minoribus,
1672 4983 1805 5036 quos
1831 4971 1944 5039 qui-

370 5047 492 5101 dem
518 5047 631 5115 ipse
653 5050 940 5114 creaverit,
973 5054 1240 5120 permissu
1272 5056 1385 5109 sive
1407 5055 1562 5123 jussu
1585 5060 1703 5127 ejus
1735 5063 1942 5117 anima-

373 5137 445 5191 lia
486 5138 627 5193 facta
648 5156 767 5195 esse
790 5155 988 5198 cuncta
1015 5148 1288 5210 mortalia,
1323 5150 1374 5201 in
1401 5150 1599 5217 quibus
1625 5154 1787 5209 homo
1814 5172 1948 5224 prae-

366 5231 608 5298 cipuum,
636 5234 847 5303 diisque
876 5236 1007 5305 ipsis
1036 5249 1327 5308 cognatum
1354 5253 1564 5297 teneret
1595 5245 1796 5301 locum.
1824 5267 1845 5301 υ
1876 5252 1943 5303 Et

367 5325 563 5379 deinde
591 5346 604 5380 :
636 5346 655 5379 ι
684 5331 876 5399 Angeli
902 5340 1101 5393 autem,
1133 5349 1269 5401 quos
1295 5334 1367 5387 illi
1402 5336 1531 5390 deos
1577 5337 1827 5396 libentius
1849 5359 1938 5411 ap-

368 5418 590 5486 pellant,
622 5421 783 5475 etiam
836 5424 883 5475 si
913 5424 1174 5477 adhibent
1222 5424 1306 5478 vel
1349 5426 1506 5494 jussi,
1558 5432 1640 5483 vcl
1692 5435 1933 5500 permissi

366 5512 736 5577 operationem
774 5530 927 5568 suam
962 5516 1123 5571 rebus
1150 5531 1266 5585 qua:
1298 5518 1589 5587 gignuntur
1627 5523 1680 5577 in
1712 5527 1931 5590 mundo.

434 5692 482 5725 δ’
518 5694 645 5750 Luc.
682 5706 787 5754 ηε,
814 5692 903 5759 '29.,
939 5694 1026 5750 25.

2151 1853 2370 1908 XXXV.
2405 1852 2747 1907 Pratermitti
2788 1858 3001 1919 poterat
3045 1853 3270 1920 quaestio
3308 1864 3545 1919 sequens
3571 1852 3640 1902 de

2068 1945 2598 2000 remunerationihus
2629 1954 2683 1997 et
2733 1944 2910 2013 poenis
2943 1956 3035 2011 per
3069 1942 3288 2011 angelos
3323 1956 3354 1995 a
3400 1943 3509 1998 Deo
3539 1952 3637 1995 au-

2067 2036 2477 2099 ministrandis;
2516 2036 2651 2088 nihil
2683 2034 2826 2088 enim
2866 2033 3093 2086 multum
3122 2034 3377 2086 abnorme
3398 2032 3545 2086 circa
3582 2033 3637 2084 id

2069 2138 2450 2197 argumentum
2494 2124 2755 2195 Origenes
2782 2126 3131 2195 excogitavit.
3153 2123 3414 2189 Quoniam
3452 2134 3639 2177 tamen

2065 2237 2185 2272 cum
2218 2220 2503 2288 superiore
2540 2219 2904 2287 disputatione
2941 2218 3178 2273 cohteret
3207 2217 3323 2285 ejus
3360 2216 3637 2276 tractatio,

2063 2321 2119 2364 ct
2168 2311 2435 2379 peculiare
2485 2311 2731 2364 nonnihil
2784 2311 2946 2365 habet
3006 2312 3381 2371 Adamantius,
3429 2310 3640 2363 idcirco

2066 2403 2237 2471 ipsam
2293 2416 2510 2472 quoque
2549 2402 2737 2458 leviter
2786 2404 3132 2473 attingemus.
3168 2400 3395 2455 llomilia
3450 2401 3641 2468 itaque

2063 2497 2114 2547 in
2145 2494 2433 2548 Jeremiam
2459 2494 2547 2558 2i,
2577 2510 2728 2548 num.
2760 2494 2813 2559 6,
2840 2494 3122 2563 tripliciter
3154 2492 3485 2553 hominibus,
3513 2506 3639 2560 qua:

2065 2587 2344 2655 promeriti
2383 2599 2531 2652 sunt,
2575 2588 2739 2641 Deum
2766 2587 3067 2640 retribuere
3104 2584 3362 2643 ostendit,
3394 2585 3631 2651 primum

2069 2694 2165 2746 per
2190 2692 2271 2742 se,
2324 2680 2620 2733 secundum
2676 2678 2807 2731 illud
2840 2675 3040 2730 Jerem.
3074 2691 3146 2738 ιι,
3192 2674 3244 2740 6,
3298 2693 3317 2724 t
3350 2672 3643 2728 \‘icissitu-

2061 2772 2241 2826 dinem
2272 2775 2387 2841 ipse
2418 2772 2679 2826 retribuet
2706 2773 2787 2836 ei;
2828 2789 2847 2823 ι
2885 2770 3076 2825 deinde
3121 2785 3217 2837 per
3268 2768 3436 2822 malos
3466 2781 3639 2835 ange—

2064 2864 2162 2928 los,
2195 2863 2486 2918 secundum
2517 2862 2642 2916 illud
2663 2862 2851 2931 psalmi
2877 2878 3078 2926 anu,
3108 2860 3199 2924 49,
3231 2879 3248 2909 ι
3280 2857 3427 2911 Misit
3455 2858 3509 2910 in
3537 2872 3641 2911 eos

2063 2957 2200 3008 iram
2233 2955 2618 3025 indignationis
2646 2970 2783 3018 sum,
2816 2955 3279 3025 indignationem,
3305 2960 3361 3005 et
3384 2952 3545 3015 iram,
3582 2961 3639 3004 ct

2063 3047 2469 3101 tribulationem
2498 3087 2515 3112 ,
2555 3048 2921 3103 immissiones
2953 3061 3046 3117 per
3092 3044 3314 3115 angelos
3347 3043 3560 3095 malos:
3608 3060 3630 3093 ι

2064 3154 2445 3208 nonnunquam
2474 3140 2636 3194 etiam
2661 3154 2755 3209 per
2788 3141 2977 3203 bonos,
3031 3137 3332 3205 cujusmodi
3371 3135 3541 3189 multa
3578 3136 3634 3187 in

2063 3228 2357 3300 Scripturis
2391 3231 2613 3301 reperiri
2632 3232 2797 3285 dicit:
2836 3246 2900 3285 ac
2927 3230 3127 3285 leviora
3154 3229 3369 3298 quidem
3392 3227 3629 3281 crimina

2062 3322 2327 3378 ministris
2351 3325 2467 3377 suis
2497 3324 2814 3378 vindicanda
2846 3322 3013 3377 Deum
3044 3323 3358 3391 permittere
3382 3360 3399 3385 ,
3446 3320 3630 3387 ipsum

2059 3430 2188 3470 vero
2214 3417 2487 3485 graviores
2514 3431 2681 3471 noxas
2704 3416 2909 3469 ulcisci.
2942 3412 3083 3468 Fuse
3113 3416 3215 3467 hoc
3241 3422 3628 3481 argumentum

2061 3504 2201 3559 libro
2234 3521 2325 3560 νιιι
2360 3517 2544 3558 contra
2588 3505 2833 3569 Celautn,
2861 3521 3006 3558 num.
3038 3503 3130 3569 52,
3164 3503 3525 3572 persequitur,
3565 3508 3626 3551 et

2058 3613 2387 3667 qntecunque
2430 3598 2738 3651 hominibus
2773 3598 2912 3649 mula
2958 3598 3297 3663 contingunt,
3338 3594 3431 3647 Dei
3483 3603 3619 3645 nqu

2057 3702 2110 3743 et
2138 3693 2366 3744 consilio
2398 3706 2426 3742 a
2456 3693 2788 3744 daemonibus
2814 3689 3031 3742 immitti
3074 3689 3266 3757 probat
3306 3701 3373 3739 ex
3400 3685 3626 3738 laudato

2057 3780 2243 3848 psalmi
2274 3797 2458 3835 Lxxvn
2510 3781 2668 3847 loco;
2724 3784 2861 3835 bona
2895 3796 3022 3836 vero
3072 3782 3139 3835 ab
3169 3779 3381 3848 angelis
3409 3776 3631 3831 submi-

2054 3875 2219 3927 nistra
2231 3875 2294 3926 ri.

2128 3968 2182 4021 lu
2209 3968 2406 4035 quibus
2448 3982 2475 4019 a
2528 3967 2786 4036 magistro
2831 3982 2928 4021 suo
2968 3966 3189 4019 Platone
3219 3981 3323 4020 non
3354 3967 3627 4031 recessit;

2052 4062 2143 4130 qui
2170 4062 2221 4112 itt
2250 4057 2527 4127 Symposio
2541 4062 2670 4113 deos
2696 4061 2836 4114 inter
2853 4070 2907 4114 et
2926 4059 3169 4115 homines
3198 4060 3433 4111 medium
3456 4060 3630 4128 quod-

2053 4158 2175 4204 dam
2217 4152 2499 4206 constituit
2524 4167 2712 4222 genus,
2747 4160 2802 4205 et
2843 4151 3115 4204 daatnones
3149 4150 3405 4217 appellat,
3454 4151 3629 4203 inter-

2053 4252 2232 4309 pretes
2272 4253 2624 4310 utrorumque
2654 4253 2709 4297 et
2737 4253 3067 4311 sequestros,
3098 4243 3505 4313 ἐρμηνεύοντας
3534 4245 3626 4297 καὶ

2051 4330 2547 4401 διαπορθμεύοντας
2594 4331 2736 4395 θεοῖς
2781 4336 2848 4384 τὰ
2883 4334 3013 4404 παρ’
3047 4331 3368 4403 ἀνθρώπων,
3400 4334 3497 4386 καὶ
3537 4335 3630 4386 ἀνα

1980 4443 2021 4495 ι)
2050 4422 2287 4494 θρώποις
2314 4425 2380 4477 τὰ
2408 4424 2558 4496 παρὰ
2583 4424 2717 4478 θεῶν
2739 4441 2750 4452 ·
2784 4425 2893 4478 τῶν
2917 4426 3015 4495 μὲν
3047 4426 3144 4488 τὰς
3166 4426 3381 4494 δεήσεις
3412 4427 3507 4477 καὶ
3537 4427 3629 4478 Θυ-

2054 4514 2174 4577 σίας
2192 4531 2203 4543 ·
2233 4514 2343 4567 τῶν
2379 4515 2437 4567 δὲ
2473 4514 2571 4578 τὰς
2610 4514 2887 4579 ἐπιτάξεις
2914 4532 2970 4567 τε
2996 4517 3088 4567 καὶ
3117 4514 3349 4585 ἀμοιϐὰς
3398 4516 3514 4566 τῶν
3544 4515 3629 4567 θνα-

2056 4605 2205 4658 σιῶν.
2234 4625 2252 4656 ι
2294 4607 2721 4676 luterpretantes
2743 4620 2798 4662 et
2834 4608 3130 4663 referentes
3166 4610 3288 4672 dits,
3333 4622 3457 4675 qua:
3506 4610 3631 4661 tuit-

2054 4708 2243 4751 tuntur
2272 4700 2339 4752 ab
2369 4699 2716 4765 hominibus;
2763 4711 2817 4753 et
2850 4700 3158 4755 hominibus
3184 4714 3305 4768 quae
3332 4701 3627 4753 mittuntur

2053 4806 2080 4841 a
2110 4790 2246 4855 diis;
2280 4789 2491 4843 illorum
2522 4792 2738 4859 quidem
2767 4792 3103 4860 precationes
3120 4800 3173 4845 et
3196 4790 3470 4845 sacriﬁcia
3492 4808 3509 4853 ;
3528 4793 3626 4844 ho-

2053 4897 2170 4934 rum
2204 4896 2334 4935 vero
2386 4883 2637 4936 mandata
2671 4893 2726 4936 et
2777 4884 3166 4937 sacriﬁciorum
3221 4885 3622 4938 remuneratio-

2050 4985 2169 5025 nes.
2208 4989 2226 5021 ι
2262 4970 2390 5036 Quae
2417 4975 2599 5025 munia
2634 4975 2821 5026 eadem
2855 4974 3064 5043 angelis
3098 4976 3435 5038 tribuuntur,
3478 4976 3623 5027 unde

2048 5048 2276 5124 3198519
2333 5075 2387 5120 et
2433 5066 2655 5135 ἄγγελοι
2707 5082 2737 5120 a
2784 5069 3139 5135 scriptoribus
3189 5069 3363 5122 sacris
3431 5071 3620 5136 appel-

2051 5158 2244 5221 lantur,
2278 5159 2380 5212 hoc
2402 5169 2482 5213 est
2518 5161 2848 5215 internuntii.
2892 5163 3135 5216 Plotinus
3163 5170 3341 5214 autem
3370 5159 3617 5213 Enrteod.

2053 5269 2135 5317 Ill,
2169 5251 2259 5306 lib.
2294 5268 2367 5318 tv,
2400 5268 2519 5322 cap.
2553 5254 2606 5319 (ἰ,
2649 5264 2933 5323 postquam
2984 5256 3169 5309 docuit
3197 5256 3411 5309 animas
3453 5256 3504 5307 in
3533 5256 3623 5320 ju-

2050 5346 2248 5397 dicium
2281 5344 2350 5397 ab
2372 5346 2576 5413 angelis
2607 5348 2821 5410 adduci,
2870 5363 3059 5415 pwnas
3090 5349 3431 5417 postmodum
3461 5348 3620 5403 lusu-

2048 5439 2188 5490 tibus
2220 5436 2326 5491 illis
2356 5439 2547 5492 adesse
2584 5438 2883 5508 subiunxit.

2123 5528 2341 5597 Origeni
2380 5529 2762 5598 astipulantur,
2795 5543 2992 5600 praeter
3015 5532 3171 5597 alios,
3210 5531 3536 5587 Ambrosius
3564 5540 3621 5586 et
