  <div class='ocr_page' id='page_1' title='image "/cluster/home/n/w/nwhite01/storage/ocr_20150623/17/nnc1.0046978615/454.png"; bbox 0 0 3836 6236; ppageno 0'>
   <div class='ocr_carea' id='block_1_1' title="bbox 176 290 280 360">
    <p class='ocr_par' dir='ltr' id='par_1_1' title="bbox 176 290 280 360">
     <span class='ocr_line' id='line_1_1' title="bbox 176 290 280 360; baseline -0.019 0"><span class='ocrx_word' id='word_1_1' title='bbox 176 290 280 360; x_wconf 68' lang='lat'><strong>$89</strong></span> 
     </span>
    </p>
   </div>
   <div class='ocr_carea' id='block_1_2' title="bbox 1052 287 2621 363">
    <p class='ocr_par' dir='ltr' id='par_1_2' title="bbox 1052 287 2621 363">
     <span class='ocr_line' id='line_1_2' title="bbox 1052 287 2621 363; baseline -0.002 -12"><span class='ocrx_word' id='word_1_2' title='bbox 1052 294 1623 352; x_wconf 72' lang='lat' dir='ltr'><strong>ORIGENIANORUM</strong></span> <span class='ocrx_word' id='word_1_3' title='bbox 1664 287 1794 350; x_wconf 78' lang='lat' dir='ltr'><strong>LIB.</strong></span> <span class='ocrx_word' id='word_1_4' title='bbox 1834 294 1899 360; x_wconf 85' lang='lat' dir='ltr'><strong>ll,</strong></span> <span class='ocrx_word' id='word_1_5' title='bbox 1942 293 2097 351; x_wconf 82' lang='lat' dir='ltr'><strong>CAP.</strong></span> <span class='ocrx_word' id='word_1_6' title='bbox 2129 292 2196 363; x_wconf 76' lang='lat' dir='ltr'><strong>Il,</strong></span> <span class='ocrx_word' id='word_1_7' title='bbox 2237 291 2514 361; x_wconf 69' lang='lat' dir='ltr'><strong>QUA‘IST.</strong></span> <span class='ocrx_word' id='word_1_8' title='bbox 2553 288 2621 348; x_wconf 73' lang='grc' dir='ltr'>ν.</span> 
     </span>
    </p>
   </div>
   <div class='ocr_carea' id='block_1_3' title="bbox 3317 288 3425 346">
    <p class='ocr_par' dir='ltr' id='par_1_3' title="bbox 3317 288 3425 346">
     <span class='ocr_line' id='line_1_3' title="bbox 3317 288 3425 346; baseline 0.009 -2"><span class='ocrx_word' id='word_1_9' title='bbox 3317 288 3425 346; x_wconf 82' lang='lat'><strong>890</strong></span> 
     </span>
    </p>
   </div>
   <div class='ocr_carea' id='block_1_4' title="bbox 179 409 3423 491">
    <p class='ocr_par' dir='ltr' id='par_1_4' title="bbox 179 409 3423 491">
     <span class='ocr_line' id='line_1_4' title="bbox 179 409 3423 491; baseline -0.005 -12"><span class='ocrx_word' id='word_1_10' title='bbox 179 426 559 491; x_wconf 69' lang='lat' dir='ltr'><strong>Hieronymus,</strong></span> <span class='ocrx_word' id='word_1_11' title='bbox 599 432 828 488; x_wconf 90' lang='lat' dir='ltr'><strong>quorum</strong></span> <span class='ocrx_word' id='word_1_12' title='bbox 884 417 973 471; x_wconf 90' lang='lat' dir='ltr'><strong>ille</strong></span> <span class='ocrx_word' id='word_1_13' title='bbox 1024 418 1182 487; x_wconf 90' lang='lat' dir='ltr'><strong>epist.</strong></span> <span class='ocrx_word' id='word_1_14' title='bbox 1240 417 1334 470; x_wconf 88' lang='lat' dir='ltr'><strong>lib.</strong></span> <span class='ocrx_word' id='word_1_15' title='bbox 1362 434 1417 481; x_wconf 91' lang='lat' dir='ltr'><strong>v,</strong></span> <span class='ocrx_word' id='word_1_16' title='bbox 1454 418 1614 486; x_wconf 90' lang='lat' dir='ltr'><strong>epist.</strong></span> <span class='ocrx_word' id='word_1_17' title='bbox 1651 416 1743 480; x_wconf 85' lang='lat'><strong>&#39;58,</strong></span> <span class='ocrx_word' id='word_1_18' title='bbox 1772 421 1821 477; x_wconf 74' lang='grc' dir='ltr'><strong>Α</strong></span> <span class='ocrx_word' id='word_1_19' title='bbox 1850 415 2151 486; x_wconf 85' lang='grc' dir='ltr'>θεραπείαν</span> <span class='ocrx_word' id='word_1_20' title='bbox 2168 416 2457 479; x_wconf 85' lang='lat' dir='ltr'><strong>hanc,non</strong></span> <span class='ocrx_word' id='word_1_21' title='bbox 2478 418 2543 467; x_wconf 90' lang='lat' dir='ltr'><strong>de</strong></span> <span class='ocrx_word' id='word_1_22' title='bbox 2576 410 2825 482; x_wconf 90' lang='lat' dir='ltr'><strong>religiosa</strong></span> <span class='ocrx_word' id='word_1_23' title='bbox 2845 409 3190 466; x_wconf 85' lang='lat' dir='ltr'><strong>observantia</strong></span> <span class='ocrx_word' id='word_1_24' title='bbox 3207 418 3262 463; x_wconf 91' lang='lat' dir='ltr'><strong>et</strong></span> <span class='ocrx_word' id='word_1_25' title='bbox 3279 410 3423 463; x_wconf 89' lang='lat' dir='ltr'><strong>cultu</strong></span> 
     </span>
    </p>
   </div>
   <div class='ocr_carea' id='block_1_5' title="bbox 178 507 1744 579">
    <p class='ocr_par' dir='ltr' id='par_1_5' title="bbox 178 507 1744 579">
     <span class='ocr_line' id='line_1_5' title="bbox 178 507 1744 579; baseline -0.008 -7"><span class='ocrx_word' id='word_1_26' title='bbox 178 519 292 572; x_wconf 67' lang='lat' dir='ltr'><strong>hate</strong></span> <span class='ocrx_word' id='word_1_27' title='bbox 341 512 577 569; x_wconf 87' lang='lat' dir='ltr'><strong>scribit:</strong></span> <span class='ocrx_word' id='word_1_28' title='bbox 624 529 642 562; x_wconf 83' lang='grc' dir='ltr'><strong>ι</strong></span> <span class='ocrx_word' id='word_1_29' title='bbox 678 511 760 564; x_wconf 88' lang='lat' dir='ltr'><strong>An</strong></span> <span class='ocrx_word' id='word_1_30' title='bbox 808 509 956 578; x_wconf 87' lang='lat' dir='ltr'><strong>ipsos</strong></span> <span class='ocrx_word' id='word_1_31' title='bbox 1012 524 1227 576; x_wconf 88' lang='lat' dir='ltr'><strong>quoque</strong></span> <span class='ocrx_word' id='word_1_32' title='bbox 1276 509 1514 579; x_wconf 84' lang='lat' dir='ltr'><strong>angelos,</strong></span> <span class='ocrx_word' id='word_1_33' title='bbox 1569 507 1744 577; x_wconf 92' lang='lat' dir='ltr'><strong>quiin</strong></span> 
     </span>
    </p>
   </div>
   <div class='ocr_carea' id='block_1_6' title="bbox 183 598 1742 665">
    <p class='ocr_par' dir='ltr' id='par_1_6' title="bbox 183 598 1742 665">
     <span class='ocr_line' id='line_1_6' title="bbox 183 598 1742 665; baseline -0.008 -3"><span class='ocrx_word' id='word_1_34' title='bbox 183 608 341 662; x_wconf 91' lang='lat' dir='ltr'><strong>istius</strong></span> <span class='ocrx_word' id='word_1_35' title='bbox 366 603 550 659; x_wconf 88' lang='lat' dir='ltr'><strong>mundi</strong></span> <span class='ocrx_word' id='word_1_36' title='bbox 579 602 853 656; x_wconf 83' lang='lat' dir='ltr'><strong>laboribus</strong></span> <span class='ocrx_word' id='word_1_37' title='bbox 882 602 1094 655; x_wconf 88' lang='lat' dir='ltr'><strong>diversa</strong></span> <span class='ocrx_word' id='word_1_38' title='bbox 1120 601 1385 655; x_wconf 84' lang='lat' dir='ltr'><strong>sustinent</strong></span> <span class='ocrx_word' id='word_1_39' title='bbox 1422 598 1742 665; x_wconf 89' lang='lat' dir='ltr'><strong>ministeria,</strong></span> 
     </span>
    </p>
   </div>
   <div class='ocr_carea' id='block_1_7' title="bbox 179 691 1748 765">
    <p class='ocr_par' dir='ltr' id='par_1_7' title="bbox 179 691 1748 765">
     <span class='ocr_line' id='line_1_7' title="bbox 179 691 1748 765; baseline -0.006 -11"><span class='ocrx_word' id='word_1_40' title='bbox 179 700 319 754; x_wconf 88' lang='lat' dir='ltr'><strong>sicut</strong></span> <span class='ocrx_word' id='word_1_41' title='bbox 360 697 412 751; x_wconf 92' lang='lat' dir='ltr'><strong>in</strong></span> <span class='ocrx_word' id='word_1_42' title='bbox 437 694 760 765; x_wconf 80' lang='lat' dir='ltr'><strong>Apocalypsi</strong></span> <span class='ocrx_word' id='word_1_43' title='bbox 822 692 1048 762; x_wconf 90' lang='lat' dir='ltr'><strong>legimus</strong></span> <span class='ocrx_word' id='word_1_44' title='bbox 1078 692 1320 753; x_wconf 84' lang='lat' dir='ltr'><strong>Joannis,</strong></span> <span class='ocrx_word' id='word_1_45' title='bbox 1358 708 1462 746; x_wconf 92' lang='lat' dir='ltr'><strong>non</strong></span> <span class='ocrx_word' id='word_1_46' title='bbox 1523 691 1748 759; x_wconf 87' lang='lat' dir='ltr'><strong>ingemi-</strong></span> 
     </span>
    </p>
   </div>
   <div class='ocr_carea' id='block_1_8' title="bbox 181 785 1746 856">
    <p class='ocr_par' dir='ltr' id='par_1_8' title="bbox 181 785 1746 856">
     <span class='ocr_line' id='line_1_8' title="bbox 181 785 1746 856; baseline -0.004 -10"><span class='ocrx_word' id='word_1_47' title='bbox 181 806 340 846; x_wconf 85' lang='lat' dir='ltr'><strong>scere</strong></span> <span class='ocrx_word' id='word_1_48' title='bbox 368 789 664 851; x_wconf 87' lang='lat' dir='ltr'><strong>crcdimus,</strong></span> <span class='ocrx_word' id='word_1_49' title='bbox 695 802 818 841; x_wconf 91' lang='lat' dir='ltr'><strong>cum</strong></span> <span class='ocrx_word' id='word_1_50' title='bbox 850 787 1174 840; x_wconf 78' lang='lat' dir='ltr'><strong>adhibentur</strong></span> <span class='ocrx_word' id='word_1_51' title='bbox 1204 800 1489 856; x_wconf 63' lang='lat' dir='ltr'><strong>poenarum</strong></span> <span class='ocrx_word' id='word_1_52' title='bbox 1514 795 1570 839; x_wconf 93' lang='lat' dir='ltr'><strong>et</strong></span> <span class='ocrx_word' id='word_1_53' title='bbox 1595 785 1746 839; x_wconf 77' lang='lat' dir='ltr'><strong>exei-</strong></span> 
     </span>
    </p>
   </div>
   <div class='ocr_carea' id='block_1_9' title="bbox 177 877 1749 947">
    <p class='ocr_par' dir='ltr' id='par_1_9' title="bbox 177 877 1749 947">
     <span class='ocr_line' id='line_1_9' title="bbox 177 877 1749 947; baseline -0.006 -10"><span class='ocrx_word' id='word_1_54' title='bbox 177 882 389 937; x_wconf 89' lang='lat' dir='ltr'><strong>diorum</strong></span> <span class='ocrx_word' id='word_1_55' title='bbox 421 880 652 933; x_wconf 81' lang='lat' dir='ltr'><strong>ministri</strong></span> <span class='ocrx_word' id='word_1_56' title='bbox 678 897 690 932; x_wconf 94' lang='lat'>:</span> <span class='ocrx_word' id='word_1_57' title='bbox 715 881 803 947; x_wconf 92' lang='lat' dir='ltr'><strong>qui</strong></span> <span class='ocrx_word' id='word_1_58' title='bbox 835 878 1095 933; x_wconf 87' lang='lat' dir='ltr'><strong>habentes</strong></span> <span class='ocrx_word' id='word_1_59' title='bbox 1122 879 1284 932; x_wconf 88' lang='lat' dir='ltr'><strong>vitam</strong></span> <span class='ocrx_word' id='word_1_60' title='bbox 1310 888 1589 943; x_wconf 63' lang='lat' dir='ltr'><strong>aeternam,</strong></span> <span class='ocrx_word' id='word_1_61' title='bbox 1614 877 1749 931; x_wconf 91' lang='lat' dir='ltr'><strong>mal-</strong></span> 
     </span>
    </p>
   </div>
   <div class='ocr_carea' id='block_1_10' title="bbox 177 969 1748 1042">
    <p class='ocr_par' dir='ltr' id='par_1_10' title="bbox 177 969 1748 1042">
     <span class='ocr_line' id='line_1_10' title="bbox 177 969 1748 1042; baseline -0.002 -15"><span class='ocrx_word' id='word_1_62' title='bbox 177 975 291 1028; x_wconf 87' lang='lat' dir='ltr'><strong>lent</strong></span> <span class='ocrx_word' id='word_1_63' title='bbox 315 974 502 1042; x_wconf 85' lang='lat' dir='ltr'><strong>utique</strong></span> <span class='ocrx_word' id='word_1_64' title='bbox 529 987 649 1026; x_wconf 86' lang='lat' dir='ltr'><strong>eam</strong></span> <span class='ocrx_word' id='word_1_65' title='bbox 683 971 739 1025; x_wconf 92' lang='lat' dir='ltr'><strong>in</strong></span> <span class='ocrx_word' id='word_1_66' title='bbox 777 970 866 1025; x_wconf 92' lang='lat' dir='ltr'><strong>illo</strong></span> <span class='ocrx_word' id='word_1_67' title='bbox 896 971 1171 1040; x_wconf 81' lang='lat' dir='ltr'><strong>superiore</strong></span> <span class='ocrx_word' id='word_1_68' title='bbox 1198 969 1606 1040; x_wconf 76' lang='lat' dir='ltr'><strong>tranquillitatis</strong></span> <span class='ocrx_word' id='word_1_69' title='bbox 1635 985 1748 1024; x_wconf 69' lang='lat' dir='ltr'><strong>sua:</strong></span> 
     </span>
    </p>
   </div>
   <div class='ocr_carea' id='block_1_11' title="bbox 176 1073 1745 1134">
    <p class='ocr_par' dir='ltr' id='par_1_11' title="bbox 176 1073 1745 1134">
     <span class='ocr_line' id='line_1_11' title="bbox 176 1073 1745 1134; baseline -0.006 -10"><span class='ocrx_word' id='word_1_70' title='bbox 176 1077 317 1124; x_wconf 83' lang='lat' dir='ltr'><strong>statu</strong></span> <span class='ocrx_word' id='word_1_71' title='bbox 353 1079 592 1130; x_wconf 88' lang='lat' dir='ltr'><strong>currere,</strong></span> <span class='ocrx_word' id='word_1_72' title='bbox 650 1080 811 1134; x_wconf 86' lang='lat' dir='ltr'><strong>quam</strong></span> <span class='ocrx_word' id='word_1_73' title='bbox 861 1074 1166 1119; x_wconf 88' lang='lat' dir='ltr'><strong>nostrorum</strong></span> <span class='ocrx_word' id='word_1_74' title='bbox 1228 1073 1572 1131; x_wconf 81' lang='lat' dir='ltr'><strong>peccatorum</strong></span> <span class='ocrx_word' id='word_1_75' title='bbox 1626 1076 1745 1131; x_wconf 74' lang='lat' dir='ltr'><strong>pte-</strong></span> 
     </span>
    </p>
   </div>
   <div class='ocr_carea' id='block_1_12' title="bbox 178 1153 1745 1225">
    <p class='ocr_par' dir='ltr' id='par_1_12' title="bbox 178 1153 1745 1225">
     <span class='ocr_line' id='line_1_12' title="bbox 178 1153 1745 1225; baseline -0.003 -14"><span class='ocrx_word' id='word_1_76' title='bbox 178 1159 263 1211; x_wconf 91' lang='lat' dir='ltr'><strong>nis</strong></span> <span class='ocrx_word' id='word_1_77' title='bbox 297 1158 580 1211; x_wconf 87' lang='lat' dir='ltr'><strong>ultricibus</strong></span> <span class='ocrx_word' id='word_1_78' title='bbox 606 1155 964 1224; x_wconf 88' lang='lat' dir='ltr'><strong>interpellari.</strong></span> <span class='ocrx_word' id='word_1_79' title='bbox 995 1174 1013 1205; x_wconf 75' lang='grc' dir='ltr'><strong>ι</strong></span> <span class='ocrx_word' id='word_1_80' title='bbox 1039 1153 1400 1225; x_wconf 81' lang='lat' dir='ltr'><strong>Hieronymus</strong></span> <span class='ocrx_word' id='word_1_81' title='bbox 1442 1169 1570 1209; x_wconf 86' lang='lat' dir='ltr'><strong>vero</strong></span> <span class='ocrx_word' id='word_1_82' title='bbox 1600 1154 1690 1210; x_wconf 91' lang='lat' dir='ltr'><strong>lib.</strong></span> <span class='ocrx_word' id='word_1_83' title='bbox 1729 1169 1745 1207; x_wconf 90' lang='grc' dir='ltr'><strong>ι</strong></span> 
     </span>
    </p>
   </div>
   <div class='ocr_carea' id='block_1_13' title="bbox 172 1246 1745 1318">
    <p class='ocr_par' dir='ltr' id='par_1_13' title="bbox 172 1246 1745 1318">
     <span class='ocr_line' id='line_1_13' title="bbox 172 1246 1745 1318; baseline -0.001 -17"><span class='ocrx_word' id='word_1_84' title='bbox 172 1251 227 1302; x_wconf 78' lang='lat' dir='ltr'><strong>in</strong></span> <span class='ocrx_word' id='word_1_85' title='bbox 267 1267 385 1318; x_wconf 78' lang='lat' dir='ltr'><strong>cap.</strong></span> <span class='ocrx_word' id='word_1_86' title='bbox 424 1265 497 1303; x_wconf 82' lang='lat' dir='ltr'><strong>vn</strong></span> <span class='ocrx_word' id='word_1_87' title='bbox 529 1249 669 1305; x_wconf 84' lang='lat' dir='ltr'><strong>Dan.</strong></span> <span class='ocrx_word' id='word_1_88' title='bbox 696 1262 716 1299; x_wconf 89' lang='lat'><em>:</em></span> <span class='ocrx_word' id='word_1_89' title='bbox 746 1268 764 1299; x_wconf 80' lang='grc' dir='ltr'><strong>ι</strong></span> <span class='ocrx_word' id='word_1_90' title='bbox 802 1249 1005 1318; x_wconf 78' lang='lat' dir='ltr'><strong>Duplex</strong></span> <span class='ocrx_word' id='word_1_91' title='bbox 1060 1259 1239 1301; x_wconf 87' lang='lat' dir='ltr'><strong>autem</strong></span> <span class='ocrx_word' id='word_1_92' title='bbox 1284 1246 1595 1316; x_wconf 89' lang='lat' dir='ltr'><strong>angelorum</strong></span> <span class='ocrx_word' id='word_1_93' title='bbox 1627 1246 1745 1300; x_wconf 71' lang='lat' dir='ltr'><strong>olli-</strong></span> 
     </span>
    </p>
   </div>
   <div class='ocr_carea' id='block_1_14' title="bbox 173 1338 1748 1410">
    <p class='ocr_par' dir='ltr' id='par_1_14' title="bbox 173 1338 1748 1410">
     <span class='ocr_line' id='line_1_14' title="bbox 173 1338 1748 1410; baseline -0.002 -15"><span class='ocrx_word' id='word_1_94' title='bbox 173 1345 316 1396; x_wconf 91' lang='lat' dir='ltr'><strong>cium</strong></span> <span class='ocrx_word' id='word_1_95' title='bbox 346 1351 460 1405; x_wconf 90' lang='lat' dir='ltr'><strong>est;</strong></span> <span class='ocrx_word' id='word_1_96' title='bbox 498 1340 724 1394; x_wconf 87' lang='lat' dir='ltr'><strong>aliorum</strong></span> <span class='ocrx_word' id='word_1_97' title='bbox 759 1340 850 1410; x_wconf 90' lang='lat' dir='ltr'><strong>qui</strong></span> <span class='ocrx_word' id='word_1_98' title='bbox 882 1340 1046 1408; x_wconf 89' lang='lat' dir='ltr'><strong>justis</strong></span> <span class='ocrx_word' id='word_1_99' title='bbox 1073 1340 1292 1407; x_wconf 64' lang='lat' dir='ltr'><strong>praamia</strong></span> <span class='ocrx_word' id='word_1_100' title='bbox 1321 1340 1583 1405; x_wconf 90' lang='lat' dir='ltr'><strong>tribuunt,</strong></span> <span class='ocrx_word' id='word_1_101' title='bbox 1607 1338 1748 1392; x_wconf 76' lang='lat' dir='ltr'><strong>alio-</strong></span> 
     </span>
    </p>
   </div>
   <div class='ocr_carea' id='block_1_15' title="bbox 174 1431 1371 1503">
    <p class='ocr_par' dir='ltr' id='par_1_15' title="bbox 174 1431 1371 1503">
     <span class='ocr_line' id='line_1_15' title="bbox 174 1431 1371 1503; baseline -0.003 -17"><span class='ocrx_word' id='word_1_102' title='bbox 174 1448 293 1486; x_wconf 87' lang='lat' dir='ltr'><strong>rum</strong></span> <span class='ocrx_word' id='word_1_103' title='bbox 319 1433 414 1501; x_wconf 90' lang='lat' dir='ltr'><strong>qui</strong></span> <span class='ocrx_word' id='word_1_104' title='bbox 440 1432 668 1503; x_wconf 84' lang='lat' dir='ltr'><strong>singulis</strong></span> <span class='ocrx_word' id='word_1_105' title='bbox 701 1442 939 1501; x_wconf 64' lang='lat' dir='ltr'><strong>praesunt</strong></span> <span class='ocrx_word' id='word_1_106' title='bbox 960 1431 1315 1487; x_wconf 83' lang='lat' dir='ltr'><strong>cruciatibus.</strong></span> <span class='ocrx_word' id='word_1_107' title='bbox 1351 1450 1371 1482; x_wconf 73' lang='grc' dir='ltr'><strong>ι</strong></span> 
     </span>
    </p>
   </div>
   <div class='ocr_carea' id='block_1_16' title="bbox 243 1520 1747 1590">
    <p class='ocr_par' dir='ltr' id='par_1_16' title="bbox 243 1520 1747 1590">
     <span class='ocr_line' id='line_1_16' title="bbox 243 1520 1747 1590; baseline 0 -15"><span class='ocrx_word' id='word_1_108' title='bbox 243 1522 486 1578; x_wconf 85' lang='lat' dir='ltr'><strong>XXXVI.</strong></span> <span class='ocrx_word' id='word_1_109' title='bbox 520 1523 786 1589; x_wconf 85' lang='lat' dir='ltr'><strong>Quoniam</strong></span> <span class='ocrx_word' id='word_1_110' title='bbox 836 1523 985 1575; x_wconf 83' lang='lat' dir='ltr'><strong>varia</strong></span> <span class='ocrx_word' id='word_1_111' title='bbox 1011 1535 1066 1577; x_wconf 89' lang='lat' dir='ltr'><strong>et</strong></span> <span class='ocrx_word' id='word_1_112' title='bbox 1108 1536 1299 1590; x_wconf 85' lang='lat' dir='ltr'><strong>parum</strong></span> <span class='ocrx_word' id='word_1_113' title='bbox 1328 1532 1587 1575; x_wconf 87' lang='lat' dir='ltr'><strong>constans</strong></span> <span class='ocrx_word' id='word_1_114' title='bbox 1626 1520 1747 1575; x_wconf 87' lang='lat' dir='ltr'><strong>Ori-</strong></span> 
     </span>
    </p>
   </div>
   <div class='ocr_carea' id='block_1_17' title="bbox 167 1614 1744 1685">
    <p class='ocr_par' dir='ltr' id='par_1_17' title="bbox 167 1614 1744 1685">
     <span class='ocr_line' id='line_1_17' title="bbox 167 1614 1744 1685; baseline -0.003 -14"><span class='ocrx_word' id='word_1_115' title='bbox 167 1618 328 1685; x_wconf 81' lang='lat' dir='ltr'><strong>genis</strong></span> <span class='ocrx_word' id='word_1_116' title='bbox 367 1618 432 1669; x_wconf 90' lang='lat' dir='ltr'><strong>de</strong></span> <span class='ocrx_word' id='word_1_117' title='bbox 462 1614 782 1685; x_wconf 88' lang='lat' dir='ltr'><strong>angelorum</strong></span> <span class='ocrx_word' id='word_1_118' title='bbox 819 1616 1170 1669; x_wconf 83' lang='lat' dir='ltr'><strong>invocatione</strong></span> <span class='ocrx_word' id='word_1_119' title='bbox 1200 1615 1413 1668; x_wconf 86' lang='lat' dir='ltr'><strong>videtur</strong></span> <span class='ocrx_word' id='word_1_120' title='bbox 1462 1616 1629 1668; x_wconf 77' lang='lat' dir='ltr'><strong>fuisse</strong></span> <span class='ocrx_word' id='word_1_121' title='bbox 1662 1630 1744 1667; x_wconf 83' lang='lat' dir='ltr'><strong>ra-</strong></span> 
     </span>
    </p>
   </div>
   <div class='ocr_carea' id='block_1_18' title="bbox 173 1705 1741 1775">
    <p class='ocr_par' dir='ltr' id='par_1_18' title="bbox 173 1705 1741 1775">
     <span class='ocr_line' id='line_1_18' title="bbox 173 1705 1741 1775; baseline 0.001 -17"><span class='ocrx_word' id='word_1_122' title='bbox 173 1707 269 1770; x_wconf 90' lang='lat' dir='ltr'><strong>tio,</strong></span> <span class='ocrx_word' id='word_1_123' title='bbox 309 1706 595 1761; x_wconf 85' lang='lat' dir='ltr'><strong>dclibanda</strong></span> <span class='ocrx_word' id='word_1_124' title='bbox 628 1722 844 1775; x_wconf 89' lang='lat' dir='ltr'><strong>quoque</strong></span> <span class='ocrx_word' id='word_1_125' title='bbox 882 1722 910 1760; x_wconf 92' lang='lat' dir='ltr'><strong>a</strong></span> <span class='ocrx_word' id='word_1_126' title='bbox 945 1706 1101 1760; x_wconf 88' lang='lat' dir='ltr'><strong>nobis</strong></span> <span class='ocrx_word' id='word_1_127' title='bbox 1135 1721 1195 1761; x_wconf 92' lang='lat' dir='ltr'><strong>ea</strong></span> <span class='ocrx_word' id='word_1_128' title='bbox 1244 1705 1472 1774; x_wconf 75' lang='lat' dir='ltr'><strong>qnzestio</strong></span> <span class='ocrx_word' id='word_1_129' title='bbox 1497 1715 1598 1759; x_wconf 90' lang='lat' dir='ltr'><strong>est.</strong></span> <span class='ocrx_word' id='word_1_130' title='bbox 1652 1705 1741 1759; x_wconf 89' lang='lat' dir='ltr'><strong>Sic</strong></span> 
     </span>
    </p>
   </div>
   <div class='ocr_carea' id='block_1_19' title="bbox 170 1797 1740 1867">
    <p class='ocr_par' dir='ltr' id='par_1_19' title="bbox 170 1797 1740 1867">
     <span class='ocr_line' id='line_1_19' title="bbox 170 1797 1740 1867; baseline -0.001 -15"><span class='ocrx_word' id='word_1_131' title='bbox 170 1799 261 1854; x_wconf 89' lang='lat' dir='ltr'><strong>ille</strong></span> <span class='ocrx_word' id='word_1_132' title='bbox 285 1799 521 1862; x_wconf 86' lang='lat' dir='ltr'><strong>loquitur</strong></span> <span class='ocrx_word' id='word_1_133' title='bbox 546 1799 638 1852; x_wconf 91' lang='lat' dir='ltr'><strong>lib.</strong></span> <span class='ocrx_word' id='word_1_134' title='bbox 673 1814 703 1848; x_wconf 89' lang='grc' dir='ltr'><strong>ν</strong></span> <span class='ocrx_word' id='word_1_135' title='bbox 729 1810 910 1853; x_wconf 84' lang='lat' dir='ltr'><strong>contra</strong></span> <span class='ocrx_word' id='word_1_136' title='bbox 936 1800 1098 1861; x_wconf 82' lang='lat' dir='ltr'><strong>Cels.,</strong></span> <span class='ocrx_word' id='word_1_137' title='bbox 1133 1814 1280 1851; x_wconf 85' lang='lat' dir='ltr'><strong>num.</strong></span> <span class='ocrx_word' id='word_1_138' title='bbox 1307 1798 1341 1851; x_wconf 68' lang='grc' dir='ltr'><strong>ὁ</strong></span> <span class='ocrx_word' id='word_1_139' title='bbox 1372 1816 1388 1851; x_wconf 89' lang='lat'><strong>:</strong></span> <span class='ocrx_word' id='word_1_140' title='bbox 1420 1797 1643 1862; x_wconf 81' lang='grc' dir='ltr'>Τούτοις</span> <span class='ocrx_word' id='word_1_141' title='bbox 1675 1797 1740 1867; x_wconf 82' lang='grc' dir='ltr'><strong>δὴ</strong></span> 
     </span>
    </p>
   </div>
   <div class='ocr_carea' id='block_1_20' title="bbox 164 1884 1738 1958">
    <p class='ocr_par' dir='ltr' id='par_1_20' title="bbox 164 1884 1738 1958">
     <span class='ocr_line' id='line_1_20' title="bbox 164 1884 1738 1958; baseline -0.004 -15"><span class='ocrx_word' id='word_1_142' title='bbox 164 1889 433 1957; x_wconf 76' lang='grc' dir='ltr'><strong>ἀγγέλους</strong></span> <span class='ocrx_word' id='word_1_143' title='bbox 460 1889 572 1943; x_wconf 80' lang='grc' dir='ltr'><strong>ἀπὸ</strong></span> <span class='ocrx_word' id='word_1_144' title='bbox 600 1887 691 1941; x_wconf 90' lang='grc' dir='ltr'><strong>τοῦ</strong></span> <span class='ocrx_word' id='word_1_145' title='bbox 735 1887 895 1958; x_wconf 81' lang='grc' dir='ltr'>ἔργου</span> <span class='ocrx_word' id='word_1_146' title='bbox 922 1887 1100 1941; x_wconf 81' lang='grc' dir='ltr'>αὐτῶν</span> <span class='ocrx_word' id='word_1_147' title='bbox 1128 1885 1503 1957; x_wconf 82' lang='grc' dir='ltr'><strong>μεμαθηκότες</strong></span> <span class='ocrx_word' id='word_1_148' title='bbox 1533 1884 1738 1949; x_wconf 80' lang='grc' dir='ltr'>καλεῖν,</span> 
     </span>
    </p>
   </div>
   <div class='ocr_carea' id='block_1_21' title="bbox 163 1976 1741 2053">
    <p class='ocr_par' dir='ltr' id='par_1_21' title="bbox 163 1976 1741 2053">
     <span class='ocr_line' id='line_1_21' title="bbox 163 1976 1741 2053; baseline -0.003 -19"><span class='ocrx_word' id='word_1_149' title='bbox 163 1982 493 2053; x_wconf 82' lang='grc' dir='ltr'>εὑρίσκομεν</span> <span class='ocrx_word' id='word_1_150' title='bbox 523 1982 740 2043; x_wconf 76' lang='grc' dir='ltr'>αὐτοὺς,</span> <span class='ocrx_word' id='word_1_151' title='bbox 768 1979 854 2033; x_wconf 85' lang='grc' dir='ltr'>διὰ</span> <span class='ocrx_word' id='word_1_152' title='bbox 891 1981 951 2033; x_wconf 81' lang='grc' dir='ltr'><strong>τὸ</strong></span> <span class='ocrx_word' id='word_1_153' title='bbox 982 1979 1157 2042; x_wconf 89' lang='grc' dir='ltr'>θείους</span> <span class='ocrx_word' id='word_1_154' title='bbox 1186 1976 1342 2043; x_wconf 73' lang='grc' dir='ltr'>εἶναι,</span> <span class='ocrx_word' id='word_1_155' title='bbox 1373 1978 1466 2031; x_wconf 77' lang='grc' dir='ltr'><strong>καὶ</strong></span> <span class='ocrx_word' id='word_1_156' title='bbox 1499 1977 1653 2041; x_wconf 75' lang='grc' dir='ltr'>θεοὺς</span> <span class='ocrx_word' id='word_1_157' title='bbox 1682 1977 1741 2029; x_wconf 78' lang='grc' dir='ltr'>ἐν</span> 
     </span>
    </p>
   </div>
   <div class='ocr_carea' id='block_1_22' title="bbox 160 2070 1742 2145">
    <p class='ocr_par' dir='ltr' id='par_1_22' title="bbox 160 2070 1742 2145">
     <span class='ocr_line' id='line_1_22' title="bbox 160 2070 1742 2145; baseline -0.004 -18"><span class='ocrx_word' id='word_1_158' title='bbox 160 2078 285 2138; x_wconf 85' lang='grc' dir='ltr'>ταῖς</span> <span class='ocrx_word' id='word_1_159' title='bbox 316 2076 486 2145; x_wconf 78' lang='grc' dir='ltr'><strong>ἱεραῖς</strong></span> <span class='ocrx_word' id='word_1_160' title='bbox 532 2090 662 2126; x_wconf 86' lang='grc' dir='ltr'>ποτε</span> <span class='ocrx_word' id='word_1_161' title='bbox 708 2072 1136 2143; x_wconf 77' lang='grc' dir='ltr'>ὀνομαζομένους</span> <span class='ocrx_word' id='word_1_162' title='bbox 1165 2072 1427 2142; x_wconf 85' lang='grc' dir='ltr'>Γραφαίς,</span> <span class='ocrx_word' id='word_1_163' title='bbox 1479 2070 1615 2124; x_wconf 78' lang='grc' dir='ltr'>Ἀλλ’</span> <span class='ocrx_word' id='word_1_164' title='bbox 1644 2070 1742 2139; x_wconf 78' lang='grc' dir='ltr'>οὐχ</span> 
     </span>
    </p>
   </div>
   <div class='ocr_carea' id='block_1_23' title="bbox 162 2162 1740 2236">
    <p class='ocr_par' dir='ltr' id='par_1_23' title="bbox 162 2162 1740 2236">
     <span class='ocr_line' id='line_1_23' title="bbox 162 2162 1740 2236; baseline -0.003 -17"><span class='ocrx_word' id='word_1_165' title='bbox 162 2164 310 2219; x_wconf 78' lang='grc' dir='ltr'>ὥστε</span> <span class='ocrx_word' id='word_1_166' title='bbox 340 2165 775 2236; x_wconf 70' lang='grc' dir='ltr'>προστάσσεσθαι</span> <span class='ocrx_word' id='word_1_167' title='bbox 834 2167 964 2235; x_wconf 80' lang='grc' dir='ltr'>ἡμῖν</span> <span class='ocrx_word' id='word_1_168' title='bbox 1020 2166 1145 2227; x_wconf 82' lang='grc' dir='ltr'>τοὺς</span> <span class='ocrx_word' id='word_1_169' title='bbox 1190 2162 1593 2226; x_wconf 82' lang='grc' dir='ltr'>διακονοῦντας,</span> <span class='ocrx_word' id='word_1_170' title='bbox 1646 2164 1740 2216; x_wconf 76' lang='grc' dir='ltr'><strong>καὶ</strong></span> 
     </span>
    </p>
   </div>
   <div class='ocr_carea' id='block_1_24' title="bbox 164 2255 1739 2327">
    <p class='ocr_par' dir='ltr' id='par_1_24' title="bbox 164 2255 1739 2327">
     <span class='ocr_line' id='line_1_24' title="bbox 164 2255 1739 2327; baseline -0.002 -18"><span class='ocrx_word' id='word_1_171' title='bbox 164 2257 431 2327; x_wconf 83' lang='grc' dir='ltr'>φέροντας</span> <span class='ocrx_word' id='word_1_172' title='bbox 460 2258 590 2327; x_wconf 84' lang='grc' dir='ltr'>ἡμῖν</span> <span class='ocrx_word' id='word_1_173' title='bbox 617 2258 686 2311; x_wconf 83' lang='grc' dir='ltr'>τὰ</span> <span class='ocrx_word' id='word_1_174' title='bbox 731 2255 823 2310; x_wconf 85' lang='grc' dir='ltr'><strong>τοῦ</strong></span> <span class='ocrx_word' id='word_1_175' title='bbox 869 2256 1005 2308; x_wconf 82' lang='grc' dir='ltr'>Θεοῦ</span> <span class='ocrx_word' id='word_1_176' title='bbox 1037 2255 1214 2309; x_wconf 78' lang='grc' dir='ltr'>σέϐειν</span> <span class='ocrx_word' id='word_1_177' title='bbox 1267 2256 1363 2309; x_wconf 81' lang='grc' dir='ltr'><strong>καὶ</strong></span> <span class='ocrx_word' id='word_1_178' title='bbox 1414 2257 1739 2326; x_wconf 77' lang='grc' dir='ltr'>προσκυνεῖν</span> 
     </span>
    </p>
   </div>
   <div class='ocr_carea' id='block_1_25' title="bbox 163 2347 1738 2419">
    <p class='ocr_par' dir='ltr' id='par_1_25' title="bbox 163 2347 1738 2419">
     <span class='ocr_line' id='line_1_25' title="bbox 163 2347 1738 2419; baseline -0.003 -17"><span class='ocrx_word' id='word_1_179' title='bbox 163 2350 289 2403; x_wconf 74' lang='grc' dir='ltr'>ἀντὶ</span> <span class='ocrx_word' id='word_1_180' title='bbox 309 2349 401 2402; x_wconf 83' lang='grc' dir='ltr'><strong>τοῦ</strong></span> <span class='ocrx_word' id='word_1_181' title='bbox 430 2349 562 2402; x_wconf 82' lang='grc' dir='ltr'>Θεοῦ</span> <span class='ocrx_word' id='word_1_182' title='bbox 583 2368 596 2379; x_wconf 75' lang='grc' dir='ltr'><strong><em>ο</em></strong></span> <span class='ocrx_word' id='word_1_183' title='bbox 623 2350 802 2402; x_wconf 74' lang='grc' dir='ltr'>πᾶσαν</span> <span class='ocrx_word' id='word_1_184' title='bbox 824 2349 921 2419; x_wconf 87' lang='grc' dir='ltr'><strong>μὲν</strong></span> <span class='ocrx_word' id='word_1_185' title='bbox 936 2348 1045 2419; x_wconf 79' lang='grc' dir='ltr'>γὰρ</span> <span class='ocrx_word' id='word_1_186' title='bbox 1068 2348 1270 2419; x_wconf 84' lang='grc' dir='ltr'>δέησιν,</span> <span class='ocrx_word' id='word_1_187' title='bbox 1295 2349 1386 2400; x_wconf 80' lang='grc' dir='ltr'><strong>καὶ</strong></span> <span class='ocrx_word' id='word_1_188' title='bbox 1410 2347 1738 2418; x_wconf 85' lang='grc' dir='ltr'>προσευχὴν,</span> 
     </span>
    </p>
   </div>
   <div class='ocr_carea' id='block_1_26' title="bbox 165 2439 1740 2512">
    <p class='ocr_par' dir='ltr' id='par_1_26' title="bbox 165 2439 1740 2512">
     <span class='ocr_line' id='line_1_26' title="bbox 165 2439 1740 2512; baseline 0.001 -18"><span class='ocrx_word' id='word_1_189' title='bbox 165 2441 264 2494; x_wconf 73' lang='grc' dir='ltr'><strong>καὶ</strong></span> <span class='ocrx_word' id='word_1_190' title='bbox 293 2439 552 2507; x_wconf 79' lang='grc' dir='ltr'><strong>ἔντευξιν,</strong></span> <span class='ocrx_word' id='word_1_191' title='bbox 584 2442 676 2494; x_wconf 73' lang='grc' dir='ltr'><strong>καὶ</strong></span> <span class='ocrx_word' id='word_1_192' title='bbox 702 2441 1052 2512; x_wconf 81' lang='grc' dir='ltr'>εὐχαριστίαν</span> <span class='ocrx_word' id='word_1_193' title='bbox 1103 2440 1485 2510; x_wconf 86' lang='grc' dir='ltr'>ἀναπεμπτὲον</span> <span class='ocrx_word' id='word_1_194' title='bbox 1516 2440 1594 2510; x_wconf 80' lang='grc' dir='ltr'><strong>τῷ</strong></span> <span class='ocrx_word' id='word_1_195' title='bbox 1647 2443 1740 2496; x_wconf 75' lang='grc' dir='ltr'>ἐπὶ</span> 
     </span>
    </p>
   </div>
   <div class='ocr_carea' id='block_1_27' title="bbox 163 2531 1737 2603">
    <p class='ocr_par' dir='ltr' id='par_1_27' title="bbox 163 2531 1737 2603">
     <span class='ocr_line' id='line_1_27' title="bbox 163 2531 1737 2603; baseline 0 -18"><span class='ocrx_word' id='word_1_196' title='bbox 163 2534 301 2586; x_wconf 80' lang='grc' dir='ltr'>πᾶσι</span> <span class='ocrx_word' id='word_1_197' title='bbox 321 2532 459 2603; x_wconf 85' lang='grc' dir='ltr'><strong>Θεῷ,</strong></span> <span class='ocrx_word' id='word_1_198' title='bbox 482 2531 569 2585; x_wconf 81' lang='grc' dir='ltr'><strong>διὰ</strong></span> <span class='ocrx_word' id='word_1_199' title='bbox 596 2532 689 2585; x_wconf 88' lang='grc' dir='ltr'><strong>τοῦ</strong></span> <span class='ocrx_word' id='word_1_200' title='bbox 718 2534 811 2585; x_wconf 74' lang='grc' dir='ltr'><strong>ἐπὶ</strong></span> <span class='ocrx_word' id='word_1_201' title='bbox 856 2533 1076 2586; x_wconf 84' lang='grc' dir='ltr'>πάντων</span> <span class='ocrx_word' id='word_1_202' title='bbox 1106 2532 1353 2600; x_wconf 83' lang='grc' dir='ltr'>ἀγγέλων</span> <span class='ocrx_word' id='word_1_203' title='bbox 1399 2532 1698 2603; x_wconf 82' lang='grc' dir='ltr'>ἀρχιερέως</span> <span class='ocrx_word' id='word_1_204' title='bbox 1722 2574 1737 2600; x_wconf 87' lang='grc'><strong>,</strong></span> 
     </span>
    </p>
   </div>
   <div class='ocr_carea' id='block_1_28' title="bbox 162 2623 1735 2695">
    <p class='ocr_par' dir='ltr' id='par_1_28' title="bbox 162 2623 1735 2695">
     <span class='ocr_line' id='line_1_28' title="bbox 162 2623 1735 2695; baseline 0.001 -20"><span class='ocrx_word' id='word_1_205' title='bbox 162 2623 413 2695; x_wconf 73' lang='grc' dir='ltr'>ἐμψύχου</span> <span class='ocrx_word' id='word_1_206' title='bbox 447 2625 618 2692; x_wconf 84' lang='grc' dir='ltr'>Λόγου</span> <span class='ocrx_word' id='word_1_207' title='bbox 645 2626 739 2679; x_wconf 76' lang='grc' dir='ltr'>καὶ</span> <span class='ocrx_word' id='word_1_208' title='bbox 764 2624 919 2679; x_wconf 86' lang='grc' dir='ltr'>Θεοῦ.</span> <span class='ocrx_word' id='word_1_209' title='bbox 954 2624 1085 2690; x_wconf 78' lang='lat' dir='ltr'><strong>Qua:</strong></span> <span class='ocrx_word' id='word_1_210' title='bbox 1117 2626 1309 2678; x_wconf 83' lang='lat' dir='ltr'><strong>iterum</strong></span> <span class='ocrx_word' id='word_1_211' title='bbox 1334 2626 1525 2678; x_wconf 87' lang='lat' dir='ltr'><strong>deinde</strong></span> <span class='ocrx_word' id='word_1_212' title='bbox 1565 2626 1735 2679; x_wconf 82' lang='lat' dir='ltr'><strong>incul-</strong></span> 
     </span>
    </p>
   </div>
   <div class='ocr_carea' id='block_1_29' title="bbox 164 2718 1740 2786">
    <p class='ocr_par' dir='ltr' id='par_1_29' title="bbox 164 2718 1740 2786">
     <span class='ocr_line' id='line_1_29' title="bbox 164 2718 1740 2786; baseline 0.001 -17"><span class='ocrx_word' id='word_1_213' title='bbox 164 2727 257 2770; x_wconf 87' lang='lat' dir='ltr'><strong>cat</strong></span> <span class='ocrx_word' id='word_1_214' title='bbox 281 2734 295 2771; x_wconf 87' lang='lat'>:</span> <span class='ocrx_word' id='word_1_215' title='bbox 323 2718 465 2770; x_wconf 90' lang='lat' dir='ltr'><strong>unde</strong></span> <span class='ocrx_word' id='word_1_216' title='bbox 502 2718 681 2771; x_wconf 90' lang='lat' dir='ltr'><strong>omnis</strong></span> <span class='ocrx_word' id='word_1_217' title='bbox 700 2718 1012 2785; x_wconf 81' lang='lat' dir='ltr'><strong>angelorum</strong></span> <span class='ocrx_word' id='word_1_218' title='bbox 1044 2718 1261 2786; x_wconf 63' lang='lat' dir='ltr'><strong>praecidi</strong></span> <span class='ocrx_word' id='word_1_219' title='bbox 1290 2719 1495 2771; x_wconf 87' lang='lat' dir='ltr'><strong>videtur</strong></span> <span class='ocrx_word' id='word_1_220' title='bbox 1515 2718 1740 2772; x_wconf 83' lang='lat' dir='ltr'><strong>invoca-</strong></span> 
     </span>
    </p>
   </div>
   <div class='ocr_carea' id='block_1_30' title="bbox 167 2807 1737 2877">
    <p class='ocr_par' dir='ltr' id='par_1_30' title="bbox 167 2807 1737 2877">
     <span class='ocr_line' id='line_1_30' title="bbox 167 2807 1737 2877; baseline 0.001 -16"><span class='ocrx_word' id='word_1_221' title='bbox 167 2810 265 2861; x_wconf 88' lang='lat' dir='ltr'><strong>tio.</strong></span> <span class='ocrx_word' id='word_1_222' title='bbox 307 2807 412 2861; x_wconf 88' lang='lat' dir='ltr'><strong>Sed</strong></span> <span class='ocrx_word' id='word_1_223' title='bbox 446 2823 550 2862; x_wconf 91' lang='lat' dir='ltr'><strong>non</strong></span> <span class='ocrx_word' id='word_1_224' title='bbox 584 2810 657 2861; x_wconf 88' lang='lat' dir='ltr'><strong>ita</strong></span> <span class='ocrx_word' id='word_1_225' title='bbox 679 2819 798 2874; x_wconf 90' lang='lat' dir='ltr'><strong>est;</strong></span> <span class='ocrx_word' id='word_1_226' title='bbox 847 2824 973 2861; x_wconf 90' lang='lat' dir='ltr'><strong>nam</strong></span> <span class='ocrx_word' id='word_1_227' title='bbox 1002 2809 1235 2863; x_wconf 90' lang='lat' dir='ltr'><strong>honores</strong></span> <span class='ocrx_word' id='word_1_228' title='bbox 1260 2808 1481 2877; x_wconf 91' lang='lat' dir='ltr'><strong>quidem</strong></span> <span class='ocrx_word' id='word_1_229' title='bbox 1519 2823 1581 2861; x_wconf 90' lang='lat' dir='ltr'><strong>ac</strong></span> <span class='ocrx_word' id='word_1_230' title='bbox 1613 2823 1737 2877; x_wconf 88' lang='lat' dir='ltr'><strong>pre-</strong></span> 
     </span>
    </p>
   </div>
   <div class='ocr_carea' id='block_1_31' title="bbox 165 2898 1740 2968">
    <p class='ocr_par' dir='ltr' id='par_1_31' title="bbox 165 2898 1740 2968">
     <span class='ocr_line' id='line_1_31' title="bbox 165 2898 1740 2968; baseline -0.001 -16"><span class='ocrx_word' id='word_1_231' title='bbox 165 2913 258 2952; x_wconf 73' lang='lat' dir='ltr'><strong>tes</strong></span> <span class='ocrx_word' id='word_1_232' title='bbox 281 2898 489 2968; x_wconf 90' lang='lat' dir='ltr'><strong>angelis</strong></span> <span class='ocrx_word' id='word_1_233' title='bbox 515 2898 761 2952; x_wconf 88' lang='lat' dir='ltr'><strong>adhiberi</strong></span> <span class='ocrx_word' id='word_1_234' title='bbox 790 2907 933 2951; x_wconf 83' lang='lat' dir='ltr'><strong>vetat</strong></span> <span class='ocrx_word' id='word_1_235' title='bbox 973 2912 1089 2961; x_wconf 87' lang='lat' dir='ltr'><strong>eas,</strong></span> <span class='ocrx_word' id='word_1_236' title='bbox 1127 2912 1247 2966; x_wconf 83' lang='lat' dir='ltr'><strong>quae</strong></span> <span class='ocrx_word' id='word_1_237' title='bbox 1271 2898 1380 2951; x_wconf 90' lang='lat' dir='ltr'><strong>Deo</strong></span> <span class='ocrx_word' id='word_1_238' title='bbox 1416 2898 1504 2949; x_wconf 89' lang='lat' dir='ltr'><strong>nni</strong></span> <span class='ocrx_word' id='word_1_239' title='bbox 1537 2911 1740 2951; x_wconf 88' lang='lat' dir='ltr'><strong>conve-</strong></span> 
     </span>
    </p>
   </div>
   <div class='ocr_carea' id='block_1_32' title="bbox 161 2988 1738 3059">
    <p class='ocr_par' dir='ltr' id='par_1_32' title="bbox 161 2988 1738 3059">
     <span class='ocr_line' id='line_1_32' title="bbox 161 2988 1738 3059; baseline -0.001 -16"><span class='ocrx_word' id='word_1_240' title='bbox 161 2990 342 3055; x_wconf 82' lang='lat' dir='ltr'><strong>niunt,</strong></span> <span class='ocrx_word' id='word_1_241' title='bbox 381 3005 479 3045; x_wconf 90' lang='lat' dir='ltr'><strong>nec</strong></span> <span class='ocrx_word' id='word_1_242' title='bbox 516 2991 726 3044; x_wconf 89' lang='lat' dir='ltr'><strong>adorari</strong></span> <span class='ocrx_word' id='word_1_243' title='bbox 761 2990 843 3043; x_wconf 85' lang='lat' dir='ltr'><strong>vel</strong></span> <span class='ocrx_word' id='word_1_244' title='bbox 874 2990 975 3044; x_wconf 91' lang='lat' dir='ltr'><strong>coli</strong></span> <span class='ocrx_word' id='word_1_245' title='bbox 1016 2991 1163 3059; x_wconf 91' lang='lat' dir='ltr'><strong>ipsos</strong></span> <span class='ocrx_word' id='word_1_246' title='bbox 1195 2990 1464 3057; x_wconf 81' lang='lat' dir='ltr'><strong>concedit,</strong></span> <span class='ocrx_word' id='word_1_247' title='bbox 1497 2990 1617 3043; x_wconf 78' lang='grc' dir='ltr'>ἀντὶ</span> <span class='ocrx_word' id='word_1_248' title='bbox 1643 2988 1738 3043; x_wconf 86' lang='grc' dir='ltr'><strong>τοῦ</strong></span> 
     </span>
    </p>
   </div>
   <div class='ocr_carea' id='block_1_33' title="bbox 1850 500 3427 575">
    <p class='ocr_par' dir='ltr' id='par_1_33' title="bbox 1850 500 3427 575">
     <span class='ocr_line' id='line_1_33' title="bbox 1850 500 3427 575; baseline -0.002 -16"><span class='ocrx_word' id='word_1_249' title='bbox 1850 512 1969 559; x_wconf 78' lang='lat' dir='ltr'><strong>esSe</strong></span> <span class='ocrx_word' id='word_1_250' title='bbox 2005 504 2428 575; x_wconf 85' lang='lat' dir='ltr'><strong>intelligendam,</strong></span> <span class='ocrx_word' id='word_1_251' title='bbox 2453 518 2576 556; x_wconf 92' lang='lat' dir='ltr'><strong>cum</strong></span> <span class='ocrx_word' id='word_1_252' title='bbox 2607 503 2697 556; x_wconf 93' lang='lat' dir='ltr'><strong>hic</strong></span> <span class='ocrx_word' id='word_1_253' title='bbox 2723 502 2935 557; x_wconf 88' lang='lat' dir='ltr'><strong>nonnisi</strong></span> <span class='ocrx_word' id='word_1_254' title='bbox 2953 501 3019 556; x_wconf 90' lang='lat' dir='ltr'><strong>de</strong></span> <span class='ocrx_word' id='word_1_255' title='bbox 3048 500 3298 569; x_wconf 83' lang='lat' dir='ltr'><strong>religioso</strong></span> <span class='ocrx_word' id='word_1_256' title='bbox 3316 501 3427 556; x_wconf 86' lang='lat' dir='ltr'><strong>dis-</strong></span> 
     </span>
    </p>
   </div>
   <div class='ocr_carea' id='block_1_34' title="bbox 1851 592 3424 667">
    <p class='ocr_par' dir='ltr' id='par_1_34' title="bbox 1851 592 3424 667">
     <span class='ocr_line' id='line_1_34' title="bbox 1851 592 3424 667; baseline -0.003 -18"><span class='ocrx_word' id='word_1_257' title='bbox 1851 606 2068 667; x_wconf 90' lang='lat' dir='ltr'><strong>putetur</strong></span> <span class='ocrx_word' id='word_1_258' title='bbox 2112 595 2298 660; x_wconf 82' lang='lat' dir='ltr'><strong>cultu,</strong></span> <span class='ocrx_word' id='word_1_259' title='bbox 2326 609 2486 664; x_wconf 89' lang='lat' dir='ltr'><strong>quem</strong></span> <span class='ocrx_word' id='word_1_260' title='bbox 2532 592 2726 648; x_wconf 84' lang='lat' dir='ltr'><strong>Celsus</strong></span> <span class='ocrx_word' id='word_1_261' title='bbox 2772 594 3109 648; x_wconf 68' lang='lat' dir='ltr'><strong>daemonibus</strong></span> <span class='ocrx_word' id='word_1_262' title='bbox 3151 592 3335 647; x_wconf 91' lang='lat' dir='ltr'><strong>itidem</strong></span> <span class='ocrx_word' id='word_1_263' title='bbox 3366 601 3424 651; x_wconf 85' lang='lat' dir='ltr'><strong>ut</strong></span> 
     </span>
    </p>
   </div>
   <div class='ocr_carea' id='block_1_35' title="bbox 1850 684 3421 758">
    <p class='ocr_par' dir='ltr' id='par_1_35' title="bbox 1850 684 3421 758">
     <span class='ocr_line' id='line_1_35' title="bbox 1850 684 3421 758; baseline -0.003 -16"><span class='ocrx_word' id='word_1_264' title='bbox 1850 688 1960 743; x_wconf 92' lang='lat' dir='ltr'><strong>Deo</strong></span> <span class='ocrx_word' id='word_1_265' title='bbox 1989 686 2359 758; x_wconf 78' lang='lat' dir='ltr'><strong>prtleandum</strong></span> <span class='ocrx_word' id='word_1_266' title='bbox 2391 701 2510 739; x_wconf 90' lang='lat' dir='ltr'><strong>esse</strong></span> <span class='ocrx_word' id='word_1_267' title='bbox 2550 685 2849 739; x_wconf 88' lang='lat' dir='ltr'><strong>asserebat.</strong></span> <span class='ocrx_word' id='word_1_268' title='bbox 2875 684 2929 739; x_wconf 96' lang='lat' dir='ltr'><strong>ld</strong></span> <span class='ocrx_word' id='word_1_269' title='bbox 2964 692 3021 737; x_wconf 93' lang='lat' dir='ltr'><strong>ut</strong></span> <span class='ocrx_word' id='word_1_270' title='bbox 3044 684 3379 755; x_wconf 83' lang='lat' dir='ltr'><strong>signiﬁcaret</strong></span> <span class='ocrx_word' id='word_1_271' title='bbox 3402 725 3421 752; x_wconf 90' lang='lat'><strong>,</strong></span> 
     </span>
    </p>
   </div>
   <div class='ocr_carea' id='block_1_36' title="bbox 1851 778 3425 849">
    <p class='ocr_par' dir='ltr' id='par_1_36' title="bbox 1851 778 3425 849">
     <span class='ocr_line' id='line_1_36' title="bbox 1851 778 3425 849; baseline -0.002 -12"><span class='ocrx_word' id='word_1_272' title='bbox 1851 783 2106 837; x_wconf 88' lang='lat' dir='ltr'><strong>utebatur</strong></span> <span class='ocrx_word' id='word_1_273' title='bbox 2149 796 2285 835; x_wconf 91' lang='lat' dir='ltr'><strong>voce</strong></span> <span class='ocrx_word' id='word_1_274' title='bbox 2344 779 2765 849; x_wconf 84' lang='grc' dir='ltr'>θεραπεύεσθαι.</span> <span class='ocrx_word' id='word_1_275' title='bbox 2801 778 3113 847; x_wconf 82' lang='lat' dir='ltr'><strong>Respondet</strong></span> <span class='ocrx_word' id='word_1_276' title='bbox 3163 778 3425 847; x_wconf 76' lang='lat' dir='ltr'><strong>Origenes</strong></span> 
     </span>
    </p>
   </div>
   <div class='ocr_carea' id='block_1_37' title="bbox 1848 867 3424 944">
    <p class='ocr_par' dir='ltr' id='par_1_37' title="bbox 1848 867 3424 944">
     <span class='ocr_line' id='line_1_37' title="bbox 1848 867 3424 944; baseline -0.006 -17"><span class='ocrx_word' id='word_1_277' title='bbox 1848 874 2119 944; x_wconf 86' lang='lat' dir='ltr'><strong>quoddam</strong></span> <span class='ocrx_word' id='word_1_278' title='bbox 2152 870 2447 941; x_wconf 84' lang='grc' dir='ltr'>θεραπείας</span> <span class='ocrx_word' id='word_1_279' title='bbox 2474 870 2615 924; x_wconf 91' lang='lat' dir='ltr'><strong>illius</strong></span> <span class='ocrx_word' id='word_1_280' title='bbox 2646 884 2675 921; x_wconf 92' lang='lat' dir='ltr'><strong>a</strong></span> <span class='ocrx_word' id='word_1_281' title='bbox 2697 867 2857 922; x_wconf 91' lang='lat' dir='ltr'><strong>Celso</strong></span> <span class='ocrx_word' id='word_1_282' title='bbox 2888 883 3180 937; x_wconf 60' lang='lat' dir='ltr'><strong>expressae,</strong></span> <span class='ocrx_word' id='word_1_283' title='bbox 3216 870 3317 921; x_wconf 91' lang='lat' dir='ltr'><strong>hoc</strong></span> <span class='ocrx_word' id='word_1_284' title='bbox 3341 875 3424 919; x_wconf 84' lang='lat' dir='ltr'><strong>est</strong></span> 
     </span>
    </p>
   </div>
   <div class='ocr_carea' id='block_1_38' title="bbox 1848 958 3419 1032">
    <p class='ocr_par' dir='ltr' id='par_1_38' title="bbox 1848 958 3419 1032">
     <span class='ocr_line' id='line_1_38' title="bbox 1848 958 3419 1032; baseline -0.005 -14"><span class='ocrx_word' id='word_1_285' title='bbox 1848 963 2087 1032; x_wconf 84' lang='lat' dir='ltr'><strong>religiosi</strong></span> <span class='ocrx_word' id='word_1_286' title='bbox 2145 964 2325 1016; x_wconf 89' lang='lat' dir='ltr'><strong>cultus</strong></span> <span class='ocrx_word' id='word_1_287' title='bbox 2358 975 2528 1028; x_wconf 87' lang='lat' dir='ltr'><strong>genus</strong></span> <span class='ocrx_word' id='word_1_288' title='bbox 2572 959 2781 1028; x_wconf 86' lang='lat' dir='ltr'><strong>angelis</strong></span> <span class='ocrx_word' id='word_1_289' title='bbox 2845 960 3061 1027; x_wconf 90' lang='lat' dir='ltr'><strong>quidem</strong></span> <span class='ocrx_word' id='word_1_290' title='bbox 3111 958 3317 1021; x_wconf 88' lang='lat' dir='ltr'><strong>deberi,</strong></span> <span class='ocrx_word' id='word_1_291' title='bbox 3357 972 3419 1011; x_wconf 87' lang='lat' dir='ltr'><strong>ea</strong></span> 
     </span>
    </p>
   </div>
   <div class='ocr_carea' id='block_1_39' title="bbox 1850 1049 3420 1124">
    <p class='ocr_par' dir='ltr' id='par_1_39' title="bbox 1850 1049 3420 1124">
     <span class='ocr_line' id='line_1_39' title="bbox 1850 1049 3420 1124; baseline -0.004 -15"><span class='ocrx_word' id='word_1_292' title='bbox 1850 1058 2012 1110; x_wconf 88' lang='lat' dir='ltr'><strong>modo</strong></span> <span class='ocrx_word' id='word_1_293' title='bbox 2044 1063 2197 1109; x_wconf 91' lang='lat' dir='ltr'><strong>recte</strong></span> <span class='ocrx_word' id='word_1_294' title='bbox 2230 1064 2286 1109; x_wconf 89' lang='lat' dir='ltr'><strong>et</strong></span> <span class='ocrx_word' id='word_1_295' title='bbox 2313 1053 2554 1124; x_wconf 87' lang='lat' dir='ltr'><strong>legitime</strong></span> <span class='ocrx_word' id='word_1_296' title='bbox 2604 1053 2948 1115; x_wconf 83' lang='lat' dir='ltr'><strong>exhibeatur,</strong></span> <span class='ocrx_word' id='word_1_297' title='bbox 2976 1060 3031 1106; x_wconf 90' lang='lat' dir='ltr'><strong>et</strong></span> <span class='ocrx_word' id='word_1_298' title='bbox 3065 1050 3244 1103; x_wconf 87' lang='lat' dir='ltr'><strong>cultus</strong></span> <span class='ocrx_word' id='word_1_299' title='bbox 3274 1049 3362 1104; x_wconf 88' lang='lat' dir='ltr'><strong>ille</strong></span> <span class='ocrx_word' id='word_1_300' title='bbox 3390 1064 3420 1102; x_wconf 93' lang='lat' dir='ltr'><strong>a</strong></span> 
     </span>
    </p>
   </div>
   <div class='ocr_carea' id='block_1_40' title="bbox 1854 1141 3421 1215">
    <p class='ocr_par' dir='ltr' id='par_1_40' title="bbox 1854 1141 3421 1215">
     <span class='ocr_line' id='line_1_40' title="bbox 1854 1141 3421 1215; baseline -0.006 -11"><span class='ocrx_word' id='word_1_301' title='bbox 1854 1149 2000 1204; x_wconf 88' lang='lat' dir='ltr'><strong>cultu</strong></span> <span class='ocrx_word' id='word_1_302' title='bbox 2034 1148 2144 1203; x_wconf 90' lang='lat' dir='ltr'><strong>Deo</strong></span> <span class='ocrx_word' id='word_1_303' title='bbox 2189 1148 2435 1215; x_wconf 59' lang='lat' dir='ltr'><strong>prastari</strong></span> <span class='ocrx_word' id='word_1_304' title='bbox 2467 1145 2627 1200; x_wconf 89' lang='lat' dir='ltr'><strong>solito</strong></span> <span class='ocrx_word' id='word_1_305' title='bbox 2660 1154 2819 1199; x_wconf 90' lang='lat' dir='ltr'><strong>caute</strong></span> <span class='ocrx_word' id='word_1_306' title='bbox 2875 1143 3262 1211; x_wconf 84' lang='lat' dir='ltr'><strong>distinguatur.</strong></span> <span class='ocrx_word' id='word_1_307' title='bbox 3298 1141 3421 1196; x_wconf 78' lang='lat' dir='ltr'><strong>Pari</strong></span> 
     </span>
    </p>
   </div>
   <div class='ocr_carea' id='block_1_41' title="bbox 1851 1233 3421 1308">
    <p class='ocr_par' dir='ltr' id='par_1_41' title="bbox 1851 1233 3421 1308">
     <span class='ocr_line' id='line_1_41' title="bbox 1851 1233 3421 1308; baseline -0.003 -15"><span class='ocrx_word' id='word_1_308' title='bbox 1851 1243 2009 1295; x_wconf 91' lang='lat' dir='ltr'><strong>modo</strong></span> <span class='ocrx_word' id='word_1_309' title='bbox 2052 1256 2171 1294; x_wconf 91' lang='lat' dir='ltr'><strong>cum</strong></span> <span class='ocrx_word' id='word_1_310' title='bbox 2200 1240 2556 1308; x_wconf 89' lang='lat' dir='ltr'><strong>distingueret</strong></span> <span class='ocrx_word' id='word_1_311' title='bbox 2585 1238 2724 1291; x_wconf 89' lang='lat' dir='ltr'><strong>libro</strong></span> <span class='ocrx_word' id='word_1_312' title='bbox 2760 1252 2789 1288; x_wconf 93' lang='lat' dir='ltr'><strong>v</strong></span> <span class='ocrx_word' id='word_1_313' title='bbox 2831 1236 3109 1290; x_wconf 86' lang='lat' dir='ltr'><strong>orationes</strong></span> <span class='ocrx_word' id='word_1_314' title='bbox 3135 1235 3245 1289; x_wconf 90' lang='lat' dir='ltr'><strong>Deo</strong></span> <span class='ocrx_word' id='word_1_315' title='bbox 3275 1233 3421 1289; x_wconf 83' lang='lat' dir='ltr'><strong>Patri</strong></span> 
     </span>
    </p>
   </div>
   <div class='ocr_carea' id='block_1_42' title="bbox 1849 1328 3423 1403">
    <p class='ocr_par' dir='ltr' id='par_1_42' title="bbox 1849 1328 3423 1403">
     <span class='ocr_line' id='line_1_42' title="bbox 1849 1328 3423 1403; baseline -0.006 -14"><span class='ocrx_word' id='word_1_316' title='bbox 1849 1334 2156 1389; x_wconf 82' lang='lat' dir='ltr'><strong>oﬂ&#39;erendas</strong></span> <span class='ocrx_word' id='word_1_317' title='bbox 2191 1334 2260 1388; x_wconf 82' lang='lat' dir='ltr'><strong>ab</strong></span> <span class='ocrx_word' id='word_1_318' title='bbox 2290 1334 2355 1387; x_wconf 92' lang='lat' dir='ltr'><strong>iis</strong></span> <span class='ocrx_word' id='word_1_319' title='bbox 2382 1348 2520 1403; x_wconf 90' lang='lat' dir='ltr'><strong>quas</strong></span> <span class='ocrx_word' id='word_1_320' title='bbox 2551 1330 2733 1387; x_wconf 81' lang='lat' dir='ltr'><strong>oﬂ‘erri</strong></span> <span class='ocrx_word' id='word_1_321' title='bbox 2777 1328 3113 1385; x_wconf 86' lang='lat' dir='ltr'><strong>concedebat</strong></span> <span class='ocrx_word' id='word_1_322' title='bbox 3157 1328 3328 1390; x_wconf 82' lang='lat' dir='ltr'><strong>Filio,</strong></span> <span class='ocrx_word' id='word_1_323' title='bbox 3364 1336 3423 1379; x_wconf 88' lang='lat' dir='ltr'><strong>ut</strong></span> 
     </span>
    </p>
   </div>
   <div class='ocr_carea' id='block_1_43' title="bbox 1853 1422 3417 1498">
    <p class='ocr_par' dir='ltr' id='par_1_43' title="bbox 1853 1422 3417 1498">
     <span class='ocr_line' id='line_1_43' title="bbox 1853 1422 3417 1498; baseline -0.004 -18"><span class='ocrx_word' id='word_1_324' title='bbox 1853 1428 2067 1498; x_wconf 81' lang='grc' dir='ltr'>μεσίτῃ,</span> <span class='ocrx_word' id='word_1_325' title='bbox 2119 1427 2349 1480; x_wconf 83' lang='lat' dir='ltr'><strong>nominis</strong></span> <span class='ocrx_word' id='word_1_326' title='bbox 2386 1424 2570 1493; x_wconf 82' lang='lat' dir='ltr'><strong>hujus,</strong></span> <span class='ocrx_word' id='word_1_327' title='bbox 2608 1426 2803 1486; x_wconf 81' lang='lat' dir='ltr'><strong>oratio,</strong></span> <span class='ocrx_word' id='word_1_328' title='bbox 2834 1424 3110 1494; x_wconf 90' lang='lat' dir='ltr'><strong>proprium</strong></span> <span class='ocrx_word' id='word_1_329' title='bbox 3152 1435 3307 1475; x_wconf 84' lang='lat' dir='ltr'><strong>usum</strong></span> <span class='ocrx_word' id='word_1_330' title='bbox 3336 1422 3417 1474; x_wconf 87' lang='lat' dir='ltr'><strong>in-</strong></span> 
     </span>
    </p>
   </div>
   <div class='ocr_carea' id='block_1_44' title="bbox 1852 1512 3424 1588">
    <p class='ocr_par' dir='ltr' id='par_1_44' title="bbox 1852 1512 3424 1588">
     <span class='ocr_line' id='line_1_44' title="bbox 1852 1512 3424 1588; baseline -0.006 -16"><span class='ocrx_word' id='word_1_331' title='bbox 1852 1519 2013 1588; x_wconf 80' lang='lat' dir='ltr'><strong>telligi</strong></span> <span class='ocrx_word' id='word_1_332' title='bbox 2049 1517 2183 1581; x_wconf 91' lang='lat' dir='ltr'><strong>vult,</strong></span> <span class='ocrx_word' id='word_1_333' title='bbox 2213 1526 2268 1571; x_wconf 90' lang='lat' dir='ltr'><strong>et</strong></span> <span class='ocrx_word' id='word_1_334' title='bbox 2323 1517 2391 1572; x_wconf 92' lang='lat' dir='ltr'><strong>ab</strong></span> <span class='ocrx_word' id='word_1_335' title='bbox 2441 1515 2681 1582; x_wconf 87' lang='lat' dir='ltr'><strong>ejusdem</strong></span> <span class='ocrx_word' id='word_1_336' title='bbox 2729 1515 2900 1569; x_wconf 84' lang='lat' dir='ltr'><strong>abusu</strong></span> <span class='ocrx_word' id='word_1_337' title='bbox 2947 1513 3204 1567; x_wconf 86' lang='lat' dir='ltr'><strong>secerni:</strong></span> <span class='ocrx_word' id='word_1_338' title='bbox 3234 1512 3424 1564; x_wconf 77' lang='grc' dir='ltr'>Πᾶσαν</span> 
     </span>
    </p>
   </div>
   <div class='ocr_carea' id='block_1_45' title="bbox 1855 1602 3423 1682">
    <p class='ocr_par' dir='ltr' id='par_1_45' title="bbox 1855 1602 3423 1682">
     <span class='ocr_line' id='line_1_45' title="bbox 1855 1602 3423 1682; baseline -0.006 -18"><span class='ocrx_word' id='word_1_339' title='bbox 1855 1611 1953 1681; x_wconf 84' lang='grc' dir='ltr'>μὲν</span> <span class='ocrx_word' id='word_1_340' title='bbox 1987 1610 2096 1682; x_wconf 85' lang='grc' dir='ltr'>γὰρ</span> <span class='ocrx_word' id='word_1_341' title='bbox 2130 1609 2332 1679; x_wconf 82' lang='grc' dir='ltr'>δέησιν,</span> <span class='ocrx_word' id='word_1_342' title='bbox 2362 1608 2538 1676; x_wconf 87' lang='lat' dir='ltr'><strong>inquit</strong></span> <span class='ocrx_word' id='word_1_343' title='bbox 2572 1622 2721 1661; x_wconf 90' lang='lat' dir='ltr'><strong>num.</strong></span> <span class='ocrx_word' id='word_1_344' title='bbox 2753 1605 2806 1666; x_wconf 76' lang='grc'>4,</span> <span class='ocrx_word' id='word_1_345' title='bbox 2844 1605 2941 1657; x_wconf 74' lang='grc' dir='ltr'>καὶ</span> <span class='ocrx_word' id='word_1_346' title='bbox 2970 1602 3300 1673; x_wconf 82' lang='grc' dir='ltr'>προσευχὴν,</span> <span class='ocrx_word' id='word_1_347' title='bbox 3326 1602 3423 1656; x_wconf 77' lang='grc' dir='ltr'>καὶ</span> 
     </span>
    </p>
   </div>
   <div class='ocr_carea' id='block_1_46' title="bbox 1849 1694 3418 1770">
    <p class='ocr_par' dir='ltr' id='par_1_46' title="bbox 1849 1694 3418 1770">
     <span class='ocr_line' id='line_1_46' title="bbox 1849 1694 3418 1770; baseline -0.006 -14"><span class='ocrx_word' id='word_1_348' title='bbox 1849 1703 2108 1768; x_wconf 72' lang='grc' dir='ltr'>ἔντευξιν,</span> <span class='ocrx_word' id='word_1_349' title='bbox 2142 1703 2237 1755; x_wconf 70' lang='grc' dir='ltr'><strong>καὶ</strong></span> <span class='ocrx_word' id='word_1_350' title='bbox 2263 1697 2614 1770; x_wconf 77' lang='grc' dir='ltr'>εὐχαριστίαν</span> <span class='ocrx_word' id='word_1_351' title='bbox 2645 1696 3026 1767; x_wconf 86' lang='grc' dir='ltr'>ἀναπεμπτέον</span> <span class='ocrx_word' id='word_1_352' title='bbox 3053 1694 3130 1764; x_wconf 82' lang='grc' dir='ltr'>τῷ</span> <span class='ocrx_word' id='word_1_353' title='bbox 3167 1695 3259 1746; x_wconf 70' lang='grc' dir='ltr'><strong>ἐπὶ</strong></span> <span class='ocrx_word' id='word_1_354' title='bbox 3285 1694 3418 1747; x_wconf 77' lang='grc' dir='ltr'>πᾶσι</span> 
     </span>
    </p>
   </div>
   <div class='ocr_carea' id='block_1_47' title="bbox 1771 1772 3419 1867">
    <p class='ocr_par' dir='ltr' id='par_1_47' title="bbox 1771 1772 3419 1867">
     <span class='ocr_line' id='line_1_47' title="bbox 1771 1772 3419 1867; baseline -0.007 -17"><span class='ocrx_word' id='word_1_355' title='bbox 1771 1772 1815 1826; x_wconf 73' lang='grc' dir='ltr'>Β</span> <span class='ocrx_word' id='word_1_356' title='bbox 1847 1795 1968 1867; x_wconf 84' lang='grc' dir='ltr'><strong>Θεῷ</strong></span> <span class='ocrx_word' id='word_1_357' title='bbox 2000 1794 2091 1848; x_wconf 80' lang='grc' dir='ltr'><strong>διὰ</strong></span> <span class='ocrx_word' id='word_1_358' title='bbox 2128 1794 2223 1847; x_wconf 86' lang='grc' dir='ltr'><strong>τοῦ</strong></span> <span class='ocrx_word' id='word_1_359' title='bbox 2257 1794 2349 1846; x_wconf 76' lang='grc' dir='ltr'>ἐπὶ</span> <span class='ocrx_word' id='word_1_360' title='bbox 2388 1793 2603 1846; x_wconf 83' lang='grc' dir='ltr'>πάντων</span> <span class='ocrx_word' id='word_1_361' title='bbox 2641 1790 2886 1858; x_wconf 88' lang='grc' dir='ltr'>ἀγγέλων</span> <span class='ocrx_word' id='word_1_362' title='bbox 2917 1788 3215 1860; x_wconf 83' lang='grc' dir='ltr'>ἀρχιερέως</span> <span class='ocrx_word' id='word_1_363' title='bbox 3246 1786 3419 1857; x_wconf 73' lang='grc' dir='ltr'>ἐμψύ-</span> 
     </span>
    </p>
   </div>
   <div class='ocr_carea' id='block_1_48' title="bbox 1844 1878 3422 1960">
    <p class='ocr_par' dir='ltr' id='par_1_48' title="bbox 1844 1878 3422 1960">
     <span class='ocr_line' id='line_1_48' title="bbox 1844 1878 3422 1960; baseline -0.008 -17"><span class='ocrx_word' id='word_1_364' title='bbox 1844 1906 1941 1960; x_wconf 91' lang='grc' dir='ltr'><strong>χου</strong></span> <span class='ocrx_word' id='word_1_365' title='bbox 1964 1889 2139 1956; x_wconf 80' lang='grc' dir='ltr'>Λόγου</span> <span class='ocrx_word' id='word_1_366' title='bbox 2166 1889 2262 1941; x_wconf 81' lang='grc' dir='ltr'><strong>καὶ</strong></span> <span class='ocrx_word' id='word_1_367' title='bbox 2284 1885 2416 1939; x_wconf 87' lang='grc' dir='ltr'>Θεοῦ</span> <span class='ocrx_word' id='word_1_368' title='bbox 2440 1904 2451 1916; x_wconf 91' lang='grc'><strong>·</strong></span> <span class='ocrx_word' id='word_1_369' title='bbox 2475 1883 2778 1955; x_wconf 83' lang='grc' dir='ltr'>δεησόμεθα</span> <span class='ocrx_word' id='word_1_370' title='bbox 2810 1882 2867 1935; x_wconf 85' lang='grc' dir='ltr'><strong>δὲ</strong></span> <span class='ocrx_word' id='word_1_371' title='bbox 2894 1882 2988 1935; x_wconf 75' lang='grc' dir='ltr'><strong>καὶ</strong></span> <span class='ocrx_word' id='word_1_372' title='bbox 3013 1879 3177 1933; x_wconf 78' lang='grc' dir='ltr'>αὐτοῦ</span> <span class='ocrx_word' id='word_1_373' title='bbox 3195 1878 3286 1932; x_wconf 92' lang='grc' dir='ltr'><strong>τοῦ</strong></span> <span class='ocrx_word' id='word_1_374' title='bbox 3317 1880 3422 1933; x_wconf 48' lang='lat' dir='ltr'><strong>A6.-</strong></span> 
     </span>
    </p>
   </div>
   <div class='ocr_carea' id='block_1_49' title="bbox 1850 1963 3421 2050">
    <p class='ocr_par' dir='ltr' id='par_1_49' title="bbox 1850 1963 3421 2050">
     <span class='ocr_line' id='line_1_49' title="bbox 1850 1963 3421 2050; baseline -0.007 -15"><span class='ocrx_word' id='word_1_375' title='bbox 1850 1999 1971 2050; x_wconf 82' lang='grc' dir='ltr'>γου,</span> <span class='ocrx_word' id='word_1_376' title='bbox 2009 1983 2104 2035; x_wconf 60' lang='grc' dir='ltr'><strong>καὶ¹</strong></span> <span class='ocrx_word' id='word_1_377' title='bbox 2126 1963 2487 2050; x_wconf 68' lang='grc' dir='ltr'>ἐντευξόμεθα</span> <span class='ocrx_word' id='word_1_378' title='bbox 2522 1978 2671 2047; x_wconf 81' lang='grc' dir='ltr'>αὐτῷ</span> <span class='ocrx_word' id='word_1_379' title='bbox 2703 1978 2795 2031; x_wconf 81' lang='grc' dir='ltr'><strong>καὶ</strong></span> <span class='ocrx_word' id='word_1_380' title='bbox 2815 1976 3295 2046; x_wconf 76' lang='grc' dir='ltr'>εὐχαριστήσομεν,</span> <span class='ocrx_word' id='word_1_381' title='bbox 3326 1974 3421 2026; x_wconf 75' lang='grc' dir='ltr'>καὶ</span> 
     </span>
    </p>
   </div>
   <div class='ocr_carea' id='block_1_50' title="bbox 1846 2065 3419 2147">
    <p class='ocr_par' dir='ltr' id='par_1_50' title="bbox 1846 2065 3419 2147">
     <span class='ocr_line' id='line_1_50' title="bbox 1846 2065 3419 2147; baseline -0.009 -18"><span class='ocrx_word' id='word_1_382' title='bbox 1846 2075 2261 2147; x_wconf 82' lang='grc' dir='ltr'>προσευξόμεθα</span> <span class='ocrx_word' id='word_1_383' title='bbox 2291 2075 2368 2137; x_wconf 86' lang='grc' dir='ltr'>δὲ,</span> <span class='ocrx_word' id='word_1_384' title='bbox 2388 2072 2483 2126; x_wconf 86' lang='grc' dir='ltr'><strong>ὲάν</strong></span> <span class='ocrx_word' id='word_1_385' title='bbox 2506 2069 2793 2140; x_wconf 85' lang='grc' dir='ltr'>δυνώμεθα</span> <span class='ocrx_word' id='word_1_386' title='bbox 2817 2067 3141 2122; x_wconf 82' lang='grc' dir='ltr'>κατακούειν</span> <span class='ocrx_word' id='word_1_387' title='bbox 3168 2066 3267 2136; x_wconf 85' lang='grc' dir='ltr'><strong>τῆς</strong></span> <span class='ocrx_word' id='word_1_388' title='bbox 3293 2065 3419 2135; x_wconf 78' lang='grc' dir='ltr'>περὶ</span> 
     </span>
    </p>
   </div>
   <div class='ocr_carea' id='block_1_51' title="bbox 1843 2157 3417 2241">
    <p class='ocr_par' dir='ltr' id='par_1_51' title="bbox 1843 2157 3417 2241">
     <span class='ocr_line' id='line_1_51' title="bbox 1843 2157 3417 2241; baseline -0.009 -18"><span class='ocrx_word' id='word_1_389' title='bbox 1843 2170 2154 2241; x_wconf 79' lang='grc' dir='ltr'>προσευχῆς</span> <span class='ocrx_word' id='word_1_390' title='bbox 2174 2166 2512 2239; x_wconf 82' lang='grc' dir='ltr'>κυριολεξίας</span> <span class='ocrx_word' id='word_1_391' title='bbox 2535 2163 2628 2217; x_wconf 75' lang='grc' dir='ltr'><strong>καὶ</strong></span> <span class='ocrx_word' id='word_1_392' title='bbox 2645 2162 3032 2232; x_wconf 80' lang='grc' dir='ltr'>καταχρήσεως</span> <span class='ocrx_word' id='word_1_393' title='bbox 3063 2160 3198 2229; x_wconf 80' lang='grc'><strong>(55).</strong></span> <span class='ocrx_word' id='word_1_394' title='bbox 3221 2157 3417 2211; x_wconf 77' lang='lat' dir='ltr'><strong>Eadem</strong></span> 
     </span>
    </p>
   </div>
   <div class='ocr_carea' id='block_1_52' title="bbox 1840 2248 3416 2323">
    <p class='ocr_par' dir='ltr' id='par_1_52' title="bbox 1840 2248 3416 2323">
     <span class='ocr_line' id='line_1_52' title="bbox 1840 2248 3416 2323; baseline -0.01 -8"><span class='ocrx_word' id='word_1_395' title='bbox 1840 2262 2090 2315; x_wconf 84' lang='lat' dir='ltr'><strong>cautione</strong></span> <span class='ocrx_word' id='word_1_396' title='bbox 2124 2261 2347 2323; x_wconf 86' lang='lat' dir='ltr'><strong>cultum,</strong></span> <span class='ocrx_word' id='word_1_397' title='bbox 2383 2267 2436 2310; x_wconf 90' lang='lat' dir='ltr'><strong>et</strong></span> <span class='ocrx_word' id='word_1_398' title='bbox 2486 2270 2675 2323; x_wconf 87' lang='lat' dir='ltr'><strong>preces</strong></span> <span class='ocrx_word' id='word_1_399' title='bbox 2721 2255 2829 2307; x_wconf 87' lang='lat' dir='ltr'><strong>Deo</strong></span> <span class='ocrx_word' id='word_1_400' title='bbox 2853 2251 2997 2305; x_wconf 87' lang='lat' dir='ltr'><strong>Patri</strong></span> <span class='ocrx_word' id='word_1_401' title='bbox 3027 2248 3352 2309; x_wconf 79' lang='lat' dir='ltr'><strong>olierendas,</strong></span> <span class='ocrx_word' id='word_1_402' title='bbox 3385 2263 3416 2299; x_wconf 87' lang='lat' dir='ltr'><strong>a</strong></span> 
     </span>
    </p>
   </div>
   <div class='ocr_carea' id='block_1_53' title="bbox 1841 2338 3416 2422">
    <p class='ocr_par' dir='ltr' id='par_1_53' title="bbox 1841 2338 3416 2422">
     <span class='ocr_line' id='line_1_53' title="bbox 1841 2338 3416 2422; baseline -0.008 -17"><span class='ocrx_word' id='word_1_403' title='bbox 1841 2353 2091 2422; x_wconf 88' lang='lat' dir='ltr'><strong>precibus</strong></span> <span class='ocrx_word' id='word_1_404' title='bbox 2142 2351 2279 2404; x_wconf 82' lang='lat' dir='ltr'><strong>Filio</strong></span> <span class='ocrx_word' id='word_1_405' title='bbox 2310 2348 2609 2418; x_wconf 85' lang='lat' dir='ltr'><strong>allegandis</strong></span> <span class='ocrx_word' id='word_1_406' title='bbox 2643 2346 2878 2399; x_wconf 89' lang='lat' dir='ltr'><strong>discerni</strong></span> <span class='ocrx_word' id='word_1_407' title='bbox 2915 2341 3092 2410; x_wconf 91' lang='lat' dir='ltr'><strong>jubet,</strong></span> <span class='ocrx_word' id='word_1_408' title='bbox 3124 2348 3181 2394; x_wconf 94' lang='lat' dir='ltr'><strong>et</strong></span> <span class='ocrx_word' id='word_1_409' title='bbox 3202 2356 3230 2393; x_wconf 89' lang='lat' dir='ltr'><strong>a</strong></span> <span class='ocrx_word' id='word_1_410' title='bbox 3264 2338 3416 2393; x_wconf 83' lang='lat' dir='ltr'><strong>cultu</strong></span> 
     </span>
    </p>
   </div>
   <div class='ocr_carea' id='block_1_54' title="bbox 1841 2432 3415 2513">
    <p class='ocr_par' dir='ltr' id='par_1_54' title="bbox 1841 2432 3415 2513">
     <span class='ocr_line' id='line_1_54' title="bbox 1841 2432 3415 2513; baseline -0.008 -17"><span class='ocrx_word' id='word_1_411' title='bbox 1841 2444 2045 2513; x_wconf 91' lang='lat' dir='ltr'><strong>angelis</strong></span> <span class='ocrx_word' id='word_1_412' title='bbox 2079 2441 2407 2495; x_wconf 75' lang='lat' dir='ltr'><strong>exhibendo.</strong></span> <span class='ocrx_word' id='word_1_413' title='bbox 2454 2438 2618 2507; x_wconf 80' lang='lat' dir='ltr'><strong>Atqui</strong></span> <span class='ocrx_word' id='word_1_414' title='bbox 2658 2437 2851 2490; x_wconf 83' lang='lat' dir='ltr'><strong>Filium</strong></span> <span class='ocrx_word' id='word_1_415' title='bbox 2904 2435 3055 2488; x_wconf 81' lang='lat' dir='ltr'><strong>orari</strong></span> <span class='ocrx_word' id='word_1_416' title='bbox 3114 2432 3415 2513; x_wconf 79' lang='lat' dir='ltr'><strong>concedit,</strong></span> 
     </span>
    </p>
   </div>
   <div class='ocr_carea' id='block_1_55' title="bbox 1840 2507 3415 2602">
    <p class='ocr_par' dir='ltr' id='par_1_55' title="bbox 1840 2507 3415 2602">
     <span class='ocr_line' id='line_1_55' title="bbox 1840 2507 3415 2602; baseline -0.007 -13"><span class='ocrx_word' id='word_1_417' title='bbox 1840 2507 2003 2589; x_wconf 69' lang='lat' dir='ltr'><strong>modo</strong></span> <span class='ocrx_word' id='word_1_418' title='bbox 2026 2544 2280 2602; x_wconf 91' lang='lat' dir='ltr'><strong>tanquam</strong></span> <span class='ocrx_word' id='word_1_419' title='bbox 2325 2531 2574 2602; x_wconf 82' lang='grc' dir='ltr'>μεσίτης,</span> <span class='ocrx_word' id='word_1_420' title='bbox 2601 2538 2655 2582; x_wconf 89' lang='lat' dir='ltr'><strong>et</strong></span> <span class='ocrx_word' id='word_1_421' title='bbox 2684 2526 2925 2581; x_wconf 83' lang='lat' dir='ltr'><strong>inferiori</strong></span> <span class='ocrx_word' id='word_1_422' title='bbox 2959 2507 3415 2593; x_wconf 62' lang='lat' dir='ltr'><strong>precationisge-</strong></span> 
     </span>
    </p>
   </div>
   <div class='ocr_carea' id='block_1_56' title="bbox 1842 2618 3415 2687">
    <p class='ocr_par' dir='ltr' id='par_1_56' title="bbox 1842 2618 3415 2687">
     <span class='ocr_line' id='line_1_56' title="bbox 1842 2618 3415 2687; baseline -0.008 -6"><span class='ocrx_word' id='word_1_423' title='bbox 1842 2642 1972 2681; x_wconf 91' lang='lat' dir='ltr'><strong>nere</strong></span> <span class='ocrx_word' id='word_1_424' title='bbox 1996 2628 2277 2681; x_wconf 83' lang='lat' dir='ltr'><strong>invocetur</strong></span> <span class='ocrx_word' id='word_1_425' title='bbox 2298 2640 2361 2678; x_wconf 85' lang='lat' dir='ltr'><strong>ac</strong></span> <span class='ocrx_word' id='word_1_426' title='bbox 2396 2623 2586 2687; x_wconf 87' lang='lat' dir='ltr'><strong>Pater;</strong></span> <span class='ocrx_word' id='word_1_427' title='bbox 2616 2620 2731 2673; x_wconf 71' lang='lat' dir='ltr'><strong>haec</strong></span> <span class='ocrx_word' id='word_1_428' title='bbox 2760 2619 2904 2673; x_wconf 87' lang='lat' dir='ltr'><strong>enim</strong></span> <span class='ocrx_word' id='word_1_429' title='bbox 2939 2618 3038 2671; x_wconf 79' lang='lat' dir='ltr'><strong>fuit</strong></span> <span class='ocrx_word' id='word_1_430' title='bbox 3068 2618 3233 2686; x_wconf 89' lang='lat' dir='ltr'><strong>ipsius</strong></span> <span class='ocrx_word' id='word_1_431' title='bbox 3263 2618 3415 2670; x_wconf 84' lang='lat' dir='ltr'><strong>insa-</strong></span> 
     </span>
    </p>
   </div>
   <div class='ocr_carea' id='block_1_57' title="bbox 1842 2709 3418 2784">
    <p class='ocr_par' dir='ltr' id='par_1_57' title="bbox 1842 2709 3418 2784">
     <span class='ocr_line' id='line_1_57' title="bbox 1842 2709 3418 2784; baseline -0.004 -14"><span class='ocrx_word' id='word_1_432' title='bbox 1842 2720 1929 2771; x_wconf 92' lang='lat' dir='ltr'><strong>nia</strong></span> <span class='ocrx_word' id='word_1_433' title='bbox 1955 2734 1969 2769; x_wconf 91' lang='lat'><strong>:</strong></span> <span class='ocrx_word' id='word_1_434' title='bbox 2007 2717 2147 2770; x_wconf 90' lang='lat' dir='ltr'><strong>idem</strong></span> <span class='ocrx_word' id='word_1_435' title='bbox 2196 2718 2359 2784; x_wconf 89' lang='lat' dir='ltr'><strong>igitur</strong></span> <span class='ocrx_word' id='word_1_436' title='bbox 2398 2716 2463 2767; x_wconf 89' lang='lat' dir='ltr'><strong>de</strong></span> <span class='ocrx_word' id='word_1_437' title='bbox 2489 2712 2743 2782; x_wconf 79' lang='lat' dir='ltr'><strong>precibus</strong></span> <span class='ocrx_word' id='word_1_438' title='bbox 2774 2721 2827 2765; x_wconf 88' lang='lat' dir='ltr'><strong>et</strong></span> <span class='ocrx_word' id='word_1_439' title='bbox 2852 2709 2999 2763; x_wconf 88' lang='lat' dir='ltr'><strong>cultu</strong></span> <span class='ocrx_word' id='word_1_440' title='bbox 3031 2709 3235 2778; x_wconf 79' lang='lat' dir='ltr'><strong>angelis</strong></span> <span class='ocrx_word' id='word_1_441' title='bbox 3261 2710 3418 2765; x_wconf 75' lang='lat' dir='ltr'><strong>exhi-</strong></span> 
     </span>
    </p>
   </div>
   <div class='ocr_carea' id='block_1_58' title="bbox 1840 2800 3417 2875">
    <p class='ocr_par' dir='ltr' id='par_1_58' title="bbox 1840 2800 3417 2875">
     <span class='ocr_line' id='line_1_58' title="bbox 1840 2800 3417 2875; baseline -0.004 -14"><span class='ocrx_word' id='word_1_442' title='bbox 1840 2807 2018 2862; x_wconf 87' lang='lat' dir='ltr'><strong>bendo</strong></span> <span class='ocrx_word' id='word_1_443' title='bbox 2071 2808 2310 2861; x_wconf 87' lang='lat' dir='ltr'><strong>sensisse</strong></span> <span class='ocrx_word' id='word_1_444' title='bbox 2359 2807 2531 2875; x_wconf 88' lang='lat' dir='ltr'><strong>ipsum</strong></span> <span class='ocrx_word' id='word_1_445' title='bbox 2566 2802 2997 2858; x_wconf 88' lang='lat' dir='ltr'><strong>concludendum</strong></span> <span class='ocrx_word' id='word_1_446' title='bbox 3054 2812 3158 2856; x_wconf 88' lang='lat' dir='ltr'><strong>est.</strong></span> <span class='ocrx_word' id='word_1_447' title='bbox 3196 2800 3265 2855; x_wconf 83' lang='lat' dir='ltr'><strong>At</strong></span> <span class='ocrx_word' id='word_1_448' title='bbox 3298 2802 3417 2855; x_wconf 87' lang='lat' dir='ltr'><strong>sine</strong></span> 
     </span>
    </p>
   </div>
   <div class='ocr_carea' id='block_1_59' title="bbox 1843 2892 3412 2967">
    <p class='ocr_par' dir='ltr' id='par_1_59' title="bbox 1843 2892 3412 2967">
     <span class='ocr_line' id='line_1_59' title="bbox 1843 2892 3412 2967; baseline -0.005 -14"><span class='ocrx_word' id='word_1_449' title='bbox 1843 2901 2068 2967; x_wconf 88' lang='lat' dir='ltr'><strong>ambage</strong></span> <span class='ocrx_word' id='word_1_450' title='bbox 2092 2898 2337 2967; x_wconf 88' lang='lat' dir='ltr'><strong>angelum</strong></span> <span class='ocrx_word' id='word_1_451' title='bbox 2358 2910 2518 2963; x_wconf 84' lang='lat' dir='ltr'><strong>prece</strong></span> <span class='ocrx_word' id='word_1_452' title='bbox 2544 2904 2834 2948; x_wconf 76' lang='lat' dir='ltr'><strong>veneratur</strong></span> <span class='ocrx_word' id='word_1_453' title='bbox 2852 2894 3081 2949; x_wconf 87' lang='lat' dir='ltr'><strong>homil.l</strong></span> <span class='ocrx_word' id='word_1_454' title='bbox 3108 2896 3163 2947; x_wconf 78' lang='lat' dir='ltr'><strong>in</strong></span> <span class='ocrx_word' id='word_1_455' title='bbox 3192 2892 3412 2960; x_wconf 64' lang='lat' dir='ltr'><strong>Enr/2.,</strong></span> 
     </span>
    </p>
   </div>
   <div class='ocr_carea' id='block_1_60' title="bbox 1842 2986 3414 3057">
    <p class='ocr_par' dir='ltr' id='par_1_60' title="bbox 1842 2986 3414 3057">
     <span class='ocr_line' id='line_1_60' title="bbox 1842 2986 3414 3057; baseline -0.004 -12"><span class='ocrx_word' id='word_1_456' title='bbox 1842 3007 1991 3045; x_wconf 85' lang='lat' dir='ltr'><strong>num.</strong></span> <span class='ocrx_word' id='word_1_457' title='bbox 2022 2990 2052 3042; x_wconf 86' lang='grc'>7</span> <span class='ocrx_word' id='word_1_458' title='bbox 2087 3007 2101 3042; x_wconf 88' lang='lat'><strong>:</strong></span> <span class='ocrx_word' id='word_1_459' title='bbox 2134 3006 2152 3039; x_wconf 81' lang='grc' dir='ltr'><strong>ι</strong></span> <span class='ocrx_word' id='word_1_460' title='bbox 2196 2988 2412 3053; x_wconf 89' lang='lat' dir='ltr'><strong>Omnia,</strong></span> <span class='ocrx_word' id='word_1_461' title='bbox 2442 2987 2641 3057; x_wconf 85' lang='lat' dir='ltr'><strong>inquit,</strong></span> <span class='ocrx_word' id='word_1_462' title='bbox 2662 2989 2866 3057; x_wconf 80' lang='lat' dir='ltr'><strong>angelis</strong></span> <span class='ocrx_word' id='word_1_463' title='bbox 2893 2988 3048 3057; x_wconf 85' lang='lat' dir='ltr'><strong>plena</strong></span> <span class='ocrx_word' id='word_1_464' title='bbox 3078 2997 3226 3040; x_wconf 80' lang='lat' dir='ltr'><strong>sunt.</strong></span> <span class='ocrx_word' id='word_1_465' title='bbox 3260 2986 3414 3050; x_wconf 78' lang='lat' dir='ltr'><strong>Veni,</strong></span> 
     </span>
    </p>
   </div>
   <div class='ocr_carea' id='block_1_61' title="bbox 162 3079 3418 3163">
    <p class='ocr_par' dir='ltr' id='par_1_61' title="bbox 162 3079 3418 3163">
     <span class='ocr_line' id='line_1_61' title="bbox 162 3079 3418 3163; baseline -0.001 -31"><span class='ocrx_word' id='word_1_466' title='bbox 162 3079 329 3142; x_wconf 73' lang='grc' dir='ltr'>Θεοῦ.</span> <span class='ocrx_word' id='word_1_467' title='bbox 356 3089 411 3133; x_wconf 89' lang='lat' dir='ltr'><strong>at</strong></span> <span class='ocrx_word' id='word_1_468' title='bbox 440 3091 620 3135; x_wconf 86' lang='lat' dir='ltr'><strong>certos</strong></span> <span class='ocrx_word' id='word_1_469' title='bbox 650 3082 912 3149; x_wconf 87' lang='lat' dir='ltr'><strong>quosdam</strong></span> <span class='ocrx_word' id='word_1_470' title='bbox 942 3081 1010 3135; x_wconf 89' lang='lat' dir='ltr'><strong>iis</strong></span> <span class='ocrx_word' id='word_1_471' title='bbox 1040 3082 1283 3136; x_wconf 83' lang='lat' dir='ltr'><strong>exhiberi</strong></span> <span class='ocrx_word' id='word_1_472' title='bbox 1312 3082 1512 3147; x_wconf 86' lang='lat' dir='ltr'><strong>cultus,</strong></span> <span class='ocrx_word' id='word_1_473' title='bbox 1535 3092 1741 3138; x_wconf 85' lang='lat' dir='ltr'><strong>certas-</strong></span> <span class='ocrx_word' id='word_1_474' title='bbox 1765 3108 1807 3163; x_wconf 71' lang='grc' dir='ltr'>ο</span> <span class='ocrx_word' id='word_1_475' title='bbox 1843 3082 2068 3152; x_wconf 90' lang='lat' dir='ltr'><strong>angele:</strong></span> <span class='ocrx_word' id='word_1_476' title='bbox 2100 3081 2313 3151; x_wconf 86' lang='lat' dir='ltr'><strong>suscipe</strong></span> <span class='ocrx_word' id='word_1_477' title='bbox 2345 3095 2599 3136; x_wconf 84' lang='lat' dir='ltr'><strong>sermone</strong></span> <span class='ocrx_word' id='word_1_478' title='bbox 2636 3094 2957 3135; x_wconf 81' lang='lat' dir='ltr'><strong>conversum</strong></span> <span class='ocrx_word' id='word_1_479' title='bbox 2991 3079 3058 3132; x_wconf 88' lang='lat' dir='ltr'><strong>ab</strong></span> <span class='ocrx_word' id='word_1_480' title='bbox 3084 3093 3270 3132; x_wconf 88' lang='lat' dir='ltr'><strong>errore</strong></span> <span class='ocrx_word' id='word_1_481' title='bbox 3305 3080 3418 3146; x_wconf 90' lang='lat' dir='ltr'><strong>pri-</strong></span> 
     </span>
    </p>
   </div>
   <div class='ocr_carea' id='block_1_62' title="bbox 161 3170 1739 3241">
    <p class='ocr_par' dir='ltr' id='par_1_62' title="bbox 161 3170 1739 3241">
     <span class='ocr_line' id='line_1_62' title="bbox 161 3170 1739 3241; baseline 0.005 -20"><span class='ocrx_word' id='word_1_482' title='bbox 161 3187 272 3240; x_wconf 87' lang='lat' dir='ltr'><strong>qne</strong></span> <span class='ocrx_word' id='word_1_483' title='bbox 302 3170 451 3225; x_wconf 80' lang='lat' dir='ltr'><strong>fundi</strong></span> <span class='ocrx_word' id='word_1_484' title='bbox 469 3173 813 3241; x_wconf 88' lang='lat' dir='ltr'><strong>precationes</strong></span> <span class='ocrx_word' id='word_1_485' title='bbox 839 3173 1125 3241; x_wconf 87' lang='lat' dir='ltr'><strong>permittit,</strong></span> <span class='ocrx_word' id='word_1_486' title='bbox 1144 3184 1353 3227; x_wconf 72' lang='lat' dir='ltr'><strong>natura:</strong></span> <span class='ocrx_word' id='word_1_487' title='bbox 1378 3189 1563 3229; x_wconf 91' lang='lat' dir='ltr'><strong>eorum</strong></span> <span class='ocrx_word' id='word_1_488' title='bbox 1583 3190 1739 3229; x_wconf 83' lang='lat' dir='ltr'><strong>crea-</strong></span> 
     </span>
    </p>
   </div>
   <div class='ocr_carea' id='block_1_63' title="bbox 161 3263 1732 3332">
    <p class='ocr_par' dir='ltr' id='par_1_63' title="bbox 161 3263 1732 3332">
     <span class='ocr_line' id='line_1_63' title="bbox 161 3263 1732 3332; baseline 0.002 -17"><span class='ocrx_word' id='word_1_489' title='bbox 161 3272 234 3316; x_wconf 79' lang='lat' dir='ltr'><strong>t;e</strong></span> <span class='ocrx_word' id='word_1_490' title='bbox 253 3264 656 3326; x_wconf 79' lang='lat' dir='ltr'><strong>convenientes,</strong></span> <span class='ocrx_word' id='word_1_491' title='bbox 681 3272 739 3317; x_wconf 90' lang='lat' dir='ltr'><strong>et</strong></span> <span class='ocrx_word' id='word_1_492' title='bbox 783 3263 981 3317; x_wconf 84' lang='lat' dir='ltr'><strong>diversi</strong></span> <span class='ocrx_word' id='word_1_493' title='bbox 1015 3279 1043 3315; x_wconf 91' lang='lat' dir='ltr'><strong>a</strong></span> <span class='ocrx_word' id='word_1_494' title='bbox 1072 3263 1448 3332; x_wconf 84' lang='lat' dir='ltr'><strong>superioribus</strong></span> <span class='ocrx_word' id='word_1_495' title='bbox 1475 3265 1692 3330; x_wconf 85' lang='lat' dir='ltr'><strong>generis</strong></span> <span class='ocrx_word' id='word_1_496' title='bbox 1717 3281 1732 3318; x_wconf 88' lang='lat'><strong>:</strong></span> 
     </span>
    </p>
   </div>
   <div class='ocr_carea' id='block_1_64' title="bbox 163 3354 1736 3426">
    <p class='ocr_par' dir='ltr' id='par_1_64' title="bbox 163 3354 1736 3426">
     <span class='ocr_line' id='line_1_64' title="bbox 163 3354 1736 3426; baseline -0.002 -18"><span class='ocrx_word' id='word_1_497' title='bbox 163 3354 535 3426; x_wconf 76' lang='grc' dir='ltr'>Εὑφημοῦμεν</span> <span class='ocrx_word' id='word_1_498' title='bbox 564 3356 783 3418; x_wconf 82' lang='grc' dir='ltr'>αὐτοὺς,</span> <span class='ocrx_word' id='word_1_499' title='bbox 822 3356 996 3425; x_wconf 87' lang='lat' dir='ltr'><strong>inquit</strong></span> <span class='ocrx_word' id='word_1_500' title='bbox 1056 3354 1149 3408; x_wconf 91' lang='lat' dir='ltr'><strong>lib.</strong></span> <span class='ocrx_word' id='word_1_501' title='bbox 1195 3370 1290 3408; x_wconf 87' lang='lat' dir='ltr'><strong>vm</strong></span> <span class='ocrx_word' id='word_1_502' title='bbox 1348 3365 1530 3407; x_wconf 87' lang='lat' dir='ltr'><strong>contra</strong></span> <span class='ocrx_word' id='word_1_503' title='bbox 1558 3354 1736 3421; x_wconf 66' lang='grc' dir='ltr'>σείει,</span> 
     </span>
    </p>
   </div>
   <div class='ocr_carea' id='block_1_65' title="bbox 160 3444 1739 3518">
    <p class='ocr_par' dir='ltr' id='par_1_65' title="bbox 160 3444 1739 3518">
     <span class='ocr_line' id='line_1_65' title="bbox 160 3444 1739 3518; baseline -0.001 -16"><span class='ocrx_word' id='word_1_504' title='bbox 160 3465 317 3502; x_wconf 83' lang='lat' dir='ltr'><strong>num.</strong></span> <span class='ocrx_word' id='word_1_505' title='bbox 356 3448 445 3513; x_wconf 84' lang='grc'><strong>57,</strong></span> <span class='ocrx_word' id='word_1_506' title='bbox 475 3463 596 3517; x_wconf 80' lang='lat' dir='ltr'><strong>pag.</strong></span> <span class='ocrx_word' id='word_1_507' title='bbox 633 3446 754 3511; x_wconf 84' lang='lat'><strong>785,</strong></span> <span class='ocrx_word' id='word_1_508' title='bbox 789 3448 883 3500; x_wconf 80' lang='grc' dir='ltr'><strong>καὶ</strong></span> <span class='ocrx_word' id='word_1_509' title='bbox 906 3444 1282 3518; x_wconf 74' lang='grc' dir='ltr'>μακαρίζομεν</span> <span class='ocrx_word' id='word_1_510' title='bbox 1303 3447 1739 3518; x_wconf 75' lang='grc' dir='ltr'>ἐγχειρισθέντας</span> 
     </span>
    </p>
   </div>
   <div class='ocr_carea' id='block_1_66' title="bbox 161 3537 1737 3610">
    <p class='ocr_par' dir='ltr' id='par_1_66' title="bbox 161 3537 1737 3610">
     <span class='ocr_line' id='line_1_66' title="bbox 161 3537 1737 3610; baseline -0.001 -18"><span class='ocrx_word' id='word_1_511' title='bbox 161 3538 273 3592; x_wconf 82' lang='grc' dir='ltr'>ὑπὸ</span> <span class='ocrx_word' id='word_1_512' title='bbox 315 3538 409 3593; x_wconf 85' lang='grc' dir='ltr'><strong>τοῦ</strong></span> <span class='ocrx_word' id='word_1_513' title='bbox 446 3537 578 3591; x_wconf 80' lang='grc' dir='ltr'>θεοῦ</span> <span class='ocrx_word' id='word_1_514' title='bbox 616 3538 682 3592; x_wconf 81' lang='grc' dir='ltr'>τὰ</span> <span class='ocrx_word' id='word_1_515' title='bbox 724 3539 970 3610; x_wconf 76' lang='grc' dir='ltr'>χρήσιμα</span> <span class='ocrx_word' id='word_1_516' title='bbox 1005 3537 1083 3608; x_wconf 84' lang='grc' dir='ltr'>τῷ</span> <span class='ocrx_word' id='word_1_517' title='bbox 1098 3537 1243 3606; x_wconf 86' lang='grc' dir='ltr'>γένει</span> <span class='ocrx_word' id='word_1_518' title='bbox 1281 3538 1473 3609; x_wconf 77' lang='grc' dir='ltr'>ἡμῶν·</span> <span class='ocrx_word' id='word_1_519' title='bbox 1520 3539 1580 3590; x_wconf 83' lang='grc' dir='ltr'><strong>οὐ</strong></span> <span class='ocrx_word' id='word_1_520' title='bbox 1632 3538 1737 3610; x_wconf 84' lang='grc' dir='ltr'>μὴν</span> 
     </span>
    </p>
   </div>
   <div class='ocr_carea' id='block_1_67' title="bbox 159 3627 1734 3700">
    <p class='ocr_par' dir='ltr' id='par_1_67' title="bbox 159 3627 1734 3700">
     <span class='ocr_line' id='line_1_67' title="bbox 159 3627 1734 3700; baseline 0 -19"><span class='ocrx_word' id='word_1_521' title='bbox 159 3631 263 3700; x_wconf 85' lang='grc' dir='ltr'>τὴν</span> <span class='ocrx_word' id='word_1_522' title='bbox 288 3629 641 3699; x_wconf 78' lang='grc' dir='ltr'>ὀφειλομένην</span> <span class='ocrx_word' id='word_1_523' title='bbox 683 3629 821 3700; x_wconf 82' lang='grc' dir='ltr'>πρὸς</span> <span class='ocrx_word' id='word_1_524' title='bbox 847 3627 977 3681; x_wconf 84' lang='grc' dir='ltr'>Θεὸν</span> <span class='ocrx_word' id='word_1_525' title='bbox 1023 3629 1189 3700; x_wconf 83' lang='grc' dir='ltr'>τιμὴν</span> <span class='ocrx_word' id='word_1_526' title='bbox 1225 3627 1436 3691; x_wconf 83' lang='grc' dir='ltr'>τούτοις</span> <span class='ocrx_word' id='word_1_527' title='bbox 1467 3629 1734 3698; x_wconf 86' lang='grc' dir='ltr'>ἀπονέμο-</span> 
     </span>
    </p>
   </div>
   <div class='ocr_carea' id='block_1_68' title="bbox 163 3720 1732 3792">
    <p class='ocr_par' dir='ltr' id='par_1_68' title="bbox 163 3720 1732 3792">
     <span class='ocr_line' id='line_1_68' title="bbox 163 3720 1732 3792; baseline 0.001 -19"><span class='ocrx_word' id='word_1_528' title='bbox 163 3738 287 3792; x_wconf 85' lang='grc' dir='ltr'>μεν.</span> <span class='ocrx_word' id='word_1_529' title='bbox 316 3720 431 3774; x_wconf 84' lang='grc' dir='ltr'>Νοιι</span> <span class='ocrx_word' id='word_1_530' title='bbox 459 3721 828 3789; x_wconf 87' lang='lat' dir='ltr'><strong>precationem</strong></span> <span class='ocrx_word' id='word_1_531' title='bbox 856 3736 1007 3788; x_wconf 77' lang='lat' dir='ltr'><strong>ergo,</strong></span> <span class='ocrx_word' id='word_1_532' title='bbox 1037 3722 1130 3773; x_wconf 87' lang='lat' dir='ltr'><strong>sed</strong></span> <span class='ocrx_word' id='word_1_533' title='bbox 1164 3720 1491 3789; x_wconf 86' lang='lat' dir='ltr'><strong>precationis</strong></span> <span class='ocrx_word' id='word_1_534' title='bbox 1519 3722 1732 3775; x_wconf 87' lang='lat' dir='ltr'><strong>modum</strong></span> 
     </span>
    </p>
   </div>
   <div class='ocr_carea' id='block_1_69' title="bbox 161 3809 1733 3880">
    <p class='ocr_par' dir='ltr' id='par_1_69' title="bbox 161 3809 1733 3880">
     <span class='ocr_line' id='line_1_69' title="bbox 161 3809 1733 3880; baseline 0.002 -17"><span class='ocrx_word' id='word_1_535' title='bbox 161 3816 407 3869; x_wconf 82' lang='lat' dir='ltr'><strong>damnat.</strong></span> <span class='ocrx_word' id='word_1_536' title='bbox 444 3809 616 3878; x_wconf 85' lang='lat' dir='ltr'><strong>Hujus</strong></span> <span class='ocrx_word' id='word_1_537' title='bbox 642 3811 997 3879; x_wconf 79' lang='lat' dir='ltr'><strong>expositionis</strong></span> <span class='ocrx_word' id='word_1_538' title='bbox 1028 3812 1139 3878; x_wconf 83' lang='lat' dir='ltr'><strong>ipse</strong></span> <span class='ocrx_word' id='word_1_539' title='bbox 1166 3811 1237 3864; x_wconf 86' lang='lat' dir='ltr'><strong>sit</strong></span> <span class='ocrx_word' id='word_1_540' title='bbox 1276 3811 1581 3879; x_wconf 84' lang='lat' dir='ltr'><strong>lidejussor,</strong></span> <span class='ocrx_word' id='word_1_541' title='bbox 1604 3826 1733 3880; x_wconf 89' lang='lat' dir='ltr'><strong>ope-</strong></span> 
     </span>
    </p>
   </div>
   <div class='ocr_carea' id='block_1_70' title="bbox 162 3900 1737 3970">
    <p class='ocr_par' dir='ltr' id='par_1_70' title="bbox 162 3900 1737 3970">
     <span class='ocr_line' id='line_1_70' title="bbox 162 3900 1737 3970; baseline 0.001 -16"><span class='ocrx_word' id='word_1_542' title='bbox 162 3904 242 3954; x_wconf 87' lang='lat' dir='ltr'><strong>ris</strong></span> <span class='ocrx_word' id='word_1_543' title='bbox 275 3900 514 3969; x_wconf 87' lang='lat' dir='ltr'><strong>ejusdem</strong></span> <span class='ocrx_word' id='word_1_544' title='bbox 536 3913 719 3955; x_wconf 83' lang='lat' dir='ltr'><strong>contra</strong></span> <span class='ocrx_word' id='word_1_545' title='bbox 745 3901 953 3955; x_wconf 79' lang='lat' dir='ltr'><strong>Celsum</strong></span> <span class='ocrx_word' id='word_1_546' title='bbox 979 3901 1072 3956; x_wconf 70' lang='lat' dir='ltr'><strong>lib.</strong></span> <span class='ocrx_word' id='word_1_547' title='bbox 1107 3918 1226 3962; x_wconf 84' lang='lat' dir='ltr'><strong>vut,</strong></span> <span class='ocrx_word' id='word_1_548' title='bbox 1252 3918 1397 3955; x_wconf 91' lang='lat' dir='ltr'><strong>num.</strong></span> <span class='ocrx_word' id='word_1_549' title='bbox 1430 3903 1517 3966; x_wconf 80' lang='lat' dir='ltr'><strong>l5,</strong></span> <span class='ocrx_word' id='word_1_550' title='bbox 1548 3904 1598 3955; x_wconf 92' lang='lat' dir='ltr'><strong>in</strong></span> <span class='ocrx_word' id='word_1_551' title='bbox 1630 3917 1737 3970; x_wconf 88' lang='lat' dir='ltr'><strong>quo</strong></span> 
     </span>
    </p>
   </div>
   <div class='ocr_carea' id='block_1_71' title="bbox 159 3991 1733 4063">
    <p class='ocr_par' dir='ltr' id='par_1_71' title="bbox 159 3991 1733 4063">
     <span class='ocr_line' id='line_1_71' title="bbox 159 3991 1733 4063; baseline 0 -16"><span class='ocrx_word' id='word_1_552' title='bbox 159 3991 324 4047; x_wconf 78' lang='lat' dir='ltr'><strong>Celso</strong></span> <span class='ocrx_word' id='word_1_553' title='bbox 355 3994 712 4062; x_wconf 89' lang='lat' dir='ltr'><strong>respondens,</strong></span> <span class='ocrx_word' id='word_1_554' title='bbox 762 3994 852 4063; x_wconf 91' lang='lat' dir='ltr'><strong>qui</strong></span> <span class='ocrx_word' id='word_1_555' title='bbox 886 3994 1028 4062; x_wconf 90' lang='lat' dir='ltr'><strong>quod</strong></span> <span class='ocrx_word' id='word_1_556' title='bbox 1064 3993 1156 4046; x_wconf 90' lang='lat' dir='ltr'><strong>Dei</strong></span> <span class='ocrx_word' id='word_1_557' title='bbox 1200 3992 1393 4048; x_wconf 83' lang='lat' dir='ltr'><strong>Filium</strong></span> <span class='ocrx_word' id='word_1_558' title='bbox 1441 3993 1733 4047; x_wconf 82' lang='lat' dir='ltr'><strong>Christiani</strong></span> 
     </span>
    </p>
   </div>
   <div class='ocr_carea' id='block_1_72' title="bbox 157 4084 1736 4155">
    <p class='ocr_par' dir='ltr' id='par_1_72' title="bbox 157 4084 1736 4155">
     <span class='ocr_line' id='line_1_72' title="bbox 157 4084 1736 4155; baseline 0 -14"><span class='ocrx_word' id='word_1_559' title='bbox 157 4084 433 4150; x_wconf 88' lang='lat' dir='ltr'><strong>colerent,</strong></span> <span class='ocrx_word' id='word_1_560' title='bbox 454 4086 710 4139; x_wconf 84' lang='lat' dir='ltr'><strong>colendos</strong></span> <span class='ocrx_word' id='word_1_561' title='bbox 736 4087 803 4140; x_wconf 93' lang='lat' dir='ltr'><strong>iis</strong></span> <span class='ocrx_word' id='word_1_562' title='bbox 829 4100 1045 4155; x_wconf 91' lang='lat' dir='ltr'><strong>quoque</strong></span> <span class='ocrx_word' id='word_1_563' title='bbox 1077 4086 1355 4140; x_wconf 87' lang='lat' dir='ltr'><strong>ministros</strong></span> <span class='ocrx_word' id='word_1_564' title='bbox 1383 4087 1500 4155; x_wconf 90' lang='lat' dir='ltr'><strong>ejus</strong></span> <span class='ocrx_word' id='word_1_565' title='bbox 1532 4089 1736 4141; x_wconf 72' lang='lat' dir='ltr'><strong>dar-rno-</strong></span> 
     </span>
    </p>
   </div>
   <div class='ocr_carea' id='block_1_73' title="bbox 158 4172 1736 4246">
    <p class='ocr_par' dir='ltr' id='par_1_73' title="bbox 158 4172 1736 4246">
     <span class='ocr_line' id='line_1_73' title="bbox 158 4172 1736 4246; baseline 0 -16"><span class='ocrx_word' id='word_1_566' title='bbox 158 4191 263 4230; x_wconf 86' lang='lat' dir='ltr'><strong>nes</strong></span> <span class='ocrx_word' id='word_1_567' title='bbox 294 4176 573 4239; x_wconf 86' lang='lat' dir='ltr'><strong>nimirum.</strong></span> <span class='ocrx_word' id='word_1_568' title='bbox 603 4178 858 4232; x_wconf 78' lang='lat' dir='ltr'><strong>censebat</strong></span> <span class='ocrx_word' id='word_1_569' title='bbox 888 4194 901 4229; x_wconf 91' lang='lat'>:</span> <span class='ocrx_word' id='word_1_570' title='bbox 954 4178 1017 4230; x_wconf 84' lang='grc' dir='ltr'>Εί</span> <span class='ocrx_word' id='word_1_571' title='bbox 1053 4176 1148 4245; x_wconf 81' lang='grc' dir='ltr'><strong>μὲν</strong></span> <span class='ocrx_word' id='word_1_572' title='bbox 1174 4172 1287 4239; x_wconf 58' lang='grc' dir='ltr'>οῦκ,</span> <span class='ocrx_word' id='word_1_573' title='bbox 1339 4177 1512 4246; x_wconf 88' lang='lat' dir='ltr'><strong>inquit</strong></span> <span class='ocrx_word' id='word_1_574' title='bbox 1536 4217 1552 4241; x_wconf 93' lang='lat'><strong>,</strong></span> <span class='ocrx_word' id='word_1_575' title='bbox 1598 4178 1736 4230; x_wconf 75' lang='grc' dir='ltr'>ἐνόει</span> 
     </span>
    </p>
   </div>
   <div class='ocr_carea' id='block_1_74' title="bbox 156 4268 1733 4341">
    <p class='ocr_par' dir='ltr' id='par_1_74' title="bbox 156 4268 1733 4341">
     <span class='ocr_line' id='line_1_74' title="bbox 156 4268 1733 4341; baseline 0.001 -20"><span class='ocrx_word' id='word_1_576' title='bbox 156 4270 289 4333; x_wconf 81' lang='grc' dir='ltr'>τοὺς</span> <span class='ocrx_word' id='word_1_577' title='bbox 320 4268 536 4339; x_wconf 85' lang='grc' dir='ltr'>ἀληθῶς</span> <span class='ocrx_word' id='word_1_578' title='bbox 572 4270 844 4341; x_wconf 80' lang='grc' dir='ltr'>ὑπηρέτας</span> <span class='ocrx_word' id='word_1_579' title='bbox 866 4270 958 4323; x_wconf 79' lang='grc' dir='ltr'><strong>τοῦ</strong></span> <span class='ocrx_word' id='word_1_580' title='bbox 988 4269 1123 4322; x_wconf 85' lang='grc' dir='ltr'>Θεοῦ</span> <span class='ocrx_word' id='word_1_581' title='bbox 1164 4268 1301 4337; x_wconf 83' lang='grc' dir='ltr'><strong>μετά</strong></span> <span class='ocrx_word' id='word_1_582' title='bbox 1348 4268 1439 4322; x_wconf 79' lang='grc' dir='ltr'>τὸν</span> <span class='ocrx_word' id='word_1_583' title='bbox 1474 4271 1733 4341; x_wconf 89' lang='grc' dir='ltr'>μονογενῆ</span> 
     </span>
    </p>
   </div>
   <div class='ocr_carea' id='block_1_75' title="bbox 156 4361 1735 4436">
    <p class='ocr_par' dir='ltr' id='par_1_75' title="bbox 156 4361 1735 4436">
     <span class='ocr_line' id='line_1_75' title="bbox 156 4361 1735 4436; baseline 0.001 -21"><span class='ocrx_word' id='word_1_584' title='bbox 156 4361 257 4415; x_wconf 83' lang='grc' dir='ltr'><strong>τοῦ</strong></span> <span class='ocrx_word' id='word_1_585' title='bbox 284 4362 440 4425; x_wconf 82' lang='grc' dir='ltr'>Θεοῦ,</span> <span class='ocrx_word' id='word_1_586' title='bbox 488 4362 579 4415; x_wconf 77' lang='grc' dir='ltr'><strong>τὸν</strong></span> <span class='ocrx_word' id='word_1_587' title='bbox 634 4364 672 4415; x_wconf 90' lang='grc' dir='ltr'><strong>Γ</strong></span> <span class='ocrx_word' id='word_1_588' title='bbox 676 4362 888 4433; x_wconf 77' lang='grc' dir='ltr'>αϐριὴλ,</span> <span class='ocrx_word' id='word_1_589' title='bbox 920 4364 1013 4415; x_wconf 76' lang='grc' dir='ltr'><strong>καὶ</strong></span> <span class='ocrx_word' id='word_1_590' title='bbox 1059 4364 1147 4415; x_wconf 82' lang='grc' dir='ltr'><strong>τὸν</strong></span> <span class='ocrx_word' id='word_1_591' title='bbox 1182 4364 1422 4436; x_wconf 81' lang='grc' dir='ltr'>Μιχαὴλ,</span> <span class='ocrx_word' id='word_1_592' title='bbox 1472 4366 1564 4418; x_wconf 78' lang='grc' dir='ltr'><strong>καὶ</strong></span> <span class='ocrx_word' id='word_1_593' title='bbox 1610 4365 1735 4426; x_wconf 86' lang='grc' dir='ltr'>τοὺς</span> 
     </span>
    </p>
   </div>
   <div class='ocr_carea' id='block_1_76' title="bbox 155 4454 1733 4527">
    <p class='ocr_par' dir='ltr' id='par_1_76' title="bbox 155 4454 1733 4527">
     <span class='ocr_line' id='line_1_76' title="bbox 155 4454 1733 4527; baseline 0.003 -21"><span class='ocrx_word' id='word_1_594' title='bbox 155 4454 381 4517; x_wconf 84' lang='grc' dir='ltr'>λοιποὺς</span> <span class='ocrx_word' id='word_1_595' title='bbox 410 4455 669 4523; x_wconf 78' lang='grc' dir='ltr'>ἀγγέλους</span> <span class='ocrx_word' id='word_1_596' title='bbox 698 4495 712 4519; x_wconf 89' lang='grc'><strong>,</strong></span> <span class='ocrx_word' id='word_1_597' title='bbox 765 4457 1153 4526; x_wconf 83' lang='grc' dir='ltr'>ἀρχαγγέλους,</span> <span class='ocrx_word' id='word_1_598' title='bbox 1187 4458 1281 4510; x_wconf 83' lang='grc' dir='ltr'><strong>καὶ</strong></span> <span class='ocrx_word' id='word_1_599' title='bbox 1318 4458 1541 4521; x_wconf 88' lang='grc' dir='ltr'>τούτους</span> <span class='ocrx_word' id='word_1_600' title='bbox 1581 4458 1733 4527; x_wconf 74' lang='grc' dir='ltr'>ἔλεγε</span> 
     </span>
    </p>
   </div>
   <div class='ocr_carea' id='block_1_77' title="bbox 152 4545 1732 4621">
    <p class='ocr_par' dir='ltr' id='par_1_77' title="bbox 152 4545 1732 4621">
     <span class='ocr_line' id='line_1_77' title="bbox 152 4545 1732 4621; baseline 0.003 -23"><span class='ocrx_word' id='word_1_601' title='bbox 152 4548 272 4599; x_wconf 86' lang='grc' dir='ltr'>δεῖν</span> <span class='ocrx_word' id='word_1_602' title='bbox 304 4545 722 4618; x_wconf 81' lang='grc' dir='ltr'>θεραπεύεσθαι,</span> <span class='ocrx_word' id='word_1_603' title='bbox 758 4550 885 4611; x_wconf 80' lang='grc' dir='ltr'>ἴσως</span> <span class='ocrx_word' id='word_1_604' title='bbox 922 4548 987 4601; x_wconf 88' lang='grc' dir='ltr'><strong>ἀν</strong></span> <span class='ocrx_word' id='word_1_605' title='bbox 1020 4549 1081 4601; x_wconf 84' lang='grc' dir='ltr'><strong>τὸ</strong></span> <span class='ocrx_word' id='word_1_606' title='bbox 1114 4552 1242 4619; x_wconf 81' lang='grc' dir='ltr'>περὶ</span> <span class='ocrx_word' id='word_1_607' title='bbox 1280 4548 1374 4601; x_wconf 88' lang='grc' dir='ltr'><strong>τοῦ</strong></span> <span class='ocrx_word' id='word_1_608' title='bbox 1411 4549 1732 4621; x_wconf 78' lang='grc' dir='ltr'>θεραπεύειν</span> 
     </span>
    </p>
   </div>
   <div class='ocr_carea' id='block_1_78' title="bbox 156 4638 1735 4712">
    <p class='ocr_par' dir='ltr' id='par_1_78' title="bbox 156 4638 1735 4712">
     <span class='ocr_line' id='line_1_78' title="bbox 156 4638 1735 4712; baseline 0.003 -20"><span class='ocrx_word' id='word_1_609' title='bbox 156 4638 329 4693; x_wconf 79' lang='grc' dir='ltr'>αὑτοῦ</span> <span class='ocrx_word' id='word_1_610' title='bbox 361 4640 757 4711; x_wconf 87' lang='grc' dir='ltr'>σημαινόμενον</span> <span class='ocrx_word' id='word_1_611' title='bbox 789 4641 1215 4712; x_wconf 78' lang='grc' dir='ltr'>ἐκκαθήραντες,</span> <span class='ocrx_word' id='word_1_612' title='bbox 1250 4645 1344 4698; x_wconf 73' lang='grc' dir='ltr'><strong>καὶ</strong></span> <span class='ocrx_word' id='word_1_613' title='bbox 1378 4645 1485 4699; x_wconf 84' lang='grc' dir='ltr'><strong>τῶν</strong></span> <span class='ocrx_word' id='word_1_614' title='bbox 1512 4645 1607 4697; x_wconf 81' lang='grc' dir='ltr'><strong>τοῦ</strong></span> <span class='ocrx_word' id='word_1_615' title='bbox 1650 4644 1735 4697; x_wconf 88' lang='grc' dir='ltr'>θε-</span> 
     </span>
    </p>
   </div>
   <div class='ocr_carea' id='block_1_79' title="bbox 160 4731 1735 4805">
    <p class='ocr_par' dir='ltr' id='par_1_79' title="bbox 160 4731 1735 4805">
     <span class='ocr_line' id='line_1_79' title="bbox 160 4731 1735 4805; baseline 0.004 -20"><span class='ocrx_word' id='word_1_616' title='bbox 160 4731 495 4802; x_wconf 79' lang='grc' dir='ltr'>ραπεύοντος</span> <span class='ocrx_word' id='word_1_617' title='bbox 529 4733 779 4804; x_wconf 80' lang='grc' dir='ltr'>πράξεων</span> <span class='ocrx_word' id='word_1_618' title='bbox 801 4773 815 4794; x_wconf 83' lang='grc'><strong>,</strong></span> <span class='ocrx_word' id='word_1_619' title='bbox 864 4736 1087 4805; x_wconf 83' lang='grc' dir='ltr'>εἴπομεν</span> <span class='ocrx_word' id='word_1_620' title='bbox 1120 4734 1185 4788; x_wconf 83' lang='grc' dir='ltr'><strong>ἂν</strong></span> <span class='ocrx_word' id='word_1_621' title='bbox 1226 4739 1304 4800; x_wconf 84' lang='grc' dir='ltr'>εἰς</span> <span class='ocrx_word' id='word_1_622' title='bbox 1328 4738 1417 4790; x_wconf 82' lang='grc' dir='ltr'><strong>τὸν</strong></span> <span class='ocrx_word' id='word_1_623' title='bbox 1447 4739 1628 4799; x_wconf 83' lang='grc' dir='ltr'>τόπον,</span> <span class='ocrx_word' id='word_1_624' title='bbox 1660 4739 1735 4801; x_wconf 84' lang='grc' dir='ltr'>ὼς</span> 
     </span>
    </p>
   </div>
   <div class='ocr_carea' id='block_1_80' title="bbox 157 4825 1735 4901">
    <p class='ocr_par' dir='ltr' id='par_1_80' title="bbox 157 4825 1735 4901">
     <span class='ocr_line' id='line_1_80' title="bbox 157 4825 1735 4901; baseline 0.003 -24"><span class='ocrx_word' id='word_1_625' title='bbox 157 4842 231 4877; x_wconf 82' lang='grc' dir='ltr'><strong>πε</strong></span> <span class='ocrx_word' id='word_1_626' title='bbox 240 4825 294 4895; x_wconf 69' lang='lat' dir='ltr'><strong>pi</strong></span> <span class='ocrx_word' id='word_1_627' title='bbox 318 4825 648 4894; x_wconf 83' lang='grc' dir='ltr'>τηλικούτων</span> <span class='ocrx_word' id='word_1_628' title='bbox 672 4826 1061 4896; x_wconf 80' lang='grc' dir='ltr'>διαλεγόμενοι,</span> <span class='ocrx_word' id='word_1_629' title='bbox 1099 4828 1241 4899; x_wconf 76' lang='grc' dir='ltr'>ἅπερ</span> <span class='ocrx_word' id='word_1_630' title='bbox 1265 4830 1577 4901; x_wconf 83' lang='grc' dir='ltr'>ἐχωροῦμεν</span> <span class='ocrx_word' id='word_1_631' title='bbox 1607 4833 1735 4901; x_wconf 79' lang='grc' dir='ltr'>περὶ</span> 
     </span>
    </p>
   </div>
   <div class='ocr_carea' id='block_1_81' title="bbox 157 4916 1736 4989">
    <p class='ocr_par' dir='ltr' id='par_1_81' title="bbox 157 4916 1736 4989">
     <span class='ocr_line' id='line_1_81' title="bbox 157 4916 1736 4989; baseline 0.005 -20"><span class='ocrx_word' id='word_1_632' title='bbox 157 4916 345 4970; x_wconf 84' lang='grc' dir='ltr'>αὐτῶν</span> <span class='ocrx_word' id='word_1_633' title='bbox 372 4920 584 4988; x_wconf 78' lang='grc' dir='ltr'>νοῆσαι.</span> <span class='ocrx_word' id='word_1_634' title='bbox 618 4917 730 4970; x_wconf 76' lang='lat' dir='ltr'><strong>Vim</strong></span> <span class='ocrx_word' id='word_1_635' title='bbox 761 4920 863 4971; x_wconf 88' lang='lat' dir='ltr'><strong>loci</strong></span> <span class='ocrx_word' id='word_1_636' title='bbox 905 4922 1060 4987; x_wconf 87' lang='lat' dir='ltr'><strong>hujus</strong></span> <span class='ocrx_word' id='word_1_637' title='bbox 1110 4922 1359 4989; x_wconf 82' lang='lat' dir='ltr'><strong>frangere</strong></span> <span class='ocrx_word' id='word_1_638' title='bbox 1402 4926 1581 4977; x_wconf 84' lang='lat' dir='ltr'><strong>conati</strong></span> <span class='ocrx_word' id='word_1_639' title='bbox 1612 4935 1736 4978; x_wconf 89' lang='lat' dir='ltr'><strong>sunt</strong></span> 
     </span>
    </p>
   </div>
   <div class='ocr_carea' id='block_1_82' title="bbox 159 5007 1732 5074">
    <p class='ocr_par' dir='ltr' id='par_1_82' title="bbox 159 5007 1732 5074">
     <span class='ocr_line' id='line_1_82' title="bbox 159 5007 1732 5074; baseline 0.006 -15"><span class='ocrx_word' id='word_1_640' title='bbox 159 5008 477 5059; x_wconf 79' lang='lat' dir='ltr'><strong>heterodoxi</strong></span> <span class='ocrx_word' id='word_1_641' title='bbox 499 5007 714 5074; x_wconf 88' lang='lat' dir='ltr'><strong>quidam</strong></span> <span class='ocrx_word' id='word_1_642' title='bbox 735 5020 1028 5071; x_wconf 81' lang='lat' dir='ltr'><strong>nostrates,</strong></span> <span class='ocrx_word' id='word_1_643' title='bbox 1056 5011 1149 5063; x_wconf 89' lang='lat' dir='ltr'><strong>sed</strong></span> <span class='ocrx_word' id='word_1_644' title='bbox 1189 5010 1401 5065; x_wconf 88' lang='lat' dir='ltr'><strong>elIicere</strong></span> <span class='ocrx_word' id='word_1_645' title='bbox 1434 5026 1732 5071; x_wconf 86' lang='lat' dir='ltr'><strong>tamennon</strong></span> 
     </span>
    </p>
   </div>
   <div class='ocr_carea' id='block_1_83' title="bbox 157 5100 1733 5177">
    <p class='ocr_par' dir='ltr' id='par_1_83' title="bbox 157 5100 1733 5177">
     <span class='ocr_line' id='line_1_83' title="bbox 157 5100 1733 5177; baseline 0.008 -28"><span class='ocrx_word' id='word_1_646' title='bbox 157 5109 497 5168; x_wconf 76' lang='lat' dir='ltr'><strong>potuerunt,</strong></span> <span class='ocrx_word' id='word_1_647' title='bbox 530 5102 661 5167; x_wconf 89' lang='lat' dir='ltr'><strong>quin</strong></span> <span class='ocrx_word' id='word_1_648' title='bbox 708 5101 921 5168; x_wconf 86' lang='lat' dir='ltr'><strong>aliquod</strong></span> <span class='ocrx_word' id='word_1_649' title='bbox 975 5100 1273 5173; x_wconf 80' lang='grc' dir='ltr'>θεραπείας</span> <span class='ocrx_word' id='word_1_650' title='bbox 1303 5119 1471 5173; x_wconf 90' lang='lat' dir='ltr'><strong>genus</strong></span> <span class='ocrx_word' id='word_1_651' title='bbox 1528 5109 1733 5177; x_wconf 86' lang='lat' dir='ltr'><strong>angelis</strong></span> 
     </span>
    </p>
   </div>
   <div class='ocr_carea' id='block_1_84' title="bbox 161 5192 1731 5262">
    <p class='ocr_par' dir='ltr' id='par_1_84' title="bbox 161 5192 1731 5262">
     <span class='ocr_line' id='line_1_84' title="bbox 161 5192 1731 5262; baseline 0.008 -19"><span class='ocrx_word' id='word_1_652' title='bbox 161 5192 503 5245; x_wconf 86' lang='lat' dir='ltr'><strong>concessisse</strong></span> <span class='ocrx_word' id='word_1_653' title='bbox 541 5192 827 5260; x_wconf 82' lang='lat' dir='ltr'><strong>Urigenem</strong></span> <span class='ocrx_word' id='word_1_654' title='bbox 870 5208 933 5246; x_wconf 82' lang='lat' dir='ltr'><strong>ex</strong></span> <span class='ocrx_word' id='word_1_655' title='bbox 969 5193 1051 5247; x_wconf 84' lang='lat' dir='ltr'><strong>Itis</strong></span> <span class='ocrx_word' id='word_1_656' title='bbox 1078 5198 1244 5262; x_wconf 85' lang='lat' dir='ltr'><strong>ipsius</strong></span> <span class='ocrx_word' id='word_1_657' title='bbox 1283 5199 1464 5251; x_wconf 81' lang='lat' dir='ltr'><strong>verbis</strong></span> <span class='ocrx_word' id='word_1_658' title='bbox 1498 5199 1731 5255; x_wconf 88' lang='lat' dir='ltr'><strong>manife-</strong></span> 
     </span>
    </p>
   </div>
   <div class='ocr_carea' id='block_1_85' title="bbox 160 5283 1732 5359">
    <p class='ocr_par' dir='ltr' id='par_1_85' title="bbox 160 5283 1732 5359">
     <span class='ocr_line' id='line_1_85' title="bbox 160 5283 1732 5359; baseline 0.008 -25"><span class='ocrx_word' id='word_1_659' title='bbox 160 5293 310 5335; x_wconf 88' lang='lat' dir='ltr'><strong>stum</strong></span> <span class='ocrx_word' id='word_1_660' title='bbox 337 5283 440 5347; x_wconf 92' lang='lat' dir='ltr'><strong>sit;</strong></span> <span class='ocrx_word' id='word_1_661' title='bbox 467 5297 530 5337; x_wconf 90' lang='lat' dir='ltr'><strong>eo</strong></span> <span class='ocrx_word' id='word_1_662' title='bbox 549 5298 739 5351; x_wconf 88' lang='lat' dir='ltr'><strong>nempe</strong></span> <span class='ocrx_word' id='word_1_663' title='bbox 762 5283 1058 5355; x_wconf 81' lang='grc' dir='ltr'>θεραπείας</span> <span class='ocrx_word' id='word_1_664' title='bbox 1087 5301 1284 5355; x_wconf 87' lang='lat' dir='ltr'><strong>genere</strong></span> <span class='ocrx_word' id='word_1_665' title='bbox 1318 5289 1569 5356; x_wconf 84' lang='lat' dir='ltr'><strong>inferius,</strong></span> <span class='ocrx_word' id='word_1_666' title='bbox 1592 5295 1732 5359; x_wconf 90' lang='lat' dir='ltr'><strong>quod</strong></span> 
     </span>
    </p>
   </div>
   <div class='ocr_carea' id='block_1_86' title="bbox 166 5373 1734 5442">
    <p class='ocr_par' dir='ltr' id='par_1_86' title="bbox 166 5373 1734 5442">
     <span class='ocr_line' id='line_1_86' title="bbox 166 5373 1734 5442; baseline 0.008 -14"><span class='ocrx_word' id='word_1_667' title='bbox 166 5377 279 5428; x_wconf 86' lang='lat' dir='ltr'><strong>Deo</strong></span> <span class='ocrx_word' id='word_1_668' title='bbox 304 5373 405 5428; x_wconf 89' lang='lat' dir='ltr'><strong>soli</strong></span> <span class='ocrx_word' id='word_1_669' title='bbox 439 5375 803 5429; x_wconf 77' lang='lat' dir='ltr'><strong>exhibendum</strong></span> <span class='ocrx_word' id='word_1_670' title='bbox 830 5387 932 5431; x_wconf 87' lang='lat' dir='ltr'><strong>est.</strong></span> <span class='ocrx_word' id='word_1_671' title='bbox 953 5377 1177 5432; x_wconf 86' lang='lat' dir='ltr'><strong>Frustra</strong></span> <span class='ocrx_word' id='word_1_672' title='bbox 1200 5391 1377 5435; x_wconf 89' lang='lat' dir='ltr'><strong>autem</strong></span> <span class='ocrx_word' id='word_1_673' title='bbox 1400 5386 1734 5442; x_wconf 89' lang='lat' dir='ltr'><strong>contendunt</strong></span> 
     </span>
    </p>
   </div>
   <div class='ocr_carea' id='block_1_87' title="bbox 236 5529 1738 5602">
    <p class='ocr_par' dir='ltr' id='par_1_87' title="bbox 236 5529 1738 5602">
     <span class='ocr_line' id='line_1_87' title="bbox 236 5529 1738 5602; baseline 0.009 -19"><span class='ocrx_word' id='word_1_674' title='bbox 236 5529 350 5597; x_wconf 78' lang='grc'><strong>(⁸55)</strong></span> <span class='ocrx_word' id='word_1_675' title='bbox 390 5533 588 5586; x_wconf 75' lang='lat' dir='ltr'><strong>Eadem</strong></span> <span class='ocrx_word' id='word_1_676' title='bbox 625 5534 869 5587; x_wconf 78' lang='lat' dir='ltr'><strong>cautione</strong></span> <span class='ocrx_word' id='word_1_677' title='bbox 897 5536 1095 5589; x_wconf 72' lang='lat' dir='ltr'><strong>cultum</strong></span> <span class='ocrx_word' id='word_1_678' title='bbox 1139 5547 1185 5589; x_wconf 84' lang='lat' dir='ltr'><strong>et</strong></span> <span class='ocrx_word' id='word_1_679' title='bbox 1218 5555 1392 5602; x_wconf 80' lang='lat' dir='ltr'><strong>preces</strong></span> <span class='ocrx_word' id='word_1_680' title='bbox 1450 5540 1556 5594; x_wconf 78' lang='grc' dir='ltr'><strong>ι]εο</strong></span> <span class='ocrx_word' id='word_1_681' title='bbox 1588 5541 1738 5597; x_wconf 74' lang='lat' dir='ltr'><strong>Patri</strong></span> 
     </span>
    </p>
   </div>
   <div class='ocr_carea' id='block_1_88' title="bbox 159 5603 1733 5677">
    <p class='ocr_par' dir='ltr' id='par_1_88' title="bbox 159 5603 1733 5677">
     <span class='ocr_line' id='line_1_88' title="bbox 159 5603 1733 5677; baseline 0.009 -24"><span class='ocrx_word' id='word_1_682' title='bbox 159 5603 480 5677; x_wconf 68' lang='lat' dir='ltr'><strong>ollerertdas,</strong></span> <span class='ocrx_word' id='word_1_683' title='bbox 510 5621 542 5677; x_wconf 88' lang='lat' dir='ltr'><strong>_a</strong></span> <span class='ocrx_word' id='word_1_684' title='bbox 563 5606 797 5671; x_wconf 80' lang='lat' dir='ltr'><strong>precibus</strong></span> <span class='ocrx_word' id='word_1_685' title='bbox 828 5604 967 5659; x_wconf 76' lang='lat' dir='ltr'><strong>Filio</strong></span> <span class='ocrx_word' id='word_1_686' title='bbox 1007 5608 1295 5676; x_wconf 77' lang='lat' dir='ltr'><strong>ollegmrdis</strong></span> <span class='ocrx_word' id='word_1_687' title='bbox 1320 5610 1543 5664; x_wconf 78' lang='lat' dir='ltr'><strong>discerni</strong></span> <span class='ocrx_word' id='word_1_688' title='bbox 1569 5613 1733 5677; x_wconf 78' lang='lat' dir='ltr'><strong>jubet,</strong></span> 
     </span>
    </p>
   </div>
   <div class='ocr_carea' id='block_1_89' title="bbox 163 5671 1726 5743">
    <p class='ocr_par' dir='ltr' id='par_1_89' title="bbox 163 5671 1726 5743">
     <span class='ocr_line' id='line_1_89' title="bbox 163 5671 1726 5743; baseline 0.008 -22"><span class='ocrx_word' id='word_1_689' title='bbox 163 5688 272 5725; x_wconf 72' lang='grc' dir='ltr'>ιιιο.</span> <span class='ocrx_word' id='word_1_690' title='bbox 310 5671 442 5725; x_wconf 80' lang='lat' dir='ltr'><strong>Vide</strong></span> <span class='ocrx_word' id='word_1_691' title='bbox 471 5675 880 5728; x_wconf 72' lang='lat' dir='ltr'><strong>obserVatioues</strong></span> <span class='ocrx_word' id='word_1_692' title='bbox 914 5671 1130 5729; x_wconf 74' lang='lat' dir='ltr'><strong>nostras</strong></span> <span class='ocrx_word' id='word_1_693' title='bbox 1156 5680 1205 5729; x_wconf 88' lang='lat' dir='ltr'><strong>in</strong></span> <span class='ocrx_word' id='word_1_694' title='bbox 1238 5692 1429 5743; x_wconf 69' lang='lat' dir='ltr'><strong>qttztast.</strong></span> <span class='ocrx_word' id='word_1_695' title='bbox 1467 5681 1520 5742; x_wconf 74' lang='lat'><strong>‘2,</strong></span> <span class='ocrx_word' id='word_1_696' title='bbox 1569 5671 1726 5737; x_wconf 62' lang='lat' dir='ltr'><strong>itum.</strong></span> 
     </span>
    </p>
   </div>
   <div class='ocr_carea' id='block_1_90' title="bbox 166 5744 1723 5817">
    <p class='ocr_par' dir='ltr' id='par_1_90' title="bbox 166 5744 1723 5817">
     <span class='ocr_line' id='line_1_90' title="bbox 166 5744 1723 5817; baseline 0.008 -21"><span class='ocrx_word' id='word_1_697' title='bbox 166 5746 256 5805; x_wconf 66' lang='grc' dir='ltr'><strong>λυ,</strong></span> <span class='ocrx_word' id='word_1_698' title='bbox 283 5749 348 5797; x_wconf 88' lang='lat' dir='ltr'><strong>ad</strong></span> <span class='ocrx_word' id='word_1_699' title='bbox 373 5745 486 5799; x_wconf 68' lang='lat' dir='ltr'><strong>haec</strong></span> <span class='ocrx_word' id='word_1_700' title='bbox 510 5744 668 5799; x_wconf 85' lang='lat' dir='ltr'><strong>verba</strong></span> <span class='ocrx_word' id='word_1_701' title='bbox 698 5764 709 5799; x_wconf 83' lang='grc'><strong>;</strong></span> <span class='ocrx_word' id='word_1_702' title='bbox 743 5764 759 5795; x_wconf 87' lang='grc' dir='ltr'><strong>ι</strong></span> <span class='ocrx_word' id='word_1_703' title='bbox 801 5749 926 5812; x_wconf 77' lang='lat' dir='ltr'><strong>Qua:</strong></span> <span class='ocrx_word' id='word_1_704' title='bbox 957 5749 1170 5817; x_wconf 84' lang='lat' dir='ltr'><strong>quidem</strong></span> <span class='ocrx_word' id='word_1_705' title='bbox 1201 5749 1429 5804; x_wconf 84' lang='lat' dir='ltr'><strong>absurda</strong></span> <span class='ocrx_word' id='word_1_706' title='bbox 1452 5764 1530 5806; x_wconf 83' lang='lat' dir='ltr'><strong>est</strong></span> <span class='ocrx_word' id='word_1_707' title='bbox 1554 5763 1608 5808; x_wconf 90' lang='lat' dir='ltr'><strong>et</strong></span> <span class='ocrx_word' id='word_1_708' title='bbox 1642 5770 1723 5809; x_wconf 84' lang='lat' dir='ltr'><strong>se-</strong></span> 
     </span>
    </p>
   </div>
   <div class='ocr_carea' id='block_1_91' title="bbox 1841 3167 3415 3239">
    <p class='ocr_par' dir='ltr' id='par_1_91' title="bbox 1841 3167 3415 3239">
     <span class='ocr_line' id='line_1_91' title="bbox 1841 3167 3415 3239; baseline -0.007 -7"><span class='ocrx_word' id='word_1_709' title='bbox 1841 3178 2007 3239; x_wconf 90' lang='lat' dir='ltr'><strong>stino,</strong></span> <span class='ocrx_word' id='word_1_710' title='bbox 2044 3190 2075 3227; x_wconf 86' lang='lat' dir='ltr'><strong>a</strong></span> <span class='ocrx_word' id='word_1_711' title='bbox 2116 3175 2360 3230; x_wconf 81' lang='lat' dir='ltr'><strong>doctrina</strong></span> <span class='ocrx_word' id='word_1_712' title='bbox 2395 3173 2810 3236; x_wconf 63' lang='lat' dir='ltr'><strong>dmmoniorum,</strong></span> <span class='ocrx_word' id='word_1_713' title='bbox 2839 3170 2906 3223; x_wconf 89' lang='lat' dir='ltr'><strong>ab</strong></span> <span class='ocrx_word' id='word_1_714' title='bbox 2937 3170 3224 3239; x_wconf 83' lang='lat' dir='ltr'><strong>iniquitate</strong></span> <span class='ocrx_word' id='word_1_715' title='bbox 3253 3169 3306 3222; x_wconf 91' lang='lat' dir='ltr'><strong>in</strong></span> <span class='ocrx_word' id='word_1_716' title='bbox 3332 3167 3415 3221; x_wconf 85' lang='lat' dir='ltr'><strong>al-</strong></span> 
     </span>
    </p>
   </div>
   <div class='ocr_carea' id='block_1_92' title="bbox 1842 3260 3417 3339">
    <p class='ocr_par' dir='ltr' id='par_1_92' title="bbox 1842 3260 3417 3339">
     <span class='ocr_line' id='line_1_92' title="bbox 1842 3260 3417 3339; baseline -0.008 -16"><span class='ocrx_word' id='word_1_717' title='bbox 1842 3282 1953 3323; x_wconf 87' lang='lat' dir='ltr'><strong>tuut</strong></span> <span class='ocrx_word' id='word_1_718' title='bbox 1981 3272 2230 3339; x_wconf 86' lang='lat' dir='ltr'><strong>loquente</strong></span> <span class='ocrx_word' id='word_1_719' title='bbox 2264 3287 2276 3320; x_wconf 90' lang='lat'><strong>:</strong></span> <span class='ocrx_word' id='word_1_720' title='bbox 2314 3266 2616 3336; x_wconf 87' lang='lat' dir='ltr'><strong>suscipiens</strong></span> <span class='ocrx_word' id='word_1_721' title='bbox 2633 3278 2756 3317; x_wconf 90' lang='lat' dir='ltr'><strong>eum</strong></span> <span class='ocrx_word' id='word_1_722' title='bbox 2782 3263 2939 3331; x_wconf 87' lang='lat' dir='ltr'><strong>quasi</strong></span> <span class='ocrx_word' id='word_1_723' title='bbox 2966 3262 3210 3315; x_wconf 87' lang='lat' dir='ltr'><strong>medicus</strong></span> <span class='ocrx_word' id='word_1_724' title='bbox 3239 3260 3417 3314; x_wconf 87' lang='lat' dir='ltr'><strong>bonus</strong></span> 
     </span>
    </p>
   </div>
   <div class='ocr_carea' id='block_1_93' title="bbox 1841 3353 3416 3432">
    <p class='ocr_par' dir='ltr' id='par_1_93' title="bbox 1841 3353 3416 3432">
     <span class='ocr_line' id='line_1_93' title="bbox 1841 3353 3416 3432; baseline -0.01 -12"><span class='ocrx_word' id='word_1_725' title='bbox 1841 3365 2067 3420; x_wconf 71' lang='lat' dir='ltr'><strong>confore</strong></span> <span class='ocrx_word' id='word_1_726' title='bbox 2090 3375 2251 3432; x_wconf 86' lang='lat' dir='ltr'><strong>atque</strong></span> <span class='ocrx_word' id='word_1_727' title='bbox 2279 3362 2503 3416; x_wconf 87' lang='lat' dir='ltr'><strong>institue</strong></span> <span class='ocrx_word' id='word_1_728' title='bbox 2530 3377 2545 3424; x_wconf 89' lang='lat'><strong>;</strong></span> <span class='ocrx_word' id='word_1_729' title='bbox 2580 3357 2838 3426; x_wconf 88' lang='lat' dir='ltr'><strong>parvulus</strong></span> <span class='ocrx_word' id='word_1_730' title='bbox 2867 3364 2973 3417; x_wconf 90' lang='lat' dir='ltr'><strong>est,</strong></span> <span class='ocrx_word' id='word_1_731' title='bbox 3008 3354 3167 3409; x_wconf 88' lang='lat' dir='ltr'><strong>hodie</strong></span> <span class='ocrx_word' id='word_1_732' title='bbox 3227 3353 3416 3407; x_wconf 89' lang='lat' dir='ltr'><strong>nasci-</strong></span> 
     </span>
    </p>
   </div>
   <div class='ocr_carea' id='block_1_94' title="bbox 1842 3445 3417 3522">
    <p class='ocr_par' dir='ltr' id='par_1_94' title="bbox 1842 3445 3417 3522">
     <span class='ocr_line' id='line_1_94' title="bbox 1842 3445 3417 3522; baseline -0.006 -12"><span class='ocrx_word' id='word_1_733' title='bbox 1842 3467 1929 3510; x_wconf 89' lang='lat' dir='ltr'><strong>tur</strong></span> <span class='ocrx_word' id='word_1_734' title='bbox 1952 3471 2112 3510; x_wconf 78' lang='lat' dir='ltr'><strong>senex</strong></span> <span class='ocrx_word' id='word_1_735' title='bbox 2153 3466 2545 3522; x_wconf 83' lang='lat' dir='ltr'><strong>repuerasccns</strong></span> <span class='ocrx_word' id='word_1_736' title='bbox 2577 3468 2590 3504; x_wconf 91' lang='lat'>:</span> <span class='ocrx_word' id='word_1_737' title='bbox 2619 3460 2673 3503; x_wconf 89' lang='lat' dir='ltr'><strong>et</strong></span> <span class='ocrx_word' id='word_1_738' title='bbox 2715 3449 2931 3516; x_wconf 87' lang='lat' dir='ltr'><strong>suscipe</strong></span> <span class='ocrx_word' id='word_1_739' title='bbox 2964 3446 3206 3500; x_wconf 89' lang='lat' dir='ltr'><strong>tribuens</strong></span> <span class='ocrx_word' id='word_1_740' title='bbox 3237 3446 3285 3499; x_wconf 89' lang='lat' dir='ltr'><strong>ei</strong></span> <span class='ocrx_word' id='word_1_741' title='bbox 3320 3445 3417 3501; x_wconf 82' lang='lat' dir='ltr'><strong>ba-</strong></span> 
     </span>
    </p>
   </div>
   <div class='ocr_carea' id='block_1_95' title="bbox 1846 3538 3417 3617">
    <p class='ocr_par' dir='ltr' id='par_1_95' title="bbox 1846 3538 3417 3617">
     <span class='ocr_line' id='line_1_95' title="bbox 1846 3538 3417 3617; baseline -0.006 -15"><span class='ocrx_word' id='word_1_742' title='bbox 1846 3551 2102 3617; x_wconf 87' lang='lat' dir='ltr'><strong>ptismum</strong></span> <span class='ocrx_word' id='word_1_743' title='bbox 2121 3548 2371 3602; x_wconf 76' lang='lat' dir='ltr'><strong>secunda:</strong></span> <span class='ocrx_word' id='word_1_744' title='bbox 2388 3542 2835 3614; x_wconf 85' lang='lat' dir='ltr'><strong>regenerationis,</strong></span> <span class='ocrx_word' id='word_1_745' title='bbox 2859 3549 2912 3594; x_wconf 89' lang='lat' dir='ltr'><strong>et</strong></span> <span class='ocrx_word' id='word_1_746' title='bbox 2936 3539 3137 3594; x_wconf 81' lang='lat' dir='ltr'><strong>advoca</strong></span> <span class='ocrx_word' id='word_1_747' title='bbox 3165 3539 3256 3594; x_wconf 85' lang='lat' dir='ltr'><strong>tibi</strong></span> <span class='ocrx_word' id='word_1_748' title='bbox 3280 3538 3417 3593; x_wconf 86' lang='lat' dir='ltr'><strong>alios</strong></span> 
     </span>
    </p>
   </div>
   <div class='ocr_carea' id='block_1_96' title="bbox 1839 3629 3416 3705">
    <p class='ocr_par' dir='ltr' id='par_1_96' title="bbox 1839 3629 3416 3705">
     <span class='ocr_line' id='line_1_96' title="bbox 1839 3629 3416 3705; baseline -0.01 -8"><span class='ocrx_word' id='word_1_749' title='bbox 1839 3629 2016 3697; x_wconf 83' lang='lat' dir='ltr'><strong>socios</strong></span> <span class='ocrx_word' id='word_1_750' title='bbox 2061 3640 2350 3695; x_wconf 83' lang='lat' dir='ltr'><strong>ministerii</strong></span> <span class='ocrx_word' id='word_1_751' title='bbox 2381 3640 2485 3703; x_wconf 89' lang='lat' dir='ltr'><strong>tni,</strong></span> <span class='ocrx_word' id='word_1_752' title='bbox 2531 3648 2591 3691; x_wconf 91' lang='lat' dir='ltr'><strong>ut</strong></span> <span class='ocrx_word' id='word_1_753' title='bbox 2622 3637 2804 3692; x_wconf 93' lang='lat' dir='ltr'><strong>cuncti</strong></span> <span class='ocrx_word' id='word_1_754' title='bbox 2838 3634 3041 3705; x_wconf 87' lang='lat' dir='ltr'><strong>pariter</strong></span> <span class='ocrx_word' id='word_1_755' title='bbox 3070 3647 3165 3686; x_wconf 90' lang='lat' dir='ltr'><strong>eos</strong></span> <span class='ocrx_word' id='word_1_756' title='bbox 3194 3631 3285 3699; x_wconf 93' lang='lat' dir='ltr'><strong>qui</strong></span> <span class='ocrx_word' id='word_1_757' title='bbox 3313 3631 3416 3683; x_wconf 85' lang='lat' dir='ltr'><strong>ali-</strong></span> 
     </span>
    </p>
   </div>
   <div class='ocr_carea' id='block_1_97' title="bbox 1839 3723 3416 3803">
    <p class='ocr_par' dir='ltr' id='par_1_97' title="bbox 1839 3723 3416 3803">
     <span class='ocr_line' id='line_1_97' title="bbox 1839 3723 3416 3803; baseline -0.008 -16"><span class='ocrx_word' id='word_1_758' title='bbox 1839 3736 2057 3803; x_wconf 85' lang='lat' dir='ltr'><strong>quando</strong></span> <span class='ocrx_word' id='word_1_759' title='bbox 2112 3732 2320 3801; x_wconf 90' lang='lat' dir='ltr'><strong>decepti</strong></span> <span class='ocrx_word' id='word_1_760' title='bbox 2382 3739 2535 3793; x_wconf 90' lang='lat' dir='ltr'><strong>sunt,</strong></span> <span class='ocrx_word' id='word_1_761' title='bbox 2590 3727 2858 3782; x_wconf 89' lang='lat' dir='ltr'><strong>erudiatis</strong></span> <span class='ocrx_word' id='word_1_762' title='bbox 2895 3726 2961 3779; x_wconf 90' lang='lat' dir='ltr'><strong>ad</strong></span> <span class='ocrx_word' id='word_1_763' title='bbox 3015 3724 3193 3777; x_wconf 79' lang='lat' dir='ltr'><strong>iidem.</strong></span> <span class='ocrx_word' id='word_1_764' title='bbox 3233 3741 3252 3775; x_wconf 77' lang='grc' dir='ltr'><strong>ι</strong></span> <span class='ocrx_word' id='word_1_765' title='bbox 3285 3723 3416 3789; x_wconf 79' lang='lat' dir='ltr'><strong>Quae</strong></span> 
     </span>
    </p>
   </div>
   <div class='ocr_carea' id='block_1_98' title="bbox 1838 3818 3412 3895">
    <p class='ocr_par' dir='ltr' id='par_1_98' title="bbox 1838 3818 3412 3895">
     <span class='ocr_line' id='line_1_98' title="bbox 1838 3818 3412 3895; baseline -0.009 -16"><span class='ocrx_word' id='word_1_766' title='bbox 1838 3825 2085 3895; x_wconf 89' lang='lat' dir='ltr'><strong>quamvis</strong></span> <span class='ocrx_word' id='word_1_767' title='bbox 2113 3824 2225 3878; x_wconf 88' lang='lat' dir='ltr'><strong>sole</strong></span> <span class='ocrx_word' id='word_1_768' title='bbox 2255 3824 2369 3892; x_wconf 92' lang='lat' dir='ltr'><strong>ipso</strong></span> <span class='ocrx_word' id='word_1_769' title='bbox 2400 3821 2634 3876; x_wconf 87' lang='lat' dir='ltr'><strong>clariora</strong></span> <span class='ocrx_word' id='word_1_770' title='bbox 2669 3820 2798 3879; x_wconf 87' lang='lat' dir='ltr'><strong>sint,</strong></span> <span class='ocrx_word' id='word_1_771' title='bbox 2826 3818 3090 3870; x_wconf 88' lang='lat' dir='ltr'><strong>adversus</strong></span> <span class='ocrx_word' id='word_1_772' title='bbox 3126 3828 3190 3868; x_wconf 89' lang='lat' dir='ltr'><strong>ea</strong></span> <span class='ocrx_word' id='word_1_773' title='bbox 3227 3822 3412 3867; x_wconf 89' lang='lat' dir='ltr'><strong>tamen</strong></span> 
     </span>
    </p>
   </div>
   <div class='ocr_carea' id='block_1_99' title="bbox 1838 3907 3416 3987">
    <p class='ocr_par' dir='ltr' id='par_1_99' title="bbox 1838 3907 3416 3987">
     <span class='ocr_line' id='line_1_99' title="bbox 1838 3907 3416 3987; baseline -0.007 -18"><span class='ocrx_word' id='word_1_774' title='bbox 1838 3916 2189 3987; x_wconf 78' lang='lat' dir='ltr'><strong>pra-scribere</strong></span> <span class='ocrx_word' id='word_1_775' title='bbox 2214 3931 2320 3969; x_wconf 88' lang='lat' dir='ltr'><strong>non</strong></span> <span class='ocrx_word' id='word_1_776' title='bbox 2353 3914 2675 3968; x_wconf 84' lang='lat' dir='ltr'><strong>dubitarunt</strong></span> <span class='ocrx_word' id='word_1_777' title='bbox 2710 3913 2874 3966; x_wconf 88' lang='lat' dir='ltr'><strong>iidem</strong></span> <span class='ocrx_word' id='word_1_778' title='bbox 2910 3910 3002 3979; x_wconf 86' lang='lat' dir='ltr'><strong>qui</strong></span> <span class='ocrx_word' id='word_1_779' title='bbox 3054 3922 3217 3977; x_wconf 88' lang='lat' dir='ltr'><strong>supra</strong></span> <span class='ocrx_word' id='word_1_780' title='bbox 3264 3907 3416 3959; x_wconf 89' lang='lat' dir='ltr'><strong>hete-</strong></span> 
     </span>
    </p>
   </div>
   <div class='ocr_carea' id='block_1_100' title="bbox 1839 3997 3414 4075">
    <p class='ocr_par' dir='ltr' id='par_1_100' title="bbox 1839 3997 3414 4075">
     <span class='ocr_line' id='line_1_100' title="bbox 1839 3997 3414 4075; baseline -0.008 -13"><span class='ocrx_word' id='word_1_781' title='bbox 1839 4009 2049 4075; x_wconf 76' lang='lat' dir='ltr'><strong>rodoxi,</strong></span> <span class='ocrx_word' id='word_1_782' title='bbox 2084 4018 2140 4063; x_wconf 92' lang='lat' dir='ltr'><strong>et</strong></span> <span class='ocrx_word' id='word_1_783' title='bbox 2175 4006 2467 4061; x_wconf 89' lang='lat' dir='ltr'><strong>testimonii</strong></span> <span class='ocrx_word' id='word_1_784' title='bbox 2496 4006 2846 4073; x_wconf 82' lang='lat' dir='ltr'><strong>gravitatem,</strong></span> <span class='ocrx_word' id='word_1_785' title='bbox 2879 4017 2983 4071; x_wconf 91' lang='lat' dir='ltr'><strong>qua</strong></span> <span class='ocrx_word' id='word_1_786' title='bbox 3018 4013 3078 4055; x_wconf 86' lang='lat' dir='ltr'><strong>se</strong></span> <span class='ocrx_word' id='word_1_787' title='bbox 3109 3997 3265 4054; x_wconf 91' lang='lat' dir='ltr'><strong>obrui</strong></span> <span class='ocrx_word' id='word_1_788' title='bbox 3291 4012 3414 4051; x_wconf 85' lang='lat' dir='ltr'><strong>sen-</strong></span> 
     </span>
    </p>
   </div>
   <div class='ocr_carea' id='block_1_101' title="bbox 1840 4088 3411 4167">
    <p class='ocr_par' dir='ltr' id='par_1_101' title="bbox 1840 4088 3411 4167">
     <span class='ocr_line' id='line_1_101' title="bbox 1840 4088 3411 4167; baseline -0.008 -14"><span class='ocrx_word' id='word_1_789' title='bbox 1840 4101 2066 4158; x_wconf 84' lang='lat' dir='ltr'><strong>tiebant.</strong></span> <span class='ocrx_word' id='word_1_790' title='bbox 2103 4098 2301 4167; x_wconf 88' lang='lat' dir='ltr'><strong>duplici</strong></span> <span class='ocrx_word' id='word_1_791' title='bbox 2331 4096 2683 4164; x_wconf 90' lang='lat' dir='ltr'><strong>responsione</strong></span> <span class='ocrx_word' id='word_1_792' title='bbox 2713 4094 2959 4159; x_wconf 89' lang='lat' dir='ltr'><strong>elevare;</strong></span> <span class='ocrx_word' id='word_1_793' title='bbox 2995 4092 3169 4162; x_wconf 88' lang='lat' dir='ltr'><strong>prima</strong></span> <span class='ocrx_word' id='word_1_794' title='bbox 3192 4088 3411 4159; x_wconf 89' lang='lat' dir='ltr'><strong>quidem</strong></span> 
     </span>
    </p>
   </div>
   <div class='ocr_carea' id='block_1_102' title="bbox 1840 4180 3411 4258">
    <p class='ocr_par' dir='ltr' id='par_1_102' title="bbox 1840 4180 3411 4258">
     <span class='ocr_line' id='line_1_102' title="bbox 1840 4180 3411 4258; baseline -0.008 -14"><span class='ocrx_word' id='word_1_795' title='bbox 1840 4192 1961 4255; x_wconf 86' lang='lat' dir='ltr'><strong>hac,</strong></span> <span class='ocrx_word' id='word_1_796' title='bbox 1987 4206 2094 4243; x_wconf 92' lang='lat' dir='ltr'><strong>non</strong></span> <span class='ocrx_word' id='word_1_797' title='bbox 2119 4190 2370 4258; x_wconf 89' lang='lat' dir='ltr'><strong>religiosa</strong></span> <span class='ocrx_word' id='word_1_798' title='bbox 2400 4188 2511 4242; x_wconf 91' lang='lat' dir='ltr'><strong>illic</strong></span> <span class='ocrx_word' id='word_1_799' title='bbox 2534 4187 2785 4256; x_wconf 88' lang='lat' dir='ltr'><strong>angelum</strong></span> <span class='ocrx_word' id='word_1_800' title='bbox 2819 4186 3130 4253; x_wconf 88' lang='lat' dir='ltr'><strong>precatione</strong></span> <span class='ocrx_word' id='word_1_801' title='bbox 3149 4180 3411 4243; x_wconf 87' lang='lat' dir='ltr'><strong>invocari,</strong></span> 
     </span>
    </p>
   </div>
   <div class='ocr_carea' id='block_1_103' title="bbox 1837 4270 3410 4346">
    <p class='ocr_par' dir='ltr' id='par_1_103' title="bbox 1837 4270 3410 4346">
     <span class='ocr_line' id='line_1_103' title="bbox 1837 4270 3410 4346; baseline -0.009 -11"><span class='ocrx_word' id='word_1_802' title='bbox 1837 4283 1931 4335; x_wconf 87' lang='lat' dir='ltr'><strong>sed</strong></span> <span class='ocrx_word' id='word_1_803' title='bbox 1960 4281 2233 4335; x_wconf 86' lang='lat' dir='ltr'><strong>rhetorica</strong></span> <span class='ocrx_word' id='word_1_804' title='bbox 2273 4281 2538 4334; x_wconf 79' lang='lat' dir='ltr'><strong>duntaxat</strong></span> <span class='ocrx_word' id='word_1_805' title='bbox 2572 4276 2899 4346; x_wconf 82' lang='lat' dir='ltr'><strong>apostrOpha</strong></span> <span class='ocrx_word' id='word_1_806' title='bbox 2925 4273 3215 4344; x_wconf 85' lang='lat' dir='ltr'><strong>appellari;</strong></span> <span class='ocrx_word' id='word_1_807' title='bbox 3242 4270 3410 4324; x_wconf 89' lang='lat' dir='ltr'><strong>altera</strong></span> 
     </span>
    </p>
   </div>
   <div class='ocr_carea' id='block_1_104' title="bbox 1842 4366 3410 4440">
    <p class='ocr_par' dir='ltr' id='par_1_104' title="bbox 1842 4366 3410 4440">
     <span class='ocr_line' id='line_1_104' title="bbox 1842 4366 3410 4440; baseline -0.008 -14"><span class='ocrx_word' id='word_1_808' title='bbox 1842 4374 1965 4436; x_wconf 87' lang='lat' dir='ltr'><strong>ista,</strong></span> <span class='ocrx_word' id='word_1_809' title='bbox 2000 4373 2244 4440; x_wconf 87' lang='lat' dir='ltr'><strong>spurimn</strong></span> <span class='ocrx_word' id='word_1_810' title='bbox 2275 4385 2398 4425; x_wconf 82' lang='lat' dir='ltr'><strong>esse</strong></span> <span class='ocrx_word' id='word_1_811' title='bbox 2449 4371 2592 4425; x_wconf 90' lang='lat' dir='ltr'><strong>hunc</strong></span> <span class='ocrx_word' id='word_1_812' title='bbox 2624 4369 2823 4433; x_wconf 91' lang='lat' dir='ltr'><strong>locum,</strong></span> <span class='ocrx_word' id='word_1_813' title='bbox 2856 4377 2911 4422; x_wconf 88' lang='lat' dir='ltr'><strong>et</strong></span> <span class='ocrx_word' id='word_1_814' title='bbox 2956 4366 3199 4419; x_wconf 88' lang='lat' dir='ltr'><strong>adultera</strong></span> <span class='ocrx_word' id='word_1_815' title='bbox 3250 4378 3410 4416; x_wconf 89' lang='lat' dir='ltr'><strong>manu</strong></span> 
     </span>
    </p>
   </div>
   <div class='ocr_carea' id='block_1_105' title="bbox 1841 4455 3411 4531">
    <p class='ocr_par' dir='ltr' id='par_1_105' title="bbox 1841 4455 3411 4531">
     <span class='ocr_line' id='line_1_105' title="bbox 1841 4455 3411 4531; baseline -0.006 -16"><span class='ocrx_word' id='word_1_816' title='bbox 1841 4464 2134 4516; x_wconf 87' lang='lat' dir='ltr'><strong>insertum:</strong></span> <span class='ocrx_word' id='word_1_817' title='bbox 2163 4478 2282 4531; x_wconf 66' lang='lat' dir='ltr'><strong>qua:</strong></span> <span class='ocrx_word' id='word_1_818' title='bbox 2309 4462 2479 4531; x_wconf 86' lang='lat' dir='ltr'><strong>gratis</strong></span> <span class='ocrx_word' id='word_1_819' title='bbox 2502 4463 2667 4526; x_wconf 90' lang='lat' dir='ltr'><strong>dicta,</strong></span> <span class='ocrx_word' id='word_1_820' title='bbox 2696 4470 2751 4515; x_wconf 90' lang='lat' dir='ltr'><strong>et</strong></span> <span class='ocrx_word' id='word_1_821' title='bbox 2783 4458 2969 4513; x_wconf 90' lang='lat' dir='ltr'><strong>solidis</strong></span> <span class='ocrx_word' id='word_1_822' title='bbox 2992 4456 3155 4509; x_wconf 90' lang='lat' dir='ltr'><strong>nullis</strong></span> <span class='ocrx_word' id='word_1_823' title='bbox 3187 4455 3411 4523; x_wconf 87' lang='lat' dir='ltr'><strong>probata</strong></span> 
     </span>
    </p>
   </div>
   <div class='ocr_carea' id='block_1_106' title="bbox 1840 4545 3412 4623">
    <p class='ocr_par' dir='ltr' id='par_1_106' title="bbox 1840 4545 3412 4623">
     <span class='ocr_line' id='line_1_106' title="bbox 1840 4545 3412 4623; baseline -0.004 -18"><span class='ocrx_word' id='word_1_824' title='bbox 1840 4554 2169 4622; x_wconf 82' lang='lat' dir='ltr'><strong>argumentis</strong></span> <span class='ocrx_word' id='word_1_825' title='bbox 2188 4555 2357 4622; x_wconf 83' lang='lat' dir='ltr'><strong>gratis</strong></span> <span class='ocrx_word' id='word_1_826' title='bbox 2375 4554 2558 4623; x_wconf 86' lang='lat' dir='ltr'><strong>negari</strong></span> <span class='ocrx_word' id='word_1_827' title='bbox 2592 4562 2836 4621; x_wconf 87' lang='lat' dir='ltr'><strong>possunt.</strong></span> <span class='ocrx_word' id='word_1_828' title='bbox 2856 4549 3049 4604; x_wconf 86' lang='lat' dir='ltr'><strong>Fateor</strong></span> <span class='ocrx_word' id='word_1_829' title='bbox 3070 4545 3412 4615; x_wconf 86' lang='lat' dir='ltr'><strong>apostrophis</strong></span> 
     </span>
    </p>
   </div>
   <div class='ocr_carea' id='block_1_107' title="bbox 1841 4644 3412 4717">
    <p class='ocr_par' dir='ltr' id='par_1_107' title="bbox 1841 4644 3412 4717">
     <span class='ocr_line' id='line_1_107' title="bbox 1841 4644 3412 4717; baseline -0.003 -18"><span class='ocrx_word' id='word_1_830' title='bbox 1841 4648 2130 4717; x_wconf 86' lang='lat' dir='ltr'><strong>aliquando</strong></span> <span class='ocrx_word' id='word_1_831' title='bbox 2182 4646 2375 4702; x_wconf 81' lang='lat' dir='ltr'><strong>Patres</strong></span> <span class='ocrx_word' id='word_1_832' title='bbox 2427 4647 2544 4713; x_wconf 83' lang='lat' dir='ltr'><strong>uti;</strong></span> <span class='ocrx_word' id='word_1_833' title='bbox 2594 4645 2920 4715; x_wconf 86' lang='lat' dir='ltr'><strong>apostropha</strong></span> <span class='ocrx_word' id='word_1_834' title='bbox 2974 4644 3062 4696; x_wconf 93' lang='lat' dir='ltr'><strong>hic</strong></span> <span class='ocrx_word' id='word_1_835' title='bbox 3094 4657 3249 4696; x_wconf 90' lang='lat' dir='ltr'><strong>nsum</strong></span> <span class='ocrx_word' id='word_1_836' title='bbox 3290 4656 3412 4696; x_wconf 84' lang='lat' dir='ltr'><strong>esse</strong></span> 
     </span>
    </p>
   </div>
   <div class='ocr_carea' id='block_1_108' title="bbox 1842 4735 3411 4810">
    <p class='ocr_par' dir='ltr' id='par_1_108' title="bbox 1842 4735 3411 4810">
     <span class='ocr_line' id='line_1_108' title="bbox 1842 4735 3411 4810; baseline -0.004 -16"><span class='ocrx_word' id='word_1_837' title='bbox 1842 4740 2152 4810; x_wconf 88' lang='lat' dir='ltr'><strong>Origenem,</strong></span> <span class='ocrx_word' id='word_1_838' title='bbox 2188 4740 2240 4793; x_wconf 91' lang='lat' dir='ltr'><strong>id</strong></span> <span class='ocrx_word' id='word_1_839' title='bbox 2270 4755 2401 4795; x_wconf 88' lang='lat' dir='ltr'><strong>vero</strong></span> <span class='ocrx_word' id='word_1_840' title='bbox 2442 4754 2700 4807; x_wconf 84' lang='lat' dir='ltr'><strong>pernego.</strong></span> <span class='ocrx_word' id='word_1_841' title='bbox 2742 4736 3011 4801; x_wconf 78' lang='lat' dir='ltr'><strong>Profecto,</strong></span> <span class='ocrx_word' id='word_1_842' title='bbox 3042 4736 3084 4789; x_wconf 91' lang='lat' dir='ltr'><strong>si</strong></span> <span class='ocrx_word' id='word_1_843' title='bbox 3119 4735 3205 4789; x_wconf 91' lang='lat' dir='ltr'><strong>cui</strong></span> <span class='ocrx_word' id='word_1_844' title='bbox 3241 4736 3411 4788; x_wconf 69' lang='lat' dir='ltr'><strong>haere-</strong></span> 
     </span>
    </p>
   </div>
   <div class='ocr_carea' id='block_1_109' title="bbox 1842 4827 3409 4901">
    <p class='ocr_par' dir='ltr' id='par_1_109' title="bbox 1842 4827 3409 4901">
     <span class='ocr_line' id='line_1_109' title="bbox 1842 4827 3409 4901; baseline -0.005 -15"><span class='ocrx_word' id='word_1_845' title='bbox 1842 4834 1948 4887; x_wconf 91' lang='lat' dir='ltr'><strong>tico</strong></span> <span class='ocrx_word' id='word_1_846' title='bbox 1980 4833 2339 4886; x_wconf 88' lang='lat' dir='ltr'><strong>invocandum</strong></span> <span class='ocrx_word' id='word_1_847' title='bbox 2377 4831 2635 4901; x_wconf 90' lang='lat' dir='ltr'><strong>Spiritum</strong></span> <span class='ocrx_word' id='word_1_848' title='bbox 2694 4842 2940 4884; x_wconf 90' lang='lat' dir='ltr'><strong>sanctum</strong></span> <span class='ocrx_word' id='word_1_849' title='bbox 2996 4828 3154 4882; x_wconf 86' lang='lat' dir='ltr'><strong>hodie</strong></span> <span class='ocrx_word' id='word_1_850' title='bbox 3190 4827 3409 4896; x_wconf 82' lang='lat' dir='ltr'><strong>neganti</strong></span> 
     </span>
    </p>
   </div>
   <div class='ocr_carea' id='block_1_110' title="bbox 1841 4921 3413 4992">
    <p class='ocr_par' dir='ltr' id='par_1_110' title="bbox 1841 4921 3413 4992">
     <span class='ocr_line' id='line_1_110' title="bbox 1841 4921 3413 4992; baseline -0.006 -11"><span class='ocrx_word' id='word_1_851' title='bbox 1841 4926 2146 4981; x_wconf 89' lang='lat' dir='ltr'><strong>testimonia</strong></span> <span class='ocrx_word' id='word_1_852' title='bbox 2182 4925 2398 4978; x_wconf 88' lang='lat' dir='ltr'><strong>Patrum</strong></span> <span class='ocrx_word' id='word_1_853' title='bbox 2428 4938 2548 4978; x_wconf 90' lang='lat' dir='ltr'><strong>eum</strong></span> <span class='ocrx_word' id='word_1_854' title='bbox 2583 4924 2949 4977; x_wconf 83' lang='lat' dir='ltr'><strong>invocantium</strong></span> <span class='ocrx_word' id='word_1_855' title='bbox 2972 4921 3334 4992; x_wconf 80' lang='lat' dir='ltr'><strong>objiciuntur;</strong></span> <span class='ocrx_word' id='word_1_856' title='bbox 3366 4921 3413 4973; x_wconf 90' lang='lat' dir='ltr'><strong>is</strong></span> 
     </span>
    </p>
   </div>
   <div class='ocr_carea' id='block_1_111' title="bbox 1840 5017 3414 5086">
    <p class='ocr_par' dir='ltr' id='par_1_111' title="bbox 1840 5017 3414 5086">
     <span class='ocr_line' id='line_1_111' title="bbox 1840 5017 3414 5086; baseline 0 -17"><span class='ocrx_word' id='word_1_857' title='bbox 1840 5032 1970 5072; x_wconf 91' lang='lat' dir='ltr'><strong>vero</strong></span> <span class='ocrx_word' id='word_1_858' title='bbox 1998 5019 2355 5086; x_wconf 89' lang='lat' dir='ltr'><strong>apostrophas</strong></span> <span class='ocrx_word' id='word_1_859' title='bbox 2380 5017 2479 5071; x_wconf 89' lang='lat' dir='ltr'><strong>has</strong></span> <span class='ocrx_word' id='word_1_860' title='bbox 2516 5031 2639 5070; x_wconf 89' lang='lat' dir='ltr'><strong>esse</strong></span> <span class='ocrx_word' id='word_1_861' title='bbox 2688 5017 3030 5084; x_wconf 85' lang='lat' dir='ltr'><strong>respondeat,</strong></span> <span class='ocrx_word' id='word_1_862' title='bbox 3069 5029 3263 5084; x_wconf 86' lang='lat' dir='ltr'><strong>magna</strong></span> <span class='ocrx_word' id='word_1_863' title='bbox 3291 5029 3414 5069; x_wconf 79' lang='lat' dir='ltr'><strong>esse</strong></span> 
     </span>
    </p>
   </div>
   <div class='ocr_carea' id='block_1_112' title="bbox 1842 5109 3413 5179">
    <p class='ocr_par' dir='ltr' id='par_1_112' title="bbox 1842 5109 3413 5179">
     <span class='ocr_line' id='line_1_112' title="bbox 1842 5109 3413 5179; baseline -0.003 -16"><span class='ocrx_word' id='word_1_864' title='bbox 1842 5111 2055 5164; x_wconf 89' lang='lat' dir='ltr'><strong>dicetur</strong></span> <span class='ocrx_word' id='word_1_865' title='bbox 2081 5112 2450 5179; x_wconf 87' lang='lat' dir='ltr'><strong>responsionis</strong></span> <span class='ocrx_word' id='word_1_866' title='bbox 2479 5110 2639 5179; x_wconf 87' lang='lat' dir='ltr'><strong>hujus</strong></span> <span class='ocrx_word' id='word_1_867' title='bbox 2670 5109 2918 5165; x_wconf 79' lang='lat' dir='ltr'><strong>futilitas.</strong></span> <span class='ocrx_word' id='word_1_868' title='bbox 2955 5109 3062 5163; x_wconf 84' lang='lat' dir='ltr'><strong>Nec</strong></span> <span class='ocrx_word' id='word_1_869' title='bbox 3085 5109 3254 5163; x_wconf 89' lang='lat' dir='ltr'><strong>altera</strong></span> <span class='ocrx_word' id='word_1_870' title='bbox 3283 5122 3413 5163; x_wconf 83' lang='lat' dir='ltr'><strong>vero</strong></span> 
     </span>
    </p>
   </div>
   <div class='ocr_carea' id='block_1_113' title="bbox 1841 5201 3412 5272">
    <p class='ocr_par' dir='ltr' id='par_1_113' title="bbox 1841 5201 3412 5272">
     <span class='ocr_line' id='line_1_113' title="bbox 1841 5201 3412 5272; baseline -0.002 -16"><span class='ocrx_word' id='word_1_871' title='bbox 1841 5202 2299 5257; x_wconf 72' lang='lat' dir='ltr'><strong>feliciorzGrueca</strong></span> <span class='ocrx_word' id='word_1_872' title='bbox 2346 5205 2580 5259; x_wconf 77' lang='lat' dir='ltr'><strong>homilize</strong></span> <span class='ocrx_word' id='word_1_873' title='bbox 2623 5204 2780 5272; x_wconf 87' lang='lat' dir='ltr'><strong>hujus</strong></span> <span class='ocrx_word' id='word_1_874' title='bbox 2835 5201 3164 5269; x_wconf 76' lang='lat' dir='ltr'><strong>exemplaria</strong></span> <span class='ocrx_word' id='word_1_875' title='bbox 3197 5201 3412 5253; x_wconf 86' lang='lat' dir='ltr'><strong>deside-</strong></span> 
     </span>
    </p>
   </div>
   <div class='ocr_carea' id='block_1_114' title="bbox 1842 5291 3410 5361">
    <p class='ocr_par' dir='ltr' id='par_1_114' title="bbox 1842 5291 3410 5361">
     <span class='ocr_line' id='line_1_114' title="bbox 1842 5291 3410 5361; baseline -0.004 -13"><span class='ocrx_word' id='word_1_876' title='bbox 1842 5297 1949 5349; x_wconf 90' lang='lat' dir='ltr'><strong>rari</strong></span> <span class='ocrx_word' id='word_1_877' title='bbox 1981 5298 2169 5361; x_wconf 86' lang='lat' dir='ltr'><strong>aiunt;</strong></span> <span class='ocrx_word' id='word_1_878' title='bbox 2200 5297 2506 5352; x_wconf 88' lang='lat' dir='ltr'><strong>elaboratas</strong></span> <span class='ocrx_word' id='word_1_879' title='bbox 2539 5310 2666 5350; x_wconf 87' lang='lat' dir='ltr'><strong>vero</strong></span> <span class='ocrx_word' id='word_1_880' title='bbox 2694 5310 2814 5349; x_wconf 90' lang='lat' dir='ltr'><strong>esse</strong></span> <span class='ocrx_word' id='word_1_881' title='bbox 2841 5309 2870 5347; x_wconf 93' lang='lat' dir='ltr'><strong>a</strong></span> <span class='ocrx_word' id='word_1_882' title='bbox 2914 5293 3107 5347; x_wconf 79' lang='lat' dir='ltr'><strong>Ruﬁno</strong></span> <span class='ocrx_word' id='word_1_883' title='bbox 3136 5302 3188 5348; x_wconf 90' lang='lat' dir='ltr'><strong>et</strong></span> <span class='ocrx_word' id='word_1_884' title='bbox 3219 5291 3410 5344; x_wconf 90' lang='lat' dir='ltr'><strong>Hiero-</strong></span> 
     </span>
    </p>
   </div>
   <div class='ocr_carea' id='block_1_115' title="bbox 1840 5387 3409 5461">
    <p class='ocr_par' dir='ltr' id='par_1_115' title="bbox 1840 5387 3409 5461">
     <span class='ocr_line' id='line_1_115' title="bbox 1840 5387 3409 5461; baseline -0.004 -18"><span class='ocrx_word' id='word_1_885' title='bbox 1840 5403 2002 5457; x_wconf 83' lang='lat' dir='ltr'><strong>nymo</strong></span> <span class='ocrx_word' id='word_1_886' title='bbox 2033 5390 2524 5461; x_wconf 87' lang='lat' dir='ltr'><strong>interpretationes,</strong></span> <span class='ocrx_word' id='word_1_887' title='bbox 2553 5404 2782 5460; x_wconf 90' lang='lat' dir='ltr'><strong>quorum</strong></span> <span class='ocrx_word' id='word_1_888' title='bbox 2808 5389 2879 5445; x_wconf 90' lang='lat' dir='ltr'><strong>sit</strong></span> <span class='ocrx_word' id='word_1_889' title='bbox 2905 5389 3038 5443; x_wconf 87' lang='lat' dir='ltr'><strong>levis</strong></span> <span class='ocrx_word' id='word_1_890' title='bbox 3060 5388 3112 5441; x_wconf 93' lang='lat' dir='ltr'><strong>in</strong></span> <span class='ocrx_word' id='word_1_891' title='bbox 3142 5387 3409 5453; x_wconf 86' lang='lat' dir='ltr'><strong>interpre-</strong></span> 
     </span>
    </p>
   </div>
   <div class='ocr_carea' id='block_1_116' title="bbox 1844 5540 3413 5619">
    <p class='ocr_par' dir='ltr' id='par_1_116' title="bbox 1844 5540 3413 5619">
     <span class='ocr_line' id='line_1_116' title="bbox 1844 5540 3413 5619; baseline -0.006 -16"><span class='ocrx_word' id='word_1_892' title='bbox 1844 5564 1965 5603; x_wconf 92' lang='lat' dir='ltr'><strong>cum</strong></span> <span class='ocrx_word' id='word_1_893' title='bbox 1994 5564 2238 5619; x_wconf 84' lang='lat' dir='ltr'><strong>pugnans</strong></span> <span class='ocrx_word' id='word_1_894' title='bbox 2267 5548 2618 5619; x_wconf 83' lang='lat' dir='ltr'><strong>conquestio.</strong></span> <span class='ocrx_word' id='word_1_895' title='bbox 2646 5565 2664 5600; x_wconf 82' lang='grc' dir='ltr'><strong>ι</strong></span> <span class='ocrx_word' id='word_1_896' title='bbox 2702 5546 2834 5619; x_wconf 78' lang='lat' dir='ltr'><strong>Vide.</strong></span> <span class='ocrx_word' id='word_1_897' title='bbox 2869 5555 2942 5619; x_wconf 13' lang='lat' dir='ltr'><strong>iet</strong></span> <span class='ocrx_word' id='word_1_898' title='bbox 2986 5544 3195 5619; x_wconf 77' lang='lat' dir='ltr'><strong>Bullum</strong></span> <span class='ocrx_word' id='word_1_899' title='bbox 3225 5542 3276 5595; x_wconf 91' lang='lat' dir='ltr'><strong>in</strong></span> <span class='ocrx_word' id='word_1_900' title='bbox 3308 5540 3413 5619; x_wconf 66' lang='lat' dir='ltr'><strong>Be-</strong></span> 
     </span>
    </p>
   </div>
   <div class='ocr_carea' id='block_1_117' title="bbox 1842 5615 3415 5744">
    <p class='ocr_par' dir='ltr' id='par_1_117' title="bbox 1842 5615 3415 5744">
     <span class='ocr_line' id='line_1_117' title="bbox 1843 5615 3415 5743; baseline 0.003 -72"><span class='ocrx_word' id='word_1_901' title='bbox 1843 5619 1974 5686; x_wconf 81' lang='lat' dir='ltr'><strong>fens.</strong></span> <span class='ocrx_word' id='word_1_902' title='bbox 1995 5615 2134 5743; x_wconf 56' lang='grc' dir='ltr'><strong>Ἰὶιάέἱ</strong></span> <span class='ocrx_word' id='word_1_903' title='bbox 2188 5615 2422 5674; x_wconf 73' lang='lat' dir='ltr'><strong>Nica&#39;me</strong></span> <span class='ocrx_word' id='word_1_904' title='bbox 2444 5659 2458 5685; x_wconf 90' lang='lat'><strong>,</strong></span> <span class='ocrx_word' id='word_1_905' title='bbox 2490 5620 2557 5673; x_wconf 89' lang='lat' dir='ltr'><strong>de</strong></span> <span class='ocrx_word' id='word_1_906' title='bbox 2590 5618 2709 5673; x_wconf 77' lang='lat' dir='ltr'><strong>Filii</strong></span> <span class='ocrx_word' id='word_1_907' title='bbox 2748 5617 2826 5688; x_wconf 82' lang='grc' dir='ltr'>τῷ</span> <span class='ocrx_word' id='word_1_908' title='bbox 2858 5615 3147 5687; x_wconf 76' lang='grc' dir='ltr'>όμοουσίῳ,</span> <span class='ocrx_word' id='word_1_909' title='bbox 3178 5628 3300 5683; x_wconf 70' lang='grc' dir='ltr'>(ευρ-</span> <span class='ocrx_word' id='word_1_910' title='bbox 3360 5615 3415 5676; x_wconf 76' lang='lat' dir='ltr'><strong>‘J.</strong></span> 
     </span>
     <span class='ocr_line' id='line_1_118' title="bbox 1842 5705 2118 5744; baseline 0 0"><span class='ocrx_word' id='word_1_911' title='bbox 1842 5705 1993 5744; x_wconf 91' lang='lat' dir='ltr'><strong>num.</strong></span> <span class='ocrx_word' id='word_1_912' title='bbox 2106 5728 2118 5744; x_wconf 93' lang='lat'><strong>.</strong></span> 
     </span>
    </p>
   </div>
  </div>
