3860 6230
414 317 508 373 89l
1675 316 1736 372 P.
1779 316 2095 372 DANIELIS
2134 315 2370 372 IIUETII

416 431 579 484 tando
640 430 804 494 ﬁdes;
861 429 1246 498 apostropham
1288 428 1520 497 denique
1577 428 1721 483 illam
1780 445 1899 485 esse
1952 447 1979 483 a
2010 435 2057 490 Α
2087 430 2367 497 praetendit
2396 430 2476 483 vir
2501 428 2736 499 alioquin
2767 429 2979 484 eximia:
3009 428 3326 484 eruditionis
3346 428 3655 485 GerJoan.

413 522 554 592 5|on
578 520 824 589 Origenis
848 521 1095 574 alienam.
1131 521 1349 575 Ccrtmn
1377 533 1456 575 est
1475 522 1813 575 homiliarum
1844 524 1973 575 ista-

415 630 532 667 rum
573 615 629 666 in
660 612 986 665 Ezechielem
1025 614 1377 681 interpretem
1410 628 1531 666 esse
1568 612 1973 682 Hieronymum;

411 722 571 775 quem
602 705 645 759 si
682 707 977 758 fateremur
1009 704 1121 756 lnec
1147 706 1211 757 de
1240 719 1337 757 suo
1374 704 1629 767 assuisse,
1694 704 1848 758 fateri
1883 720 1975 757 co-

412 798 670 857 gerentur
698 789 883 855 utique
923 789 1241 852 adversarii,
1277 792 1321 843 si
1366 791 1543 845 minus
1566 791 1879 861 Origenem,
1922 802 1978 845 at

411 890 562 935 Certe
594 878 984 948 Hieronymum
1028 881 1340 944 angelorum
1376 881 1768 935 invocationem
1796 899 1979 936 exem-

412 972 499 1041 plo
524 986 623 1024 suo
658 970 1058 1039 comprobasse.
1095 976 1161 1024 At
1216 987 1347 1025 sane
1391 986 1453 1025 ea
1492 973 1809 1042 exceptione
1843 988 1977 1041 opus

413 1080 516 1116 non
549 1074 650 1116 est.
694 1062 849 1131 Saepe
881 1077 939 1116 se
967 1064 1045 1116 ait
1092 1062 1473 1134 Hieronymus,
1510 1075 1564 1118 et
1598 1080 1698 1119 nos
1729 1065 1854 1119 alibi
1884 1068 1978 1119 do-

411 1155 643 1216 cuitnus,
670 1156 961 1214 verborum
1015 1170 1296 1207 numerum
1337 1156 1388 1209 in
1421 1156 1830 1224 interpretando
1870 1174 1975 1211 non

413 1241 733 1306 reddidisse,
770 1243 1070 1295 sententias
1101 1242 1365 1295 duntaxat
1401 1242 1725 1312 appendisse
1757 1263 1769 1297 :
1809 1244 1975 1298 verba

415 1331 737 1400 neglexisse.
778 1344 971 1384 sensus
1005 1330 1236 1384 ﬁdeliter
1283 1332 1593 1386 retinuisse.
1622 1332 1823 1387 Demus
1871 1334 1975 1386 ita-

413 1434 517 1487 que
538 1420 654 1475 heec
681 1421 977 1486 αὑτολεξεὶ,
1002 1422 1047 1475 si
1078 1420 1235 1485 forte,
1273 1423 1323 1476 in
1346 1422 1546 1477 Grtecis
1582 1424 1652 1476 ita
1683 1439 1787 1477 non
1812 1425 1979 1479 exmi-

416 1512 577 1576 tisse;
609 1514 736 1566 dent
763 1514 920 1567 modo
952 1513 1247 1567 adversarii
1282 1515 1610 1569 sententiam
1637 1517 1833 1583 ipsam,
1870 1531 1979 1583 qua

414 1603 589 1673 angeli
623 1606 934 1659 continetur
958 1606 1250 1671 invocatio,
1278 1606 1421 1660 nulla
1449 1617 1600 1675 parte
1629 1606 1793 1661 fuisse
1821 1607 1979 1661 vitia-

417 1704 548 1748 tam.
580 1696 735 1761 Quod
754 1697 957 1751 addunt
983 1707 1162 1751 autem
1194 1699 1541 1766 apostmphis
1564 1698 1865 1765 lmjusmodi
1900 1701 1977 1754 uti

2083 522 2303 574 Vossius
2340 520 2433 573 lib.
2472 536 2487 573 ι
2522 520 2600 573 De
2643 520 2776 587 orig.
2822 520 2974 585 ido!.,
3016 535 3135 589 cap.
3170 521 3223 574 9.
3264 519 3434 576 Porro
3481 536 3653 589 quam

2077 616 2259 684 priore
2291 615 2409 667 loco
2438 615 2782 668 adhibuimus
2831 616 3259 683 responsionem,
3306 629 3423 668 eam
3470 615 3651 683 ipsam

2079 719 2339 774 usurpare
2381 704 2492 759 fere
2536 705 2659 758 licet
2705 708 2965 758 adVersns
2996 705 3111 759 loca
3154 706 3327 774 aliqua
3371 705 3650 774 Origenis,

2078 797 2413 865 aliorumque
2438 796 2683 859 Patrum,
2725 798 2923 865 quibus
2974 798 3079 852 Deo
3110 797 3229 862 soli,
3271 814 3369 851 nec
3392 800 3657 867 cuiquam

2081 898 2342 955 praeterea
2376 888 2549 941 cultus
2589 903 2651 941 ac
2681 888 2813 942 ﬁdes
2846 889 3131 943 tribuenda
3159 888 3563 958 pronuntiatur,
3598 897 3656 942 et

2081 980 2278 1045 quibus
2306 991 2577 1047 receptam
2614 994 2641 1031 a
2672 978 2967 1034 Catltolicis
3012 980 3320 1050 angelorum
3351 981 3656 1034 invocatio-

2083 1085 2226 1131 nem,
2259 1080 2313 1123 et
2347 1070 2413 1123 ad
2446 1085 2633 1138 preces
2671 1081 2885 1125 nostras
2914 1071 3023 1124 Deo
3054 1070 3356 1125 offerendas
3376 1071 3656 1140 allegatio-

2081 1175 2202 1213 nem
2244 1158 2562 1228 impugnare
2592 1161 2811 1214 student
2841 1161 3137 1215 adversarii
3178 1178 3193 1215 :
3226 1160 3367 1214 inter
3399 1176 3539 1229 quos
3568 1170 3656 1215 ta-

2080 1266 2203 1306 men
2237 1251 2507 1315 nonnulli,
2539 1253 2642 1306 viri
2669 1254 2884 1307 candidi
2916 1264 2970 1307 et
2998 1253 3215 1317 eruditi,
3249 1255 3477 1307 veritate
3504 1256 3658 1324 quip-

2080 1357 2147 1411 pe
2202 1343 2354 1407 victi,
2412 1344 2724 1411 angelorum
2781 1345 3224 1399 intercessionem
3288 1353 3344 1399 et
3392 1345 3654 1414 postulari

2079 1448 2257 1504 posse,
2286 1443 2341 1487 et
2374 1434 2649 1502 impetrari
2680 1434 2935 1490 fatentur.

2152 1525 2421 1581 XXXVII.
2457 1529 2784 1581 Accusatnm
2820 1527 2946 1582 olim
2985 1526 3123 1583 falso
3159 1527 3445 1597 Origenem
3488 1528 3658 1583 refert

2081 1632 2380 1687 anonymus
2409 1620 2547 1685 apud
2578 1618 2829 1671 Photium
2859 1618 3162 1683 cod.cxvtt,
3192 1632 3311 1672 cum
3344 1618 3529 1672 multis
3559 1632 3658 1671 no-

2082 1712 2337 1777 minibus,
2383 1719 2492 1763 tum
2544 1711 2744 1765 idcirco
2773 1710 2912 1775 quod
2947 1710 3315 1775 allirmaverit,
3351 1710 3435 1762 ὅτι
3467 1710 3537 1764 τὰ
3560 1727 3656 1780 χε-

414 1786 698 1857 Origeuem
733 1803 839 1840 tton
898 1787 1112 1855 solere;
1171 1789 1221 1842 id
1253 1790 1470 1858 quidem
1504 1792 1556 1844 in
1606 1793 1764 1846 tomis
1793 1807 1978 1846 verum

2087 1802 2285 1873 ρουϐὶμ
2322 1802 2555 1855 ἐπίνοιαι
2584 1801 2678 1854 τοῦ
2710 1801 2839 1854 Υἱοῦ
2875 1802 3009 1854 εἰσιν
3031 1818 3043 1829 ·
3080 1818 3098 1851 ι
3122 1799 3479 1864 Cherubimos
3511 1802 3661 1870 cogi-

414 1895 536 1935 esse
557 1881 925 1945 concedimus,
962 1881 1013 1934 in
1047 1882 1278 1937 bomiliis
1312 1899 1416 1937 non
1454 1885 1603 1948 item,
1636 1901 1755 1953 quze
1791 1884 1975 1952 hujus-

416 1974 557 2026 modi
588 1973 874 2043 pigmentis
900 1982 953 2027 et
980 1974 1165 2043 ﬁguris
1188 1975 1229 2029 si
1254 1990 1357 2028 non
1388 1976 1629 2042 refertae,
1680 1993 1742 2031 ac
1766 1978 1979 2045 penitus

416 2074 561 2118 certe
586 2079 766 2117 vacuae
796 2078 901 2117 non
930 2076 1076 2117 sunt.
1108 2066 1297 2119 Audivi
1323 2068 1581 2135 quosdam
1615 2077 1874 2135 pratterea
1902 2084 1970 2122 ex

413 2156 601 2209 eadem
631 2164 803 2219 secta,
825 2156 1003 2225 angeli
1032 2157 1247 2211 nomine
1269 2168 1509 2212 notatum
1548 2159 1633 2213 hic
1662 2162 1975 2228 episcopum

416 2256 768 2313 asserentes,
804 2248 1263 2316 quemadmodum
1316 2249 1713 2320 Apocalypseos
1768 2265 1888 2320 cap.
1938 2266 1977 2304 ιι

414 2347 472 2391 ct
515 2354 577 2393 ιιι
613 2338 802 2391 eadem
856 2338 1172 2408 angelorum
1207 2339 1565 2407 appellatione
1616 2340 1977 2394 Asiaticarum

415 2430 784 2486 Ecclesiarum
836 2431 1071 2500 episcopi
1138 2430 1533 2499 signiﬁcantur.
1592 2431 1827 2485 Puderet
1862 2433 1981 2487 illos

414 2538 525 2576 suae
547 2522 912 2593 responsionis
936 2523 980 2576 si
1003 2523 1166 2576 totius
1198 2523 1297 2576 loci
1316 2524 1702 2577 cohaerentiam
1724 2527 1981 2579 attentius

419 2614 795 2684 perspicerent
824 2653 838 2678 ,
886 2614 939 2667 in
988 2629 1096 2681 quo
1158 2613 1468 2668 tutelarium
1519 2615 1875 2684 angelorum,
1915 2618 1981 2672 ad

414 2707 721 2775 exemplum
768 2706 990 2770 Christi,
1025 2715 1083 2761 ut
1116 2706 1217 2761 sibi
1260 2707 1473 2776 quidem
1505 2706 1741 2774 ﬁngebat
1789 2706 1979 2777 Orige-

416 2814 533 2865 nes,
566 2801 631 2853 de
655 2798 795 2853 caelo
820 2799 1284 2861 descendentium,
1310 2810 1363 2851 et
1400 2799 1647 2852 humana:
1675 2800 1864 2853 salutis
1891 2816 1984 2854 cn-

416 2904 531 2944 ram
553 2889 959 2960 suscipientium
991 2888 1269 2942 manifesta
1296 2889 1520 2942 habetur
1555 2890 1774 2942 mentio.
1812 2890 1983 2943 Verba

416 2983 531 3037 haec
564 2991 690 3036 sunt
721 2999 735 3036 :
767 2998 786 3032 ‹
810 2982 923 3035 Non
947 2980 1139 3035 sufﬁcit
1161 2995 1325 3033 unum
1360 2980 1553 3034 ccelum
1590 2981 1782 3049 aperiri
1813 2998 1826 3034 :
1856 2996 1985 3049 ape-

416 3077 631 3128 riuntur
662 3074 900 3143 plurimi,
929 3084 987 3126 nt
1019 3074 1349 3128 descendant
1394 3088 1496 3126 non
1532 3074 1599 3126 ab
1631 3090 1758 3138 uno,
1801 3077 1891 3128 sed
1916 3078 1983 3131 ab

2081 1892 2312 1946 taliones
2335 1890 2451 1944 Filii
2474 1906 2612 1945 esse.
2640 1910 2660 1942 ι
2690 1890 2908 1945 Crimen
2938 1891 3080 1944 istud
3115 1890 3384 1959 quomodo
3414 1892 3485 1944 ab
3515 1890 3661 1943 Ada-

2079 1984 2283 2035 mantio
2310 1982 2569 2049 depulerit
2593 1995 2892 2050 anonymus
2918 1980 3037 2040 iste,
3063 1979 3311 2046 equidem
3338 1980 3561 2044 nescio;
3592 1993 3660 2032 ex

2078 2072 2257 2127 Photii
2292 2080 2469 2123 tamen
2503 2070 2683 2123 verbis
2729 2068 2781 2122 id
2813 2068 3027 2122 videtur
3067 2068 3349 2135 consequi,
3396 2077 3661 2136 tanquam

2079 2164 2213 2218 falso
2242 2161 2497 2225 conﬁcta,
2523 2172 2577 2215 et
2604 2159 2823 2229 Origeni
2852 2175 2949 2229 per
2969 2160 3294 2212 calumniam
3328 2160 3563 2227 impacta
3591 2160 3664 2212 ab

2080 2257 2182 2309 hoc
2227 2252 2344 2321 ejus
2375 2260 2602 2319 patrono
2641 2251 2805 2304 fuisse
2844 2250 3142 2304 confutata.
3176 2249 3561 2304 Verumtamen
3604 2258 3667 2302 nt

2081 2348 2208 2401 illud
2237 2349 2303 2399 ab
2323 2344 2555 2414 Origene
2588 2345 2844 2411 scriptum
2867 2343 3078 2403 demus,
3113 2342 3316 2411 liquido
3348 2353 3535 2394 tamen
3571 2340 3664 2408 jn-

2082 2437 2333 2496 raverim,
2367 2444 2423 2487 ut
2461 2433 2564 2486 alia
2597 2432 2709 2485 fere
2744 2432 2951 2495 omnia,
2981 2433 3060 2485 sic
3087 2447 3149 2485 ea
3185 2446 3398 2499 quoque
3424 2430 3562 2502 ἁλλη
3581 2448 3666 2498 το-

2084 2528 2249 2600 ρικῶς
2279 2528 2450 2594 ipsum
2483 2524 2846 2593 proposuisse.
2885 2522 3083 2576 Eadem
3135 2523 3314 2591 itaque
3362 2522 3541 2575 valeat
3574 2524 3669 2577 hic

2082 2617 2385 2687 responsio,
2431 2631 2537 2682 qua
2568 2616 2635 2667 ad
2678 2630 2798 2667 eum
2830 2628 2994 2681 supra
3036 2612 3406 2665 excusandum
3441 2613 3525 2665 usi
3568 2626 3667 2665 su-

2084 2727 2222 2774 mus,
2264 2725 2385 2765 cum
2424 2707 2621 2761 Filimn
2658 2716 2713 2759 et
2745 2706 3009 2774 Spiritum
3060 2714 3309 2759 sanctum
3359 2705 3496 2758 duos
3538 2719 3669 2760 esse

2086 2803 2456 2873 Serapbimos,
2486 2810 2540 2855 et
2568 2800 2840 2854 Christum
2878 2810 3091 2867 quoque
3125 2798 3294 2851 virum
3326 2812 3450 2852 eum
3502 2801 3667 2852 steri-

2088 2895 2194 2950 lem
2256 2909 2378 2948 esse
2436 2893 2675 2955 diceret,
2730 2903 2888 2959 quem
2947 2898 3334 2944 commemorat
3391 2887 3669 2945 Jeremias

2085 3001 2205 3055 cap.
2238 3000 2374 3047 χχιι,
2409 2998 2553 3037 vers.
2574 2980 2667 3035 '50.

2155 3076 2444 3133 XXXVIII.
2487 3076 2979 3131 Animadvertimus
3018 3089 3177 3143 supra
3225 3074 3435 3129 diversa
3465 3075 3669 3147 Orige-

414 3168 665 3221 omnibus
692 3168 845 3221 C(elis
878 3166 1048 3235 angeli
1083 3170 1146 3219 ad
1178 3182 1271 3219 eos
1293 3165 1385 3233 qui
1415 3165 1653 3219 salvandi
1682 3176 1809 3219 sunt
1845 3185 1858 3220 :
1891 3183 1984 3221 an-
2011 3150 2053 3208 (ἶ
2089 3190 2207 3228 nem
2238 3172 2442 3241 angelis
2472 3185 2537 3223 ac
2570 3169 2904 3223 daemonibus
2945 3168 3214 3221 allinxisse
3242 3183 3496 3235 corpora,
3525 3171 3670 3225 citra

416 3259 519 3326 geli
541 3260 631 3327 qui
680 3260 1047 3314 ascendebant
1079 3269 1133 3311 et
1158 3258 1555 3313 descendebant
1600 3273 1760 3327 super
1791 3260 1983 3315 Filimn

416 3351 668 3417 hominis,
702 3361 757 3405 et
785 3362 1131 3406 accesserunt
1157 3352 1221 3403 ad
1245 3366 1387 3414 eum,
1422 3360 1477 3405 et
1505 3352 1880 3406 ministrabant
1913 3354 1982 3408 ei.

418 3442 821 3497 Descenderunt
859 3453 1039 3495 autem
1071 3441 1265 3511 angeli,
1301 3443 1426 3510 quia
1454 3443 1603 3510 prior
1638 3443 1987 3499 descenderat

415 3533 688 3599 Christus,
724 3546 1025 3589 metuentes
1059 3533 1405 3600 descendere,
1447 3535 1758 3604 priusquam
1809 3536 1989 3590 Domi-

419 3642 518 3680 nus
540 3626 795 3679 virtutum
829 3627 1092 3688 Omnium,
1125 3640 1411 3693 rerumque
1442 3629 1777 3696 praeciperet.
1808 3629 1988 3694 Quan-

418 3719 487 3771 do
531 3728 709 3771 autem
756 3719 1006 3773 viderunt
1053 3717 1359 3787 Principem
1403 3720 1606 3774 militiae
1649 3721 1883 3775 caelestis
1932 3723 1985 3776 in

419 3810 767 3864 terrestribus
834 3810 963 3864 locis
1019 3810 1363 3875 commorari,
1420 3822 1545 3865 tunc
1597 3828 1690 3881 per
1745 3823 1985 3881 apertam

418 3902 558 3953 viam
602 3900 826 3969 ingressi
878 3909 1004 3955 sunt
1053 3912 1338 3970 sequentes
1375 3902 1658 3957 Dominum
1697 3920 1875 3970 suum,
1936 3916 1989 3960 et

417 4003 667 4062 parentes
698 3993 955 4047 voluntati
992 3993 1129 4063 ejus,
1172 3995 1263 4061 qui
1300 3994 1577 4049 distribuit
1613 4011 1704 4051 eos
1739 4000 1988 4053 CUSlOdeS

417 4084 752 4137 credentium
786 4083 983 4136 nomini
1010 4097 1129 4137 suo.
1165 4082 1243 4135 Tu
1276 4082 1391 4136 beri
1432 4085 1532 4137 sub
1559 4084 1821 4140 dannonio
1841 4101 1985 4151 eras,

420 4176 579 4230 hodie
604 4176 702 4229 sub
734 4175 943 4245 angelo.
972 4194 990 4227 ι
1030 4174 1231 4229 Deinde
1261 4192 1273 4227 :
1306 4193 1323 4224 ι
1352 4173 1632 4229 Multitudo
1654 4177 1854 4231 militize
1879 4191 1990 4231 cte-

422 4266 571 4322 lestis
630 4275 748 4322 erat
811 4268 1146 4321 laudantium
1206 4280 1261 4323 et
1319 4270 1731 4339 gloriﬁcantium
1784 4268 1983 4334 Deum;

418 4359 631 4427 quando
682 4368 838 4413 natus
876 4368 959 4414 est
1007 4359 1275 4414 Christus.
1335 4359 1526 4414 Omnia
1580 4358 1787 4428 angelis
1830 4361 1987 4428 plena

419 4458 562 4504 sunt.
598 4447 764 4515 Veni,
812 4450 1016 4520 angele,
1051 4452 1263 4520 suscipe
1284 4465 1531 4505 sermone
1571 4466 1887 4505 conversum
1919 4449 1988 4503 ab

419 4555 606 4594 errore
626 4541 878 4609 pristino.
907 4561 925 4592 ι
962 4541 1146 4596 Robur
1175 4542 1257 4595 Itis
1280 4540 1491 4593 additur
1516 4556 1579 4594 ex
1616 4541 1715 4593 hoc
1747 4540 1987 4595 testimo-

421 4632 510 4685 nio
543 4632 725 4686 homil.
766 4633 835 4686 25
866 4634 919 4686 in
947 4632 1075 4688 Luc.
1111 4649 1131 4688 :
1166 4653 1185 4685 ι
1212 4634 1319 4701 ligo
1347 4650 1451 4686 non
1484 4634 1696 4702 ambigo
1719 4642 1771 4686 et
1801 4635 1851 4686 in
1880 4648 1989 4687 cte-

421 4735 476 4777 tu
504 4734 687 4780 nostro
708 4726 894 4781 adesse
912 4727 1146 4797 angelos,
1177 4743 1279 4782 non
1306 4728 1485 4782 sulnm-
1501 4726 1820 4796 generaliter
1840 4727 1986 4779 omni

423 4816 698 4880 Ecclesize,
734 4817 827 4871 sed
864 4818 1025 4871 etiam
1058 4819 1370 4888 sigillatim;
1409 4820 1472 4871 de
1505 4819 1699 4886 quibus
1739 4816 1989 4870 Salvator

423 4909 498 4962 ait
525 4925 539 4961 :
571 4908 756 4976 Angeli
785 4925 963 4961 eorum
995 4925 1195 4977 semper
1231 4910 1405 4963 vident
1443 4910 1629 4975 faciem
1677 4908 1857 4961 Patris
1888 4908 1988 4960 mei

421 4998 593 5067 quiin
629 5000 770 5052 cazlis
810 5009 882 5051 est
907 4999 972 5057 ”.
1011 4999 1213 5068 Duplex
1246 5000 1332 5053 hic
1377 5000 1532 5052 adest
1568 4998 1826 5063 Ecclesia,
1877 5014 1983 5051 nua

424 5090 726 5155 hominum.
752 5089 920 5144 altera
952 5094 1284 5159 angelorum.
1313 5091 1371 5146 Si
1390 5091 1516 5160 quid
1540 5091 1694 5159 juxta
1720 5091 1981 5143 rationem

424 5190 480 5237 et
503 5180 655 5249 juxta
690 5180 1091 5249 Scripturarum
1120 5182 1348 5237 dicimus
1365 5180 1715 5241 voluntatem,
1742 5180 1989 5233 laetantur

425 5271 621 5341 angeli,
658 5280 713 5325 et
746 5286 904 5330 orant
934 5272 1231 5331 nobiscum.
1265 5292 1282 5323 ι
1314 5275 1499 5340 Itaque
1539 5271 1879 5340 perspicuum
1908 5278 1991 5324 est

428 5379 530 5418 non
559 5364 868 5432 episcopum
895 5363 1265 5431 interpellassc
1291 5362 1576 5431 Origenem
1612 5362 1664 5417 in
1694 5363 1873 5427 priore
1899 5361 1989 5414 illo

430 5457 569 5523 loco,
602 5457 695 5510 sed
729 5458 976 5523 angelum
1010 5458 1305 5510 invocasse.
1341 5453 1613 5505 Incassum
1648 5467 1776 5522 ergo
1805 5452 1869 5505 ad
1894 5466 1989 5505 an-

428 5548 670 5619 gelorum
702 5549 1091 5619 repudiandum
1108 5547 1309 5603 cultum
1336 5545 1581 5617 Origenis
1612 5544 1985 5599 auctoritatem

504 5749 548 5781 "
581 5750 763 5804 Matth.
805 5763 955 5816 mn,
992 5746 1073 5804 l0.

2089 3266 2250 3318 ullum
2277 3263 2465 3326 οὐσίας
2498 3270 2553 3317 et
2592 3270 2799 3314 natura:
2832 3261 3143 3313 discrimen.
3188 3258 3265 3312 Ex
3295 3274 3360 3313 ea
3402 3262 3671 3329 opinione

2090 3366 2211 3410 nata
2248 3366 2328 3410 est
2360 3356 2448 3408 illa
2486 3355 2675 3417 altera,
2704 3352 2943 3406 crassius
2970 3352 3092 3415 hoc,
3122 3360 3175 3405 et
3208 3351 3317 3403 aeri
3350 3360 3541 3404 nostro
3571 3365 3671 3403 co-

2085 3458 2304 3517 gnatum
2336 3448 2637 3501 dzemonum
2666 3461 2883 3516 corpus,
2907 3459 2995 3498 res
3027 3442 3107 3497 sui
3137 3442 3346 3512 generis
3378 3453 3672 3512 appetere,

2086 3539 2294 3594 sullitus
2328 3549 2475 3607 puta,
2515 3548 2562 3593 et
2601 3541 2815 3593 nidores
2852 3537 3266 3594 sacriﬁciorum.
3324 3548 3390 3587 ac
3433 3535 3676 3601 sangui-

2087 3648 2208 3685 nem
2237 3633 2397 3684 etiam
2424 3633 2766 3684 victimarum
2804 3631 3058 3695 ligurire;
3090 3644 3188 3682 nec
3224 3628 3286 3680 iis
3316 3635 3529 3677 tantum
3566 3627 3673 3675 de-

2087 3724 2294 3787 lectari,
2344 3724 2486 3792 quod
2516 3724 2759 3777 homines
2808 3721 3122 3775 idololatriae
3172 3720 3377 3773 deditos
3412 3732 3537 3770 esse
3585 3718 3675 3768 vi-

2088 3815 2271 3879 deant,
2315 3817 2408 3869 sed
2458 3816 2621 3868 ctiam
2663 3822 2882 3882 propter
2922 3812 3255 3878 voluptatem
3307 3823 3371 3862 ac
3417 3807 3675 3870 delicias,

2088 3906 2285 3973 quibus
2322 3921 2508 3959 eorum
2548 3920 2779 3974 corpora
2818 3903 3147 3957 aﬁicinntur.
3186 3899 3446 3969 Origenes
3472 3899 3571 3951 lib.
3611 3914 3675 3951 ιιι

2086 4005 2268 4049 contra
2300 3995 2463 4059 Cels.,
2516 4013 2664 4049 num.
2701 3996 2766 4050 57
2801 4014 2813 4050 :
2844 3995 3051 4056 Πάντες
3097 3993 3214 4061 μὲν,
3246 3990 3439 4057 inquit,
3468 3990 3519 4040 οἱ
3558 3986 3676 4040 θεοὶ

2086 4086 2194 4141 τῶν
2219 4086 2387 4139 ἐθνῶν
2416 4089 2519 4138 εἱσι
2551 4086 2804 4155 δαιμόνια
2837 4084 3015 4153 λιχνὰ,
3047 4084 3140 4135 καὶ
3177 4080 3301 4149 περὶ
3331 4079 3429 4141 τὰς
3451 4077 3673 4139 Θυσίας,

2087 4177 2182 4230 καὶ
2233 4178 2301 4230 τὰ
2341 4178 2567 4247 αἵματα,
2602 4177 2697 4228 καὶ
2733 4175 2831 4237 τὰς
2859 4175 2965 4227 ἀπὸ
2996 4174 3102 4226 τῶν
3147 4168 3343 4223 θυσιῶν
3382 4168 3677 4237 ἀποφορὰς

2087 4268 2331 4321 καλινδού
2342 4285 2494 4337 μενα,
2530 4267 2620 4318 ἐπὶ
2641 4266 2823 4337 ἀπάτῃ
2841 4263 2947 4317 τῶν
2975 4264 3049 4333 μὴ
3073 4258 3569 4332 προσπεφευγὸτων
3597 4256 3679 4326 τῷ

2088 4361 2179 4414 ἐπὶ
2221 4361 2355 4412 πᾶσι
2402 4358 2548 4429 Θεῷ·
2586 4368 2641 4411 et
2676 4357 2768 4413 lib.
2795 4373 2863 4410 \‘tt
2911 4368 3195 4425 sequente,
3233 4369 3378 4405 mttu.
3423 4350 3476 4413 5,
3521 4360 3673 4417 post-

2020 4493 2062 4546 D
2090 4466 2249 4519 quam
2275 4450 2421 4518 ldixit
2458 4450 2681 4517 spiritus
2712 4447 2976 4518 quosdam
3019 4447 3257 4513 impuros
3291 4445 3439 4498 circa
3466 4453 3675 4496 terram

2091 4545 2304 4610 degere,
2338 4542 2440 4594 hoc
2468 4539 2724 4608 subjicit:
2765 4537 2926 4609 Δηλοί
2957 4537 3013 4590 δὲ
3056 4537 3115 4588 τὸ
3148 4534 3385 4587 τοιοῦτον
3420 4534 3555 4596 τοὺς
3578 4534 3674 4585 αὖε

2088 4634 2215 4696 τοὺς
2247 4630 2534 4700 τυγχάνειν
2573 4629 2770 4694 καὶτὸ,
2804 4630 2923 4691 ταῖς
2964 4626 3071 4680 ἀπὸ
3097 4625 3204 4679 τῶν
3233 4623 3434 4677 θυσιῶν
3472 4623 3677 4675 ἀναθυ-

2093 4726 2308 4796 μιάσεσι
2346 4724 2440 4776 xui.
2472 4724 2587 4784 ταῖς
2622 4720 2727 4773 ἀπὸ
2755 4720 2863 4772 τῶν
2901 4719 3146 4789 αἱμάτων
3170 4716 3262 4769 καὶ
3286 4715 3676 4785 ὁλοκαυτωμά-

2087 4834 2195 4870 των
2225 4816 2525 4885 ἀποφοραῖς
2554 4812 2863 4885 τρεφόμενα
2895 4810 3073 4864 αὐτῶν
3111 4809 3178 4861 τὰ
3216 4807 3463 4876 σώματα,
3518 4807 3678 4876 φιλη-

2088 4907 2380 4961 δονούντων
2432 4908 2545 4967 τοῖς
2601 4903 2882 4966 τοιούτοις,
2934 4904 3019 4954 ἐπ’
3060 4900 3188 4955 αὐτὸ
3238 4899 3535 4968 τυγχάνειν
3582 4914 3675 4949 τοι.

2083 4997 2321 5068 ὡσπερεὶ
2351 4995 2629 5064 φιλοζωεῖν
2653 5012 2666 5025 ’
2710 5006 2763 5048 et
2788 4995 2880 5049 lib.
2916 5009 3029 5058 vm,
3054 5008 3199 5044 num.
3225 4990 3328 5043 50:
3358 4989 3442 5041 Τὰ
3470 4988 3531 5040 δὲ
3568 5004 3680 5041 7m-

2085 5087 2209 5151 κτὰ,
2236 5085 2328 5139 τοῦ
2376 5087 2605 5156 αἵματος
2650 5086 2724 5157 μὴ
2767 5084 3132 5157 ὲκκριΟέντος,
3158 5083 3295 5152 ὅπερ
3327 5081 3499 5148 φαςὶν
3537 5076 3679 5133 εἶναι

2088 5178 2291 5249 τροφὴν
2323 5176 2613 5246 δαιμόνων,
2661 5176 3009 5248 τρεφομένων
3044 5177 3162 5236 ταῖς
3202 5172 3295 5227 ἀπ’
3330 5170 3502 5224 αὐτοῦ
3553 5172 3703 5249 ἀνα-Ι

2090 5269 2442 5338 θυμιάσεσιν·
2475 5268 2806 5337 ἀπαγορεύει
2850 5269 2879 5319 ὁ
2912 5267 3089 5334 λόγος,
3132 5266 3219 5317 ἵνα
3261 5263 3335 5333 μὴ
3372 5263 3681 5332 τραφῶμεν

2094 5361 2267 5429 τροφῇ
2312 5359 2609 5429 δαιμόνων·
2657 5372 2712 5412 et
2754 5360 2805 5411 in
2841 5358 3169 5429 I’rotreplico
3224 5358 3291 5406 ad
3330 5356 3680 5421 martyrium,

2098 5466 2247 5502 num.
2272 5450 2339 5503 45
2372 5469 2384 5503 :
2432 5451 2584 5502 Ἐπεὶ
2630 5450 2688 5503 δέ.
2720 5466 2865 5511 τινες
2914 5448 2987 5519 μὴ
3027 5444 3362 5517 Θεωροῦντες
3402 5444 3498 5496 τὸν
3556 5443 3684 5513 περὶ

2094 5542 2201 5596 τῶν
2226 5542 2489 5614 δαιμόνων
2511 5542 2686 5616 λόγον,
2724 5544 2817 5597 καὶ
2842 5541 2916 5605 ὡς
2949 5539 3089 5610 ὑπὲρ
3126 5537 3219 5592 τοῦ
3249 5534 3597 5606 παραμένειν
3626 5534 3681 5585 ὲν

3547 96 3809 373 δραι

3796 426 3810 675 l
