3836 6236
162 317 267 374 895

986 311 1560 368 ORIGENIANORUM
1604 309 1731 364 Llil.
1777 307 1841 372 II,
1883 306 2040 363 CAP.
2082 305 2148 370 Il,
2189 301 2465 370 QUEST.
2498 298 2587 354 VI.

3305 291 3412 348 ενι

161 438 240 508 τῷ
267 435 428 504 πάχει
473 433 644 503 τούτῳ
672 433 765 485 καὶ
793 431 1050 502 περιγείῳ
1083 431 1226 502 ἀέρι,
1269 430 1507 501 δεόμενοι
1537 429 1743 500 τροφῆς

1857 427 1901 479 in
1934 424 2137 478 nullam
2173 422 2441 476 inclinans
2469 428 2700 489 partem,
2729 414 3236 486 subjungittandem
3259 427 3409 466 num.

162 530 258 598 τῆς
290 524 379 578 διὰ
408 523 516 576 τῶν
549 522 964 592 ἀναθυμιάσεων
995 523 1340 592 ἐπιτηροῦσιν
1377 523 1510 574 ὅπου
1545 519 1736 573 κνίσσα

163 617 280 672 ἐστὶ
323 617 419 669 καὶ
468 616 697 686 αἵματα,
739 615 832 667 καὶ
863 612 1171 676 λιϐανωτοὶ,
1205 613 1625 678 ἐξευτελίζουσιν
1664 610 1735 672 ὡς

165 710 452 779 ἀδιάφορον
477 707 534 760 τὸ
563 706 731 769 θύειν,
769 704 1014 775 εἴποιμεν
1044 704 1110 757 ἂν
1145 706 1235 757 καὶ
1270 705 1403 775 πρὸς
1427 702 1622 764 ταῦτα,
1655 701 1736 752 ὅτι

162 803 319 872 εἴπερ
338 803 386 854 οἱ
415 798 619 870 τροφὰς
645 799 888 869 λῃσταῖς,
919 797 1014 850 καὶ
1046 796 1286 864 φονεῦσι,
1323 796 1414 848 καὶ
1444 793 1738 864 βαρϐάροις

163 891 373 961 ἐχθροῖς
397 888 489 941 τοῦ
517 887 750 958 μεγάλου
781 885 1042 955 βασιλέως
1066 885 1408 954 παρέχοντες,
1434 884 1509 946 ὡς
1541 882 1600 935 τὸ
1629 899 1739 935 κοι-

75 1033 86 1040 ,
162 982 251 1034 νὺν
281 981 632 1050 ἀδικήσαντες
668 977 1018 1041 κολάζονται·
1058 975 1204 1044 πόσῳ
1240 973 1398 1027 πλέον
1435 977 1483 1027 οἱ
1505 977 1613 1036 τοῖς
1639 973 1738 1042 τῆς

164 1069 358 1133 κακίας
383 1070 678 1140 ὑπηρέταις
705 1065 792 1120 διὰ
821 1065 914 1118 τοῦ
953 1064 1098 1118 θύειν
1129 1064 1358 1126 διδόντες
1392 1063 1593 1134 τροφὰς
1634 1079 1739 1116 πα-

165 1158 568 1234 ρακατεχοὺσσς
593 1160 786 1222 αὐτοὺς
829 1160 887 1211 ὲν
919 1157 996 1227 τῷ
1022 1155 1284 1228 περιγείῳ
1331 1155 1500 1224 τόπῳ,
1540 1153 1740 1208 δικαιό-

163 1271 300 1307 τατα
331 1253 395 1307 ἂν
428 1251 758 1320 ὲγκαλοῖντο.

238 1346 292 1398 ltt
316 1343 502 1396 eadem
546 1357 705 1410 porro
727 1357 792 1394 ac
822 1338 1083 1407 Origenes
1111 1351 1275 1390 causa
1324 1345 1448 1387 sunt
1480 1335 1741 1388 vetustior

167 1436 262 1491 illo
289 1434 552 1497 Justinus,
581 1443 636 1487 et
674 1431 947 1486 recentior
977 1426 1254 1483 Maternus
1278 1424 1570 1491 Fit-Inicus,
1591 1441 1742 1495 quo—

167 1543 286 1581 rum
324 1526 412 1581 ille
438 1525 652 1594 Apolog.
684 1539 700 1576 ι
735 1522 925 1576 scribit
953 1525 1173 1589 angelos
1207 1518 1508 1587 perduelles
1532 1518 1585 1570 in
1620 1532 1740 1570 ser-

168 1617 391 1668 vitutem
417 1613 666 1667 homines
689 1609 981 1679 redegisse,
1007 1625 1126 1661 cum
1156 1609 1276 1660 aliis
1298 1609 1489 1668 modis,
1522 1617 1632 1659 tum
1653 1605 1741 1659 διὰ

165 1703 385 1772 διδαχῆς
418 1700 671 1772 θυμάτων
717 1699 812 1752 καὶ
836 1697 1213 1768 θυμιαμάτων,
1242 1693 1336 1750 καὶ
1370 1692 1629 1758 σπονδῶν,
1667 1689 1741 1748 ὧν

1843 519 1876 572 5
1911 534 1926 570 :
1963 535 1981 567 ι
2007 516 2075 568 Ει
2118 529 2215 568 nos
2241 513 2456 582 quidem
2486 517 2644 580 prout
2676 510 2967 578 potuimus,
2989 521 3055 561 ex
3077 503 3410 572 singulorum

1845 607 2094 676 personis
2141 620 2262 674 quae
2292 603 2396 657 dici
2450 608 2676 670 possunt
2721 597 3096 667 disputationis
3139 609 3300 650 causa
3344 592 3413 646 de

1843 697 2070 767 singulis
2092 694 2436 763 dogmatibus
2470 693 2522 744 in
2550 691 2781 744 medium
2813 687 3147 757 protulimus.
3184 684 3284 751 Qui
3311 697 3414 738 au-

1845 800 1954 843 tem
1985 788 2135 858 legit,
2185 786 2349 854 eligat
2376 799 2444 839 ex
2481 784 2563 836 his
2590 797 2710 852 qua:
2741 780 2913 850 magis
2954 775 3319 848 amplectenda
3341 772 3418 829 sit

1842 883 2001 938 ratio.
2027 901 2048 934 ι
2097 879 2394 933 Denuntiat
2429 885 2691 946 praeterea
2733 890 2837 928 non
2875 872 3061 936 semel,
3099 870 3415 941 διαπορητι-

1844 973 1956 1038 κῶς
1996 987 2116 1028 sese
2146 972 2436 1032 disserere,
2467 983 2572 1022 non
2600 963 2984 1035 καταφατικῶς
3009 962 3179 1030 loqui,
3203 963 3415 1030 siquan-

1843 1068 1912 1120 do
1936 1065 2082 1119 visus
2107 1072 2189 1117 est
2220 1060 2424 1130 aliquid
2456 1061 2522 1113 de
2550 1073 2612 1111 ea
2653 1072 2710 1110 re
2744 1067 3006 1118 statuere,
3039 1062 3221 1122 utpote
3243 1052 3416 1106 incer-

1845 1169 1922 1221 ta,
1965 1157 2198 1211 nondum
2224 1153 2478 1208 Ecclesiae
2517 1152 2754 1205 decretis
2787 1147 3112 1218 Origeuiano
3143 1158 3278 1206 aevo,
3316 1156 3416 1196 nec

1845 1249 2014 1304 multo
2053 1245 2448 1301 recentioribus
2469 1244 2723 1307 deﬁnita;
2755 1238 3203 1310 quemadmodum
3236 1236 3420 1290 decla-

1845 1342 2054 1396 rabitur
2092 1339 2341 1393 inferius.
2393 1337 2446 1389 Id
2483 1334 2769 1389 conﬁrmat
2803 1330 3110 1399 Pamphilus
3145 1329 3198 1382 in
3222 1326 3417 1395 Apolo-

1845 1435 1966 1504 gia;
1993 1430 2240 1500 quamvis
2269 1425 2662 1496 disputationes
2691 1422 2944 1492 Origenis
2966 1419 3043 1474 vel
3065 1418 3418 1482 assertiones,

1844 1540 1980 1595 quas
2025 1525 2093 1578 de
2143 1522 2337 1575 animae
2389 1528 2534 1573 statu
2580 1526 2632 1571 et
2679 1513 3080 1584 dispensatione
3119 1509 3416 1580 prOposuit,

1845 1615 2131 1672 nonnullos
2167 1612 2416 1679 culpasse
2441 1609 2692 1662 fateatur.

1919 1704 1985 1760 ll.
2012 1703 2282 1773 Imprimis
2311 1714 2515 1763 autem,
2543 1700 2776 1754 maxima
2803 1697 2930 1751 illud
2954 1693 3418 1750 animadversione

167 1795 364 1857 ἐνδεεῖς
386 1793 658 1862 γεγόνασι,
711 1791 848 1864 μετὰ
870 1792 930 1845 τὸ
966 1788 1191 1845 πάθεσιν
1221 1791 1524 1860 ἐπιθυμιῶν
1553 1789 1747 1842 δουλω-

1857 1798 2064 1867 dignum
2098 1805 2201 1861 est,
2233 1809 2297 1847 ex
2342 1792 2588 1861 superius
2619 1799 2917 1844 memorato
2945 1789 3160 1858 gemino
3188 1785 3290 1841 hoc
3326 1785 3421 1839 do-

167 1885 348 1956 θῆναι,
397 1904 415 1935 ι
440 1885 681 1938 docendo
717 1881 1134 1942 sacriﬁciorum,
1203 1880 1472 1932 suﬁitnum
1504 1887 1558 1931 et
1600 1878 1738 1930 liba-

171 1979 376 2030 tiomnn
424 1977 578 2035 ritus,
615 1975 812 2044 quibus
865 1983 975 2027 tum
1023 1972 1394 2041 indiguerunt,
1453 1978 1737 2039 postquam

167 2070 520 2138 cupiditatum
567 2065 938 2121 aII‘ectionibus
988 2080 1109 2120 sese
1161 2064 1591 2120 submisernnt.)
1643 2061 1741 2115 I-Iic

170 2175 302 2214 vero
342 2174 460 2229 cap.
492 2159 559 2212 H-
597 2157 719 2212 libri
765 2157 838 2210 De
883 2173 1052 2212 error.
1095 2156 1306 2224 profan.
1352 2155 1502 2224 relig.
1549 2155 1741 2207 asserit

169 2251 527 2307 substantiam
560 2252 860 2305 daemonum
885 2264 912 2301 a
950 2247 1162 2302 diabolo
1203 2257 1586 2317 prognatorum
1618 2260 1740 2300 sau-

167 2344 338 2414 guine
365 2342 707 2398 victimarum
741 2341 958 2395 nutriri.

741 2452 1066 2521 QUIESTIO
1091 2453 1181 2506 VI.

819 2560 884 2598 DE
917 2560 1103 2599 ANIIIA.

168 2640 211 2696 I.
259 2639 334 2693 De
367 2639 554 2692 anima:
583 2637 780 2705 origine
823 2638 958 2705 quid
972 2642 1221 2689 statueret
1260 2632 1507 2705 Origenes
1548 2641 1744 2683 certum

244 2727 348 2764 non
390 2710 591 2761 habuit.
631 2700 693 2761 Il.
733 2708 816 2760 Ea:
835 2700 1075 2775 dogmate
1103 2700 1516 2775 προϋπάρξεως,
1555 2714 1601 2752 ει
1631 2718 1744 2767 per-

244 2781 386 2847 petui
423 2779 676 2831 libertatis
708 2795 831 2830 usus
869 2753 1100 2847 ni’agcinta
1137 2753 1571 2842 brigenia'nor'um
1597 2753 1742 2847 erro-

248 2840 366 2902 rnm
409 2865 530 2916 pars
576 2849 846 2916 pro/luxit.
906 2845 988 2897 Ill.
1027 2840 1473 2916 Utrum—animas
1525 2840 1745 2892 rationis

249 2913 506 2985 compotes
530 2935 555 2970 e
576 2913 868 2970 substantia
903 2916 1075 2968 divina
1100 2913 1354 2985 delibatus
1379 2927 1487 2985 esse
1510 2925 1746 2962 asserue-

252 2991 340 3042 rit.
367 2980 464 3041 IV.
492 2988 572 3040 An
598 3005 684 3041 eas
709 3003 924 3052 corpore
945 2986 1284 3053 antiquiores,
1315 2983 1366 3053 in
1394 2980 1746 3053 illudquepro

249 3060 471 3123 peccatis
501 3058 750 3109 demissas
791 3049 1079 3121 putaverit.
1206 3051 1354 3123 Unde
1399 3065 1603 3123 nomen,
1631 3049 1747 3123 Ψυτ-

249 3120 342 3200 χὴ,
372 3128 563 3200 factum
595 3120 961 3200 autumaverit.
1005 3121 1212 3200 VI.__Lf‘_.'c
1243 3120 1624 3200 hisniultorum
1653 3120 1750 3200 cri-
1776 3145 1816 3200 ρ

248 3190 624 3251 initiationibus
669 3207 743 3249 est
775 3195 1050 3262 appetitus.
1105 3191 1211 3247 VII.
1252 3191 1329 3262 Ad
1358 3190 1611 3262 doctrina:
1649 3190 1748 3262 hu-

240 3270 335 3336 jus
380 3268 545 3334 [ontes
592 3259 1148 3336 digitus-intenditur.
1197 3261 1326 3316 VIII.
1355 3260 1539 3336 Quam
1587 3259 1747 3336 variis

247 3327 540 3403 Scriptura:
583 3327 706 3389 locis
748 3335 933 3402 fulcire
980 3344 1196 3385 conatus
1221 3341 1302 3403 est
1348 3329 1614 3403 Origenes.
1656 3327 1745 3381 IX.

253 3394 412 3462 Mulii
469 3408 585 3458 licet
628 3394 758 3458 eam.
794 3404 1030 3471 funditus
1085 3402 1418 3471 labefactent.
1446 3394 1529 3452 Χ.
1561 3394 1750 3471 Patres

247 3478 364 3545 ejus
387 3487 666 3529 assertores
697 3470 1044 3545 recensentur.
1063 3471 1153 3524 XI.
1173 3471 1319 3524 Nihil
1342 3470 1422 3521 his
1441 3470 1751 3545 temporibus

251 3538 424 3616 [ierat
461 3545 798 3616 ub_lt'ct_:_lesia
835 3559 988 3616 super
1016 3544 1110 3595 hoc
1139 3538 1747 3616 argumento“determi-

251 3609 455 3670 natam.
487 3613 596 3668 XII.
634 3613 743 3666 Nec
768 3605 931 3665 multo
961 3605 1352 3665 recentioribus.
1396 3607 1530 3661 XIII.
1563 3605 1753 3659 Utrum

251 3689 456 3739 animus
481 3702 778 3751 corporeus,
816 3692 864 3735 et
893 3683 1035 3751 quali
1065 3697 1278 3751 corpore
1304 3679 1556 3746 praeditas
1578 3677 1751 3728 credi-

249 3759 404 3810 derit.
449 3749 587 3809 XIV.
620 3755 895 3822 Origenth
918 3750 1136 3803 Patrum
1164 3749 1464 3822 multare":
1483 3761 1748 3822 assensus,

251 3838 302 3880 et
330 3842 426 3880 sua
456 3815 911 3892 excusare'pptest
948 3821 1228 3892 ha'sitatio.
1262 3817 1376 3871 XV.
1532 3815 1754 3892 antiqua

248 3895 576 3968 philosophia
605 3883 912 3968 opinionem
947 3907 1117 3968 _suam
1151 3887 1487 3968 delirantes-it.
1525 3883 1753 3968 Intrica-

253 3953 340 4021 tus
384 3953 812 4018 Methodii'locus
841 3961 1152 4029 explicatur.
1199 3957 1334 4011 XVI.
1365 3953 1560 4029 Utrum
1589 3953 1755 4029 solum

255 4039 488 4091 animum
526 4033 786 4086 hominem
825 4021 1134 4084 constituere
1161 4031 1368 4080 dixerit.
1413 4024 1572 4078 XVII.
1607 4021 1755 4074 Erra-

257 4109 491 4160 minatur
521 4097 1378 4172 Origenianupscevowpirwatg.
1429 4093 1611 4172 XVIIII.
1647 4091 1754 4172 Βυ-

257 4178 579 4244 thagoricum
616 4162 1428 4244 percuti/bimqu“propinquasse
1457 4182 1488 4215 a
1521 4162 1758 4231 plurimis

255 4237 423 4299 (licius
455 4256 528 4297 est
556 4237 924 4298 Adamantius.
967 4238 1105 4291 XIX.
1139 4239 1239 4290 Sed
1274 4237 1452 4288 multis
1481 4245 1754 4301 purgatur.

256 4317 378 4372 XX.
407 4317 902 4369 Metensomatoscos
931 4322 1169 4361 auctores
1191 4309 1508 4372 produntur.

258 4409 304 4462 I.
339 4407 605 4472 Quoniam
663 4403 937 4457 hominum
971 4400 1202 4460 animas,
1238 4397 1480 4463 ejusdem
1527 4409 1649 4448 esse
1691 4409 1755 4448 ac

175 4499 407 4569 angelos
437 4495 644 4550 ordinis
681 4504 736 4548 et
770 4503 975 4545 natura:
999 4489 1170 4544 voluit
1194 4487 1478 4555 Origenes,
1513 4486 1758 4554 explora-
1794 4481 1834 4533 ι)

177 4605 239 4648 ta
279 4592 467 4645 horum
517 4589 672 4658 juxta
707 4587 873 4654 ipsius
911 4584 1255 4638 deﬁnitiones
1286 4592 1499 4642 natura,
1550 4583 1617 4634 de
1653 4580 1757 4633 illis

176 4699 332 4741 nunc
361 4690 418 4734 ut
446 4696 690 4749 agamus,
725 4693 902 4730 rerum
935 4677 1106 4729 series
1132 4673 1420 4727 desiderat.
1450 4671 1757 4726 Observan-

174 4779 316 4832 dum
351 4787 478 4826 vero
519 4769 646 4824 illud
691 4778 776 4822 est
807 4779 935 4821 ante
967 4767 1169 4828 omnia,
1202 4765 1492 4818 obscuruttt
1537 4777 1600 4816 ac
1625 4760 1760 4816 ditii-

171 4867 291 4923 cile
313 4867 489 4918 visum
533 4866 634 4917 hoc
657 4871 1031 4932 argumentum
1056 4859 1298 4928 Origeni,
1337 4857 1526 4911 itidem
1553 4863 1611 4908 ut
1640 4854 1759 4907 aliis

179 4957 444 5014 Ecclesia:
477 4954 726 5007 Patribus
768 4953 1057 5020 plerisque,
1107 4964 1425 5017 summaque
1459 4949 1510 5000 itt
1551 4945 1761 5000 Ita'sita-

175 5053 338 5105 tioue
381 5058 436 5102 et
479 5045 721 5114 angustia
769 5043 934 5096 fuisse
975 5054 1268 5095 versatum.
1325 5042 1457 5093 Cum
1503 5040 1644 5092 enim
1694 5037 1759 5090 li-

178 5146 286 5197 bro
318 5155 378 5194 ttt
410 5139 482 5191 De
511 5137 757 5205 princip.,
813 5151 934 5203 cap.
970 5134 1023 5198 4,
1053 5150 1200 5186 num.
1232 5133 1284 5195 ‘l,
1323 5132 1617 5199 prmt‘ipdas
1651 5138 1762 5182 tres

177 5231 554 5302 proposuisset
585 5230 650 5279 de
682 5226 862 5279 aninta
895 5226 1225 5288 sententias;
1265 5233 1441 5275 tttrntu
1474 5221 1668 5288 duplex
1692 5221 1763 5272 sit

181 5327 241 5377 in
277 5321 459 5384 nobis,
498 5319 730 5372 divinior
759 5317 924 5369 altera
957 5326 1010 5369 et
1037 5317 1101 5369 de
1123 5315 1262 5368 ett-310
1295 5315 1633 5381 deprompta,
1659 5310 1760 5362 alia

184 5413 454 5475 Inferior;
490 5425 556 5463 an
588 5425 690 5462 una
723 5418 926 5460 tantum
977 5405 1218 5459 cwlcstis
1246 5401 1431 5470 juncta
1466 5399 1698 5467 corpori,
1737 5415 1763 5451 a

181 5521 298 5574 quo
322 5503 608 5556 inclinetur
633 5510 687 5556 et
719 5503 1053 5568 deprimatur
1086 5498 1154 5550 ad
1184 5497 1310 5547 vitia
1335 5512 1349 5560 ;
1379 5510 1445 5546 an
1474 5509 1598 5546 vero
1627 5508 1760 5545 con-

185 5605 302 5651 stet
336 5596 512 5648 anima
545 5595 789 5662 partibus
815 5592 1041 5652 duabus,
1088 5604 1316 5656 quarutn
1353 5585 1457 5638 alia
1488 5585 1556 5637 sit
1600 5586 1764 5637 ratio-

190 5685 284 5739 nis
319 5684 610 5754 particeps,
651 5684 861 5737 ratione
891 5682 1058 5734 altera
1093 5689 1315 5743 careat;
1344 5688 1624 5746 pOSIquam
1656 5678 1764 5729 sin-

189 5774 352 5846 gulas
379 5782 629 5830 accurate
652 5773 933 5844 opiniones
971 5769 1204 5828 excussit
1236 5784 1384 5824 nunt.
1414 5766 1470 5832 9,
1493 5767 1546 5834 ’5,
1579 5765 1607 5823 4
1637 5776 1684 5820 et
1710 5770 1764 5833 a,

1841 1898 2042 1959 gmate,
2071 1885 2332 1941 mentium
2368 1880 2785 1954 προϋπάρξεως,
2823 1888 2877 1933 et
2913 1878 3052 1948 pleni
3083 1893 3146 1930 ac
3179 1878 3418 1946 perpetui

1843 1981 2112 2040 libertatis
2149 1995 2275 2035 usus
2306 1993 2524 2046 semper
2569 1973 2805 2044 vigentis
2843 1988 2905 2027 ac
2951 1973 3209 2038 ﬂorentis,
3246 1972 3419 2026 maxi-

1843 2091 1987 2130 mam
2049 2073 2498 2143 Origenianorutn
2555 2083 2802 2124 errorum
2865 2078 3071 2136 partem
3120 2066 3416 2135 prodiisse;

1842 2181 1967 2220 nam
2011 2164 2264 2234 proﬂuxit
2299 2164 2424 2217 inde
2468 2161 2726 2231 quidquid
2762 2161 2874 2216 fere
2911 2162 3053 2215 circa
3104 2158 3419 2226 angelorum

1841 2265 2092 2310 naturam
2128 2261 2412 2323 peccatum
2441 2251 2508 2305 ab
2554 2265 2618 2305 eo
2643 2260 2728 2305 est
2769 2272 2781 2306 :
2837 2251 2960 2304 inde
2990 2247 3418 2321 μετενσωμάτω-

1848 2362 1952 2411 σις,
1994 2345 2096 2399 alia
2139 2345 2350 2413 aliaque
2399 2357 2625 2411 corpora
2673 2342 3029 2396 subeuntibus
3074 2341 3289 2406 animis,
3321 2354 3424 2410 pro

1845 2439 2001 2492 vario
2030 2437 2299 2492 libertatis
2332 2451 2430 2489 usu
2481 2455 2495 2490 :
2543 2434 2670 2488 inde
2708 2435 2876 2489 solam
2931 2433 3164 2487 animam
3211 2433 3422 2488 censuit

1848 2531 2178 2585 constituere
2211 2529 2506 2594 hominem,
2535 2535 2812 2596 assumpto
2837 2526 3102 2580 nimirum
3121 2527 3174 2578 in
3203 2539 3420 2594 pennam

1849 2637 2098 2691 corpore,
2159 2630 2412 2688 lanquant
2460 2619 2675 2672 vinculo
2707 2627 2762 2673 et
2805 2618 3064 2685 compede
3120 2635 3134 2671 :
3187 2617 3326 2671 unde
3367 2624 3425 2672 et

1848 2712 2078 2766 tollenda
2109 2709 2208 2762 fuit
2251 2707 2598 2770 resurrectio,
2644 2722 2766 2759 nam
2809 2706 2939 2775 quid
2969 2720 3195 2774 corpore
3231 2703 3332 2759 hoc
3367 2716 3424 2758 et

1848 2804 2078 2858 vinculis
2100 2816 2238 2870 opus
2267 2799 2472 2853 homini
2503 2803 2554 2852 in
2590 2799 2859 2866 integrum
2895 2795 3191 2850 restituto?
3223 2793 3423 2849 Gratiae

1848 2905 2063 2960 quoque
2110 2889 2432 2943 beneﬁcium
2476 2886 2702 2954 peremit
2733 2884 2897 2938 nimia
2939 2883 3028 2938 illa
3055 2891 3110 2939 et
3136 2883 3423 2938 immodica

1852 2981 2093 3038 libertas.
2147 2981 2298 3035 [inde
2329 2995 2455 3035 vero
2496 2978 2699 3033 allictas
2723 2978 2964 3032 dicemus
2992 2977 3158 3031 astris
3190 2979 3422 3042 animas,

1849 3085 1904 3130 et
1927 3075 2152 3130 liberum
2185 3072 2498 3138 arbitrium,
2521 3088 2684 3140 quatn
2709 3087 2774 3126 ex
2813 3073 2915 3124 hoc
2944 3070 3199 3124 mentium
3235 3083 3425 3122 ascen-

1849 3183 1908 3220 su
1940 3176 1994 3220 et
2024 3167 2313 3230 descensu,
2339 3163 2632 3228 crassiora,
2664 3162 2746 3216 vel
2783 3161 3062 3217 subtiliora
3090 3176 3155 3215 ac
3185 3161 3418 3229 splendi-

1851 3259 2002 3311 diora
2033 3256 2381 3311 subeuntium
2412 3268 2637 3322 corpora
2668 3267 2766 3318 pro
2791 3250 3035 3305 meritis?
3086 3249 3227 3304 unde
3266 3263 3424 3302 vesa-

1853 3365 1918 3403 na
1952 3351 2065 3404 haec
2096 3359 2151 3402 et
2173 3345 2426 3417 pestifera
2453 3346 2656 3412 opinio,
2687 3343 2960 3398 Christum
2983 3341 3068 3394 vel
3095 3355 3314 3411 passum
3343 3340 3425 3395 vel

1857 3457 2137 3512 passurum
2164 3456 2261 3509 pro
2295 3439 2584 3503 sideribus,
2625 3454 2723 3508 pro
2745 3437 2951 3506 angelis
2990 3446 3044 3489 et
3069 3433 3424 3498 dannonibus,

1853 3548 2013 3601 quam
2050 3546 2115 3584 ex
2153 3532 2322 3584 altera
2359 3528 2485 3590 ista,
2516 3537 2736 3594 peccato
2775 3533 2996 3578 naturas
3029 3521 3147 3575 illas
3177 3533 3298 3575 esse
3323 3520 3422 3572 ob-

1857 3623 2067 3688 noxias,
2101 3636 2205 3674 non
2242 3634 2398 3674 secus
2429 3633 2494 3672 ac
2537 3618 2822 3679 humanas,
2867 3614 3200 3684 proindeque
3234 3610 3421 3664 eadem

1857 3715 2196 3782 reparatione
2223 3727 2288 3766 ac
2317 3709 2556 3764 remedio
2586 3707 2870 3777 indigere?
2917 3706 3023 3760 Sed
3049 3713 3104 3757 et
3128 3701 3427 3772 praeﬁnitus

1856 3808 2233 3859 damnatorum
2259 3801 2538 3870 suppliciis
2564 3799 2753 3852 modus
2775 3813 2835 3850 ac
2860 3807 3067 3866 tempus
3083 3810 3146 3849 ex
3181 3810 3286 3862 quo
3309 3795 3426 3849 fon-

1859 3908 1910 3952 te
1946 3895 2207 3957 manavit,
2237 3909 2399 3962 quam
2444 3906 2512 3944 ex
2543 3897 2923 3960 perseverante
2951 3887 3113 3940 etiam
3139 3896 3256 3954 post
3290 3885 3428 3938 inﬂi.

1858 3999 1974 4042 etas
2004 4001 2194 4057 poenas
2227 3984 2492 4040 libertatis
2521 3982 2655 4036 usu?
2691 3981 2931 4048 Denique
2953 3979 3140 4048 positis
3169 3978 3254 4032 his
3281 3992 3431 4030 men-

1861 4081 1991 4132 tium
2020 4077 2463 4139 revolutiouibus,
2497 4089 2559 4126 ac
2582 4088 2853 4140 nunquam
2903 4071 3142 4126 desituro
3168 4067 3422 4130 circuitu,

1862 4171 2071 4224 renasci
2111 4185 2324 4238 quoque
2373 4167 2602 4220 mundos
2655 4164 2946 4218 identidem
2995 4161 3254 4230 oportuit,
3305 4173 3426 4211 cum

1860 4263 2130 4318 mentibus
2157 4264 2333 4315 denuo
2373 4261 2723 4327 peccantibus
2759 4271 2895 4311 nova
2944 4257 3136 4308 iterum
3189 4249 3428 4320 paranda

1858 4360 2040 4406 essent
2062 4350 2298 4413 vincula,
2336 4364 2470 4402 nova
2497 4348 2704 4401 scilicet
2725 4345 3044 4413 imponenda
3081 4354 3329 4407 corpora,
3362 4351 3428 4388 ex

1862 4459 2089 4514 quorum
2127 4442 2443 4497 diversitate
2479 4441 2710 4494 mundus
2739 4435 3043 4493 eﬂlorescit.
3079 4431 3208 4496 Qua:
3243 4431 3287 4484 si
3311 4429 3433 4497 quis

1863 4537 2174 4592 observabit
2204 4535 2512 4604 diligenter,
2544 4547 2648 4586 non
2683 4527 3102 4598 repugnantibus
3127 4533 3182 4578 et
3205 4523 3434 4589 dissipa-

1871 4635 1937 4685 tis
1961 4629 2304 4700 dogmatibus
2341 4637 2592 4682 constare
2625 4625 2924 4680 doctrinam
2957 4618 3206 4688 Origenis
3242 4614 3434 4668 fatebi-

1874 4731 1980 4788 tur,
2026 4723 2122 4776 sed
2155 4731 2278 4790 apte
2317 4734 2616 4774 connexam
2659 4731 2800 4780 esse,
2835 4723 2888 4767 et
2924 4711 3232 4766 necessaria
3273 4723 3435 4778 argu-

1868 4823 2170 4866 mentorum
2191 4813 2332 4866 serie
2362 4826 2425 4864 ac
2451 4817 2662 4864 textura
2699 4808 3080 4861 cohaerentem.
3156 4857 3160 4860 .

1942 4921 2026 4975 III.
2057 4920 2292 4974 Primam
2319 4921 2371 4972 in
2415 4921 2515 4972 hac
2543 4917 2841 4986 quastione
2865 4914 3123 4966 adversus
3150 4909 3432 4978 Ot'igenettt

1869 5019 2104 5071 intentat
2153 5014 2592 5069 criminationem
2654 5010 3010 5078 Hieronymus
3044 5006 3202 5075 epist.
3249 5002 3318 5057 59
3368 5002 3436 5055 ad

1870 5109 2037 5174 Avit.,
2063 5123 2183 5177 cap.
2210 5107 2268 5171 4,
2299 5122 2422 5160 cum
2456 5107 2776 5158 arbitratum
2809 5102 2980 5169 ipsum
3013 5099 3180 5153 fuisse
3216 5096 3292 5148 ait
3317 5095 3433 5147 ani-

1872 5219 1988 5258 mas
2025 5217 2236 5264 omnes,
2278 5209 2333 5253 et
2377 5212 2714 5268 quzecunque
2755 5195 2964 5247 ratione
3000 5192 3221 5259 pratdita
3255 5196 3381 5243 sunt
3407 5203 3438 5241 e

1869 5296 1964 5350 Dei
1993 5294 2294 5349 substantia
2317 5305 2571 5360 expressa
2619 5287 2902 5356 prodiisse,
2935 5283 3238 5351 divinaaque
3271 5283 3438 5347 ipsius

1873 5397 2080 5458 partem
2129 5400 2252 5440 esse
2308 5381 2646 5436 substantiae.
2685 5395 2702 5426 ι
2736 5375 2814 5429 Ne
2853 5389 3074 5443 parvam
3107 5380 3438 5440 putaremus,

1873 5482 2065 5549 inquit,
2125 5478 2456 5545 impietatem
2514 5486 2636 5524 esse
2705 5482 2894 5522 eorum
2945 5481 3064 5532 qua:
3107 5461 3440 5532 praemiserat.

1875 5567 2179 5639 (Origenes)
2239 5567 2291 5619 in
2338 5565 2575 5632 ejusdem
2642 5558 2931 5613 voluminis
2998 5555 3157 5626 (Περὶ
3217 5550 3437 5621 ἀρχῶν)

1879 5662 2490 5732 lineconjungitomnes
2550 5653 2900 5710 rationabiles
2956 5661 3197 5711 naturas,
3253 5648 3305 5699 id
3354 5654 3439 5699 est

1881 5759 2120 5822 Patrem,
2157 5764 2212 5810 et
2255 5751 2468 5818 Filium,
2499 5760 2550 5805 et
2583 5749 2842 5824 Spiritum
2897 5750 3164 5808 sanctuttt,
3197 5738 3440 5815 angelosa
