3860 6230
417 310 523 369 995

1665 324 1725 378 P.
1772 321 2089 378 DANIELIS
2129 322 2365 380 HUETII

3563 319 3683 374 896

408 449 724 512 potestates,
748 443 1166 511 dominationes,
1191 454 1520 515 ceterasque
1538 446 1787 510 virtutes,
1812 446 1983 514 ipsum
2015 454 2062 508 Α
2091 448 2199 502 bet.
2234 466 2251 497 ι
2286 445 2460 501 Unum
2491 446 2639 500 addit
2662 446 2908 509 verbum,
2930 446 3339 515 quodammodo,
3373 462 3393 495 ι
3425 442 3507 496 ait
3541 440 3683 496 Hie-

407 547 622 602 quoque
645 535 914 589 hominem
940 536 1233 590 secundum
1263 538 1455 591 anima:
1485 538 1800 605 dignitatem
1828 537 1986 590 unius

407 639 529 680 esse
569 625 908 682 substantiae.
958 625 1407 692 lntellectualem,
1448 629 1641 695 inquit,
1690 628 1986 682 rationabi-

409 714 622 785 lemque
666 730 916 771 naturam
961 720 1128 772 sentit
1162 718 1326 783 Deus,
1370 727 1425 773 et
1466 719 1777 788 unigenitus
1820 719 1987 775 Filius

407 807 552 877 ejus,
583 816 637 864 et
665 809 903 879 Spiritus
943 820 1203 875 sanctus;
1238 812 1478 863 sentiunt
1522 811 1719 880 angeli,
1749 822 1804 864 et
1831 822 1988 881 pote-

408 908 599 966 states,
623 909 937 971 caeteraeque
961 901 1218 968 virtutes;
1244 902 1411 955 sentit
1435 901 1661 957 interior
1678 903 1860 966 homo,
1896 904 1988 973 qui

411 993 477 1045 ad
510 992 796 1063 imaginem
827 1004 880 1047 et
913 993 1319 1048 similitudinem
1354 994 1447 1047 Dei
1476 996 1731 1049 conditus
1761 1004 1864 1049 est.
1912 996 1986 1048 Ex

408 1098 514 1148 quo
543 1086 887 1139 concluditur
913 1085 1103 1144 Deum.
1141 1095 1195 1139 et
1230 1086 1341 1140 haec
1392 1087 1794 1156 quodammodo
1832 1087 1990 1143 unius

408 1188 530 1229 esse
563 1176 900 1232 substantia.
928 1196 944 1229 ι
977 1178 1128 1245 Quod
1152 1183 1203 1232 in
1231 1178 1466 1248 Origene
1495 1184 1849 1234 damnaverat
1874 1180 1993 1234 Hie-

408 1283 690 1338 roaymus,
729 1268 863 1324 idem
895 1270 946 1324 in
980 1272 1282 1325 l‘alzestinis
1299 1272 1622 1341 Origenistis
1648 1273 1865 1325 damnat
1893 1272 1987 1328 Ju-

409 1358 680 1413 stinianus
721 1360 771 1413 in
823 1362 1049 1429 epistola
1088 1364 1152 1417 ad
1197 1368 1439 1432 quintam
1497 1364 1784 1434 synodum,
1828 1380 1989 1434 quam

410 1446 573 1501 habet
611 1449 886 1503 Cedrenus
937 1473 950 1506 :
984 1454 1217 1522 Λέγουσι
1254 1454 1360 1526 γὰρ
1407 1455 1489 1508 ὅτι
1523 1455 1639 1519 νόες
1680 1451 1820 1526 ἦσαν
1869 1457 1990 1527 δίχα

409 1539 610 1603 παντὸς
661 1540 893 1612 ἀριθμοῦ
938 1562 997 1597 τε
1046 1547 1137 1600 καὶ
1162 1547 1443 1619 ὀνόματος,
1477 1547 1553 1611 ὡς
1583 1548 1742 1602 ὲνάδα
1776 1550 1991 1602 πάντων

409 1626 549 1685 εἶναι
575 1633 681 1686 τῶν
708 1634 938 1703 λογικῶν
967 1641 1032 1708 τῇ
1059 1638 1343 1711 ταυτότητι
1372 1640 1472 1711 τῆς
1497 1641 1681 1704 οὐσίας
1714 1642 1807 1695 καὶ
1838 1643 1990 1711 ἐνερ-

409 1719 584 1787 γείας,
641 1723 735 1777 καὶ
773 1726 837 1794 τῇ
897 1725 1119 1797 δυνάμει
1165 1730 1232 1798 τῇ
1288 1729 1423 1800 πρὸς
1473 1729 1564 1783 τὸν
1619 1730 1750 1783 Θεὸν
1796 1731 1986 1798 Λόγον,

411 1810 597 1865 ὲνὼσει
628 1830 686 1866 τε
715 1816 1031 1883 καὶγνὼσει.
1057 1838 1073 1867 ι
1102 1819 1448 1876 Dicuntenim
1469 1834 1675 1877 mentes
1692 1822 1855 1878 fuisse
1872 1826 1988 1878 abs-

2097 1826 2313 1881 cunque
2367 1812 2543 1881 ipsum
2596 1811 2791 1881 spiritu
2858 1811 3148 1866 adorarent

411 1917 517 1968 que
540 1919 764 1959 numero
792 1917 843 1961 et
873 1910 1111 1977 nomine,
1145 1913 1276 1965 adeo
1305 1923 1363 1966 ut
1397 1928 1575 1968 rerum
1608 1914 1847 1967 omnium
1900 1928 1987 1967 ra-

413 1994 694 2051 ti0aalium
732 1999 912 2053 unitas
968 2002 1058 2062 sit,
1088 2018 1208 2055 cum
1248 2003 1385 2059 idem
1441 2005 1551 2060 sint
1580 2004 1903 2069 substantia,
1934 2013 1990 2058 et

411 2088 752 2157 operatione,
784 2101 839 2143 et
866 2092 1065 2147 virtute
1096 2109 1213 2161 qua:
1247 2105 1330 2149 est
1359 2099 1497 2164 apud
1536 2097 1699 2151 Deum
1727 2090 1986 2161 Verbum,

414 2189 527 2234 tum
576 2183 902 2239 adtntatione
933 2194 987 2238 et
1041 2188 1366 2256 cognitione.
1402 2208 1419 2240 ι
1479 2188 1728 2243 Gobarus
1772 2203 1986 2259 quoque

412 2269 677 2328 Tritbeita
719 2273 826 2338 ille,
866 2276 1017 2345 cujus
1060 2287 1315 2344 excerpta
1348 2276 1563 2347 collegit
1604 2278 1829 2331 Pliotius
1865 2278 1986 2332 cod.

410 2376 655 2428 ccxxxtt,
683 2366 928 2434 degunata
968 2365 1159 2432 multa,
1181 2383 1299 2437 qua:
1335 2359 1449 2423 fere
1480 2370 1801 2440 Origeniana
1841 2381 1986 2440 sunt,

416 2456 466 2506 in
502 2467 792 2526 utramque
841 2458 1122 2526 disputans
1178 2468 1407 2529 partem,
1458 2473 1651 2515 octavo
1697 2463 1813 2515 loco
1860 2464 1987 2518 illud

416 2547 594 2611 habet,
617 2549 691 2613 ὼς
719 2551 782 2602 ὲκ
816 2550 913 2620 τῆς
941 2550 1090 2613 Θείας
1127 2552 1315 2615 οὐσίας
1350 2554 1382 2624 ἡ
1414 2553 1725 2625 ἀνθρωπίνη
1754 2554 1988 2626 προελή-

412 2635 538 2692 λυθε
583 2638 749 2713 ψυχή,
807 2658 914 2696 rex
961 2643 1139 2695 divina
1192 2644 1494 2699 substantia
1536 2646 1825 2698 humanam
1868 2647 1989 2700 ani-

414 2744 554 2782 mam
584 2732 933 2798 processisse.
964 2752 982 2785 ι

486 2820 610 2877 Fuit
638 2824 728 2878 illa
757 2828 975 2895 quidem
1022 2828 1489 2899 Pythagoreorum
1543 2828 1817 2891 doctrina,
1851 2826 1990 2881 divi-

419 2926 501 2966 na:
548 2928 693 2969 auras
733 2916 1001 2986 particula
1065 2920 1278 2975 animas
1329 2930 1550 2975 nostras
1600 2930 1885 2986 constare,
1936 2928 1991 2976 et.

418 3004 590 3062 Deum

768 3161 784 3177 .
832 3161 845 3175 .
890 3161 905 3176 .
949 3160 964 3175 .
1008 3160 1022 3176 .
1069 3163 1082 3177 .
1129 3162 1143 3176 .
1307 3124 1495 3190 ireper
1528 3141 1707 3178 omnes

2089 549 2353 604 ronymus
2385 535 2544 604 epist.
2588 534 2657 588 59
2686 537 2751 588 ad
2793 536 2962 601 Avit.,
3003 548 3123 603 cap.
3160 534 3214 599 4,
3250 552 3268 587 ‹
3295 540 3354 586 ιιι
3398 532 3543 586 tanti
3576 546 3681 587 sa-

2088 625 2295 694 crilegii
2324 626 2531 681 crimen
2562 625 2849 695 effugeret,
2879 644 2898 677 ι
2934 625 3019 679 vel
3045 623 3274 679 fortasse
3295 632 3353 677 ut
3385 622 3681 693 opinionis

2090 715 2250 783 hujus
2278 714 2592 783 neutiquam
2619 714 2830 769 afﬁnem
2866 729 2923 768 se
2949 727 3071 769 esse
3102 712 3425 767 declararet.
3456 712 3555 767 Sic
3582 712 3681 766 ille

2090 806 2306 874 quidem
2341 807 2392 860 in
2430 806 2567 860 libro
2602 805 2675 860 De
2700 808 2979 876 martyrio,
3011 822 3159 859 num.
3192 806 3258 858 47
3293 825 3306 859 :
3341 806 3548 858 Ἐτιδὲ
3576 806 3677 858 καὶ

2091 897 2347 966 φιλοζωεῖ
2376 897 2471 950 ἄνθ
2479 915 2678 966 ρωπος,
2702 900 2905 967 πεῖσμα
2946 895 3125 950 λαϐὼν
3152 896 3279 967 περὶ
3303 897 3488 960 οὐσίας
3515 897 3673 965 λογι-

2092 988 2195 1059 κῆς
2238 988 2437 1059 ψυχῆς,
2473 989 2549 1052 ὼς
2591 988 2823 1059 ἐχούσης
2850 1006 2901 1041 τι
2925 988 3184 1057 συγγενὲς
3204 988 3341 1060 Θεῷ.
3372 988 3533 1055 Quod
3568 990 3612 1042 si
3642 1003 3677 1043 e

2094 1080 2186 1133 Dei
2240 1081 2545 1134 substantia
2595 1078 2890 1133 delibatam
2931 1079 3237 1133 censuisset
3268 1079 3529 1142 animam,
3561 1094 3671 1132 non

2094 1169 2250 1225 afﬁne
2295 1170 2497 1239 aliquid
2538 1168 2763 1233 habere,
2812 1170 2903 1223 sed
2956 1170 3127 1239 ipsius
3169 1169 3489 1238 particulam
3548 1184 3674 1223 esse

2093 1263 2322 1317 dixisset
2357 1261 2554 1316 :alline
2602 1270 2783 1315 autem
2842 1277 2963 1316 cum
3025 1276 3091 1315 eo
3140 1261 3415 1332 quidpiam
3476 1261 3669 1325 habet,

2093 1356 2235 1425 quod
2265 1355 2332 1408 ad
2378 1354 2494 1421 ejus
2545 1354 2835 1424 imaginem
2885 1355 3102 1407 condita
3150 1353 3240 1418 sit,
3271 1352 3413 1422 quod
3460 1352 3674 1407 lumine

2092 1448 2276 1501 divino
2312 1446 2493 1499 vultus
2531 1445 2700 1515 ipsius
2743 1448 2989 1515 signatus
3041 1446 3133 1510 sit,
3174 1446 3315 1515 quod
3347 1447 3540 1500 mortis
3578 1462 3673 1500 ex-

2093 1552 2236 1605 pers,
2261 1547 2315 1591 et
2341 1537 2615 1590 beatitatis
2649 1545 2863 1591 aeterna:
2894 1552 3061 1606 capax
3089 1538 3176 1591 sit.
3219 1535 3547 1591 Planissime
3575 1552 3671 1591 ve-

2094 1643 2154 1680 ro
2187 1641 2427 1681 errorem
2460 1626 2604 1680 hunc
2652 1626 2953 1696 impietatis
2988 1628 3165 1697 arguit
3207 1627 3259 1679 in
3296 1624 3671 1693 Heracleone;

2093 1721 2182 1791 qui
2219 1718 2457 1787 ejusdem
2504 1733 2625 1774 esse
2667 1734 2731 1773 ac
2765 1719 2931 1773 Deum
2983 1720 3233 1774 essentia:
3281 1720 3516 1788 ﬁngebat
3550 1722 3676 1790 qui-

3195 1827 3210 1865 :
3250 1812 3676 1883 Ἐπιστήσωμεν

2091 1904 2168 1969 δὲ,
2206 1904 2377 1972 inquit
2418 1913 2561 1957 tomo
2585 1920 2682 1957 χιιι
2720 1905 2775 1956 in
2803 1901 2988 1969 Joan.,
3024 1919 3175 1958 num.
3202 1902 3293 1966 ‘25,
3338 1904 3387 1956 ei
3434 1903 3506 1974 μὴ
3544 1903 3677 1973 σφο-

2090 1996 2190 2069 δρα
2212 1996 2357 2049 ἐστὶν
2382 1995 2575 2059 ἀσεϐὲς
2594 1995 2875 2064 ὁμοούσιον
2901 1993 3040 2066 [lego
3065 1994 3397 2067 ὀμοουσίους]
3420 1998 3487 2065 τῇ
3508 1997 3679 2063 ἀγεν-

2092 2092 2238 2161 νήτῳ
2264 2088 2422 2159 φύσει
2449 2090 2544 2142 καὶ
2574 2087 2946 2159 παμμακαρίᾳ
2985 2083 3121 2141 εἶναι
3146 2088 3320 2157 λέγειν
3349 2088 3474 2151 τοὺς
3496 2104 3675 2158 προσ-

2092 2180 2387 2244 κυνοῦντας
2414 2179 2493 2251 τῷ
2532 2180 2798 2249 πνεύματι
2828 2179 2905 2250 τῷ
2935 2178 3052 2251 Θεῷ
3089 2178 3222 2252 (56).
3263 2181 3371 2234 lloc
3403 2180 3573 2233 etiam
3618 2193 3679 2234 se

2092 2283 2286 2343 purgat
2313 2273 2570 2343 Origenes
2600 2273 2690 2326 illo
2715 2273 2965 2335 crimine,
2991 2274 3132 2341 quod
3175 2272 3409 2325 animam
3437 2286 3677 2340 corpora

2094 2377 2199 2419 tam
2240 2381 2357 2420 esse
2389 2366 2646 2430 decrevit,
2684 2375 2741 2417 ut
2767 2364 2905 2418 infra
2934 2363 3476 2433 declarabimus;qui
3520 2363 3677 2415 enim

2094 2473 2354 2527 corporea
2380 2472 2465 2511 res
2492 2472 2615 2525 pars
2641 2472 2757 2511 esse
2782 2457 2872 2510 Dei
2902 2471 3131 2525 corpore
3159 2456 3418 2517 carentis,
3451 2455 3675 2523 qualem

2093 2562 2214 2601 esse
2251 2546 2490 2601 defendit
2530 2546 2816 2615 Origenes,
2850 2545 2955 2600 dici
3009 2546 3251 2615 poterit?
3300 2544 3436 2598 llinc
3479 2545 3673 2611 Augu-

2093 2637 2265 2691 stinus
2312 2636 2406 2690 lib.
2448 2653 2461 2690 ι
2506 2636 2579 2689 De
2628 2638 2772 2691 civit.
2821 2635 2939 2699 Dei,
2998 2651 3119 2705 cap.
3148 2635 3253 2690 εὖτ
3288 2653 3305 2685 i
3331 2635 3557 2689 Animas
3587 2635 3674 2689 di-

2092 2740 2247 2795 cunt,
2281 2744 2385 2781 non
2419 2729 2639 2797 quidem
2672 2739 2853 2798 partes
2879 2728 2993 2793 Dei,
3022 2730 3113 2782 sed
3156 2727 3325 2781 factas
3350 2743 3377 2781 a
3402 2728 3513 2781 Deo
3536 2742 3671 2796 pec-

2094 2834 2247 2873 casse
2277 2833 2306 2871 a
2341 2818 2636 2873 Conditore
2686 2820 3016 2885 recedendo;
3043 2830 3095 2873 et
3141 2819 3369 2873 diversis
3406 2834 3674 2888 progres-

2095 2909 2243 2964 sibus
2277 2924 2377 2979 pro
2403 2911 2722 2965 diversitate
2766 2921 3111 2980 peccatorum
3154 2928 3181 2965 a
3219 2912 3368 2968 caelis
3395 2928 3569 2982 usque
3607 2914 3675 2967 ad

2096 3011 2292 3065 terras,
2321 3003 2538 3059 dzversa
2565 3019 2795 3074 corpora
2840 3008 2994 3075 quasi
3029 3007 3243 3060 vincula
3278 3007 3566 3061 meruisse.
3611 3007 3677 3061 Et

2094 3095 2237 3150 hunc
2262 3111 2384 3150 esse
2417 3098 2697 3163 mundum,
2734 3112 2961 3167 eamque
2992 3114 3213 3153 causam
3272 3099 3457 3153 mundi
3502 3098 3679 3154 fuisse

421 3176 733 3263 terrasque,
758 3176 1073 3263 tractusque
1101 3195 1285 3256 maris,
1313 3176 1599 3260 crelirmque
1624 3194 1943 3262 profundum
1971 3210 1988 3249 :

2096 3185 2352 3252 faciendi,
2386 3203 2491 3241 non
2528 3198 2587 3241 ut
2636 3189 3002 3243 conderentur
3057 3189 3219 3255 bona,
3272 3194 3364 3245 sed
3415 3200 3477 3243 ut
3528 3191 3676 3244 mala

424 3259 560 3333 [fine
601 3262 845 3333 pecudes,
877 3259 1140 3325 armenta,
1172 3265 1335 3327 viros,
1362 3280 1523 3333 genus
1556 3259 1988 3332 omne’fernrum,

418 3328 687 3399 Quemque
708 3330 809 3384 sibi
827 3343 1007 3384 tenues
1034 3342 1333 3387 nascentem
1361 3328 1630 3388 arcessere
1656 3328 1809 3387 vitas.

804 3422 1040 3491 (VIBGIL.
1073 3424 1289 3493 Georg.,
1319 3423 1415 3479 lib.
1441 3440 1516 3487 tv,
1549 3440 1695 3480 vers.
1733 3425 1885 3497 εει.)

423 3568 443 3600 ε
472 3548 795 3619 Audiebam,
846 3573 864 3605 ι
900 3555 977 3609 ait
1024 3555 1162 3611 Cato
1207 3557 1347 3627 apud
1377 3556 1637 3625 Tullium,
1668 3580 1687 3611 ι
1714 3558 1980 3631 Pythago-

426 3655 562 3705 ram,
603 3641 1103 3713 Pythagoreosque,
1156 3646 1364 3703 incolas
1435 3663 1572 3718 pene
1610 3660 1845 3715 nostros,
1893 3652 1987 3720 qui

418 3744 604 3791 essent
651 3735 821 3791 Italici
864 3739 1172 3809 philosophi
1216 3742 1492 3809 quondam
1544 3743 1827 3806 nominati,
1856 3760 1992 3799 nun-

419 3842 581 3895 quam
646 3829 920 3885 dubitasse
971 3836 1100 3900 quin
1139 3848 1205 3886 ex
1258 3832 1512 3887 universa
1572 3847 1754 3890 mente
1804 3836 1987 3889 divina

419 3914 690 3973 delibatos
727 3920 940 3974 animos
981 3921 1325 3978 haberemus.
1362 3943 1379 3974 ι
1430 3922 1486 3978 In
1532 3929 1720 3979 eadem
1777 3926 1994 3981 fuerunt

418 4008 736 4080 Opinatione
782 4011 1045 4068 Platonici
1087 4023 1142 4067 et
1185 4013 1377 4082 Stoici,
1416 4033 1578 4087 quam
1627 4030 1682 4072 et
1713 4016 1912 4078 Cerdo.
1941 4029 1995 4074 et

423 4100 654 4167 Marcio,
687 4113 742 4157 et
775 4103 1054 4159 Manieltaai
1088 4106 1317 4162 subinde
1351 4109 1586 4178 amplexi
1623 4120 1767 4163 sunt.
1798 4109 1994 4164 Hiero-

418 4209 616 4267 nymus
654 4195 814 4264 epist.
862 4196 922 4250 6i
960 4198 1027 4251 ad
1074 4196 1415 4265 Patmnaclt.,
1461 4216 1582 4270 cap.
1624 4202 1681 4267 5,
1713 4202 1794 4255 sic
1830 4200 1995 4256 Joan-

420 4303 544 4342 nem
573 4286 1121 4360 Hierosolymitanum
1158 4291 1467 4362 interpellat
1499 4312 1511 4347 :
1549 4314 1566 4346 ι
1590 4294 1734 4348 Dicis
1784 4296 1994 4351 animas

420 4379 698 4436 hominum
747 4398 852 4437 non
886 4393 1096 4453 partem
1126 4400 1249 4440 esse
1280 4385 1374 4440 Dei
1403 4396 1611 4440 natura:
1642 4401 1659 4441 :
1692 4387 1849 4457 quasi
1878 4386 1993 4441 Ma-

421 4473 659 4529 nichacus
720 4490 860 4529 nunc
924 4475 991 4529 ab
1058 4474 1355 4546 Epiphanio
1411 4478 1492 4533 sis
1554 4488 1861 4545 vocatus;»
1942 4488 1995 4533 et

2094 3278 2505 3334 cohiberentur.
2556 3278 2695 3334 Hinc
2727 3280 2994 3347 Origenes
3020 3279 3142 3348 jure
3171 3283 3418 3349 culpatur
3460 3301 3473 3336 :
3518 3281 3577 3336 in
3613 3283 3678 3336 li-

2094 3374 2207 3429 bris
2246 3373 2388 3427 enim
2441 3388 2578 3442 quos
2632 3373 2866 3442 appellat
2912 3374 3049 3441 Περὶ
3108 3372 3333 3443 ἀρχῶν,
3370 3375 3419 3428 id
3456 3387 3566 3441 est,
3600 3375 3680 3429 Ds

2092 3462 2393 3532 principiis,
2430 3463 2534 3517 hoc
2571 3464 2762 3529 sensit,
2796 3464 2898 3517 hoc
2945 3465 3187 3534 scripsit.
3222 3484 3241 3515 ι
3279 3463 3542 3534 Origenes
3575 3466 3679 3536 igi-

2097 3563 2184 3606 tur
2213 3554 2447 3618 animas,
2479 3569 2585 3607 non
2638 3554 2855 3623 quidem
2907 3564 3092 3623 partes
3137 3554 3250 3618 Dei,
3283 3557 3375 3610 sed
3426 3554 3613 3611 factas
3647 3573 3678 3610 a

2097 3646 2207 3699 Deo
2237 3660 2356 3700 esse
2387 3646 2637 3701 credidit.
2672 3644 2784 3700 Nec
2832 3647 3014 3701 minus
3043 3649 3145 3701 hoc
3179 3647 3332 3710 utile,
3362 3649 3509 3716 quod
3544 3649 3678 3702 Hie-

2095 3750 2351 3806 ronymus
2384 3736 2542 3803 epist.
2568 3733 2662 3801 82,
2690 3734 2755 3788 ad
2786 3733 3152 3789 Marcellinum
3176 3745 3229 3788 et
3249 3734 3678 3803 Anapsyehiam,

2100 3842 2414 3897 germanam
2448 3825 2701 3897 Origenis
2738 3827 3060 3879 sententiam
3088 3827 3155 3880 ab
3201 3826 3302 3881 hac
3350 3826 3451 3895 ipsi
3497 3824 3680 3881 aﬂicta

2095 3920 2379 3989 distinguit
2417 3937 2479 3971 ε(
2528 3918 2702 3988 Super
2740 3920 2933 3972 anima:
2983 3929 3148 3983 statu,
3192 3918 3387 3986 inquit,
3445 3919 3677 3972 memini

2095 4021 2288 4065 vestrae
2337 4011 2762 4081 quaestiunculm,
2828 4012 2936 4067 imo
2991 4012 3226 4065 maxime
3283 4010 3678 4065 ecclesiastica:

2096 4103 2414 4173 quaestionis
2451 4121 2466 4160 :
2500 4114 2680 4158 utrum
2715 4105 2861 4174 lapsa
2918 4104 2985 4157 de
3028 4102 3167 4157 cmlo
3191 4105 3280 4168 sit,
3316 4111 3373 4155 ut
3402 4101 3679 4173 Pythago-

2096 4210 2183 4249 ras
2213 4195 2584 4265 pliilosopbus,
2636 4211 2935 4265 omnesque
2987 4191 3254 4250 Platonici
3310 4204 3359 4249 et
3406 4194 3679 4265 Origenes

2096 4295 2319 4356 putant;
2357 4301 2424 4340 an
2452 4301 2480 4339 a
2513 4286 2730 4357 prOpria
2762 4288 2852 4341 Dei
2881 4290 3211 4346 substantia,
3246 4295 3302 4339 ut
3331 4285 3534 4353 Stoici,
3564 4288 3677 4341 Ma-

2098 4376 2362 4444 niehzeus,
2386 4385 2440 4431 et
2470 4376 2741 4448 Hispaniae
2762 4377 3088 4431 Priscilliani
3124 4379 3359 4433 haereses
3385 4383 3680 4449 auspican-

2099 4479 2206 4524 tur.
2232 4489 2252 4519 ι
2293 4469 2402 4526 Hoc
2441 4471 2658 4539 quidem
2698 4472 2769 4525 ob
2803 4473 3000 4540 dogma
3050 4470 3374 4525 Palaestinos
3419 4471 3679 4543 Origeni-

419 4578 540 4631 cap.
574 4563 605 4617 6
637 4586 648 4617 :
688 4583 707 4616 r
735 4564 878 4619 Diris
912 4537 1273 4621 animam'non
1297 4583 1417 4622 esse
1440 4569 1505 4623 de
1534 4568 1622 4621 Dei
1646 4568 1949 4622 substantia
1978 4586 1992 4635 ;
2027 4537 2072 4594 θ
2098 4571 2211 4615 Stas
2262 4563 2501 4629 pulsavit
2558 4560 2922 4625 Justiniamls,
2980 4561 3183 4617 ideirco
3238 4563 3477 4616 fortasse
3532 4565 3679 4633 quod

420 4653 665 4722 pulchre,
720 4654 946 4709 damnas
992 4656 1135 4709 enim
1182 4655 1567 4725 impiissimum
1612 4655 1990 4723 Manicbazum,

420 4759 579 4813 quem
636 4746 920 4802 nominare
966 4747 1192 4816 pollutio
1242 4757 1365 4813 est;
1394 4767 1411 4799 ι
1447 4757 1501 4802 et
1545 4764 1669 4802 mox
1714 4764 1728 4803 :
1769 4767 1787 4799 ι
1822 4749 1991 4805 Nemo

421 4832 633 4885 dubitat
679 4849 870 4889 errare
928 4836 1021 4905 qui
1067 4836 1198 4891 dicit
1248 4853 1366 4892 eam
1429 4837 1686 4910 (animam
1748 4840 1990 4895 rationa-

422 4920 546 4993 lem)
586 4939 706 4979 esse
734 4925 825 4979 Dei
856 4929 1242 4982 substantiam.
1284 4948 1303 4981 ι

496 5013 666 5084 Igitur
703 5014 939 5072 Joannes
975 5018 1062 5073 ille
1105 5018 1652 5091 Hierosolymitanus,
1684 5024 1774 5094 qui
1798 5023 1987 5095 Orige-

422 5105 566 5159 nista
620 5108 780 5176 vulgo
828 5110 1107 5175 audiebat,
1153 5111 1219 5166 ab
1259 5128 1320 5166 ea
1362 5124 1539 5169 tamen
1584 5117 1865 5185 Opinione,
1911 5117 1989 5170 fa-

420 5204 569 5252 tente
608 5197 960 5272 Hieronymo,
996 5211 1116 5257 erat
1171 5203 1418 5270 alienus;
1468 5208 1611 5274 quod
1646 5209 1714 5262 ad
1759 5224 1991 5278 purgan-

419 5289 548 5344 dum
584 5291 872 5360 Origenem
900 5293 1085 5349 valere
1124 5304 1320 5364 potest.
1361 5296 1481 5367 Ipse
1522 5299 1808 5371 Origenes,
1840 5304 1991 5373 cujus

418 5385 585 5440 verba
622 5401 720 5454 pro
755 5386 856 5442 hoc
882 5386 1136 5457 dogmate
1167 5392 1359 5445 recitat
1391 5392 1769 5464 llieroaymus,
1800 5410 1987 5450 vocem

418 5477 642 5541 addens,
684 5482 1087 5549 quodammodo,
1126 5485 1573 5552 reprehensiones
1624 5501 1652 5539 a
1700 5500 1757 5541 se
1801 5489 1987 5556 prohi—

491 5592 607 5666 (36)
642 5590 756 5666 Hoc
788 5595 945 5648 etiam
994 5612 1049 5649 se
1094 5605 1282 5665 purga!
1317 5594 1568 5666 Origenes
1620 5598 1714 5651 illo
1745 5600 1987 5663 crimine,

421 5663 559 5730 quod
610 5664 843 5717 animam
900 5663 1235 5733 corporalem
1280 5683 1389 5721 esse
1418 5663 1683 5732 'decrevit,
1713 5681 1819 5724 etc.
1870 5669 1987 5724 Jam

425 5747 586 5801 supra
622 5735 1025 5791 observavimus
1063 5749 1257 5808 qutcst.
1294 5740 1347 5803 9,
1388 5737 1463 5793 De
1503 5740 1897 5811 angelis,num.
1931 5740 1985 5807 ’5,

2096 4655 2330 4709 tributos
2360 4670 2552 4710 omnes
2594 4655 2815 4724 Origeni
2848 4671 3064 4710 errores
3108 4655 3177 4709 ab
3204 4655 3268 4709 iis
3301 4666 3676 4725 pr0pugnatos

2096 4748 2267 4802 fuisse
2298 4749 2552 4818 opinatus
2579 4760 2703 4803 est:
2730 4748 2812 4803 sin
2844 4750 2892 4803 ei
2947 4749 3291 4802 adhaeserunt
3326 4762 3546 4811 revera,
3580 4747 3673 4799 mi-

2094 4840 2241 4893 nime
2308 4855 2439 4895 sane
2501 4850 2832 4894 sectatorum
2890 4854 3112 4893 suorum
3175 4840 3424 4892 vesanias
3486 4852 3673 4891 omnes

2093 4929 2374 4999 praestabit
2406 4930 2791 4984 Adamantius.
2828 4930 2982 4996 Quod
3018 4930 3061 4983 si
3100 4938 3276 4983 tamen
3306 4928 3481 4996 culpa:
3512 4928 3676 4994 hujus

2094 5021 2284 5075 fuisset
2316 5036 2459 5084 reus,
2506 5022 2911 5090 astipulatorem
2966 5022 3068 5090 ipsi
3100 5025 3350 5075 daremus
3379 5020 3674 5073 Tertullia-

2096 5129 2244 5180 num,
2277 5115 2366 5181 qui
2404 5114 2497 5167 lib.
2544 5128 2595 5166 tv
2653 5114 2903 5167 adversus
2938 5113 3285 5178 Marciorum,
3316 5128 3439 5182 cap.
3469 5112 3565 5174 '58,
3598 5114 3673 5167 sit

2100 5209 2173 5261 ait
2205 5226 2219 5261 :
2255 5226 2273 5258 ι
2300 5208 2580 5262 Hominem
2616 5208 2778 5278 igitur
2816 5206 3141 5274 reddijubet
3172 5207 3447 5273 Creatori,
3486 5193 3673 5261 ἰιιέιι⁴

2091 5300 2181 5368 jus
2211 5300 2448 5370 imagine
2487 5310 2541 5354 et
2572 5299 2949 5363 similitudine,
2981 5308 3035 5353 et
3078 5301 3318 5363 nomine,
3350 5312 3407 5353 et
3442 5302 3673 5356 materia

2095 5408 2381 5463 expressus
2406 5403 2506 5448 est.
2536 5411 2555 5445 ι

2170 5484 2260 5541 ιν,
2285 5487 2621 5543 Certioribus
2654 5486 2914 5559 Origenes
2946 5495 3002 5541 et
3036 5485 3508 5543 manifestioribus
3552 5502 3674 5545 sen-

2100 5604 2600 5673 natnramanima:
2655 5603 2709 5655 in
2763 5614 2995 5671 corpore
3056 5602 3405 5673 quantumvis
3480 5600 3672 5658 subtili

2097 5688 2203 5729 non
2228 5672 2474 5744 posuisse
2508 5674 2821 5745 Origenem.

3782 97 3815 349 Ι

3796 399 3817 665 Ι
