3860 6230
205 304 307 363 897

1010 309 1583 367 ORIGENHNORUM
1620 310 1746 366 LIB.
1790 310 1857 376 ll,
1895 310 2045 366 CAP.
2084 309 2148 373 ll,
2185 309 2464 376 QU.£ST.
2510 308 2596 362 Vl.

3342 312 3447 367 898

208 423 428 477 tentiam
487 426 626 479 hanc
670 426 904 497 signavit
954 432 1345 495 monumentis,
1380 448 1501 501 qua:
1558 434 1770 487 animas
1800 438 1845 493 Α
1873 445 2009 499 quas
2056 444 2186 481 vero
2226 438 2318 482 aut
2371 428 2523 491 nihil,
2575 437 2673 481 aut
2714 429 2965 497 exiguum
3010 427 3235 497 aliquid.
3294 425 3449 482 Unde

208 522 334 569 ante
384 530 611 585 corpora
636 534 663 571 a
697 518 807 572 Deo
829 520 1097 584 conditas,
1126 522 1176 574 iu
1205 537 1379 591 eaque
1405 525 1481 577 sic
1517 534 1774 592 tanquam

206 605 259 658 in
301 606 569 676 ergastula
603 607 865 662 demissas
894 625 991 678 pro
1021 612 1260 679 peccatis
1307 614 1567 669 decernit.
1601 616 1777 684 Atque

205 695 320 750 haec
346 695 500 750 alteri
531 697 596 750 de
637 698 953 770 angelorum
986 702 1198 757 meritis
1229 712 1285 758 et
1324 706 1777 759 remunerationi-

204 786 306 840 bus
338 800 397 841 ac
423 787 600 857 pinnis
628 791 877 857 superius
902 794 1163 863 expositae
1190 809 1437 849 connexa
1475 806 1578 852 est.
1606 796 1775 852 Natu-

207 897 297 938 ras
318 885 463 937 enim
493 900 681 939 omnes
707 887 919 942 ratione
948 889 1220 957 prteditas,
1254 891 1355 945 hoc
1387 899 1470 946 est
1502 901 1710 949 mentes
1744 909 1774 948 a

207 971 317 1026 Deo
360 983 487 1028 ante
540 976 724 1030 mutuli
777 976 1053 1046 opificium
1104 990 1438 1049 procreatas,
1494 982 1775 1054 liberoque

204 1063 500 1121 instructas
546 1066 775 1122 arbitrio
817 1067 983 1124 fuisse
1033 1074 1266 1141 putavit;
1319 1089 1425 1144 qua
1485 1085 1635 1132 recte
1691 1077 1773 1132 vel

207 1158 350 1214 male
391 1161 583 1229 agendi
630 1161 886 1217 facultate
928 1162 1159 1219 diversis
1195 1177 1409 1222 utentes
1460 1168 1654 1234 modis,
1689 1169 1773 1222 di-

205 1267 394 1309 versos
427 1255 549 1309 inde
578 1254 659 1309 vel
683 1254 891 1325 glorise,
922 1255 1006 1309 vel
1039 1256 1348 1326 ignominia:
1367 1275 1429 1312 ac
1449 1274 1625 1327 poena:
1650 1275 1773 1330 gra-

205 1345 308 1399 dus
344 1342 512 1400 fuisse
556 1355 917 1413 consecutas;
951 1345 1088 1401 alias
1142 1348 1407 1417 siquidem
1459 1349 1771 1419 angelorum

206 1438 431 1506 adeptas
459 1450 581 1492 esse
622 1445 888 1504 naturam,
927 1452 1047 1506 quae
1080 1436 1341 1495 leviorum
1392 1454 1574 1499 essent
1606 1461 1772 1501 noxa-

206 1543 327 1580 rum
377 1528 586 1594 fontes;
628 1544 747 1598 quze
785 1538 976 1584 contra
1023 1530 1179 1587 liberi
1219 1533 1436 1589 arbitrii
1464 1552 1689 1593 munere
1719 1540 1772 1594 in

202 1618 445 1673 deterius
472 1618 699 1675 fuissent
727 1621 928 1688 abesse,
956 1622 1009 1677 in
1041 1625 1314 1679 crassiora
1343 1642 1596 1697 corpora,
1631 1630 1774 1685 side-

202 1724 323 1763 rum
358 1720 508 1780 puta,
550 1711 634 1765 vel
681 1712 1013 1779 daemonum,
1054 1715 1139 1770 vel
1185 1717 1461 1771 hominum
1516 1734 1640 1774 esse
1680 1723 1773 1775 de-

1882 522 2231 575 inveniuutur
2268 520 2489 590 quidam
2538 519 2721 573 statim
2775 522 2842 574 ab
2891 521 3110 573 ineunte
3152 527 3313 573 astate
3358 534 3449 573 ar-

1876 611 2143 666 dentioris
2184 611 2472 674 acmuinis,
2519 610 2610 663 alii
2663 624 2791 665 vero
2856 610 3145 675 tardioris;
3202 609 3445 663 nonnulli

1877 715 2056 760 autem
2083 704 2421 759 obtusissimi
2454 713 2508 759 et
2541 705 2758 774 penitus
2786 703 3047 759 indociles
3082 704 3253 758 nasci.
3279 722 3297 755 )
3324 703 3448 770 Qui-

1880 798 1979 852 bus
2010 797 2205 852 similia
2232 798 2285 850 in
2322 796 2514 866 capitis
2538 795 2776 864 ejusdem
2801 796 2948 849 calce
2979 796 3257 849 iterantur.
3283 793 3445 850 Libro

1876 905 2004 945 vero
2037 889 2429 944 lucubrationis
2457 890 2696 959 ejusdem
2723 889 2921 958 priore,
2962 903 3083 958 cap.
3117 887 3170 951 7,
3213 904 3364 942 num.
3387 888 3442 953 4,

1876 984 2112 1037 animam
2155 983 2414 1047 hominis,
2453 998 2559 1037 non
2594 997 2714 1035 cum
2762 996 2989 1050 corpore
3032 980 3229 1034 factam
3266 980 3444 1049 docet,

1875 1077 1970 1131 sed
2028 1076 2371 1131 extrinsecus
2425 1075 2710 1138 insertam,
2751 1073 2917 1142 idque
2972 1088 3070 1142 pro
3123 1071 3443 1125 meritorum

1875 1170 2109 1224 ratione.
2152 1167 2436 1222 Probando
2483 1168 2607 1221 huic
2663 1165 2848 1221 Jacobi
2898 1164 3107 1234 profert
3137 1164 3442 1232 exemplum

1873 1269 1930 1314 et
1970 1258 2132 1323 Esau,
2179 1272 2407 1327 quorum
2455 1256 2547 1323 hic,
2582 1256 2827 1322 fratrem,
2868 1270 2991 1310 cum
3036 1269 3103 1309 ex
3136 1245 3288 1308 utero
3321 1268 3447 1325 pro-

1875 1353 2035 1415 diret,
2073 1349 2473 1420 supplantavit;
2524 1349 2668 1417 quod
2722 1349 2794 1401 ita
2840 1361 3179 1416 nequaquam
3219 1356 3445 1400 eventu-

1875 1459 1993 1497 rum
2019 1444 2187 1497 fuisse
2212 1452 2418 1503 censet,
2451 1441 2554 1495 nisi
2588 1440 2640 1494 id
2669 1450 2895 1510 uterque
2919 1440 3108 1494 fuisset
3137 1439 3304 1510 gestis
3333 1440 3445 1494 suis

1874 1535 2226 1605 promeritus,
2262 1544 2555 1601 antequam
2598 1529 2742 1585 caelo
2791 1530 3133 1585 delaberetur
3160 1546 3175 1583 ι
3203 1530 3351 1584 addit
3389 1539 3445 1585 et

1871 1627 2095 1684 Joannis
2141 1626 2471 1695 exemplum,
2508 1625 2598 1694 qui
2639 1624 2690 1677 in
2742 1624 2973 1678 materni
3005 1622 3141 1679 uteri
3190 1622 3445 1677 claustris

1871 1723 2170 1776 etiamnum
2199 1728 2538 1791 compactos,
2566 1719 2632 1771 ad
2664 1717 2848 1772 Maria:
2880 1731 3067 1772 vocem
3098 1716 3439 1785 tripudiavit;

199 1820 457 1875 pressas;
494 1808 573 1862 sic
622 1818 823 1876 tamen,
857 1821 916 1867 ut
941 1828 1264 1885 quocunque
1300 1815 1411 1871 sint
1434 1816 1574 1883 loco,
1606 1819 1771 1888 profi-
1804 1787 1847 1846 Β
1874 1823 1927 1867 et
1957 1812 2228 1875 Jercmize,
2276 1787 2359 1866 cui
2393 1812 2609 1864 dixerat
2642 1810 2903 1863 Dominus
2932 1826 2946 1862 :
2978 1827 2995 1859 ι
3024 1808 3350 1879 Priusquam
3389 1817 3443 1864 te

201 1912 329 1952 cere
358 1900 569 1968 possint
599 1900 651 1955 in
682 1902 897 1969 virtute,
934 1908 1019 1961 vel
1065 1916 1253 1962 contra
1306 1908 1475 1964 relabi
1507 1910 1559 1964 in
1599 1911 1723 1966 vitia
1752 1929 1767 1976 ;

200 1999 257 2043 et
291 2004 387 2056 pro
423 2006 699 2062 regressus
746 1996 829 2052 sui
860 1999 943 2051 vel
974 2014 1296 2070 progressus
1326 2001 1555 2064 ratione,
1589 2004 1655 2057 ad
1688 2019 1774 2058 su-

201 2083 470 2151 periorem
516 2087 815 2141 evehantur
842 2098 1065 2154 statum,
1096 2090 1178 2146 vel
1215 2093 1284 2146 ad
1329 2091 1643 2147 inferiorem
1677 2094 1770 2148 de-

203 2175 488 2227 trudantur
527 2173 659 2244 ('57).
714 2173 849 2230 lluic
903 2192 1115 2247 quoque
1174 2177 1467 2232 conditioni
1534 2179 1769 2232 animant

199 2262 465 2332 obligavit
504 2262 725 2332 Christi,
756 2280 984 2335 eamque
1013 2283 1109 2337 pro
1141 2282 1352 2322 summo
1387 2284 1484 2323 suo
1513 2270 1773 2326 adversus

201 2352 371 2410 Deum
395 2372 600 2422 amore,
634 2357 809 2413 Verbo
841 2359 892 2413 in
913 2375 1075 2413 unum
1106 2359 1446 2428 conjunctam
1482 2360 1647 2417 fuisse
1673 2378 1771 2416 vo-

202 2446 325 2510 luit,
351 2455 513 2517 atque
543 2448 664 2503 inde
698 2464 894 2518 corpus
924 2450 974 2503 in
1007 2449 1069 2503 Β.
1099 2451 1337 2520 Virginis
1385 2451 1568 2506 Mariae
1617 2462 1767 2508 uter:

204 2539 495 2593 formatum
535 2541 787 2597 subiisse.
829 2540 872 2594 E
913 2543 1180 2597 mentibus
1210 2558 1372 2611 porro
1399 2542 1506 2599 illis
1527 2559 1646 2613 quse
1670 2560 1770 2598 an-

200 2632 431 2701 gelicam
479 2643 660 2689 essent
705 2642 965 2689 assecutae
1013 2634 1376 2690 conditionem
1406 2674 1421 2700 ,
1483 2637 1771 2692 nonnullas

200 2722 404 2777 Christi
456 2723 733 2780 imitantes
780 2725 1045 2781 adversus
1094 2727 1391 2780 humanum
1424 2741 1592 2797 genus
1621 2744 1772 2782 amo-

200 2827 317 2869 rem
346 2825 399 2870 ct
426 2816 770 2883 cbaritatem,
795 2817 880 2871 vel
909 2818 1030 2872 aliis
1052 2820 1116 2873 de
1144 2819 1325 2874 causis
1351 2835 1379 2874 a
1414 2821 1523 2874 Deo
1552 2821 1769 2885 missas,

200 2921 423 2963 carnem
459 2908 819 2978 assumpsisse
851 2908 1044 2975 sensit,
1070 2918 1121 2964 et
1149 2911 1533 2979 prophetarum
1558 2924 1772 2967 sancto-

202 3014 434 3069 rumque
468 3000 703 3053 virorum
744 3015 1032 3069 personam
1063 3002 1294 3070 gessisse
1329 3002 1380 3057 in
1409 3004 1589 3070 terris,
1628 3014 1681 3059 et
1703 3004 1769 3057 ad

201 3091 513 3162 exemplum
534 3090 733 3147 Christi
770 3106 891 3147 sese
918 3102 1306 3162 componentes
1338 3094 1616 3151 hominum
1645 3096 1772 3150 reli-

200 3198 434 3253 quorum
457 3183 617 3238 saluti
645 3182 1004 3240 consuluisse.
1050 3184 1251 3240 Horum
1281 3187 1525 3241 omnium
1558 3197 1767 3256 partem

200 3276 695 3330 demonstravimus
737 3276 848 3346 jam
905 3292 1089 3348 supra,
1115 3286 1324 3348 partem
1361 3280 1448 3334 hic
1476 3280 1767 3335 declarau-

200 3366 329 3423 dam
359 3369 715 3423 servavimus.

274 3455 494 3514 Minime
540 3473 666 3514 vero
716 3460 871 3515 nobis
913 3460 1117 3516 diutius
1164 3460 1562 3516 immorandum
1594 3473 1676 3518 est
1717 3466 1767 3520 in

200 3548 337 3605 locis
357 3550 693 3621 colligendis,
718 3552 912 3620 quibus
933 3553 1235 3606 animarum
1253 3554 1597 3625 προῦπαρξιν
1624 3556 1768 3611 Αόειο

202 3640 439 3695 manlius
480 3642 730 3695 asseruit.
784 3640 974 3696 Patent
1011 3642 1084 3696 illi
1123 3646 1414 3712 unicuique
1441 3646 1676 3711 obviam,
1714 3658 1770 3703 et

203 3733 319 3785 viro
375 3748 479 3786 non
530 3732 755 3787 multum
813 3734 1054 3802 diligenti
1105 3734 1417 3804 frequentes
1448 3750 1764 3793 occurrunt.

200 3825 444 3893 Insignes
495 3825 757 3879 duntaxat
811 3826 998 3894 aliqui,
1043 3840 1141 3894 pro
1203 3841 1353 3882 more
1405 3839 1611 3893 nostro,
1645 3828 1768 3883 fidei

200 3918 555 3972 concilianda;
612 3920 785 3987 gratia
840 3917 1139 3973 adducendi
1185 3928 1335 3983 sunt,
1395 3930 1591 3989 przeter
1648 3935 1763 3985 eos,

198 4009 464 4080 quosjatn
500 4025 660 4077 supra
702 4009 1048 4079 protulimus,
1077 4025 1196 4062 cum
1243 4010 1410 4078 ipsius
1442 4013 1765 4065 sententiam

196 4101 267 4155 de
321 4102 633 4171 angelorum
688 4101 900 4156 meritis
952 4100 1380 4169 exploraremus.
1434 4102 1578 4157 Ante
1634 4103 1768 4159 alios

197 4193 567 4250 observandus
618 4194 761 4250 venit
795 4195 883 4249 ille
908 4211 938 4249 e
974 4194 1064 4249 lib.
1100 4210 1136 4249 ιι
1196 4195 1343 4263 Περὶ
1385 4192 1609 4263 ἀρχῶν,
1640 4211 1764 4265 cap.

196 4286 254 4349 8,
286 4301 431 4339 num.
464 4287 498 4342 '5
539 4297 593 4341 et
629 4285 683 4350 4,
727 4287 777 4340 in
808 4302 913 4355 quo
959 4298 1183 4340 naturas
1237 4287 1358 4340 illas
1400 4289 1611 4341 ratione
1650 4288 1765 4356 pol-

196 4377 390 4445 lentes,
424 4394 542 4447 quaa
575 4394 603 4432 a
632 4379 743 4434 Deo
770 4382 1000 4448 primum
1041 4390 1337 4446 procreata:
1392 4389 1537 4442 sunt,
1589 4382 1765 4448 prinis-

1875 1901 2161 1957 formarem
2209 1900 2261 1954 iu
2302 1910 2479 1962 utero,
2531 1898 2654 1952 novi
2704 1909 2795 1953 te:
2830 1909 2883 1954 et
2931 1907 3219 1969 antequam
3259 1899 3441 1953 exires

1871 1994 1940 2048 de
1968 1993 2147 2055 vulva,
2180 1992 2518 2046 sanetilicavi
2558 2002 2607 2046 te
2629 1993 2693 2044 '°.
2726 2009 2744 2043 ι
2784 1990 3037 2057 Alioquin
3082 1991 3157 2042 ait
3203 1990 3439 2044 futuram

1872 2085 2013 2155 apud
2044 2084 2209 2139 Deum
2243 2083 2719 2155 προσωποληψίαν,
2747 2095 2800 2138 et
2844 2082 3178 2151 injustitizun,
3211 2083 3352 2153 quod
3388 2091 3442 2137 et

1874 2185 2005 2232 tom.
2038 2192 2073 2230 ιι
2108 2179 2162 2229 in
2195 2175 2383 2239 Juau.,
2421 2192 2568 2229 num.
2600 2176 2692 2239 25,
2726 2176 2945 2244 repetit.
2981 2172 3181 2227 Eadem
3228 2186 3442 2227 asseve-

1874 2270 2082 2324 rantius
2117 2268 2352 2323 inculcat
2394 2284 2513 2336 cap.
2554 2268 2609 2333 8,
2660 2268 2783 2321 libri
2817 2283 2831 2321 ι
2861 2267 3000 2334 Περὶ
3034 2264 3258 2334 ἀρχῶν,
3289 2275 3343 2319 et
3376 2265 3435 2319 lio

1871 2362 1954 2417 bri
2005 2377 2088 2431 ιιι,
2143 2376 2263 2430 cap.
2302 2361 2355 2424 Ι,
2393 2378 2540 2416 num.
2588 2361 2681 2414 20.
2717 2359 3012 2430 Postquam
3059 2359 3203 2413 enim
3252 2374 3442 2412 unum-

1872 2468 2142 2523 quemque
2179 2452 2336 2517 dixit,
2373 2461 2534 2520 prout
2583 2466 2705 2506 sese
2741 2451 2929 2522 gessit,
2960 2466 2990 2505 a
3019 2449 3128 2504 Deo
3163 2464 3258 2503 vas
3302 2448 3438 2504 efﬁci

1870 2546 1958 2601 vel
1987 2547 2053 2599 ad
2083 2546 2345 2600 honorem
2378 2543 2459 2597 vel
2493 2544 2559 2597 ad
2594 2542 2999 2609 contumeliam,
3038 2541 3218 2596 subdit
3264 2540 3440 2595 conti-

1872 2651 1979 2690 nuo
2015 2635 2211 2690 ibidem
2249 2649 2369 2703 pag.
2405 2633 2507 2688 154
2540 2648 2554 2684 :
2587 2650 2605 2682 ι
2631 2631 2782 2698 Quod
2819 2630 3024 2699 sijusta
3078 2632 3191 2684 haec
3228 2629 3441 2683 videtur

1872 2728 2123 2791 assertio,
2157 2728 2299 2781 sicut
2338 2736 2421 2781 est
2456 2735 2604 2781 certe
2628 2725 2797 2793 justa,
2833 2736 3031 2780 etcum
3060 2723 3206 2778 omni
3236 2723 3439 2792 pietate

1872 2822 2231 2883 coneordans,
2268 2819 2345 2872 uti
2402 2834 2469 2872 ex
2527 2818 2962 2886 praecedentibus
3013 2816 3191 2872 causis
3243 2831 3437 2869 unum-

1872 2916 2124 2984 quodque
2155 2926 2248 2965 vas
2278 2911 2365 2965 vel
2396 2911 2461 2964 ad
2494 2910 2756 2963 honorem
2789 2922 2818 2961 a
2861 2910 2987 2973 Deo,
3025 2907 3105 2962 vel
3142 2909 3207 2961 ad
3249 2918 3437 2961 centu-

1875 3003 2089 3058 meliam
2131 3010 2467 3071 prmparetur
2500 3017 2512 3053 :
2546 3015 2650 3054 non
2692 2999 2901 3053 videtur
2931 2999 3219 3053 absurdum
3246 2999 3434 3053 eodem

1873 3097 2084 3159 ordine,
2121 3105 2281 3163 atque
2312 3094 2498 3147 eadem
2531 3091 2916 3160 consequentia
2949 3091 3305 3146 discutientes
3336 3106 3437 3145 nos

1872 3188 2205 3256 antiquiores
2232 3200 2444 3248 causas,
2474 3178 2661 3238 eadem
2695 3183 2854 3238 etiam
2908 3184 2975 3237 de
3016 3183 3317 3237 animarum
3351 3196 3439 3237 ra-

1872 3281 2019 3335 tione
2060 3282 2285 3340 sentire,
2319 3288 2373 3333 et
2400 3279 2502 3333 hoc
2534 3292 2655 3331 esse
2696 3277 2749 3330 in
2782 3291 2947 3329 causa
2975 3276 3117 3345 quod
3152 3274 3321 3330 Jacob
3355 3274 3441 3329 di-

1871 3372 2040 3427 lectus
2078 3382 2161 3426 est
2216 3380 2505 3439 antequam
2564 3369 2691 3424 huic
2753 3368 2953 3422 mundo
3004 3378 3342 3431 nasceretur,
3383 3379 3439 3421 et

1870 3463 2010 3517 Esau
2038 3463 2161 3516 odio
2196 3463 2413 3517 habitus
2437 3468 2544 3521 est,
2572 3461 2697 3514 dum
2736 3461 2912 3514 adhuc
2948 3460 3000 3512 in
3032 3469 3221 3513 ventre
3248 3460 3439 3514 matris

1872 3555 2181 3609 haberetur.
2207 3573 2224 3605 ι
2259 3553 2704 3608 Dissertatiouent
2725 3552 2939 3604 demum
2962 3550 3032 3603 ita
3058 3549 3258 3604 claudit
3286 3565 3435 3604 num.

1870 3646 1933 3699 21
1971 3663 1986 3699 :
2024 3647 2137 3699 «Ex
2188 3660 2296 3714 quo
2346 3645 2635 3713 opinamur
2683 3643 2936 3711 quoniam
2992 3642 3210 3711 quidem
3258 3642 3437 3709 (sicut

1871 3739 2183 3808 frequenter
2212 3735 2464 3807 diximus)
2500 3735 2819 3789 immortalis
2864 3743 2945 3789 est
2981 3734 3161 3785 anima
3192 3741 3246 3786 et
3274 3741 3436 3787 aster-

1870 3846 1959 3894 na,
1992 3830 2133 3899 quod
2168 3830 2218 3882 in
2252 3828 2454 3891 multis,
2483 3838 2535 3881 et
2558 3827 2673 3880 sine
2703 3827 2807 3879 line
2834 3824 3021 3893 spatiis
3050 3839 3143 3893 per
3171 3822 3435 3877 immensa

1869 3932 1922 3977 et
1949 3922 2162 3975 diversa
2182 3919 2372 3973 sazcula
2399 3918 2652 3989 possibile
2682 3928 2785 3978 est,
2817 3926 2873 3969 ut
2901 3916 3033 3970 vela
3064 3914 3439 3968 summobono

1870 4016 1935 4069 ad
1966 4013 2151 4068 infima
2188 4014 2325 4065 mala
2357 4012 2672 4074 descendat,
2701 4020 2754 4063 et
2785 4010 2853 4063 ab
2886 4009 3091 4062 ultimis
3123 4007 3189 4060 ad
3221 4019 3437 4060 summa

1868 4107 2011 4161 bona
2048 4114 2350 4175 rcparetur.
2376 4123 2393 4155 ι
2438 4104 2589 4170 Quod
2624 4114 2803 4155 autem
2836 4114 3023 4153 contra
3053 4099 3247 4169 opponi
3279 4109 3435 4168 pote-

1870 4207 1953 4251 rat
1980 4214 2044 4251 ex
2083 4196 2231 4250 Pauli
2267 4197 2331 4250 ad
2368 4195 2639 4249 Romanos
2680 4208 2801 4262 cap.
2838 4207 2914 4257 ιιι,
2953 4196 3116 4245 Deum
3150 4205 3217 4244 ex
3243 4190 3433 4245 eadem

1870 4304 2071 4353 massa,
2127 4290 2206 4344 sic
2255 4298 2512 4357 tanquam
2552 4286 2770 4356 figulum
2818 4300 2846 4337 e
2892 4284 3003 4337 luto
3046 4298 3171 4337 vasa
3215 4283 3319 4336 alia
3367 4281 3434 4335 ad

1869 4380 2131 4435 heuorem
2172 4379 2394 4447 fingere,
2428 4378 2529 4431 alia
2581 4378 2648 4430 ad
2686 4374 3093 4438 contumcliam,
3123 4373 3203 4427 sic
3229 4372 3437 4427 diluere

196 4489 361 4543 quam
419 4473 542 4528 boni
605 4473 810 4541 aliquid
865 4474 947 4526 vel
996 4474 1121 4528 mali
1159 4474 1210 4527 iu
1272 4488 1330 4528 se
1361 4475 1761 4542 concepissent,
1796 4484 1840 4539 υ
1869 4472 2168 4537 contendit,
2208 4469 2553 4524 rationalium
2591 4468 2897 4522 animarum
2932 4481 3092 4519 uuam
3126 4480 3247 4521 esse
3284 4475 3437 4518 natu-

199 4573 407 4620 mentes
442 4563 609 4619 fuisse
648 4564 839 4628 tradit;
873 4565 1065 4619 deinde
1100 4580 1227 4620 vero
1266 4565 1473 4620 scelere
1498 4566 1762 4631 admisso,

196 4656 408 4709 animas
458 4656 711 4711 evasisse.
777 4655 945 4711 Verba
994 4658 1105 4726 ipsa
1163 4656 1585 4724 producuntor:
1626 4674 1645 4705 ι
1679 4654 1753 4710 Ex

195 4748 398 4819 quibus
449 4750 697 4805 omnibus
731 4748 860 4803 illud
898 4750 1113 4804 videtur
1161 4750 1396 4815 ostendi,
1426 4752 1574 4817 quod
1609 4765 1763 4805 incus

195 4844 264 4898 de
318 4852 465 4898 statu
500 4857 599 4897 suo
648 4857 712 4897 ac
760 4841 1025 4913 dignitate
1078 4840 1381 4906 declinans,
1422 4840 1615 4896 eli‘ecta
1678 4842 1764 4897 vel

197 4942 505 5002 nuncupata
549 4942 632 4988 est
672 4934 1034 5002 animazqua:
1075 4932 1119 4987 si
1173 4942 1431 5001 reparata
1495 4931 1661 4986 fuerit
1709 4942 1764 4987 et

194 5035 461 5090 correcta,
500 5028 637 5081 redit
673 5027 725 5081 in
760 5030 862 5082 hoc
887 5035 945 5081 ut
976 5027 1047 5081 sit
1075 5041 1249 5081 mens.
1277 5026 1428 5092 Quod
1460 5026 1504 5079 si
1542 5027 1613 5078 ita
1649 5033 1759 5091 est,

195 5118 451 5172 decessus
482 5118 595 5185 ipse
625 5118 818 5171 mentis
840 5132 904 5171 ac
936 5117 1203 5172 devolutio
1229 5116 1443 5169 videtur
1466 5116 1594 5169 mihi
1617 5117 1759 5184 quod

197 5226 303 5263 non
358 5209 577 5277 atqualis
629 5209 869 5263 omnium
922 5208 1234 5263 seutiendus
1277 5208 1367 5268 sit,
1402 5209 1494 5260 sed
1524 5207 1609 5260 vel
1645 5206 1764 5275 plus

197 5301 283 5356 vel
340 5302 518 5355 minus
573 5302 623 5353 in
686 5300 922 5354 animam
978 5301 1135 5367 verti,
1170 5310 1224 5352 ct
1276 5299 1492 5366 aliquas
1547 5298 1762 5365 quidem

196 5403 405 5448 mentes
454 5406 676 5448 servare
722 5392 923 5461 aliquid
967 5392 1129 5445 etiam
1158 5391 1355 5460 prioris
1388 5389 1620 5457 vigoris;
1658 5389 1758 5442 ali-

267 5550 315 5583 “
337 5548 535 5607 Jerem.
573 5566 610 5616 I,
639 5548 692 5603 5.
765 5548 807 5580 ⁸¹
844 5548 996 5601 Rom.
1031 5561 1108 5609 ιιι,
1148 5545 1237 5599 20.

274 5671 380 5739 (37)
413 5670 549 5724 Iluic
606 5686 809 5739 quoque
870 5667 1155 5722 conditioni
1216 5667 1447 5718 animum
1509 5663 1753 5739 obligavit

193 5733 391 5800 Christi
420 5783 435 5807 ,
471 5733 682 5810 euntque
722 5733 829 5807 'pro
879 5756 1080 5793 summa
1134 5754 1228 5791 suo
1283 5739 1529 5789 adrsrsus
1588 5733 1751 5787 Deum

1874 4580 2012 4627 ram,
2047 4579 2167 4633 qua:
2217 4563 2326 4617 Deo
2365 4576 2470 4615 non
2522 4573 2683 4614 secus
2720 4558 2997 4627 subjaccat
3031 4572 3095 4611 ac
3125 4556 3222 4610 luti
3257 4569 3434 4610 massa

1872 4654 2051 4724 figulo,
2088 4665 2249 4723 atque
2281 4653 2405 4706 inde
2436 4651 2569 4703 varii
2609 4652 2823 4718 generis
2857 4664 2978 4702 vasa
3012 4647 3272 4717 depromi.
3299 4646 3435 4700 Pau-

1871 4746 2032 4798 linam
2069 4744 2319 4796 similiter
2357 4742 2819 4808 increpationem:
2854 4756 2871 4789 ι
2896 4736 2940 4792 Ο
2981 4738 3164 4802 Ιιοιιιο,
3218 4745 3271 4789 ιιι
3312 4735 3435 4805 quis

1868 4851 1950 4902 es,
1978 4836 2067 4905 qui
2096 4844 2289 4889 contra
2327 4834 2654 4901 respondeas
2704 4832 2811 4885 Deo
2832 4830 2915 4883 “1'
2944 4848 2963 4882 ι
3014 4830 3080 4883 ad
3111 4829 3306 4898 impios
3340 4828 3435 4883 de-

1870 4929 2035 4991 rivat,
2068 4927 2161 4995 qui
2206 4941 2310 4979 non
2346 4924 2609 4987 discendi,
2639 4925 2731 4978 sed
2778 4921 3057 4976 resistendi
3105 4934 3271 4975 causa
3322 4919 3435 4975 Deo

1865 5021 2081 5088 obloqui
2131 5018 2350 5079 audent,
2397 5026 2453 5071 et
2498 5026 2781 5085 postquam
2844 5012 3179 5068 facinoribus
3222 5013 3335 5067 suis
3368 5026 3433 5066 ac

1864 5112 2089 5180 perfidia
2123 5112 2214 5165 Dei
2249 5110 2552 5177 alloqueudi
2602 5108 2795 5161 fiducia
2833 5121 2895 5159 ac
2927 5106 3050 5175 jure
3089 5104 3437 5171 exciderunt,

1866 5204 2060 5258 merito
2094 5203 2162 5257 iis
2198 5201 2359 5267 objici
2391 5201 2579 5254 debeat
2606 5216 2620 5253 :
2657 5216 2674 5249 ι
2699 5196 2743 5252 Ο
2775 5197 2959 5259 homo,
2990 5207 3042 5248 tu
3084 5195 3204 5263 quis
3229 5209 3312 5254 es,
3340 5195 3430 5261 qui

1866 5306 2059 5350 contra
2092 5294 2417 5363 respondeas
2450 5290 2601 5345 Deo?
2626 5309 2644 5341 ι
2690 5288 2909 5344 Sanctis
2956 5300 3086 5340 vero
3121 5283 3434 5340 hominibus

1869 5388 2104 5444 adeundi
2148 5396 2201 5442 et
2241 5384 2549 5454 alloqucudi
2596 5382 2710 5447 Dei,
2747 5382 3034 5449 eidemque
3073 5374 3430 5448 respondendi

1866 5676 2065 5720 nutare,
2101 5667 2203 5710 etc.
2246 5656 2377 5710 Vide
2410 5670 2570 5724 supra
2609 5653 3105 5710 animadversiones
3137 5658 3353 5705 nostras
3373 5648 3428 5703 in

1864 5742 2056 5800 quu'sl.
2090 5730 2142 5797 5,
2175 5728 2245 5782 De
2282 5728 2514 5792 Christo,
2549 5742 2697 5780 ttulit.
2734 5726 2788 5779 6.
