3860 6230
443 336 550 394 899

1679 340 1738 397 Ρ.
1781 339 2098 397 DANIELIS
2136 341 2370 397 IIUETII

3594 362 3705 416 930

444 458 657 524 copiam
702 471 917 527 semper
962 457 1078 512 fieri
1125 458 1257 521 vult,
1294 459 1471 529 qualis
1511 460 1638 514 olim
1669 460 1841 530 Moysi
1878 462 2017 515 facta
2048 467 2093 522 Α
2124 462 2317 515 minari
2351 464 2512 526 dicat,
2547 466 2767 521 minime
2800 478 2978 525 tamen
3012 475 3150 527 satio
3186 474 3275 528 illa
3312 492 3431 545 qum
3480 492 3701 548 patrum

441 558 547 603 est.
583 548 756 615 Quam
789 550 961 616 ipsam
994 550 1500 621 interpretationem
1534 568 1655 606 cum
1678 554 2018 620 praecedente

444 642 509 694 de
541 638 728 695 Jacobi
775 642 978 708 anima,
1013 650 1069 696 et
1102 643 1247 695 vasis
1285 644 1350 697 ad
1400 645 1787 697 contumeliam
1839 646 2017 699 hono-

443 745 627 785 remve
656 731 941 785 destinatis
983 732 1348 802 disputatione
1388 749 1604 787 rursum
1658 735 1875 791 adhibet
1919 737 2014 792 lib.

442 838 519 878 \‘ll
567 825 621 877 in
666 824 841 891 Epist.
884 826 953 878 ad
996 825 1175 890 Rom.,
1227 842 1373 879 num.
1432 827 1529 893 17,
1572 828 1697 881 dum
1741 830 1842 884 hoc
1877 830 2014 884 idem

440 927 604 984 caput
647 917 1058 973 Commentariis
1094 920 1209 973 suis
1266 920 1544 987 explanat.
1583 922 1748 976 Vame
1802 922 2014 978 scilicet

439 1019 495 1061 et
519 1008 724 1062 frivola:
747 1010 797 1062 in
827 1025 883 1063 re
905 1018 1091 1078 aperta
1125 1009 1523 1075 cavillationes,
1558 1022 1611 1066 et
1645 1014 1755 1067 acri
1781 1029 2010 1069 censura

438 1116 503 1154 ac
560 1101 920 1169 castigatione
980 1102 1176 1172 dignae.
1236 1102 1370 1157 Huic
1404 1104 1782 1159 confirmando
1836 1108 2009 1160 errori

438 1190 600 1244 allata
648 1193 896 1260 superius
952 1194 1199 1263 exempla
1249 1194 1473 1249 Joannis
1507 1197 1558 1248 in
1621 1197 1810 1251 matris
1859 1208 2012 1253 utero

436 1282 784 1349 exsultantis,
822 1294 877 1336 et
918 1282 1172 1339 Jeremize
1198 1295 1493 1355 antequam
1528 1288 1580 1341 in
1616 1298 1859 1343 materna
1890 1290 2011 1344 alvo

440 1376 792 1439 formaretur,
824 1392 888 1429 ex
935 1390 1107 1446 eaque
1135 1377 1398 1445 prodiret,
1432 1377 1709 1442 Deo'noti,
1746 1381 1814 1433 ab
1838 1396 2010 1449 eoque

434 1468 754 1537 sanctiﬁcati
797 1470 996 1539 repetit
1043 1470 1238 1524 iterum
1293 1486 1412 1541 cap.
1449 1472 1484 1526 5
1513 1472 1632 1525 libri
1690 1474 1832 1527 tertii
1869 1474 2010 1543 Περὶ

432 1560 655 1629 ἀρχῶν,
684 1576 832 1614 num.
866 1560 918 1624 5,
956 1560 1176 1631 aliaque
1220 1563 1465 1632 congerit
1504 1564 1671 1632 petita
1709 1578 1776 1617 ex
1824 1564 1891 1618 iis
1926 1581 2009 1617 ar-

432 1662 707 1721 gumenta,
736 1655 889 1723 quia
922 1653 1253 1709 dtemonibus
1293 1655 1475 1708 statim
1533 1656 1602 1709 ab
1649 1665 1771 1709 ortu
1817 1672 2003 1711 corre-

432 1746 531 1811 pti,
569 1746 648 1800 vel
682 1761 710 1799 a
744 1746 975 1814 pueritia
1011 1747 1287 1802 divinandi
1322 1747 1579 1801 facultate
1606 1748 1815 1817 prarditi
1850 1760 1999 1816 sunt;

428 1852 660 1906 quorum
706 1854 814 1892 non
867 1838 1030 1892 aliam
1072 1854 1194 1893 esse
1230 1854 1447 1893 causam
1500 1840 1803 1904 existimat,
1842 1856 2001 1910 quam

431 1945 519 1984 res
549 1928 676 1983 olim
718 1931 786 1985 ab
816 1930 882 1984 iis
908 1941 1112 2001 gestas,
1146 1942 1436 2002 antequam
1465 1947 1697 2001 corpora
1730 1934 2001 1996 subirent;

427 2021 639 2076 arbitrii
692 2022 892 2092 quippe
947 2025 1030 2077 sui
1074 2023 1332 2078 libertate
1382 2024 1458 2077 uti
1494 2039 1710 2093 semper
1735 2026 2002 2093 animam,

424 2114 540 2168 sive
574 2123 725 2168 extra
766 2129 987 2183 corpus,
1031 2115 1147 2170 sive
1192 2116 1406 2186 corpori
1444 2117 1697 2185 adjuncta
1732 2118 1825 2172 sit.
1857 2119 2001 2173 Idem

424 2215 621 2259 sonant
672 2204 786 2260 loca
833 2220 864 2259 a
908 2205 1219 2262 Iustiniano
1266 2206 1522 2269 collecta,
1553 2217 1607 2261 et
1637 2210 1885 2278 cpistola:
1932 2213 2000 2265 ad

425 2293 634 2348 Menam
691 2297 955 2366 subjecta.
1009 2297 1306 2353 Nonnullas
1359 2314 1488 2351 vero
1538 2300 1752 2355 animas
1804 2314 1999 2371 sponte

421 2385 599 2440 delabi
626 2387 679 2440 in
715 2396 906 2454 terras,
946 2400 1002 2445 et
1036 2392 1399 2460 exsequendis
1448 2390 1545 2444 Dei
1588 2392 1829 2447 consiliis
1865 2409 1995 2463 ope-

422 2492 536 2530 ram
579 2492 730 2531 suam
774 2494 972 2533 navare
1005 2481 1142 2534 velle
1172 2483 1403 2535 somniat
1437 2493 1566 2536 tom.
1599 2499 1666 2536 xv
1689 2485 1741 2536 in
1778 2484 1993 2551 Matth,

419 2583 569 2622 Itum.
598 2568 707 2623 34:
756 2571 895 2639 Ἐγὼ
937 2572 994 2624 δὲ
1041 2573 1253 2625 ὑπονοῶ
1294 2575 1384 2627 τὸν
1427 2576 1555 2645 περὶ
1601 2576 1781 2647 ψυχῆς
1820 2578 1992 2649 ἀπόρ-

422 2660 583 2729 ρητον
611 2662 705 2715 καὶ
737 2662 796 2715 ὲν
833 2663 1041 2727 τούτοις
1082 2664 1388 2735 κεκρύφθαι
1445 2666 1623 2735 λόγον,
1659 2669 1748 2721 ὅτε
1789 2670 1991 2742 ἤργουν

418 2750 549 2823 ὅλην
591 2754 689 2826 τὴν
731 2757 943 2828 ἡμέραν
986 2758 1149 2829 μέχρι
1189 2759 1289 2829 τῆς
1341 2760 1634 2833 ἑνδεκάτης
1675 2762 1855 2833 ὥρας’
1898 2764 1989 2816 θέ-

417 2845 600 2911 λοντες
637 2850 733 2918 μὲν
759 2850 1118 2920 ἐργάσασθαι,
1159 2853 1219 2904 ού
1244 2852 1793 2925 παραλαμϐανόμενοι
1815 2855 1870 2907 δὲ
1907 2858 1988 2920 είς

415 2938 508 2994 τὸν
541 2940 839 3011 ἀμπελῶνα
873 2945 921 2996 οἱ
956 2943 1372 3016 τεθαρρηκότως
1414 2945 1861 3016 ἀπολογούμενοι,
1892 2946 1985 2999 καὶ

417 3030 702 3101 λέγοντες·
744 3034 931 3099 Οὐδεὶς
966 3037 1111 3107 ἡμᾶς
1146 3035 1509 3107 ἐμισθώσατο.
1554 3038 1623 3091 At
1669 3038 1812 3093 enim
1860 3037 1982 3091 tiri-

2124 551 2432 607 ministerio
2458 558 2753 623 perficitur,
2796 561 2876 613 vel
2907 578 3226 627 corporemn
3272 581 3456 621 semen
3486 570 3694 624 intelli-

2120 645 2351 717 gendum
2389 660 2509 699 esse
2553 647 2785 710 videtur.
2813 653 2905 704 sed
2936 655 3080 707 satio
3110 654 3213 708 alia
3244 658 3495 727 mystica,
3538 670 3592 714 et
3620 678 3703 716 se»

2119 752 2238 790 men
2273 739 2641 808 πνευματικὸν
2668 752 2722 794 et
2760 744 2970 814 νοητὸν,
2999 744 3154 812 cujus
3186 759 3374 803 auctor
3405 751 3519 819 ipse
3554 752 3649 805 De.
3670 770 3695 803 ς

2117 839 2200 881 est
2229 845 2243 882 :
2271 844 2457 883 serere
2482 832 2628 884 enim
2675 833 2883 887 animas
2922 834 3028 889 dici
3064 848 3264 906 potest,
3301 851 3573 908 quatenus
3602 858 3694 897 eas

2118 921 2169 974 in
2198 922 2351 974 varia
2379 938 2609 993 corpora
2654 926 2807 993 juxta
2840 926 3094 997 Origenis
3144 933 3473 988 sententiam
3505 938 3663 990 distri

2115 1012 2231 1066 buit
2265 1033 2278 1067 :
2318 1022 2445 1069 tunc
2490 1026 2670 1069 autem
2702 1028 2884 1073 certas
2932 1020 3119 1089 iisdem
3148 1038 3246 1092 pro
3277 1027 3489 1080 meritis
3514 1028 3691 1098 quali-

2115 1114 2256 1161 tates
2285 1107 2447 1161 inseri
2486 1111 2693 1177 putavit
2727 1111 3108 1176 Adamantius,
3136 1130 3332 1184 easque
3358 1119 3483 1185 quia
3517 1124 3686 1172 semi-

2114 1207 2312 1251 nantur
2341 1200 2395 1253 in
2436 1202 2653 1263 animis,
2696 1213 2805 1254 tum
2850 1220 2971 1257 cum
3023 1206 3134 1273 ipsa
3167 1208 3465 1263 animarum
3516 1212 3686 1265 admi-

2111 1287 2378 1343 nistratur
2406 1293 2565 1354 satio,
2608 1294 2967 1361 spermatieas
2996 1296 3171 1349 dixit:
3205 1312 3323 1366 qua:
3366 1301 3411 1353 si
3445 1302 3685 1368 qualita-

2112 1388 2257 1445 tum,
2286 1383 2478 1435 anima:
2510 1383 2824 1451 Abrahami,
2866 1386 2952 1439 vel
2978 1384 3112 1454 justi
3142 1388 3360 1444 alterius
3388 1392 3491 1445 viri
3538 1394 3685 1461 inge-

2111 1475 2348 1527 nitarum
2372 1474 2578 1528 similes
2616 1476 2819 1542 sint,et
2854 1477 3143 1547 diligenter
3175 1480 3518 1545 excolantur,
3548 1483 3685 1537 ﬁlios

2111 1581 2209 1619 nos
2243 1566 2491 1629 Abrahze,
2524 1568 2606 1619 vel
2627 1569 2725 1621 viri
2764 1568 2987 1623 alterius
3010 1569 3139 1635 justi
3169 1568 3422 1636 efﬁcient,
3457 1574 3685 1644 mysrieo

2111 1658 2345 1725 quodam
2395 1667 2450 1711 et
2495 1658 2724 1724 spiritali
2776 1661 2956 1715 modo.
3007 1660 3333 1717 Germanum
3375 1666 3522 1719 hunc
3566 1681 3683 1720 esse

2108 1747 2367 1817 Origenis
2396 1764 2615 1804 sensum
2653 1766 2719 1805 ex
2748 1753 2915 1806 totius
2965 1754 3064 1808 loci
3099 1763 3302 1808 attenta
3334 1754 3572 1811 lectione
3600 1758 3680 1810 in-

2112 1839 2392 1908 telligitur,
2425 1841 2518 1893 sed
2561 1857 2627 1894 ex
2660 1856 2725 1895 eo
2779 1842 3105 1910 prtesertim,
3157 1845 3299 1913 quod
3351 1828 3681 1914 qualitatum

2108 1932 2320 1985 illarum
2350 1933 2556 1985 variam
2599 1947 2665 1987 ac
2710 1934 3026 2002 inaequalem
3058 1936 3512 2004 dispensationem
3545 1954 3682 1993 cau-

2105 2038 2195 2078 sas
2238 2033 2413 2077 ortum
2456 2025 2821 2090 pnecedentes
2882 2026 3083 2081 habere
3139 2028 3296 2084 dixit.
3349 2028 3481 2083 Inde
3531 2032 3681 2084 enim

2102 2115 2376 2186 colligitur
2411 2118 2714 2169 animarum
2749 2117 3093 2192 προϋπαρξις
3137 2134 3262 2186 qua:
3300 2135 3422 2173 cum
3465 2121 3683 2175 anima—

2101 2223 2220 2261 rum
2274 2209 2657 2277 propagatione
2703 2224 2769 2262 ex
2828 2211 3049 2264 traduce
3110 2221 3256 2264 stare
3310 2226 3415 2265 non
3471 2224 3677 2282 potest.

2102 2300 2217 2355 Iluc
2248 2301 2384 2355 adde
2431 2301 2745 2368 frequentes
2784 2300 3037 2369 Origcuis
3065 2303 3350 2357 adversum
3386 2304 3525 2358 hanc
3552 2321 3678 2360 sen-

2101 2390 2329 2442 tentiam
2363 2405 2644 2453 excursus,
2669 2405 2899 2458 quorum
2929 2393 2973 2445 si
3006 2407 3128 2444 eum
3158 2391 3270 2459 jam
3298 2396 3553 2461 paenitet,
3594 2397 3678 2449 ni-

2098 2480 2219 2533 mia:
2269 2481 2457 2547 utique
2508 2479 2914 2545 inconstantim,
2974 2491 3027 2534 et
3077 2491 3226 2535 tanto
3268 2483 3386 2535 viro
3434 2484 3676 2553 indigna:

2096 2585 2219 2623 reus
2265 2570 2447 2623 fllt'l'il.
2491 2569 2873 2639 Suffragantur
2918 2572 3043 2625 huic
3078 2573 3398 2640 expositioni
3447 2588 3571 2642 qua:
3602 2576 3677 2630 le-

2092 2665 2269 2732 gimus
2301 2673 2428 2715 tom.
2466 2678 2559 2716 xm
2606 2664 2658 2715 in
2688 2663 2873 2727 Joan.,
2908 2680 3054 2718 num.
3085 2664 3154 2717 43
3187 2666 3296 2718 :Tb
3329 2666 3383 2718 δὲ
3412 2666 3521 2719 ἀπὸ
3562 2669 3674 2720 τῶν

2090 2754 2316 2823 ψαλμῶν
2350 2754 2493 2806 δοκεῖ
2518 2772 2605 2824 μοι
2626 2755 2816 2825 δηλοῦν
2839 2756 2965 2826 περὶ
2984 2754 3084 2825 τῆς
3107 2755 3333 2809 καθόλου
3371 2757 3478 2809 τῶν
3508 2760 3675 2827 εὐγε-

2088 2847 2352 2916 νεστέρων
2372 2846 2557 2917 ψυχῶν
2592 2849 3045 2919 παραγενομένων
3078 2850 3157 2911 εἰς
3192 2850 3281 2901 τὸν
3305 2849 3416 2918 βίον
3452 2851 3667 2907 τοῦτον.

2089 2938 2225 3008 μετά
2248 2940 2354 2991 τῶν
2380 2942 2660 3012 σωτηρίων
2690 2943 3038 3012 σπερμάτων,
3081 2943 3173 2994 καὶ
3214 2945 3673 3015 παραγενομένων

2083 3046 2167 3098 γε,
2189 3031 2349 3083 οἶονεὶ
2378 3032 2645 3095 ἀκουσίως
2688 3032 2824 3102 μετὰ
2868 3033 3189 3103 στεναγμοῦ,
3217 3036 3671 3106 ὲπανερχομὲνων

416 3140 582 3195 genes
611 3136 740 3181 tom.
777 3143 845 3181 xx
877 3128 928 3181 in
964 3127 1127 3183 Joan.
1179 3129 1440 3183 nonnulla
1487 3130 1647 3184 habet
1686 3145 1807 3198 qua:
1860 3144 1981 3183 cum

2094 3119 2140 3173 δὲ
2156 3122 2212 3173 ὲν
2245 3121 2581 3188 ἀγαλλιάσει,
2604 3122 2690 3175 διὰ
2729 3122 2788 3175 τὸ
2819 3122 2995 3185 καλῶς
3039 3125 3430 3196 γεωργηκέναι,
3455 3128 3555 3180 atat
3572 3130 3671 3198 ηὑ-

415 3219 695 3288 superiore
726 3220 843 3289 ejus
893 3220 959 3275 de
1001 3222 1178 3275 anima
1224 3222 1481 3291 opinione
1509 3237 1697 3290 parum
1729 3222 1985 3275 videntur

414 3313 745 3377 consentire,
794 3314 1091 3383 qualitates
1142 3330 1334 3383 nempe
1381 3315 1571 3370 nescio
1611 3328 1749 3383 quas
1792 3313 1987 3366 animis

416 3403 641 3473 ingigni,
673 3403 860 3474 quales
890 3407 1217 3473 corporibus
1245 3407 1615 3476 ingignuntur.
1644 3405 1841 3458 Demus
1872 3404 1985 3473 ipsa

413 3498 574 3550 verba
604 3510 668 3549 ex
698 3512 843 3549 num.
870 3496 943 3549 2:
981 3497 1133 3549 Ἐπεὶ
1166 3497 1224 3550 δὲ
1269 3497 1376 3550 ἀπὸ
1409 3497 1570 3568 ἤθους
1605 3496 1849 3568 κρίνεται
1890 3496 1985 3549 καὶ

410 3585 588 3658 ἔργων
630 3586 698 3641 τὰ
740 3587 906 3645 τέκνα
958 3588 1051 3641 τοῦ
1094 3589 1364 3660 Ἀϐραὰμ,
1420 3591 1627 3659 μήποτε
1677 3589 1786 3642 ἀπό
1824 3606 1984 3642 τινων

411 3679 798 3749 σπερματικῶν
840 3680 1014 3749 λόγων
1061 3682 1655 3752 συγκαταϐαλλομένων
1697 3683 1861 3745 τισὶν,
1907 3683 1984 3746 ὡς

406 3765 581 3842 οἶμαι,
600 3771 816 3841 ψυχαῖς,
843 3774 924 3826 δεῖ
946 3774 1370 3845 χαρακτηρίζειν
1400 3776 1527 3839 τοὺς
1568 3775 1727 3840 ὄντας
1760 3776 1982 3847 σπέρμα

405 3862 500 3917 τοῦ
544 3863 823 3935 Ἀϐραάμ’
863 3865 955 3919 καὶ
985 3866 1165 3937 εἴπερ,
1192 3867 1267 3929 ὡς
1300 3866 1441 3919 κατά
1478 3867 1542 3921 τὸ
1565 3867 1895 3937 σωματικὸν,
1919 3868 1980 3923 οὐ

406 3956 607 4021 πάντες
648 3957 922 4027 ἄνθρωποι
963 3957 1184 4028 σπέρμα
1236 3958 1343 4010 εἰσὶ
1385 3956 1481 4010 τοῦ
1529 3959 1798 4030 Ἀϐραὰμ,
1840 3960 1981 4013 οὕτω

402 4048 545 4102 κατά
574 4048 643 4102 τά
678 4048 772 4101 νῦν
798 4049 1155 4119 ἀποδιδόμενα
1187 4050 1312 4120 περὶ
1328 4049 1441 4113 τοῦ,
1466 4050 1607 4114 τίνες
1629 4051 1734 4103 εἰσὶ
1758 4050 1981 4122 σπέρμα

401 4137 499 4193 τοῦ
547 4137 820 4208 Ἀϐραὰμ,
870 4138 1028 4207 δῆλον
1068 4139 1150 4191 ὅτι
1184 4140 1243 4191 ού
1292 4140 1489 4202 πάντες
1528 4140 1803 4209 ἄνθρωποι
1845 4140 1982 4211 μετά

403 4232 581 4302 πάντη
620 4230 1009 4302 σπερματικῶν
1061 4231 1235 4299 λόγων
1278 4231 1387 4283 τῶν
1446 4232 1977 4302 ἐγκατασπαρέντων

401 4322 583 4377 αὐτῶν
614 4324 732 4385 ταῖς
756 4322 951 4392 ψυχαῖς
978 4320 1057 4393 τῷ
1103 4322 1201 4393 βίῳ
1243 4323 1349 4375 τῶν
1380 4322 1683 4391 ἀνθρώπων
1721 4325 1977 4396 ἐπιδεδηο

401 4415 633 4486 μήκασι·
671 4424 727 4469 et
777 4416 971 4470 deinde
1002 4436 1014 4467 τ
1045 4415 1118 4467 Οὐ
1148 4415 1347 4479 πάντες
1390 4410 1484 4468 οὖν
1521 4418 1657 4469 εἰσιν
1697 4417 1975 4489 ἄνθρωποι

2090 3212 2332 3284 ξηκέέναι,
2367 3215 2460 3268 καὶ
2490 3214 2929 3286 πεπληθυγκὲναι
2977 3217 3048 3271 τὰ
3094 3218 3400 3288 σπέρματα,
3438 3220 3563 3289 μεθ’
3592 3216 3671 3275 ὧν

2086 3305 2396 3377 ἐληλύθασι.

2162 3397 2230 3451 V.
2272 3398 2577 3451 InSIitutam
2620 3412 2783 3468 porro
2813 3398 2865 3451 in
2900 3398 3082 3451 animo
3114 3400 3423 3468 opinionem
3475 3417 3669 3469 perse-

2090 3505 2261 3559 quens
2293 3490 2575 3556 Origenes,
2624 3490 2689 3543 ad
2716 3490 2992 3559 superiora
3028 3490 3154 3543 illud
3190 3505 3405 3562 quoque
3437 3494 3663 3559 adjecit,

2086 3592 2293 3636 mentes
2335 3584 2385 3635 in
2426 3583 2574 3651 pejus
2616 3582 2865 3652 delapsas
2918 3583 3119 3638 idcirco
3159 3583 3335 3655 ψυχάς
3369 3584 3543 3641 fuisse
3592 3591 3670 3641 di-

2084 3688 2221 3741 ctas,
2246 3677 2387 3745 quod
2418 3679 2653 3745 ipsarum
2687 3678 2904 3744 pietatis
2944 3688 2997 3732 et
3026 3679 3308 3732 charitatis
3352 3680 3539 3734 fervor
3575 3698 3664 3736 re-

2084 3768 2317 3823 frixcrit.
2353 3769 2475 3824 Hazc
2516 3770 2787 3825 habentur
2817 3768 2913 3823 lib.
2943 3786 2980 3824 ιι
3012 3770 3153 3839 Περὶ
3185 3770 3407 3841 ἀρχῶν,
3444 3788 3573 3844 cap.
3607 3775 3664 3833 8.

2084 3877 2232 3914 num.
2265 3862 2317 3924 5,
2350 3863 2440 3915 ubi
2484 3862 2650 3917 Deum
2689 3861 2870 3931 ignem
2897 3876 3018 3916 esse
3051 3865 3226 3926 docet,
3268 3865 3456 3932 igneos
3488 3880 3666 3934 ange-

2083 3952 2186 4013 IOs,
2223 3953 2486 4021 nobisque
2538 3952 2667 4023 ipsis
2718 3954 2913 4021 spiritu
2967 3964 3026 4007 ut
3067 3954 3371 4009 ferveamus
3403 3958 3663 4025 praecipi,

2082 4044 2125 4098 si
2158 4045 2316 4097 modo
2342 4042 2452 4098 Deo
2488 4044 2700 4114 placere
2730 4046 2960 4099 velinms
2989 4063 3003 4100 :
3033 4046 3226 4115 impios
3270 4059 3479 4114 autem,
3516 4051 3669 4121 frigi-

2082 4135 2181 4191 dos
2215 4147 2419 4190 etesse
2464 4146 2520 4190 et
2553 4136 2689 4203 diei;
2746 4137 3017 4191 diabolum
3072 4139 3246 4209 ipsum
3299 4141 3543 4196 dracone
3594 4159 3661 4197 eo

2081 4228 2397 4297 significari,
2442 4229 2533 4297 qui
2575 4228 2628 4282 in
2674 4230 2808 4282 mari
2862 4244 3087 4299 regnare
3134 4231 3353 4284 dicitur.
3390 4231 3535 4286 Tum
3590 4236 3662 4288 ita

2082 4319 2352 4373 concludit
2386 4335 2399 4372 :
2435 4339 2452 4371 ι
2480 4319 2539 4374 Si
2569 4336 2699 4390 ergo
2728 4336 2787 4374 ea
2821 4336 2941 4389 qua:
2975 4332 3163 4376 sancta
3199 4335 3345 4390 sunt,
3381 4337 3440 4379 et
3478 4327 3663 4396 ignis,

2083 4420 2138 4465 et
2190 4410 2393 4474 lumen,
2445 4422 2499 4465 et
2548 4411 2811 4466 ferventia
2855 4414 3239 4477 nominantur;
3293 4432 3416 4484 qua:
3470 4430 3660 4473 autem

397 4482 621 4579 σπέρμα
652 4506 746 4560 τοῦ
791 4506 1062 4579 Ἀϐραὰμ,
1100 4507 1222 4560 οὐδὲ
1267 4507 1375 4578 γὰρ
1410 4507 1593 4577 ἔχουσι
1620 4510 1744 4572 τοὺς
1784 4482 1974 4578 λόγους

2094 4504 2354 4556 :ontraria
2409 4512 2535 4557 sunt
2570 4503 2786 4570 frigida,
2821 4514 2877 4557 et
2916 4506 3160 4559 Charitas
3196 4518 3419 4575 peccato
3452 4509 3665 4562 dicitur

398 4602 988 4671 συγκατεσπαρμένους
1010 4600 1186 4654 αὐτῶν
1223 4604 1343 4665 ταῖς
1369 4601 1588 4667 ψυχαῖς,
1610 4604 1703 4668 καὶ
1744 4604 1973 4675 δυναμέ-

395 4708 541 4754 νους,
569 4691 1025 4762 είγεωργηθεῖεν,
1080 4691 1304 4762 ποιῆσαι
1336 4691 1500 4745 τέκνα
1546 4692 1639 4745 τοῦ
1694 4694 1966 4765 Ἀϐραάμ.

397 4782 526 4837 item
561 4784 616 4836 in
653 4783 845 4852 psalm.
884 4798 974 4848 xv,
1024 4783 1078 4845 7,
1124 4799 1154 4837 e
1200 4784 1419 4837 Catenis
1471 4784 1678 4850 Regiis,
1716 4802 1768 4855 p.
1811 4786 1914 4839 599
1950 4801 1965 4839 :

397 4872 513 4928 Κᾶν
534 4876 600 4945 τῇ
633 4874 776 4945 ψυχῇ
803 4875 979 4927 τοίνυν
1018 4875 1135 4927 ἐστὶ
1155 4876 1246 4945 νοή
1257 4874 1404 4945 ματά
1437 4893 1556 4928 τινα
1572 4879 1684 4939 τοῖς
1708 4878 1963 4947 σπέρμα-

398 4981 481 5018 σιν
504 4964 763 5033 ἀνάλογα,
793 4965 916 5018 καθ⁹
936 4965 972 5018 ὃ.
992 4966 1061 5018 τὰ
1086 4965 1230 5019 ἔνδον
1268 4967 1579 5038 γεννήματα
1629 4970 1686 5021 ἐν
1733 4969 1967 5037 ἀγαθαῖς

396 5056 645 5127 πράξεσι,
683 5057 775 5113 καὶ¹
831 5056 1086 5126 θεωρίαις
1139 5058 1449 5129 ἀληθιναῖς.
1485 5061 1788 5126 Qualitates
1850 5062 1969 5117 illas

395 5147 774 5220 σπερματικὰς
799 5148 992 5202 animis
1036 5148 1304 5218 ingenitas
1333 5153 1462 5219 quid
1496 5152 1637 5204 aliud
1660 5167 1779 5206 esse
1818 5154 1967 5206 dica-

394 5255 535 5305 mus,
567 5254 729 5308 quam
754 5240 1043 5309 qualitates
1071 5256 1194 5294 cum
1234 5243 1442 5295 semine
1474 5243 1788 5295 traductas?
1811 5243 1962 5308 Quod

392 5333 436 5387 si
475 5332 528 5386 in
558 5331 768 5385 animos
806 5332 1122 5386 traducatur
1150 5332 1354 5399 aliquid
1390 5348 1512 5386 cum
1555 5332 1764 5385 semine
1795 5343 1848 5387 et
1882 5332 1964 5385 i-n-

390 5424 659 5495 gignatur,
696 5423 806 5478 imo
847 5423 895 5477 si
949 5439 1070 5477 cum
1108 5424 1303 5477 animis
1353 5424 1486 5493 ipsis
1532 5424 1834 5477 seminatur
1861 5424 1962 5476 ali-

386 5517 539 5586 quid,
567 5515 1232 5586 συγκατασπείρεταιταῖς
1256 5514 1473 5585 ψυχαῖς,
1496 5515 1829 5568 seminantur
1852 5517 1959 5569 uti-

386 5622 491 5678 que
520 5608 649 5675 ipsze
676 5609 892 5671 animte,
919 5618 976 5662 et
1002 5623 1067 5661 ex
1098 5609 1319 5662 traduce
1343 5616 1728 5677 propagautur.
1761 5606 1958 5661 Verum

386 5701 544 5754 aliter
575 5700 887 5770 accipienda
936 5710 1066 5768 puto
1108 5700 1198 5753 illa
1226 5698 1513 5769 Origenis;
1558 5699 1764 5753 animas
1813 5700 1957 5753 enim

386 5788 512 5846 licet.
548 5789 869 5860 quibusdam
896 5791 1074 5860 λόγοις
1110 5793 1504 5865 σπερματικοῖς
1548 5791 1840 5849 instructas
1874 5806 1957 5848 se-

2074 4590 2388 4661 frigescere,
2418 4594 2799 4659 requirendum
2827 4604 2907 4648 est
2948 4611 3016 4650 ne
3049 4596 3186 4651 forte
3223 4606 3276 4651 et
3309 4614 3507 4653 nomen
3541 4604 3663 4655 ani-

2072 4698 2195 4747 mae,
2226 4698 2345 4752 quae
2399 4683 2585 4738 Graece
2621 4684 2817 4738 dicitur
2860 4685 3028 4756 ψυχή,
3058 4702 3086 4740 a
3136 4688 3548 4757 refrigescendo
3596 4696 3662 4745 de

2070 4786 2215 4830 statu
2248 4777 2513 4830 diviniore
2540 4792 2602 4830 ac
2632 4777 2857 4831 meliore
2882 4779 3085 4831 dictum
3115 4781 3205 4845 sit,
3237 4790 3292 4835 et
3320 4784 3658 4837 translatum

2070 4869 2194 4922 inde
2234 4870 2378 4938 quod
2418 4885 2484 4923 ex
2522 4870 2702 4923 calore
2747 4871 2838 4924 illo
2884 4873 3117 4926 naturali
3157 4885 3210 4927 et
3259 4875 3452 4930 divino
3489 4878 3663 4932 refri-

2070 4961 2216 5015 xisse
2246 4963 2531 5026 videatur;
2573 4970 2627 5017 et
2653 4963 2772 5017 ideo
2806 4963 2860 5016 in
2902 4963 3000 5019 hoc
3045 4982 3149 5035 quo
3177 4982 3321 5019 nunc
3349 4980 3438 5021 est
3477 4982 3662 5030 stato,

2069 5063 2124 5106 et
2153 5053 2418 5107 vocabulo
2446 5055 2551 5106 sita
2588 5055 2679 5108 sit.
2708 5072 2729 5107 ι
2773 5055 3118 5111 Consimilem
3167 5058 3293 5113 huic
3340 5059 3531 5113 locum
3578 5066 3653 5115 in-

2067 5144 2246 5197 didem
2282 5146 2501 5199 adducit
2524 5143 2867 5202 Justiuianus
2890 5148 2942 5202 in
2979 5148 3125 5203 calce
3152 5151 3394 5218 epistola:
3428 5154 3497 5206 ad
3540 5154 3661 5209 ειε-

2068 5251 2213 5290 nam.

2137 5326 2470 5395 Epiphanius
2500 5330 2690 5384 hmres.
2724 5348 2873 5394 Lx1v,
2905 5346 3021 5400 cap.
3054 5331 3108 5396 5,
3138 5341 3193 5385 et
3247 5334 3299 5385 in
3342 5336 3519 5404 epist,
3588 5338 3656 5391 ad

2065 5418 2222 5474 Joan.
2256 5420 2510 5485 Jerosol.,
2537 5438 2656 5489 cap.
2696 5425 2749 5488 ‘2,
2791 5426 2993 5477 dixisse
3020 5424 3306 5493 Origencm
3345 5429 3518 5481 refert
3542 5430 3656 5497 ψυ-

2062 5513 2162 5583 χάς
2200 5518 2487 5576 vocitatas,
2525 5514 2611 5568 διὰ
2671 5517 2732 5567 τὸ
2792 5516 2995 5569 ἄνωθεν
3030 5515 3322 5586 πεψύχθαι.
3374 5516 3434 5572 Id
3480 5524 3656 5573 vertit

2063 5604 2412 5659 doctissimus
2442 5604 2731 5672 interpres,
2770 5624 2788 5655 ι
2822 5607 2963 5674 quod
2992 5606 3205 5659 ccelitus
3241 5605 3422 5659 amata
3460 5609 3537 5662 sit
3566 5628 3582 5669 ;
3632 5630 3650 5659 ι

2064 5713 2183 5767 qua:
2226 5712 2356 5752 sane
2390 5697 2518 5750 mihi
2550 5698 2763 5767 probari
2814 5714 2916 5751 nou
2954 5708 3129 5767 potest
3156 5700 3453 5766 expositio;
3520 5718 3651 5752 nam

2066 5793 2272 5845 animas
2307 5791 2524 5862 quidem
2571 5791 2801 5860 desuper
2837 5790 3052 5847 immitti
3100 5790 3385 5845 allirumvit
3444 5792 3649 5863 Origev
