3860 6230
243 308 338 363 901

1043 305 1609 362 ORIGENIANORUM
1647 306 1775 362 LIB.
1822 309 1887 373 ll,
1931 307 2082 363 CAP.
2129 309 2192 373 ll,
2231 308 2509 375 QUJSST.
2552 309 2639 366 Vl.

3390 319 3497 377 902

244 439 378 492 nes;
428 424 596 479 alllari
647 438 778 480 vero
810 422 893 477 vel
947 423 1201 492 inspirari
1251 426 1430 479 anima
1478 427 1646 480 multo
1687 438 1814 481 ante
1843 436 1889 489 Α
1918 434 1973 477 et
2003 423 2266 495 Cyriacus
2301 426 2621 492 monachus,
2650 441 2809 496 quem
2842 430 3295 499 narrat}Simeon
3329 434 3495 491 Meta-

240 517 459 571 condita
496 532 603 572 non
637 516 809 587 magis
839 517 946 571 dici
983 527 1162 586 potest
1181 533 1344 587 quam
1372 519 1617 588 angelus,
1649 535 1809 589 quem

242 624 400 663 nemo
434 613 665 679 desuper
686 609 855 664 amari
881 610 1099 675 dixerit,
1123 625 1245 664 cum
1278 612 1343 665 de
1375 611 1512 667 cmlo
1543 612 1595 666 in
1639 625 1811 669 terras

239 703 539 772 ablegatur.
583 702 913 757 Verteudum
949 717 1102 773 ergo,
1135 721 1155 755 ι
1204 704 1347 773 quod
1390 720 1601 760 sursum
1646 705 1806 761 refri-

239 794 400 848 xerit.
433 813 453 845 ι

308 884 397 940 Vl.
436 887 513 941 Ex
552 886 637 941 his
662 886 967 941 Adamantii
1000 886 1142 941 circa
1172 888 1364 943 animae
1390 888 1652 958 originem
1693 890 1806 958 pla-

235 979 363 1035 citis
386 988 512 1033 nata
557 988 641 1033 est
683 988 873 1034 octava
914 995 946 1035 e
992 982 1484 1046 criminationibus,
1516 998 1653 1051 quas
1702 984 1802 1052 ipsi

235 1070 401 1139 objici
459 1070 649 1124 solitas
688 1080 1043 1140 repraesentat
1093 1082 1149 1127 et
1200 1073 1357 1127 diluit
1388 1071 1698 1144 Pamphilus
1749 1079 1803 1131 in

234 1162 510 1231 Apologia.
560 1160 657 1215 llIa
707 1171 857 1217 certe
908 1173 1191 1233 postquam
1248 1165 1456 1233 prolixe
1509 1167 1803 1223 confutavit

233 1251 574 1309 Justinianus
613 1254 668 1308 in
710 1254 933 1323 epistola
970 1256 1036 1308 ad
1068 1254 1300 1319 Menam,
1347 1265 1458 1310 tum
1508 1256 1801 1327 Scriptum

235 1354 459 1410 sanctae,
478 1355 590 1400 tum
616 1344 831 1401 Patrum
860 1346 1198 1412 auctoritate,
1220 1348 1287 1401 ab
1310 1347 1439 1416 ipsis
1460 1347 1651 1403 deinde.
1671 1364 1801 1403 ana-

234 1436 610 1493 thematismos
638 1451 764 1491 suos
809 1438 981 1492 eidem
1023 1438 1262 1506 epistolae
1302 1436 1574 1493 subnexos
1621 1442 1801 1502 auspi-

232 1536 390 1581 catus
416 1538 531 1593 est;
565 1536 728 1597 atque
750 1527 840 1582 illa
870 1529 1114 1597 quisquis
1139 1529 1302 1583 fuerit
1342 1530 1642 1599 amplexus,
1674 1546 1801 1585 ana-

234 1620 415 1673 thema
463 1635 585 1675 esse
632 1621 830 1686 sancit,
875 1621 1171 1689 eademque
1218 1636 1404 1675 rursus
1470 1623 1693 1691 conligit
1746 1624 1797 1677 in

230 1712 459 1780 epistola
481 1713 547 1766 ad
570 1713 815 1782 quintam
851 1715 1140 1782 synodum,
1172 1728 1292 1782 quae
1321 1721 1405 1767 est
1431 1717 1569 1783 apud
1593 1712 1793 1769 Cedre-

1917 514 2168 587 phrastes
2197 515 2399 569 dicenti
2427 516 2634 585 Cyrillo
2670 537 2691 569 ‹
2731 520 2984 589 dogmata
3014 522 3080 576 de
3112 527 3495 591 prmexsisteu-

1918 605 1989 656 tia
2029 613 2085 657 et
2123 605 2538 660 restitutionein
2570 607 2816 661 eumdem
2850 618 3051 663 statum
3095 630 3113 663 ι
3148 614 3217 667 ab
3244 614 3496 679 Origeni-

1913 695 2013 748 stis
2043 695 2196 762 quasi
2235 713 2254 746 ι
2283 697 2459 749 media
2494 698 2631 749 etab
2663 700 2809 751 omni
2871 701 3117 767 periculo
3164 704 3338 759 aliena
3393 707 3493 761 ba-

1910 786 2049 850 beri,
2086 805 2106 838 s
2148 788 2497 857 respondisse
2534 809 2551 839 ι
2593 789 2942 860 Nequaquam
2994 810 3113 850 esse
3169 799 3370 866 media,
3440 810 3493 854 et

1909 892 2105 933 vacare
2158 879 2397 948 periculo
2451 882 2698 950 dogmata
2748 884 2813 936 de
2861 888 3315 953 pratexsistentia,
3384 891 3492 945 imo

1910 987 2035 1027 esse
2064 973 2270 1028 lubrica
2310 976 2490 1044 potius
2536 985 2592 1030 et
2635 978 2966 1046 periculosa.
3009 999 3027 1031 ι
3058 981 3395 1053 lmpuguavit
3438 996 3493 1041 et

1909 1065 2198 1134 Antipater
2230 1065 2553 1131 Bostrenus,
2586 1070 2820 1138 scriptor
2854 1072 3031 1125 aetatis
3077 1075 3208 1127 mihi
3242 1078 3482 1131 nondum

1905 1168 2219 1228 compertae,
2256 1160 2309 1213 in
2340 1160 2821 1216 dissertationibus
2862 1166 3125 1219 adversus
3177 1165 3485 1237 Origenem,

1906 1264 2043 1315 quas
2076 1248 2287 1318 Eclogis
2312 1250 2425 1304 suis
2454 1250 2935 1307 intexuitJoannes
2971 1255 3353 1321 Damascenus,
3391 1261 3478 1315 tit.

1901 1341 2040 1409 Περὶ
2067 1340 2317 1411 ἀμοιϐῆς
2348 1341 2469 1394 τῶν
2503 1337 2572 1396 εὗ
2607 1344 2733 1397 κατ’
2762 1343 2985 1412 ἀρετὴν
3009 1346 3479 1409 βιοτευσάντων.

1904 1437 2203 1491 Damnatur
2234 1452 2296 1491 ea
2332 1452 2546 1506 quoque
2591 1439 2641 1491 in
2688 1438 2920 1508 Origene
2970 1456 2998 1494 a
3046 1444 3253 1512 synodo
3299 1446 3473 1514 quini-

1900 1537 2073 1594 sexta,
2097 1542 2218 1583 can.
2238 1527 2290 1593 1,
2324 1538 2422 1582 eta
2451 1527 2758 1597 Sophrouio
2789 1529 3348 1602 Hierosolymitanoin
3372 1539 3486 1607 epi-

1899 1620 2036 1673 stola
2064 1621 2130 1673 ad
2164 1620 2410 1689 Sergium
2460 1620 3144 1692 Constantinopolitanum;
3176 1627 3242 1681 ab
3274 1628 3483 1686 Isidoro

1905 1712 2116 1780 Urigin.
2147 1712 2247 1765 lib.
2276 1728 2395 1772 vm,
2430 1728 2548 1781 cap.
2578 1713 2646 1776 5;
2688 1712 2894 1768 Joanne
2944 1716 3279 1774 Damasceuo
3319 1721 3415 1775 lib.
3442 1737 3481 1776 lt

231 1820 384 1859 num.
414 1805 511 1859 Diu
538 1821 698 1875 porro
727 1815 853 1859 tunc
877 1813 1018 1869 erat,
1050 1817 1329 1875 postquam
1359 1822 1493 1860 vana
1532 1808 1645 1862 haec
1670 1806 1796 1862 Ori-
1831 1785 1875 1845 Β
1905 1801 2128 1857 Orthod.
2158 1803 2284 1871 ﬁd.,
2333 1819 2454 1867 cap.
2512 1804 2595 1864 I2,
2627 1814 2680 1857 et
2718 1805 2813 1858 lib.
2855 1822 2928 1869 IV,
2979 1824 3099 1877 cap.
3132 1810 3202 1875 6;
3246 1811 3477 1882 Georgio

227 1898 384 1966 genis
414 1897 644 1967 cogitata
680 1898 1039 1967 eaStigaverat
1070 1898 1395 1963 Methodius,
1446 1908 1507 1953 ut
1567 1916 1634 1954 ex
1685 1900 1801 1968 ejus

227 1988 498 2055 excerptis
548 1988 754 2042 discere
806 1997 924 2052 est,
968 2003 1087 2057 qua:
1144 1988 1470 2058 Epiphanius
1532 1991 1687 2046 nobis
1749 2000 1801 2045 et

228 2077 452 2134 Photius
474 2090 825 2134 asservarunt
858 2096 873 2133 :
906 2081 1259 2149 castigaverat
1280 2090 1335 2135 et
1359 2080 1626 2137 Caesarius
1665 2084 1800 2139 Gre-

227 2171 367 2239 gorii
410 2170 736 2225 Nazianzeni
786 2171 955 2226 frater
1009 2173 1218 2241 dialogo
1254 2189 1337 2235 lll,
1372 2174 1565 2229 interr.
1607 2176 1710 2230 M9
1744 2186 1798 2231 et

226 2264 576 2333 sequentibus
617 2264 686 2332 (si
728 2264 888 2320 modo
933 2264 1277 2336 Dialogorum
1329 2267 1552 2321 istorum
1607 2282 1795 2322 revera

224 2365 418 2409 auctor
445 2364 550 2417 est,
582 2356 658 2409 uti
697 2355 888 2421 fertur,
932 2357 1034 2411 iste
1071 2358 1397 2429 Gtt-sarius);
1434 2360 1797 2430 castigaverat

224 2456 286 2499 et
309 2445 602 2515 Gregorius
624 2445 904 2518 Nyssenus
935 2447 1073 2502 libro
1111 2451 1250 2517 Περὶ
1280 2450 1659 2519 κατασκευῆς
1686 2453 1795 2505 ἁν-

220 2534 479 2604 θρώπου,
505 2552 622 2605 cap.
654 2538 746 2601 58,
772 2547 825 2591 et
856 2537 1184 2604 Epiphanius
1217 2542 1347 2593 haer.
1401 2558 1547 2607 wa,
1580 2558 1700 2610 cap.
1735 2543 1792 2607 4,

221 2639 282 2681 et
309 2629 360 2681 iu
390 2631 553 2697 epist.
585 2629 651 2683 ad
676 2628 831 2683 Joan.
863 2630 1188 2700 .lerosolym.
1218 2648 1337 2703 cap.
1381 2634 1437 2695 2,
1473 2635 1669 2702 quibus
1708 2636 1791 2688 Io-

220 2718 304 2771 cis
338 2729 553 2787 putasse
586 2719 1116 2775 dicitAdamantiutn
1144 2722 1319 2794 ψυχὴν
1351 2726 1570 2788 dictam,
1598 2725 1685 2777 διὰ
1731 2727 1792 2778 τὸ

217 2810 426 2864 ἄνωθεν
457 2812 749 2881 πεψύχθαι,
781 2824 835 2866 et
867 2813 1056 2883 δέμας,
1082 2815 1170 2868 διὰ
1198 2816 1256 2868 τὸ
1282 2816 1525 2869 δεδέσθαι
1554 2818 1649 2888 τὴν
1688 2818 1789 2886 ψυ-

218 2901 323 2973 χὴν
354 2904 411 2955 ἐν
442 2902 519 2974 τῷ
549 2902 783 2974 σώματι,
814 2914 868 2958 et
906 2905 1065 2976 σῶμα
1095 2909 1249 2975 quasi
1278 2908 1448 2978 σῆμα,
1480 2926 1499 2959 ‹
1537 2924 1603 2963 eo
1647 2913 1788 2979 quod

218 2995 296 3049 ita
323 2996 557 3049 animam
598 2997 650 3049 in
680 3011 738 3051 se
768 2997 1006 3051 clausam
1040 3000 1256 3064 habeat,
1301 3002 1570 3069 quomodo
1611 3004 1789 3071 sepul-

212 3100 310 3138 cra
330 3096 385 3139 et
414 3087 600 3140 tumuli
632 3088 894 3142 cadavera
934 3098 1273 3144 mortuorum
1308 3109 1321 3144 :
1359 3111 1378 3144 ι
1424 3093 1786 3161 castigaverat

212 3184 275 3231 et
304 3174 634 3246 Theophilus
659 3179 1072 3243 Alexandrinus,
1114 3192 1165 3235 et
1211 3181 1572 3252 Hieronymus
1622 3186 1779 3253 epist.

213 3266 308 3335 59,
324 3269 389 3321 ad
416 3269 582 3331 Avit.,
615 3269 779 3338 cap.l
809 3269 930 3331 et2,
973 3279 1027 3324 et
1053 3272 1208 3339 epist.
1239 3272 1326 3337 (il,
1351 3277 1416 3325 ad
1449 3272 1783 3339 Pamtnach.,

212 3376 336 3429 Cap.
360 3361 413 3423 5,
447 3362 501 3429 5,
529 3362 585 3425 6,
615 3372 670 3416 et
704 3364 864 3432 epist.
892 3363 981 3425 65,
1014 3364 1081 3417 ad
1120 3363 1431 3418 Pammach.
1471 3376 1523 3418 et
1554 3367 1781 3431 Ocean.,

212 3466 334 3520 cap.
360 3451 416 3515 2,
447 3462 502 3506 et
534 3452 627 3507 lib.
658 3468 687 3504 v
720 3452 1011 3507 Comment.
1046 3454 1100 3507 in
1151 3452 1372 3519 Jerem,
1421 3471 1541 3524 cap.
1583 3457 1673 3522 24,
1731 3468 1785 3512 et

214 3544 268 3595 in
297 3543 459 3610 epist.
508 3546 573 3596 ad
617 3541 1013 3597 Demetriadem
1064 3560 1183 3614 cap.
1233 3546 1286 3612 9,
1340 3546 1429 3601 ubi
1478 3549 1781 3605 animarum

208 3632 554 3704 προῦπαρξιν
598 3634 649 3686 in
689 3633 923 3704 Egypto
972 3645 1026 3690 et
1073 3634 1311 3691 Orientis
1369 3639 1610 3707 partibus
1652 3642 1779 3695 olim

214 3736 540 3795 grassatum,
570 3727 683 3781 suis
724 3728 1054 3797 temporibus
1091 3747 1109 3779 ι
1163 3729 1475 3784 abscondite
1520 3734 1675 3801 quasi
1728 3735 1779 3788 in

208 3817 382 3871 foveis
408 3818 713 3887 viperarum
746 3820 883 3889 apud
906 3820 1190 3889 plerosque
1220 3822 1424 3875 versari
1459 3839 1477 3872 ι
1511 3823 1775 3891 queritur,

214 3925 235 3959 ι
267 3908 587 3975 illarumque
617 3909 849 3977 partium
883 3908 1122 3978 polluere
1158 3910 1467 3977 puritatem,
1526 3921 1580 3965 et
1623 3915 1776 3980 quasi

209 4001 560 4055 haereditarin
608 4002 749 4055 malo
794 4017 1014 4070 serpere
1054 4003 1106 4056 in
1148 4004 1355 4072 paucis,
1393 4014 1451 4058 ut
1498 4008 1777 4073 perveniat

202 4091 271 4146 ad
301 4092 593 4161 plurimos;
618 4100 673 4146 et
702 4092 753 4145 in
782 4092 1071 4146 Comment.
1111 4095 1164 4145 in
1190 4094 1378 4163 psalm.
1427 4111 1651 4163 Lxxxtx,
1686 4098 1775 4152 ubi

198 4182 440 4252 dogmati
490 4183 614 4238 huic
641 4183 913 4239 hmreseos
943 4199 1137 4239 nomen
1191 4186 1378 4251 inurit,
1426 4188 1775 4255 quemadmo-

202 4273 332 4325 dum
356 4272 487 4326 etin
520 4270 808 4325 Comment.
836 4274 891 4325 in
920 4271 1119 4326 Jerem.
1156 4289 1309 4337 χχιι,
1363 4273 1589 4343 aliisque
1616 4275 1769 4342 locis,

200 4378 342 4434 quos
387 4365 672 4419 brevitatis
705 4365 879 4435 gratia
936 4366 1296 4434 praetermitto
1343 4384 1356 4420 :
1411 4367 1772 4433 castigaverat

1905 1893 2161 1964 Syncello
2187 1894 2239 1948 in
2288 1893 2535 1963 Excerpt.
2574 1894 2893 1966 Clironogr.;
2926 1899 3169 1954 Cedreno
3194 1902 3248 1955 in
3282 1901 3467 1971 Camp.

1903 1985 2067 2047 Irish;
2113 1984 2277 2039 Suida
2319 1986 2372 2039 in
2411 1984 2661 2054 Origene;
2702 1987 2886 2043 Niceta
2915 1989 3067 2044 Thes.
3108 1992 3317 2047 ortliod.
3373 1995 3469 2061 ﬁd.

1900 2074 1993 2130 lib.
2027 2092 2099 2142 tv,
2149 2075 2279 2131 bter.
2328 2092 2498 2139 xxxi;
2542 2077 2827 2134 Vincentio
2878 2082 3263 2139 Bellovacense
3319 2084 3475 2155 Spec.

1898 2168 2094 2231 doctr.,
2118 2167 2213 2223 lib.
2240 2184 2396 2235 xvm,
2425 2185 2544 2238 cap.
2586 2172 2694 2237 45;
2733 2170 3038 2241 Nicephoro
3066 2173 3159 2229 lib.
3190 2191 3323 2243 xvu,
3350 2192 3473 2247 cap.

1896 2254 1985 2321 27,
2012 2266 2068 2310 et
2102 2257 2351 2313 Guidone
2389 2260 2687 2314 Carmelita
2714 2261 2762 2315 in
2797 2261 3018 2316 Summa
3048 2264 3111 2316 de
3141 2265 3353 2329 Iiwres.,
3384 2267 3477 2337 qui

1897 2346 2083 2399 multis
2104 2361 2223 2400 eam
2252 2348 2469 2402 refellit.

1973 2437 2078 2491 VII.
2113 2437 2324 2493 Platoni
2375 2455 2536 2508 porro
2565 2440 2652 2495 hic
2686 2457 2900 2512 quoque
2935 2445 3225 2512 regendum
3256 2462 3314 2501 se
3340 2446 3477 2503 Ada-

1895 2533 2132 2586 mantius
2174 2534 2424 2601 praebuit.
2474 2533 2567 2588 Ille
2618 2545 2801 2589 autem
2851 2538 2900 2590 in
2936 2536 3226 2605 Pliwdone,
3262 2550 3316 2596 et
3346 2540 3474 2609 Epi-

1894 2623 2055 2687 nomi,
2086 2635 2140 2677 et
2170 2623 2261 2677 lib.
2302 2640 2333 2676 x
2367 2623 2446 2677 De
2480 2625 2657 2694 legib.,
2688 2635 2741 2679 et
2784 2627 2838 2680 in
2876 2626 3094 2697 Timwo,
3123 2632 3351 2702 aliisque
3382 2632 3468 2686 Io-

1892 2713 1990 2779 cis,
2024 2715 2327 2769 doctrinam
2383 2716 2523 2771 hanc
2573 2717 2954 2774 disertissimis
2989 2722 3225 2791 explicat
3262 2724 3469 2789 verbis,

1891 2819 2051 2871 quam
2090 2821 2281 2875 magna
2326 2807 2558 2862 subinde
2600 2819 2844 2864 veterum
2894 2826 3021 2879 pars
3062 2814 3315 2882 arripuit.
3354 2814 3465 2869 Nec

1891 2895 2051 2963 hujus
2097 2913 2227 2953 sane
2274 2899 2381 2952 fuit
2433 2901 2546 2969 ipse
2594 2905 2880 2959 sententia:
2919 2906 3287 2974 architectus;
3344 2923 3463 2962 eam

1888 2989 2086 3057 quippe
2123 2990 2291 3044 multo
2334 2993 2489 3059 prius
2526 3007 3007 3061 propugnaverant
3040 2997 3377 3068 Pythagoras
3414 3007 3471 3053 et

1891 3080 2263 3148 Empedodcs.
2298 3081 2365 3134 Ἢ
2402 3083 2785 3153 εὐλογώτερον,
2819 3086 3269 3159 inquitOrigenes
3312 3090 3405 3146 lib.
3451 3109 3467 3146 ι

1891 3183 2071 3224 contra
2102 3172 2267 3238 Cels.,
2316 3190 2465 3231 nunt.
2525 3174 2613 3238 52,
2648 3177 2885 3246 ἑκάστην
2912 3178 3089 3249 ψυχὴν
3134 3180 3276 3233 κατά
3318 3199 3467 3244 τινας

1886 3265 2229 3335 ἀπορῤήτους
2260 3263 2451 3332 λόγους
2478 3265 2643 3335 (λέγω
2686 3267 2741 3319 δὲ
2774 3267 2946 3322 ταῦτα
2988 3268 3081 3322 νῦν
3116 3271 3255 3323 κατὰ
3286 3272 3467 3324 Πυθα-

1886 3355 2074 3426 γόραν,
2098 3358 2191 3408 καὶ
2220 3357 2501 3421 Πλάτωνα,
2532 3360 2625 3410 καὶ
2652 3360 3037 3429 Ἐμπεδοκλέα,
3070 3361 3162 3425 οὓς
3206 3362 3467 3427 πολλάκις

1885 3446 2170 3517 ὠνόμασεν
2226 3448 2253 3499 ὁ
2312 3447 2536 3520 Κέλσος)
2590 3451 3003 3522 εἰσκρινομὲνην
3054 3453 3284 3521 σώματι,
3343 3456 3464 3507 κατ’

1883 3537 2038 3603 ἀξίαν
2079 3540 2447 3610 εἰσκρὶνεσθαι
2493 3541 2765 3595 καὶκατὰ
2820 3542 2890 3595 τὰ
2942 3543 3184 3615 πρότερα
3231 3543 3372 3615 ῆθη;
3410 3555 3465 3599 et

1882 3627 2247 3701 Hieronymus
2273 3631 2430 3701 epist.
2468 3632 2560 3697 82,
2599 3648 2720 3702 qua:
2751 3642 2836 3688 est
2880 3635 2946 3689 ad
2998 3635 3371 3691 Marcelinum
3405 3647 3461 3692 et

1880 3720 2276 3791 Anapsychiam
2301 3741 2313 3777 :
2336 3742 2354 3774 ‹
2395 3725 2568 3793 Super
2600 3726 2796 3779 animae
2832 3736 2979 3781 statu
3012 3730 3230 3783 memini
3264 3740 3458 3784 vestrm

1879 3813 2309 3883 quatsﬁunculze,
2336 3817 2446 3869 imo
2491 3819 2729 3873 maxime
2787 3820 3175 3875 ecclesiastica:
3204 3823 3461 3891 quaestio-

1880 3905 1965 3958 nis
1998 3922 2010 3958 :
2048 3914 2229 3958 utrum
2255 3906 2404 3976 lapsa
2435 3908 2503 3960 de
2532 3908 2674 3963 cmlo
2702 3909 2798 3975 sit,
2826 3923 2885 3964 ut
2911 3911 3249 3983 Pythagoras
3279 3914 3458 3983 philo-

1878 3996 2103 4063 sophus,
2141 4011 2439 4067 omnesque
2466 3999 2757 4068 Platonici,
2783 4011 2839 4055 et
2872 4002 3134 4073 Origenes
3173 4014 3388 4073 putant.
3429 4025 3449 4056 ι

1878 4085 2070 4143 Simile
2095 4090 2428 4145 nanciscaris
2453 4093 2503 4144 in
2533 4094 2760 4162 cpistola
2792 4094 3081 4151 Justiniani
3121 4100 3188 4152 ad
3209 4100 3452 4168 quintam

1875 4181 2165 4248 synodum,
2199 4190 2254 4235 et
2280 4182 2418 4249 apud
2448 4182 2691 4237 Nicctam
2721 4185 2772 4239 iu
2799 4184 3064 4240 Thesauro
3090 4190 3297 4242 art/10d.
3326 4190 3450 4257 lict,

1876 4274 1967 4327 lib.
2010 4288 2086 4338 tv,
2111 4274 2245 4328 hazr.
2275 4291 2424 4331 xxxt.
2463 4274 2567 4329 Sed
2595 4286 2648 4331 et
2685 4278 2803 4345 ipso
2831 4277 3138 4349 Pythagora
3173 4282 3452 4351 antiquior

1874 4363 2126 4434 Orpheus
2163 4365 2398 4419 animam
2446 4368 2497 4419 in
2534 4382 2765 4437 corpore
2793 4369 2973 4437 puniri
3009 4370 3165 4423 dixit.
3194 4369 3450 4426 Testatur

198 4468 259 4511 et
291 4457 520 4513 Orosius
556 4459 609 4511 in
642 4456 1060 4511 Commonitorio
1091 4458 1155 4511 ad
1180 4459 1562 4527 Augustinum,
1588 4463 1771 4514 etAu-
1802 4471 1847 4524 ι)
1876 4455 1928 4509 id
1972 4456 2126 4510 Plato
2154 4458 2203 4509 in
2239 4457 2475 4527 Cralylo,
2513 4458 2602 4512 ubi
2645 4469 2700 4513 et
2739 4461 2886 4513 vocis
2936 4459 3093 4530 σῶμα
3128 4461 3449 4530 originatio-

196 4550 453 4618 gustinus
483 4550 535 4603 in
561 4549 743 4603 libello
776 4558 963 4602 contra
1010 4548 1453 4602 Priscillianislas
1499 4562 1545 4603 el
1590 4550 1774 4620 Orige-

195 4641 385 4706 αἰτίαι,
416 4655 533 4709 cap.
563 4642 595 4695 8
620 4649 672 4694 et
706 4640 795 4704 ll,
826 4652 881 4695 et
912 4640 1002 4694 lih.
1038 4656 1090 4693 ιι
1127 4640 1199 4693 De
1223 4640 1359 4693 civit.
1388 4640 1506 4704 Dei,
1526 4657 1646 4710 cap.
1678 4643 1769 4709 2'5,

196 4734 287 4786 ubi
316 4734 575 4788 conﬁctas
605 4734 726 4787 illas
758 4735 822 4787 de
849 4733 1153 4786 animarum
1186 4735 1568 4803 progressibus
1599 4744 1654 4789 et
1687 4750 1773 4789 re-

193 4826 476 4893 gressibus
524 4825 746 4879 fabellas
788 4826 1000 4879 erudite
1036 4824 1227 4878 refellit
1268 4844 1283 4880 :
1330 4827 1686 4895 castigavcrat
1717 4836 1773 4881 et

192 4916 307 4971 Leo
328 4932 461 4985 papa
495 4916 546 4969 in
578 4917 739 4985 epist.
767 4917 855 4979 II,
885 4932 1009 4985 qua:
1041 4927 1124 4971 est
1158 4917 1223 4969 ad
1275 4915 1548 4970 lulianum
1592 4918 1766 4972 Coen-

190 5016 401 5070 sem,et
430 5005 741 5060 Gennadius
767 5006 843 5059 De
865 5010 1121 5075 dogmat.,
1150 5023 1266 5075 cap.
1296 5008 1387 5071 It,
1425 5020 1476 5061 et
1508 5007 1763 5063 Leontius

189 5100 249 5154 in
278 5099 373 5153 lib.
409 5101 488 5153 De
515 5101 711 5165 sectis;
739 5101 976 5153 maxime
1014 5115 1141 5153 vero
1177 5101 1427 5169 Cyrillus,
1466 5100 1555 5168 qui
1588 5100 1763 5157 Theo-

188 5192 325 5263 phili
362 5193 539 5261 patrui
572 5193 679 5255 sui,
714 5206 817 5244 non
852 5191 903 5244 in
940 5190 1313 5244 Alexandrino
1343 5192 1513 5243 solum
1555 5192 1760 5260 episco-

186 5296 341 5355 patu,
367 5285 463 5339 sed
491 5286 541 5338 in
576 5284 788 5339 infenso
817 5283 978 5337 etiam
1026 5283 1290 5337 adversus
1319 5282 1604 5355 Origenem
1635 5286 1758 5339 odio

188 5391 497 5442 successor,
526 5379 666 5431 hanc
694 5376 811 5445 ejus
838 5377 904 5430 de
954 5375 1261 5429 animarum
1299 5377 1507 5446 origine
1541 5386 1757 5430 senten-

188 5469 343 5534 tiam,
398 5467 623 5522 Joannis
666 5465 1016 5537 Evangelium
1084 5463 1408 5529 explanans,
1471 5463 1752 5531 multiplici

188 5568 632 5629 argumentorum
665 5566 924 5627 apparatu
956 5554 1241 5609 subvertit.
1285 5555 1393 5609 Nec
1420 5555 1613 5609 minori
1642 5564 1755 5609 stu—

185 5651 279 5707 dio
322 5663 447 5720 post
494 5651 739 5721 quintam
785 5650 1046 5719 synodum
1091 5647 1334 5701 eamdem
1376 5648 1756 5717 impugnarunt

188 5744 492 5800 doctrinam
544 5741 827 5799 Facundos
882 5739 1408 5797 llermianensislib.
1465 5755 1503 5805 ι,
1547 5754 1661 5807 cap.
1696 5737 1751 5803 6,

1874 4562 1995 4601 nem
2036 4550 2169 4617 petit
2202 4565 2231 4602 a
2270 4550 2439 4620 σῆμα.
2484 4550 2687 4604 Locum
2720 4551 2883 4605 refert
2928 4553 3181 4605 Clemens
3214 4554 3445 4607 Alexan-

1873 4637 2063 4693 drinus
2097 4638 2301 4693 Strom.
2338 4641 2432 4695 lib.
2476 4656 2560 4704 ιιι,
2590 4651 2752 4710 atque
2787 4640 2916 4695 item
2943 4641 3174 4695 alterum
3212 4642 3443 4698 Philolai

1873 4729 2239 4800 Pythagorici,
2268 4732 2395 4800 quid
2427 4733 2479 4786 id
2503 4734 2675 4801 ipsum
2712 4747 2777 4785 ex
2802 4732 3073 4787 veteribus
3101 4733 3440 4787 etlmicorum

1876 4822 2143 4889 theologis
2170 4831 2225 4876 et
2258 4824 2472 4876 vatibus
2497 4823 2717 4881 astruit.
2752 4821 2946 4875 Merito
2998 4822 3179 4893 itaque
3215 4821 3440 4878 Harme-

1875 4914 2105 4981 nopulus
2154 4914 2205 4967 in
2236 4914 2374 4967 lihro
2404 4914 2477 4966 De
2505 4915 2685 4978 sectis,
2732 4923 2787 4966 et
2822 4913 2968 4967 Elias
3004 4913 3301 4979 Cretensis,
3332 4914 3440 4969 Na-

1872 5006 2114 5058 zianzcui
2145 5007 2430 5073 interpres,
2460 5020 2490 5059 e
2514 5006 2821 5060 Graecorum
2850 5004 3087 5060 fontibus
3115 5006 3437 5060 sententiam

1868 5114 2019 5153 suam
2054 5098 2339 5167 Origenem
2373 5101 2618 5153 hausisse
2652 5100 2858 5153 dicunt.

1936 5187 2069 5244 VIII.
2102 5191 2171 5243 At
2198 5204 2315 5242 eam
2350 5200 2524 5242 tamen
2558 5207 2663 5258 quo
2706 5190 3033 5246 Christianis
3084 5193 3431 5262 approbaret,

1864 5297 1969 5336 non
2003 5281 2299 5335 rationibus
2348 5283 2627 5343 duntaxat,
2664 5284 2757 5334 sed
2782 5282 3024 5349 quzesitis
3071 5283 3235 5336 etiam
3285 5284 3433 5337 Scri-

1861 5385 2034 5442 ptura:
2085 5366 2255 5428 sacrm
2292 5374 2614 5427 testimoniis
2674 5372 2871 5427 fulcire
2917 5383 3145 5428 conatus
3177 5382 3280 5438 est,
3313 5389 3431 5441 quae

1863 5465 2019 5518 nobis
2049 5481 2076 5517 a
2112 5464 2361 5518 Patrihus
2386 5465 2731 5519 exhibentur.
2767 5467 2940 5533 Atque
2967 5466 3066 5520 hos
3096 5466 3311 5535 quidem
3346 5480 3429 5518 rc—

1862 5554 1971 5609 fert
1998 5555 2326 5624 Epiphanius
2360 5556 2413 5607 in
2460 5555 2619 5621 epist.
2649 5556 2714 5609 ad
2743 5553 2899 5609 Joan.
2928 5554 3276 5625 Jerosolym.,
3304 5570 3423 5624 cap.

1859 5644 1915 5709 2,
1953 5660 1983 5699 e
2017 5645 2212 5713 psalm.
2243 5660 2434 5707 cxvm,
2470 5646 2537 5697 67
2576 5661 2587 5695 :
2623 5664 2642 5696 ι
2676 5645 2995 5714 Priusquam
3036 5662 3064 5697 a
3097 5644 3299 5697 malitia
3328 5643 3427 5697 hu-

1863 5736 2119 5799 miliarer,
2150 5751 2249 5804 ego
2277 5736 2509 5804 dcliqui;
2549 5755 2567 5787 ι
2594 5751 2622 5793 e
2656 5736 2847 5807 psalm.
2881 5751 3025 5802 cxtv,
3062 5736 3091 5787 ’7
3121 5755 3133 5791 :
3171 5755 3187 5787 ι
3230 5733 3429 5792 Rever-
