3860 6230
392 320 501 376 905

1635 314 1693 370 P.
1732 314 2048 370 DANIELlS
2087 312 2321 372 IlUETIl

399 451 525 496 tere.
553 439 730 494 anima
763 454 900 505 mea,
937 440 989 494 in
1026 442 1267 510 requiem
1293 449 1437 495 tuam
1465 458 1479 507 ;
1505 459 1523 491 ι
1552 455 1582 495 e
1609 440 1804 509 psalm.
1830 455 1978 502 cm,
2009 442 2056 498 Α
2085 439 2191 491 rint
2219 458 2233 494 :
2257 454 2477 508 operum
2516 448 2696 492 autem
2726 437 2891 491 vitam
2920 436 3062 490 hanc
3089 435 3513 503 praecedentium
3551 452 3677 487 tne--

395 532 469 588 8:
508 548 526 583 ι
577 531 725 587 Lduc
748 532 817 586 de
847 547 1064 586 carcere
1086 532 1321 585 animam
1350 547 1561 596 meam;
1593 549 1611 580 ι
1650 539 1704 583 et
1728 545 1757 584 e
1787 527 1976 600 psalm.

394 640 545 688 cxrv,
580 625 613 679 9
640 642 653 679 :
682 644 699 676 ι
719 623 1028 678 Conlitebor
1057 623 1282 677 Domino
1317 624 1368 676 in
1406 624 1624 693 regione
1649 623 1913 678 vivorum.
1951 640 1969 672 ι

396 714 637 783 Apponit
669 724 725 769 et
768 716 930 768 istum
985 712 1349 784 Hieronymus
1398 714 1448 767 in
1483 716 1643 782 epist.
1686 714 1751 767 ad
1793 714 1979 767 Deme-

400 807 733 875 triad.,cap.
782 807 836 873 9,
870 821 900 860 e
947 804 1108 861 Joan.
1141 821 1218 871 Ix,
1252 805 1288 858 2
1331 822 1346 860 :
1384 823 1403 857 ι
1452 804 1555 861 Iste
1601 806 1866 876 peccavit,
1919 813 1979 858 nt

395 913 574 953 carcus
628 913 693 952 ex
732 908 885 952 utero
914 905 1251 961 nasceretur,
1289 913 1357 951 an
1401 906 1652 965 parentes
1679 897 1834 966 eius?
1871 916 1889 949 ›
1925 905 1977 952 et

398 989 518 1043 illos
544 1001 802 1059 praeterea
835 991 929 1044 lib.
964 1008 979 1046 ι
1013 990 1379 1045 Comment.in
1412 989 1580 1058 Epist.
1615 990 1683 1042 ad
1713 989 1901 1057 Epiros.
1935 1006 1972 1054 t,

394 1080 450 1146 4,
495 1095 525 1134 e
576 1082 767 1150 psalm.
802 1097 953 1149 CXIX,
1008 1081 1041 1134 5
1094 1099 1107 1136 :
1146 1102 1163 1133 ι
1211 1082 1303 1136 llei
1338 1082 1489 1145 mihi,
1538 1083 1662 1151 quia
1714 1081 1976 1135 incolatns

397 1188 551 1227 meus
586 1174 939 1244 prolongatus
972 1185 1091 1239 est;
1144 1173 1384 1228 babitavi
1421 1189 1543 1229 cum
1600 1174 1976 1228 habitantibus

395 1264 597 1329 Cedar,
637 1265 865 1320 multum
908 1267 1249 1337 peregrinata
1309 1275 1391 1321 est
1442 1266 1621 1319 anima
1672 1280 1824 1329 mea;
1881 1285 1900 1318 ›
1944 1281 1976 1321 e

395 1352 556 1410 Rom.
591 1370 679 1419 vn,
711 1355 822 1409 εις
859 1374 877 1407 ι
920 1355 1081 1409 Miser
1098 1372 1198 1424 ego
1223 1356 1417 1417 homo!
1456 1356 1577 1425 quis
1608 1371 1693 1409 me
1722 1356 1972 1410 liberabit

394 1446 462 1500 de
491 1461 721 1515 corpore
747 1448 941 1502 mortis
965 1446 1161 1516 hujus?
1188 1467 1206 1499 ι
1235 1459 1288 1503 et
1310 1465 1339 1502 e
1365 1447 1556 1516 Philip.
1588 1465 1629 1514 ι,
1659 1447 1730 1501 25
1765 1466 1778 1501 :
1803 1466 1819 1499 ι
1854 1447 1973 1503 Mc-

395 1538 498 1593 lius
529 1547 611 1595 est
650 1540 947 1601 reverti.et
979 1556 1104 1595 esse
1134 1557 1257 1595 cum
1294 1541 1546 1606 Christo;
1588 1560 1606 1592 ι
1634 1551 1688 1596 et
1719 1556 1750 1595 e
1774 1541 1966 1606 psalm.

399 1644 625 1693 uxxtx,
659 1631 760 1697 1,2
784 1648 795 1685 :
820 1649 839 1683 ι
870 1632 1112 1697 Domine,
1138 1631 1401 1702 refugium
1440 1633 1614 1688 factus
1640 1649 1699 1688 cs
1732 1635 1886 1689 nobis
1917 1636 1968 1688 in

396 1722 795 1788 generationem
823 1732 878 1776 et
918 1723 1325 1791 generationem
1360 1739 1375 1775 :
1427 1732 1714 1792 antequam
1761 1735 1970 1780 montes

2083 531 2183 583 rita
2218 547 2558 601 nequaquam
2583 532 2649 583 ab
2679 528 2938 597 Apostolo
2972 528 3193 597 infringi
3243 543 3305 581 ac
3350 527 3463 580 tolli
3506 528 3670 578 arbi-

2084 632 2279 676 tratur.
2326 641 2344 673 ι
2380 622 2566 692 Igitur,
2606 621 2779 690 inquit
2833 636 2981 674 num.
3014 619 3066 681 7,
3125 621 3266 674 sicut
3305 620 3371 673 de
3418 620 3565 672 Esau
3605 630 3667 671 et

2078 716 2246 772 Jacob
2290 718 2601 786 diligentius
2646 716 3000 785 perscrutatis
3036 715 3333 782 Scriptnris
3376 713 3667 767 invenitur

2079 811 2205 879 quia
2237 825 2342 863 non
2396 819 2480 864 est
2527 809 2795 875 injustitia
2842 807 2982 877 apud
3021 805 3211 869 Demn,
3255 813 3313 858 ut
3359 814 3665 873 antequam

2079 913 2453 965 nascerentur,
2485 900 2568 955 vel
2601 908 2826 968 agerent
2860 898 3062 966 aliquid
3091 898 3143 950 in
3173 898 3284 949 vita
3319 897 3448 961 hac,
3491 899 3657 950 dice-

2080 1006 2227 1049 retur
2260 996 2384 1064 quia
2427 993 2603 1062 major
2626 993 2812 1045 serviet
2848 991 3040 1044 minori
3067 990 3115 1022 ⁸³
3154 1008 3168 1045 :
3208 999 3262 1043 et
3285 998 3345 1041 ut
3378 989 3667 1043 invenitur

2078 1103 2184 1140 non
2212 1100 2333 1139 esse
2362 1084 2643 1151 injustitia,
2677 1083 2818 1153 quod
2849 1093 2902 1137 et
2939 1083 2990 1135 in
3030 1092 3220 1136 ventre
3243 1081 3462 1134 fratrem
3492 1096 3660 1136 suum

2076 1178 2437 1247 supplantavit
2463 1175 2657 1240 Jacob,
2695 1178 2739 1232 si
2774 1192 2837 1231 ex
2864 1174 3221 1244 praecedentis
3251 1173 3505 1228 videlicet
3530 1173 3663 1226 vitm

2077 1270 2288 1323 meritis
2316 1270 2477 1339 digne
2524 1286 2646 1322 eum
2705 1268 2938 1323 electum
2970 1282 3095 1323 esse
3123 1267 3421 1321 sentiamus
3459 1281 3488 1318 a
3522 1265 3661 1331 Deo,

2078 1361 2149 1415 ita
2185 1368 2245 1415 ut
2293 1360 2445 1414 fratri
2477 1360 2714 1430 praeponi
2772 1371 3108 1421 mereretur;
3149 1359 3219 1411 ita
3266 1358 3457 1419 etiam,
3490 1376 3510 1409 ι
3545 1366 3658 1411 etc.

2076 1453 2209 1508 Rem
2240 1465 2459 1523 putasse
2488 1453 2703 1507 videtur
2735 1451 2926 1506 eodem
2960 1452 3143 1513 modo,
3182 1450 3469 1503 Paulinum
3506 1450 3658 1503 hunc

2074 1546 2251 1599 locum
2284 1545 2648 1611 interpretans
2673 1553 2804 1597 tom.
2833 1560 2867 1596 lt
2902 1544 2955 1597 in
2982 1540 3167 1602 Ιοηιι..
3221 1557 3368 1593 num.
3399 1541 3494 1595 25.
3541 1540 3657 1595 Nec

2074 1634 2230 1689 aliter
2270 1634 2600 1688 intellexisse
2629 1648 2751 1687 eum
2781 1632 3075 1686 verisimile
3114 1641 3199 1686 est
3228 1634 3459 1685 alterum
3488 1632 3653 1684 istaut

2074 1724 2114 1779 ll
2140 1724 2279 1779 Tim.
2316 1741 2355 1791 ι,
2385 1726 2439 1789 8,
2475 1726 2527 1791 9,
2570 1725 2769 1794 placito
2804 1725 2930 1779 licet
2975 1726 3142 1794 ipsius
3174 1739 3242 1779 ex
3288 1724 3521 1778 adverso
3557 1740 3658 1792 op-

398 1811 790 1875 formarentur,
829 1825 884 1868 et
920 1789 1072 1868 lieret
1128 1823 1294 1877 terra,
1330 1823 1385 1869 et
1427 1789 1584 1870 orbis
1622 1825 1907 1870 terrarum.
1946 1837 1965 1869 ι
2004 1789 2044 1843 Β
2078 1817 2309 1885 positum
2343 1789 2359 1868 ﬁ:
2389 1836 2405 1868 ι
2447 1789 2727 1870 collabora
2762 1789 3047 1885 Evangelia
3068 1814 3364 1869 secundum
3393 1789 3655 1868 virtutem

394 1904 628 1972 Apponit
650 1913 705 1959 et
733 1905 881 1959 illum
910 1907 963 1960 in
996 1906 1189 1976 Ephes.
1220 1924 1258 1970 ι,
1296 1908 1361 1962 17
1384 1923 1398 1973 ;
1422 1922 1453 1962 e
1494 1906 1690 1977 psalm.
1723 1925 1832 1973 χιιι,
1867 1908 1967 1964 Ξὸε

400 2013 419 2045 ι
452 1993 890 2052 lieminiscentur
918 2007 971 2052 ct
998 2009 1389 2054 convertentur
1417 2001 1482 2055 ad
1520 2001 1806 2056 Dominum
1848 2017 1967 2057 om-

396 2099 493 2140 nes
548 2087 681 2142 lines
720 2099 898 2144 terrae.
937 2108 955 2140 ι
1008 2091 1082 2144 Ex
1133 2091 1235 2146 hoc
1288 2091 1520 2163 denique
1577 2092 1736 2148 Joan.
1793 2109 1833 2157 ι,
1884 2095 1968 2154 9:

398 2196 418 2230 ι
460 2177 591 2232 Erat
613 2178 700 2232 lux
734 2195 884 2244 vera,
914 2196 1034 2251 qum
1089 2182 1362 2236 illuminat
1415 2200 1631 2237 omnem
1690 2185 1965 2241 hominem

398 2271 707 2325 venientem
760 2272 812 2325 in
861 2273 1003 2328 hunc
1048 2276 1327 2341 mundum,
1377 2296 1394 2328 ι
1432 2291 1610 2331 causae
1658 2293 1768 2332 suae
1809 2280 1973 2335 robur

391 2358 681 2433 Origenem
717 2365 798 2420 vel
830 2364 1167 2437 Origenistas
1228 2370 1584 2425 accersivisse
1621 2371 1753 2426 dicit
1794 2372 1973 2443 Cyril-

394 2455 476 2510 Ius
516 2457 568 2512 in
599 2458 848 2511 eumdem
884 2457 1111 2514 Joannis
1138 2461 1339 2515 locum.

463 2546 555 2605 IX.
583 2548 690 2604 Sed
727 2550 1014 2606 manifesto
1070 2560 1330 2622 repugnat
1369 2552 1499 2608 illud
1553 2553 1829 2610 Zacharias
1867 2571 1967 2622 xu,

393 2640 419 2694 l
452 2656 466 2695 τ
504 2659 523 2693 ι
560 2640 698 2697 Dicit
738 2642 995 2699 Dominus
1045 2646 1344 2700 extendens
1382 2647 1600 2712 ccelnm,
1629 2658 1682 2702 et
1731 2648 1967 2704 fundans

394 2739 622 2797 terram,
663 2743 719 2787 et
746 2734 953 2804 fingens
984 2736 1231 2804 spiritum
1268 2735 1506 2793 hominis
1542 2738 1593 2792 in
1633 2754 1731 2804 eo;
1771 2760 1793 2791 ι
1826 2741 1969 2809 quod

392 2835 703 2879 commento
738 2825 862 2881 huic
908 2824 1236 2897 Origeniano
1277 2844 1307 2883 a
1351 2832 1627 2885 nonnullis
1660 2832 1967 2900 oppositum

394 2924 477 2969 est
518 2933 532 2968 :
578 2923 840 2987 repugnat
872 2927 926 2972 et
964 2919 1089 2972 illud
1123 2919 1348 2974 Joannis
1381 2936 1455 2985 tx,
1484 2922 1517 2975 3
1546 2936 1560 2974 :
1597 2940 1616 2973 ι
1666 2919 1968 2991 Respondit

389 3007 568 3075 Jesus,
600 3026 774 3081 neque
801 3012 886 3066 hic
916 3014 1178 3081 peccavit,
1216 3029 1387 3083 neque
1418 3024 1671 3083 parentes
1697 3014 1840 3084 ejus,
1875 3016 1969 3070 sed

2079 1905 2193 1971 Dei,
2234 1905 2323 1974 qui
2356 1920 2452 1959 nos
2475 1905 2752 1969 liberavit,
2782 1914 2836 1959 et
2862 1905 3077 1959 vocavit
3101 1904 3381 1958 vocatione
3397 1917 3493 1957 sua
3522 1917 3660 1957 san-

2074 2005 2182 2059 cta,
2236 2001 2341 2050 no‘n
2395 1998 2689 2051 secundum
2723 2012 2888 2065 opera
2933 2006 3138 2063 nostra,
3203 1995 3296 2049 sed
3350 1994 3656 2048 secundum

2074 2090 2409 2158 propositum
2441 2104 2598 2144 sumn
2621 2100 2674 2143 et
2704 2090 2958 2160 gratiam,
2981 2102 3100 2156 quae
3126 2087 3252 2141 data
3289 2097 3372 2142 est
3402 2085 3566 2141 nobis
3599 2087 3657 2139 in

2073 2180 2293 2236 Christo
2315 2179 2443 2236 Jesu
2472 2190 2601 2235 ante
2631 2189 2873 2251 tempora
2902 2180 3202 2235 szecularia.
3235 2198 3255 2232 ι

2142 2272 2211 2327 Χ.
2255 2271 2643 2328 Verumtamen
2698 2272 3008 2342 perspicuis
3063 2271 3188 2326 licet
3239 2268 3491 2325 convicta
3539 2268 3661 2324 sint.

2074 2365 2370 2434 Scripturre
2403 2365 2729 2419 testimoniis
2785 2366 2900 2420 haec
2950 2365 3193 2430 decreta,
3245 2362 3412 2416 nihilo
3470 2364 3660 2418 secius

2073 2457 2452 2525 astipulatore;
2489 2458 2679 2512 habuit
2722 2456 3029 2526 complures
3063 2456 3415 2510 Adamantius
3457 2471 3473 2509 :
3522 2468 3675 2508 nam.

2075 2558 2271 2618 praeter
2298 2546 2637 2615 Pamphilum
2661 2545 2932 2615 Apologia;
2957 2554 3263 2611 auctorem,
3289 2545 3380 2616 qui
3426 2544 3481 2598 in
3526 2558 3655 2598 eam

2077 2639 2340 2693 inclinare
2400 2639 2617 2693 videtur
2666 2639 3010 2703 sententiam,
3050 2637 3292 2691 eamdem
3345 2646 3657 2690 assectatur

2072 2731 2325 2785 Clemens
2354 2728 2757 2784 Alexandrinus
2809 2728 3062 2784 Stromat.
3106 2729 3200 2783 lib.
3255 2744 3295 2795 ι,
3353 2740 3411 2784 et
3442 2730 3657 2785 clarius

2072 2822 2234 2875 etiam
2267 2821 2362 2877 lib.
2394 2837 2472 2875 ιιι.
2504 2822 2559 2875 1η
2596 2821 2801 2891 Eclogis
2851 2836 3067 2889 quoque
3116 2822 3350 2875 animam
3389 2822 3549 2876 tradit
3596 2824 3655 2874 in

2073 2923 2285 2966 uterum
2313 2913 2525 2968 immitti
2554 2913 2658 2966 ὑπό
2678 2931 2824 2976 τινος
2857 2911 2966 2966 τῶν
2994 2916 3059 2985 τῇ
3088 2914 3299 2981 γενέσει
3325 2913 3658 2983 ἐφεστώτων

2071 3006 2338 3074 ἀγγέλων.
2395 3005 2633 3059 Pierium
2688 3005 2851 3058 etiam
2900 3003 3353 3068 Alexandrinum,
3381 3005 3472 3073 qui
3512 3005 3660 3059 alter

392 3109 451 3151 ut
494 3100 906 3154 manifestentnr
951 3115 1115 3168 opera
1168 3103 1257 3157 Dei
1296 3103 1349 3158 in
1391 3103 1563 3157 ἰιΙοει
1596 3104 1737 3158 unde
1783 3104 1967 3157 mirari
1998 3128 2040 3187 α
2072 3097 2339 3169 Origenes
2384 3099 2796 3165 cognominatus
2849 3107 2953 3159 est.
3007 3097 3311 3150 animarum
3358 3097 3659 3168 προϋπαρ-

391 3191 537 3247 subit
561 3200 837 3260 stuporem
875 3192 1146 3263 Origenis,
1185 3194 1273 3261 qui
1306 3196 1619 3264 praecedens
1647 3196 1786 3249 istud
1820 3212 1970 3251 com-

394 3295 478 3334 ma
506 3300 519 3335 :
556 3300 576 3332 ι
607 3280 799 3347 Rabbi,
834 3281 957 3351 quis
991 3281 1257 3350 peccavit,
1291 3282 1395 3348 hic,
1428 3292 1520 3335 aut
1543 3290 1797 3353 parentes
1829 3282 1967 3352 ejus,

394 3381 649 3427 utcaacus
678 3373 1033 3427 nasceretur?
1076 3392 1094 3424 ι
1136 3373 1187 3426 in
1228 3374 1309 3427 sui
1360 3374 1534 3428 delirii
1596 3373 1969 3428 defensionem

393 3465 681 3533 usurpavit
710 3481 723 3517 :
756 3464 822 3518 ad
854 3465 1183 3518 voluntatem
1214 3465 1411 3535 quippe
1437 3464 1529 3520 Dei
1560 3480 1776 3520 causam
1813 3466 1970 3520 carci-

394 3556 519 3611 tatis
549 3556 692 3611 illius
723 3557 965 3613 referens
987 3557 1261 3624 Christus,
1300 3573 1487 3613 ansam
1525 3573 1742 3613 omnem
1777 3560 1965 3613 abstu-

394 3648 459 3702 lit
482 3649 870 3718 detorquenda:
904 3649 1049 3704 illius
1093 3654 1158 3705 ad
1191 3661 1409 3721 peccata
1443 3650 1607 3704 vitam
1654 3651 1963 3720 prazceden—

395 3739 765 3808 tia.Aperlius
811 3740 976 3794 etiam
1027 3751 1293 3812 repugnat
1331 3741 1457 3797 illud
1508 3741 1670 3796 Rom.
1707 3758 1787 3807 ιχ,
1816 3743 1875 3797 ll
1913 3751 1969 3797 et

393 3846 538 3901 seq.,
567 3832 714 3901 quod
739 3832 806 3886 ad
849 3834 1214 3888 subruendum
1252 3835 1389 3888 hanc
1416 3835 1665 3904 Origcnis
1692 3837 1970 3902 opinatio-

394 3940 516 3979 nem
549 3935 775 3995 usurpat
816 3926 1149 3995 Augustinus
1194 3928 1245 3981 in
1277 3928 1504 3997 epistola
1543 3928 1607 3981 ad
1641 3927 1900 3995 Optatum
1949 3944 1963 3980 :

398 4034 418 4058 σ
452 4016 584 4072 Cum
612 4019 757 4073 enim
786 4021 1022 4075 nondum
1054 4021 1162 4075 nati
1198 4020 1445 4085 fuissent,
1484 4032 1575 4076 aut
1610 4022 1816 4091 aliquid
1840 4022 1965 4076 boni

394 4108 657 4179 egissent,
702 4119 797 4163 aut
831 4111 953 4164 mali
984 4111 1065 4183 (ut
1095 4111 1389 4166 secundum
1424 4112 1740 4167 electionem
1770 4126 1969 4180 propo-

395 4203 558 4254 situm
582 4199 675 4255 Dei
698 4201 978 4270 maneret),
1007 4219 1112 4258 non
1136 4218 1201 4257 ex
1235 4204 1509 4271 operibus,
1542 4203 1634 4258 sed
1652 4218 1717 4257 ex
1742 4213 1966 4258 vocante

396 4293 599 4348 dictum
634 4301 717 4347 est
744 4293 791 4347 ei
834 4313 846 4348 :
884 4293 1022 4362 Quia
1073 4293 1248 4363 major
1300 4295 1500 4349 serviet
1556 4296 1785 4358 minori,
1823 4296 1966 4350 sicut

394 4386 655 4455 seriptum
685 4394 800 4440 est:
832 4385 998 4441 Iacob
1027 4386 1206 4447 dilexi.
1244 4386 1383 4441 Esau
1412 4398 1589 4440 autem
1622 4387 1745 4442 odio
1768 4387 1955 4442 habui.

2075 3191 2157 3257 ξιν
2184 3190 2489 3245 defendisse
2524 3198 2758 3243 testatur
2811 3188 3033 3242 Photius
3085 3189 3206 3243 cod.
3247 3204 3394 3244 eux.
3443 3189 3652 3244 Neme-

2072 3285 2185 3339 sius
2217 3284 2268 3337 in
2303 3283 2444 3336 libro
2501 3280 2577 3334 De
2617 3290 2807 3333 natura
2863 3280 3112 3345 hominis,
3162 3294 3281 3350 cap.
3326 3280 3383 3347 2,
3433 3282 3658 3335 animas

2069 3375 2346 3430 hominum
2399 3374 2528 3427 olim
2557 3388 2585 3426 a
2622 3370 2734 3426 Deo
2766 3381 3078 3440 procreatas
3109 3373 3161 3424 in
3213 3386 3438 3440 corpora
3480 3371 3552 3426 ab
3578 3387 3656 3427 eo

2074 3468 2215 3521 mitti
2243 3466 2542 3530 existimat,
2573 3478 2695 3518 cum
2728 3464 2795 3515 ad
2820 3476 2914 3517 eas
2956 3463 3332 3532 suscipiendas
3360 3464 3554 3519 idonea
3586 3476 3659 3517 et

2072 3560 2359 3614 informata
2396 3568 2543 3613 sunt.
2573 3555 2965 3611 Ecclesiastieis
2981 3556 3304 3623 quibusdam
3328 3571 3655 3624 persuasum

2073 3653 2236 3708 fuisse
2251 3660 2437 3706 narrat
2457 3651 2810 3720 Hieronymus
2840 3651 2999 3718 epist.
3046 3648 3137 3711 82,
3162 3650 3227 3702 ad
3251 3648 3656 3713 Marcellinum,

2070 3748 2281 3800 animos
2308 3745 2435 3799 olim
2462 3744 2709 3797 conditas
2734 3743 2786 3796 in
2818 3742 3074 3795 thesauro
3098 3741 3187 3795 Dei
3226 3738 3450 3801 haberi;
3479 3753 3657 3807 quam

2071 3839 2381 3906 opinionem
2411 3836 2479 3891 ab
2506 3835 2835 3905 Origeniana
2870 3833 3126 3889 secernit.
3168 3832 3284 3900 Ipse
3327 3845 3459 3885 vero
3496 3830 3594 3887 lib.
3630 3846 3655 3887 ι

2070 3928 2363 3982 Comment.
2394 3927 2464 3979 ad
2497 3925 2715 3994 Epltes.,
2751 3925 2805 3977 in
2842 3938 2963 3991 cap.
2994 3938 3031 3986 t,
3073 3937 3216 3977 vers.
3248 3922 3281 3974 4
3311 3932 3367 3975 et
3394 3921 3452 3984 5,
3488 3936 3651 3977 com-

2072 4022 2237 4075 menti
2281 4018 2436 4089 hujus
2464 4019 2640 4084 capita
2666 4026 2719 4071 et
2750 4016 3147 4086 propugnacula
3207 4023 3461 4069 accurate
3490 4030 3656 4069 scru-

2072 4122 2231 4175 tatur,
2282 4121 2337 4166 et
2385 4111 2435 4164 in
2482 4125 2693 4164 comma
2730 4108 2796 4162 17
2830 4108 3022 4177 capitis
3056 4107 3312 4176 ejusdem,
3344 4108 3651 4174 ἐπίγνωσιν

2072 4205 2214 4259 inter
2232 4213 2285 4259 et
2311 4203 2515 4272 γνῶσιν
2549 4202 2682 4255 illud
2718 4201 2794 4254 ait
2819 4201 3085 4254 interesse
3107 4200 3463 4264 discriminis,
3498 4203 3647 4270 quod

2073 4311 2247 4349 rerum
2302 4310 2436 4364 quas
2488 4308 2760 4362 nunquam
2807 4292 3062 4346 Scivimus
3099 4292 3171 4345 sit
3210 4289 3428 4359 γνῶσις,
3463 4307 3645 4344 rerum

2074 4404 2200 4443 vero
2233 4401 2459 4457 quarum
2509 4386 2657 4455 prius
2704 4384 2854 4438 obliti
2905 4386 3276 4445 recordamur,
3321 4383 3646 4451 ἐπίγνωσις,

392 4477 532 4544 Quid
560 4492 689 4546 ergo
715 4478 995 4532 dicemus?
1026 4478 1264 4546 nunquid
1306 4478 1560 4547 iniquitas
1592 4479 1731 4547 apud
1760 4477 1967 4533 Deum?
2000 4477 2044 4531 D
2072 4489 2355 4549 propterea
2390 4475 2619 4529 Paulum
2658 4475 2907 4543 Ephesiis
2936 4482 3125 4541 optare
3152 4474 3398 4541 spiritum
3438 4476 3653 4529 revela-

394 4567 571 4626 Absit.
603 4567 771 4640 Moysi
807 4568 953 4624 enim
987 4568 1122 4624 dicit
1158 4585 1172 4621 :
1215 4567 1513 4623 Miser-ebur
1549 4569 1700 4638 cujus
1731 4569 1962 4623 misere-

396 4660 526 4723 bor;
577 4667 631 4714 et
665 4659 1095 4714 miscricordiam
1146 4660 1411 4727 prmstabo
1443 4662 1595 4726 cujus
1645 4659 1960 4715 miserebor.

394 4749 560 4820 Igitur
596 4765 699 4805 non
729 4750 982 4817 volentis,
1018 4766 1192 4820 neque
1216 4752 1506 4815 currentis,
1524 4751 1617 4805 sed
1653 4752 1963 4806 miserentis

393 4848 478 4893 cst
503 4840 594 4894 Dei
632 4841 699 4894 ".
749 4859 767 4892 ι
803 4840 932 4909 Quae
984 4842 1113 4894 licet
1163 4838 1413 4910 Origenis
1460 4839 1669 4895 fabulas
1722 4839 1962 4896 funditus

396 4931 743 4996 labefactent,
782 4935 894 4987 ha‘c
932 4943 1110 4987 tamen
1157 4932 1270 5002 ipsa
1327 4932 1476 4987 Pauli
1524 4934 1686 4987 verba
1732 4935 1796 4987 ad
1851 4949 1961 4988 sua:

395 5038 572 5077 causa:
601 5023 964 5079 defensionem
986 5024 1202 5079 adducit
1234 5025 1327 5081 lib.
1364 5041 1400 5079 ιι
1427 5026 1562 5093 Περὶ
1583 5024 1806 5093 ἀρχῶν,
1841 5041 1960 5094 cap.

394 5119 450 5179 9.
481 5119 576 5173 sed
614 5118 771 5172 aliter
800 5119 1021 5186 exponit
1049 5134 1113 5174 ac
1155 5120 1315 5189 vulgo
1347 5121 1540 5186 exponi
1590 5121 1783 5173 solent.
1809 5119 1961 5187 Quod

394 5210 540 5266 enim
596 5211 672 5265 ait
724 5211 1034 5280 Apostolus,
1069 5220 1357 5279 antequam
1391 5211 1514 5264 boni
1541 5211 1835 5279 quidquam
1876 5210 1961 5265 vel

396 5300 520 5356 mali
560 5302 817 5375 egissent,
849 5316 878 5354 a
938 5299 1047 5355 Deo
1079 5300 1400 5366 destinatos,
1437 5318 1541 5354 non
1589 5318 1657 5355 ex
1707 5301 1963 5371 operibus

395 5393 639 5454 meritos,
674 5392 761 5446 hic
794 5399 852 5445 ιιι
883 5391 1217 5461 diligeretur,
1248 5390 1337 5444 ille
1382 5399 1441 5443 ut
1470 5390 1595 5443 odio
1632 5390 1958 5455 haberetur;

394 5482 563 5541 refert
592 5484 678 5539 ille
704 5484 770 5537 ad
800 5497 964 5551 opera
1007 5483 1060 5535 in
1096 5481 1254 5537 terris
1282 5490 1339 5536 et
1386 5482 1499 5534 vita
1545 5480 1647 5535 hac
1692 5482 1958 5549 admissa,

393 5591 514 5648 qua
570 5576 769 5631 nullam
820 5578 929 5632 Deo
961 5574 1342 5633 destinationis
1379 5589 1487 5629 sua:
1529 5588 1750 5629 causam
1799 5573 1965 5633 dede-

468 5751 513 5786 "
539 5755 695 5812 Rom.
740 5773 814 5823 ιιι,
848 5754 1036 5812 ll-lii.
1086 5755 1134 5789 ⁵³
1157 5754 1355 5812 Cenes.
1388 5774 1511 5822 xxv,
1542 5757 1633 5815 25.

2073 4572 2234 4625 tionis
2258 4570 2312 4622 in
2362 4568 2637 4636 agnitione
2679 4566 2793 4625 Dei,
2827 4566 2879 4619 id
2916 4574 3019 4629 est,
3049 4566 3107 4617 ὲν
3144 4564 3463 4633 ἐπιγνώσει,
3497 4568 3645 4635 quod

2073 4662 2223 4730 prius
2256 4659 2307 4712 in
2355 4657 2571 4712 cmlesti
2609 4658 2717 4710 vita
2751 4656 2917 4710 Deum
2954 4656 3283 4720 noverimus,
3314 4657 3548 4726 ejusque
3580 4661 3649 4714 de

2071 4752 2226 4807 caelis
2251 4752 2305 4805 in
2338 4759 2514 4806 terras
2542 4750 2822 4819 migrando
2860 4749 3033 4813 obliti,
3074 4750 3269 4803 iterum
3301 4765 3395 4817 per
3432 4751 3646 4804 revela-

2074 4843 2272 4897 tionem
2314 4856 2706 4910 cognoscamus
2752 4856 2766 4891 :
2817 4850 2871 4895 et
2923 4840 3018 4895 lib.
3053 4856 3088 4895 ιι
3120 4843 3434 4896 earumdem
3480 4840 3643 4895 Corn-

2072 4943 2232 4986 ment.
2252 4932 2306 4984 in
2330 4931 2517 4999 Ephes.
2549 4946 2629 4994 ιιι,
2652 4930 2702 4994 1,
2724 4930 2824 5000 legi
2854 4931 2930 4985 ait
2960 4932 3140 4986 multis
3166 4934 3217 4985 iu
3246 4932 3379 4986 locis
3412 4930 3642 4986 Paulum

2073 5022 2278 5078 idcirco
2306 5025 2543 5078 vinctum
2580 5022 2709 5085 dici,
2739 5023 2879 5091 quod
2910 5024 3090 5078 anima
3136 5024 3253 5092 ejus
3296 5034 3552 5096 tanquam
3585 5028 3643 5080 in

2069 5131 2313 5179 carcere,
2360 5117 2437 5171 sie
2485 5116 2536 5168 in
2582 5130 2812 5184 corpore
2857 5117 3042 5171 clausa
3095 5127 3393 5173 teneatur:
3444 5118 3645 5173 deinde

2071 5209 2222 5264 addit
2245 5208 2351 5263 alio
2376 5224 2536 5263 sensu
2568 5209 2619 5263 id
2646 5209 2714 5263 ab
2735 5210 2856 5265 aliis
2884 5214 3076 5282 accipi,
3113 5229 3304 5283 nempe
3332 5213 3477 5282 quod
3494 5213 3644 5267 Pau-

2070 5298 2154 5354 lus
2184 5314 2250 5354 ex
2292 5306 2446 5353 utero
2503 5299 2692 5352 matris
2724 5314 2835 5355 sute
2881 5303 2950 5356 ad
3000 5304 3398 5359 convcrtendas
3446 5313 3645 5372 gentes

2071 5392 2505 5463 praedestinatus,
2535 5392 2751 5446 vincula
2802 5397 3147 5462 postmodum
3184 5398 3367 5452 carnis
3410 5412 3644 5467 accepe—

2067 5485 2170 5539 rit:
2190 5485 2312 5538 etin
2332 5481 2555 5536 Philem.
2579 5498 2735 5547 xxut,
2756 5486 2843 5539 ubi
2859 5485 3163 5556 Epaphram
3184 5506 3203 5539 ι
3220 5490 3601 5559 concaptivum
3616 5510 3637 5541 ι

2073 5592 2229 5633 suum
2282 5576 2483 5633 Paulus
2512 5574 2769 5647 appellat,
2806 5578 2859 5633 in
2887 5581 3051 5636 verbo
3081 5581 3435 5651 captivitatis,
3480 5582 3638 5653 juxta

3564 323 3679 375 90$
3783 97 3814 381 ‘

3806 422 3814 645 1
