3836 6236
181 300 283 355 θυδ

965 298 1540 357 ORIGENIANORUM
1581 297 1709 354 LIB.
1752 298 1816 365 ll,
1856 298 2009 353 CAP.
2051 297 2115 366 ll,
2151 298 2427 367 QUIEST.
2468 300 2560 355 Vl.

3333 301 3436 359 306

182 416 468 473 nonnullos
489 456 505 482 ,
551 415 889 472 reconditum
937 416 1142 487 aliquid
1192 418 1364 473 latere
1398 417 1530 473 dicit
1565 418 1757 475 lliero—
1787 423 1831 479 Α
1865 415 1948 470 vel
1981 417 2179 484 sancti,
2208 417 2300 488 qui
2325 432 2448 473 cum
2471 417 2692 474 Christo
2728 426 2875 483 sunt,
2915 429 3081 490 agunt
3122 420 3347 490 aliquid,
3381 430 3439 477 et

182 524 394 581 nymus,
445 527 463 561 ι
529 511 667 578 quod
716 511 858 579 capti
911 512 1115 579 pariter
1142 521 1198 567 et
1235 512 1406 566 vincti
1460 512 1510 567 in
1559 512 1751 567 vallem

184 602 323 657 hanc
347 602 566 658 adducti
615 605 724 659 sint
774 603 1161 675 lacrymarum.
1213 624 1231 657 ι
1270 605 1400 672 Quae
1430 621 1552 661 cum
1587 606 1754 661 inter-

180 690 356 760 posita
410 691 554 745 nulla
616 692 985 747 conlutatione
1032 695 1117 748 vel
1158 709 1390 751 censura
1423 698 1751 766 scripsisset,

180 781 360 838 Ruﬁni
401 785 778 842 vexationibus
815 796 870 841 et
904 787 1143 854 querelis
1196 798 1513 859 patuerunt.
1547 790 1750 845 Verum

180 876 341 946 hujus
362 880 609 935 criminis
645 880 996 935 accusatione
1030 881 1314 936 absolvere
1363 897 1482 938 sese
1525 892 1754 939 conatur

179 972 401 1042 Apolog.
442 974 698 1028 ladvers.
723 973 924 1039 Ruﬁn.,
955 989 1076 1042 cap.
1119 975 1153 1029 5
1203 985 1258 1029 et
1309 974 1364 1042 6,
1403 977 1656 1049 idemque
1696 979 1749 1031 in

178 1060 436 1118 Ruﬁnum
479 1065 688 1119 crimen
741 1065 968 1122 obscure
1021 1068 1219 1137 regerit
1266 1067 1487 1137 Apolog.
1539 1069 1635 1124 lih.
1685 1086 1749 1137 ιι,

175 1169 298 1223 cap.
339 1154 375 1207 2
409 1163 463 1209 et
484 1156 539 1219 4,
571 1166 625 1211 et
651 1156 743 1211 lib.
783 1173 863 1222 ιιι,
892 1173 1010 1224 cap.
1039 1158 1072 1214 8
1095 1169 1145 1212 et
1179 1159 1232 1215 9.
1264 1158 1368 1215 Sed
1400 1162 1638 1216 notabile
1670 1174 1753 1217 est

180 1246 235 1300 in
260 1247 449 1316 primis
480 1248 622 1317 quod
657 1249 735 1303 ait
770 1263 889 1320 cap.
918 1251 950 1305 6
973 1252 1194 1321 Apolog.
1223 1269 1236 1306 ι
1269 1271 1282 1308 :
1316 1272 1334 1305 ι
1364 1252 1612 1309 Vinctam
1647 1256 1749 1310 dici

176 1340 413 1393 animam
446 1355 695 1410 corpore,
742 1343 913 1399 donec
942 1345 1008 1399 ad
1054 1345 1333 1401 Christum
1364 1348 1573 1411 redeat,
1604 1356 1659 1402 et
1696 1349 1747 1401 in

176 1430 600 1487 resurrectionis
636 1432 806 1496 gloria
840 1436 1215 1503 corruptivum
1263 1447 1319 1491 et
1365 1437 1592 1491 mortale
1624 1452 1749 1493 cor-

175 1537 297 1591 pus,
332 1522 736 1591 incorruptione
763 1532 818 1578 et
857 1525 1264 1582 immortalitate
1295 1537 1608 1595 commutet,
1644 1543 1750 1582 non

174 1613 420 1668 absurda:
447 1613 926 1684 intelligentireest.
942 1635 961 1669 ι
984 1617 1303 1689 Anonytnus
1326 1619 1415 1674 ille
1439 1621 1579 1690 apud
1603 1619 1749 1675 Pho-

174 1705 311 1759 tium
344 1705 463 1761 cod.
492 1721 635 1761 cxvn
663 1708 754 1775 qui
784 1707 1035 1779 Origeuis
1072 1708 1450 1765 defensionem
1483 1714 1743 1782 suscepit,

173 1798 470 1870 Scriptura:
526 1815 719 1866 sacrae,
776 1801 1107 1871 Patrumque
1169 1800 1446 1872 suffragiis
1503 1820 1745 1861 errorem
1784 1828 1823 1881 Β

174 1891 320 1946 hunc
347 1891 489 1947 ultro
517 1907 857 1965 propugnare
880 1896 1100 1964 satagit,
1133 1896 1332 1950 nedum
1365 1896 1509 1951 lllllls
1547 1912 1747 1967 ειμι-ο·

169 1984 474 2040 brationem
526 1987 592 2041 ab
628 1984 863 2056 Origene
908 1988 1221 2056 prohibeat.
1247 1986 1328 2044 Ab
1370 2004 1437 2045 eo
1480 2005 1609 2044 sane
1642 2007 1744 2045 non

170 2077 335 2147 plane
362 2078 598 2133 alienum
635 2080 800 2134 fuisse
835 2080 1182 2136 Philaslrium
1216 2081 1574 2149 crediderim;
1602 2093 1748 2153 post-

168 2186 333 2239 quam
369 2172 511 2225 enim
538 2172 655 2227 haec
676 2172 931 2228 disseruit
957 2174 1089 2229 hair.
1117 2175 1181 2230 51
1227 2194 1239 2229 :
1272 2193 1291 2227 ι
1332 2176 1453 2230 Alia
1504 2186 1589 2230 est
1636 2176 1746 2230 ha;-

168 2262 309 2317 resis
339 2278 457 2331 qua:
480 2263 610 2318 dicit
638 2263 875 2319 hominis
905 2265 1139 2319 animam
1184 2280 1288 2319 non
1319 2264 1518 2320 factam
1563 2280 1593 2318 a
1637 2266 1746 2320 Deo

168 2352 434 2423 appellari
468 2356 734 2421 animam,
761 2355 854 2409 sed
898 2365 1047 2422 ante,
1085 2354 1284 2424 inquit,
1314 2354 1627 2410 intellectus
1653 2369 1745 2409 vo-

168 2446 419 2508 cabatur,
446 2455 500 2501 et
533 2457 655 2500 erat
712 2446 765 2500 in
805 2445 988 2501 caelo:
1031 2456 1211 2512 postea
1252 2457 1429 2501 autem
1463 2447 1588 2515 quia
1636 2455 1744 2502 ter-

168 2552 299 2591 rena
331 2538 682 2607 desideravit,
706 2540 1027 2604 discessisse
1055 2555 1173 2594 eam
1202 2542 1268 2596 de
1294 2540 1456 2606 ctelo,
1492 2549 1546 2595 et
1575 2556 1642 2595 ex
1677 2554 1744 2597 eo

167 2646 288 2685 eam
320 2631 555 2685 animam
585 2642 943 2702 nuncupatam
973 2632 1345 2697 arbitrantur;
1386 2652 1404 2686 ι
1447 2648 1567 2703 qua:
1600 2634 1744 2703 peni-

169 2731 258 2778 tus
290 2722 616 2794 Origeniana
658 2735 806 2779 sunt.
842 2723 1075 2780 Mentem
1119 2740 1274 2781 suam
1322 2724 1518 2780 deinde
1563 2727 1741 2795 prodit

167 2816 254 2871 his
283 2815 504 2871 verbis:
536 2835 556 2868 ι
593 2814 910 2886 ignorantes
938 2816 1080 2885 quod
1134 2816 1189 2870 in
1241 2816 1506 2886 principio
1535 2816 1673 2872 facta
1711 2832 1740 2871 a

166 2905 299 2971 Deo,
328 2916 382 2963 et
413 2918 594 2962 creata
627 2916 751 2978 post
776 2909 994 2978 angelos
1029 2909 1211 2963 anima
1259 2918 1345 2963 est
1393 2908 1657 2979 appellata
1710 2924 1741 2962 a

166 2997 419 3064 Domino,
449 2999 655 3068 hocque
684 3014 880 3053 nomen
912 2997 1263 3067 proprietatis
1290 2998 1500 3067 accepit
1539 3015 1566 3051 a
1607 3000 1738 3063 Deo,

165 3100 225 3145 ut
268 3091 469 3157 anima,
519 3106 624 3145 non
663 3091 973 3146 intellectus
1020 3100 1332 3148 vocaretur.
1367 3110 1387 3144 ι
1418 3092 1595 3161 Atque
1623 3091 1740 3147 haac

1858 507 2109 562 laborant
2164 525 2265 579 pro
2318 511 2475 566 nobis
2515 514 2581 566 ad
2623 513 3034 568 similitudinem
3097 514 3434 583 angelorum,

1855 601 1950 669 qui
1979 601 2169 655 salutis
2200 612 2400 658 nostras
2451 604 2756 659 ministeria
2793 616 3132 675 procurant;
3178 605 3261 661 vel
3308 622 3436 661 rur-

1855 708 1975 747 sum
2025 704 2343 763 peccatores
2416 696 2581 749 etiam
2641 697 2738 767 ipsi
2797 708 2952 753 extra
3010 713 3206 767 corpus
3271 698 3433 771 positi

1855 793 2024 853 agunt
2062 786 2266 855 aliquid
2316 788 2611 842 secundum
2658 790 2995 858 propositum
3048 790 3251 845 mentis
3298 784 3451 856 suw,‘

1855 876 1921 928 ad
1958 875 2269 945 angelorum
2313 877 2669 933 nihilominus
2712 879 3125 938 similitudinem
3167 878 3452 939 sinistro-‘

1857 980 1997 1030 rum,
2030 982 2153 1020 cum
2203 968 2401 1037 quibus
2461 971 2599 1025 etin
2642 981 2904 1027 aeternum
2953 973 3133 1043 ignem
3181 976 3430 1031 mittendi

1855 1057 2111 1113 dicuntur
2144 1075 2173 1113 a
2205 1059 2427 1116 Christo
2461 1078 2473 1113 :
2511 1062 2777 1118 habeatur
2802 1074 2855 1119 et
2887 1066 2988 1119 hoc
3032 1082 3247 1136 quoque
3290 1069 3434 1124 inter

1854 1153 2064 1206 occulta
2100 1151 2219 1218 Dei,
2257 1169 2356 1209 nec
2383 1155 2644 1209 chartulae
2671 1157 3063 1214 committenda
3098 1161 3377 1232 mysteria.
3407 1181 3425 1212 ι

1854 1241 1992 1307 Quin
2021 1252 2074 1296 et
2105 1243 2197 1299 lib.
2231 1259 2268 1299 ll
2302 1245 2354 1299 in
2382 1245 2585 1301 Cantia.
2611 1250 2887 1314 canticor.,
2920 1266 3043 1321 pag.
3076 1251 3164 1314 58,
3193 1251 3428 1305 animam

1856 1348 2297 1406 unamquamque
2337 1338 2389 1390 in
2424 1353 2520 1391 sua
2556 1340 2725 1409 ipsius
2762 1340 3075 1410 cognitione
3106 1356 3433 1411 comparan-

1855 1425 1919 1477 da
1953 1425 2088 1479 eniti
2135 1427 2335 1483 debere
2382 1430 2654 1498 sanciens,
2704 1433 2889 1487 varias
2914 1448 3077 1503 super
3102 1448 3163 1487 ea
3208 1448 3271 1487 ac
3303 1449 3434 1487 con-

1857 1519 2052 1575 trarias
2080 1533 2374 1576 enumerat
2402 1524 2709 1591 opiniones,
2743 1540 2879 1594 quas
2902 1527 3180 1582 discutere
3209 1542 3274 1582 ac
3298 1542 3427 1582 ven-

1857 1610 2013 1665 tilare
2038 1612 2277 1666 animam
2303 1614 2482 1684 jubet,
2526 1622 2580 1669 et
2615 1617 2669 1670 in
2706 1616 3181 1672 verisimiliorihus
3211 1617 3431 1686 acquie-

1854 1717 2026 1758 scere.
2066 1702 2156 1759 Sic
2184 1716 2362 1760 autem
2394 1722 2488 1762 eas
2520 1709 2718 1763 anima:
2751 1709 3134 1779 expendendas
3165 1710 3335 1775 dedit,
3371 1722 3432 1763 ut

1854 1796 1908 1848 iu
1950 1804 2238 1866 utramque
2292 1807 2501 1867 partem
2532 1800 2601 1854 de
2634 1800 2741 1855 illis
2789 1801 3090 1871 disputare,
3129 1810 3184 1856 et
3226 1801 3429 1856 rationi

1854 1889 2023 1957 magis
2065 1900 2463 1947 consentaneas
2504 1893 2706 1962 eligere
2762 1895 2862 1948 hoc
2914 1902 3158 1964 tempore
3209 1895 3430 1949 licuisse

1850 1978 2116 2034 videatur.
2159 1981 2295 2037 Hinc
2344 1983 2481 2038 libro
2526 1999 2564 2038 ιι
2599 1986 2737 2054 Περὶ
2768 1985 2988 2056 ἀρχῶν,
3021 2001 3141 2055 cap.
3186 1986 3239 2051 8,
3276 1996 3427 2056 post-

1849 2083 2011 2136 quam
2036 2072 2228 2133 _multis
2257 2074 2513 2131 disseruit
2547 2078 2613 2131 de
2651 2078 2857 2144 anima,
2905 2090 2961 2135 et
3005 2095 3234 2136 excussa
3265 2096 3296 2136 a
3342 2094 3430 2136 uo-

1850 2160 1931 2216 his
1962 2164 2208 2230 superius
2252 2166 2449 2236 placita
2492 2171 2791 2239 proposuit,
2846 2172 3063 2237 subjicit
3132 2174 3263 2230 illud
3307 2182 3420 2228 tan-

1848 2252 1991 2317 dem,
2024 2268 2171 2307 num.
2198 2255 2233 2308 4
2260 2275 2273 2310 :
2319 2275 2338 2308 ι
2378 2256 2761 2313 Verumtamen
2793 2260 2941 2329 quod
2979 2261 3238 2327 diximus,
3271 2277 3425 2318 men-

1850 2353 1956 2396 tem
1987 2343 2040 2397 in
2070 2344 2306 2399 animam
2337 2347 2494 2414 verti,
2531 2347 2616 2401 vel
2653 2348 2696 2402 si
2728 2363 2834 2418 qua
2866 2348 2969 2404 alia
3000 2350 3053 2403 in
3085 2352 3189 2406 hoc
3238 2351 3428 2406 viden—

1850 2444 1936 2488 tur
1969 2436 2234 2506 aspicere,
2264 2438 2520 2493 discutiat
2551 2442 2689 2510 apnd
2714 2438 2781 2495 ‘se
2811 2441 2902 2509 q'ui
2934 2440 3064 2512 legit
3093 2442 3425 2513 diligentius.

1845 2537 1901 2580 et
1933 2538 2227 2597 pertractet
2262 2546 2277 2583 :
2328 2544 2358 2584 a
2412 2530 2569 2586 nobis
2614 2541 2790 2587 tamen
2834 2548 2939 2588 non
2990 2543 3245 2602 putentur
3283 2534 3428 2590 velut

1846 2621 2090 2689 dogmata
2126 2636 2245 2676 esse
2287 2622 2520 2690 prolata,
2574 2625 2670 2679 sed
2724 2629 2991 2682 tractandi
3041 2642 3193 2682 more
3238 2642 3302 2683 ac
3338 2643 3427 2685 re-

1846 2712 2096 2781 quirendi
2130 2726 2252 2767 esse
2281 2714 2522 2769 discussa
2550 2732 2565 2781 ;
2603 2735 2622 2768 ι
2665 2727 2719 2771 et
2766 2718 2925 2787 paulo
2978 2727 3123 2786 post,
3156 2734 3308 2774 num.
3338 2720 3374 2775 5
3408 2740 3422 2775 :

1852 2820 1870 2853 ι
1911 2800 2035 2858 llaec
2070 2806 2526 2872 proutpotuimus
2563 2808 2627 2862 de
2677 2809 2988 2864 rationabili
3030 2800 3210 2865 anima
3246 2811 3427 2867 discu-

1848 2897 2027 2951 tienda
2061 2897 2231 2967 magis
2267 2913 2297 2951 a
2325 2898 2645 2969 legentibus,
2676 2917 2836 2969 quam
2874 2911 3077 2958 statuta
3107 2917 3171 2957 ac
3202 2903 3422 2961 deﬁnita

1845 2986 2188 3055 protulimus.
2254 3005 2273 3039 ι
2326 2987 2505 3058 Atque
2546 2989 2664 3045 hmo
2709 2998 2793 3045 est
2838 3005 3046 3046 summa
3090 2990 3425 3049 defensionis

1844 3076 2132 3145 Pamphili.
2171 3078 2343 3145 Quam
2376 3090 2435 3133 ut
2466 3080 2696 3135 Validius
2723 3084 3033 3149 conﬁrmet,
3065 3083 3187 3139 aliis
3212 3084 3328 3139 fere
3357 3090 3424 3140 de

166 3183 469 3252 Scriptura:
504 3183 845 3253 postmodum
884 3182 1351 3238 testiﬁcationibus
1392 3184 1734 3252 comprobat.
1767 3164 1811 3224 C
1846 3170 2005 3224 rebus
2036 3180 2302 3225 tractasse
2344 3169 2630 3241 Origenem
2676 3173 2842 3238 dicit;
2924 3189 2970 3229 .e
2996 3177 3198 3239 anima.
3240 3186 3425 3245 ulpow

162 3276 411 3346 Denique
464 3277 596 3331 vitio
649 3276 746 3331 dat
786 3274 1127 3331 Tertulliano
1165 3276 1504 3346 Augustinus
1532 3274 1627 3329 lib.
1663 3274 1739 3328 De

161 3371 351 3425 laceres.
396 3369 463 3424 ad
516 3367 971 3436 Quodvultdeum,
1013 3366 1156 3437 quod
1216 3368 1426 3422 animas
1462 3366 1738 3421 hominum

162 3476 399 3530 nequam
436 3470 558 3530 post
582 3459 788 3515 obitum
812 3458 867 3513 in
901 3459 1176 3513 daemones
1206 3456 1445 3512 converti
1485 3471 1739 3511 asserue-

162 3551 256 3605 rit.
331 3551 691 3617 Quamobrem
748 3549 1090 3604 Domitianus
1149 3547 1360 3615 Galata,
1414 3546 1740 3619 Ancyranus

161 3644 482 3713 episcopus,
520 3642 572 3697 in
602 3640 831 3712 epistola
867 3642 932 3696 ad
956 3640 1206 3710 Vigilium
1239 3655 1453 3709 papam,
1480 3640 1740 3695 adversus

158 3733 413 3806 Origenis
447 3735 630 3791 hostes
653 3736 766 3790 haec
796 3736 1115 3804 conqueritu
1127 3750 1171 3796 r.
1194 3733 1461 3787 referente
1483 3729 1737 3785 Facundo

160 3826 256 3882 lih.
286 3842 358 3891 tv,
385 3841 506 3897 cap.
542 3828 615 3880 ἂς
648 3846 667 3879 ι
708 3826 1079 3881 Prosiiuerunt
1102 3826 1168 3879 ad
1203 3822 1740 3879 anathematizandos

162 3920 542 3977 sanctissimos
576 3930 631 3974 et
658 3918 1079 3990 gloriosissimos
1128 3919 1405 3982 doctores,
1447 3917 1547 3971 sub
1579 3929 1737 3969 occa-

159 4018 317 4069 sione
346 4028 533 4067 eorum
562 4028 682 4081 qua:
724 4013 792 4066 de
833 4010 1264 4080 prmexsistcntia
1298 4019 1353 4064 et
1398 4008 1738 4063 restitutione

159 4116 311 4160 mota
332 4114 475 4171 sunt,
501 4107 833 4176 dogmatum,
865 4103 966 4159 sub
996 4101 1177 4172 specie
1206 4100 1421 4170 quidem
1456 4097 1735 4166 Origenis,

158 4213 356 4255 omnes
381 4207 559 4254 autem
591 4198 682 4268 qui
718 4208 845 4252 ante
896 4212 1043 4261 eum,
1081 4204 1137 4249 et
1168 4205 1289 4264 post
1318 4208 1442 4250 eum
1496 4192 1737 4254 fuerunt,

159 4300 386 4346 sanctos
417 4291 966 4346 anathematizantes.
1011 4307 1029 4340 ι

229 4383 329 4443 Xl.
358 4383 562 4453 Nempe
583 4386 650 4440 de
683 4384 878 4438 animae
906 4382 1116 4454 origine
1141 4395 1204 4435 ac
1227 4392 1372 4435 sorte
1400 4378 1533 4433 nihil
1562 4378 1739 4432 adhuc

1846 3260 2065 3316 incertae
2093 3262 2341 3332 originis,
2382 3274 2437 3318 et
2462 3279 2649 3333 parum
2703 3276 2995 3335 comperta:
3029 3276 3254 3334 naturae,
3288 3268 3421 3321 nihil

1845 3353 2153 3422 scripsisse.
2184 3354 2324 3408 Tum
2364 3369 2430 3409 ex
2479 3357 2618 3412 libro
2644 3358 2697 3410 in
2728 3356 3022 3427 Epistolam
3053 3360 3122 3412 ad
3158 3358 3331 3413 Titum
3367 3362 3423 3416 il-

1844 3444 2063 3500 lustrem
2115 3447 2338 3503 adducit
2381 3449 2631 3519 Origenis
2670 3450 2879 3517 locum,
2942 3467 3049 3521 quo
3113 3455 3420 3524 exemplum

1842 3551 2026 3591 eorum
2055 3539 2289 3595 ail‘erens
2315 3556 2436 3610 quae
2462 3544 2773 3611 apostolicis
2810 3545 3189 3601 traditionibus
3220 3561 3422 3615 nequa-

1843 3645 2003 3697 quam
2034 3630 2415 3697 determinata,
2446 3635 2649 3705 absque
2684 3637 2951 3692 haereseos
2994 3649 3117 3693 nota
3170 3646 3422 3708 poterant

1841 3720 1925 3773 vel
1969 3723 2148 3791 respui
2196 3724 2279 3777 vel
2332 3726 2579 3791 admitti,
2632 3730 2988 3795 quaestionem
3040 3731 3297 3799 proponit
3353 3732 3421 3787 de

1844 3812 2023 3866 anima
2058 3832 2071 3867 :
2107 3831 2125 3864 ι
2165 3813 2299 3870 Cum
2330 3817 2395 3870 de
2419 3832 2508 3886 ea,
2539 3818 2735 3888 inquit,
2782 3834 2958 3888 neque
2988 3821 3128 3889 quod
3162 3836 3227 3875 ex
3257 3823 3421 3877 semi-

1843 3905 1927 3959 nis
1973 3907 2195 3963 traduce
2239 3909 2493 3975 ducatur,
2542 3925 2719 3980 neque
2769 3911 2910 3981 quod
2959 3912 3329 3967 honorabilior
3366 3923 3422 3969 et

1843 3998 2117 4066 antiquior
2161 4014 2451 4070 corporum
2486 4016 2746 4072 compage
2788 4004 2880 4067 sit,
2926 4002 3212 4057 tradiderit
3239 4003 3418 4060 eccle-

1841 4090 2064 4144 siastica
2095 4092 2312 4162 regula;
2349 4110 2367 4144 ι
2404 4108 2633 4161 quorum
2667 4094 2915 4148 alterutri
2941 4094 3033 4163 qui
3070 4092 3297 4150 fuissent
3329 4111 3420 4149 as-

1840 4182 2010 4246 Sensi,
2058 4184 2204 4237 velut
2251 4187 2404 4239 novis
2439 4188 2714 4241 studentes
2751 4187 2916 4242 rebus
2957 4191 3009 4243 in
3051 4189 3417 4257 suspicionem

1842 4274 2054 4330 venisse
2104 4275 2266 4341 dicit;
2316 4286 2370 4331 at
2399 4292 2494 4332 eos
2533 4279 2855 4334 temeritatis
2902 4262 3145 4346 damnat,
3190 4281 3280 4349 qui
3315 4282 3418 4334 hac

1841 4384 2165 4438 quemquam
2196 4371 2262 4423 de
2311 4384 2476 4425 causa
2521 4380 2832 4440 suspectum
2874 4362 3158 4427 haberent:
3189 4350 3269 4426 Ad
3298 4373 3417 4426 hare

158 4479 341 4532 fuerat
366 4476 433 4530 ab
457 4475 696 4531 Ecclesia
722 4476 1019 4532 decretum.
1057 4499 1075 4525 ι
1117 4473 1190 4527 De
1219 4472 1396 4526 anima
1428 4486 1577 4535 vero,
1661 4469 1740 4523 ait
1767 4509 1813 4564 Β
1844 4461 2027 4529 adjicit
2074 4461 2386 4532 Pamphilus
2434 4461 2567 4517 alias
2592 4462 2660 4517 de
2690 4462 2870 4517 anima
2915 4464 3198 4532 opiniones
3224 4461 3415 4532 Orige-

156 4568 424 4637 Origcnes
480 4567 533 4620 in
586 4580 812 4635 prodam.
868 4564 960 4620 lib.
1009 4565 1148 4631 Περὶ
1197 4560 1422 4631 ἀρχῶν,
1479 4576 1627 4614 ιιιιιιι.
1680 4558 1734 4624 5,

162 4677 183 4711 ι
218 4671 405 4714 utrum
428 4673 497 4712 ex
525 4657 748 4713 seminis
795 4656 1026 4711 traduce
1056 4657 1303 4719 ducatur,
1353 4654 1425 4707 ita
1483 4660 1542 4706 ut
1596 4651 1736 4705 ratio

158 4750 352 4820 ipsius,
382 4748 468 4803 vel
494 4748 801 4804 substantia
830 4747 1031 4802 inserta
1063 4746 1193 4814 ipsis
1216 4744 1518 4801 seminibus
1550 4756 1734 4811 corpo-

161 4842 371 4898 ralibus
403 4841 703 4905 habeatur;
765 4855 834 4894 an
873 4852 1002 4894 vero
1037 4838 1180 4891 aliud
1233 4837 1433 4891 habeat
1464 4834 1677 4889 initium
1715 4853 1729 4887 :

156 4943 214 4989 et
241 4936 346 4989 hoc
375 4932 550 5003 ipsum
580 4932 817 4993 initium,
839 4931 884 4985 si
917 4930 1154 5001 genitum
1182 4937 1288 4991 est,
1328 4940 1422 4982 aut
1444 4943 1550 4982 non
1581 4926 1737 4996 geni-

158 5035 273 5080 tum
298 5042 315 5091 ;
344 5024 428 5077 vel
446 5032 591 5076 certe
611 5022 654 5076 si
680 5020 1007 5093 intrinsecus
1034 5020 1246 5089 corpori
1271 5018 1499 5082 inditur,
1529 5031 1725 5081 necne,

162 5132 273 5172 non
300 5118 436 5170 satis
461 5113 747 5168 manifesta
774 5111 1158 5182 praedicatione
1173 5110 1518 5179 distinguitur
1544 5124 1558 5170 ;
1591 5124 1610 5157 ι
1642 5106 1734 5175 qui

158 5209 313 5265 locus
340 5206 615 5278 profertur
648 5206 700 5261 in
729 5204 1078 5275 supposititio
1105 5202 1317 5270 dialogo
1340 5200 1442 5256 sub
1480 5198 1739 5267 llierouy-

159 5302 231 5355 uti
268 5312 327 5356 et
360 5299 651 5369 Augustini
687 5297 927 5362 nomine,
956 5296 1048 5365 qui
1083 5295 1316 5350 habetur
1363 5293 1503 5347 inter
1553 5290 1736 5359 spuria

158 5393 520 5461 Hieronymi;
546 5400 601 5444 et
634 5390 686 5443 in
714 5404 879 5458 opere
923 5387 1000 5442 De
1030 5386 1223 5440 deitate
1272 5396 1319 5439 et
1369 5383 1735 5437 incarnatione

168 5482 326 5538 Verbi
371 5484 435 5537 ad
473 5480 809 5546 Ianuarium,
867 5479 959 5549 qui
1016 5490 1159 5534 tonio
1208 5475 1497 5549 Augustini
1545 5482 1737 5543 quarto

159 5573 507 5629 subnectitur
539 5573 633 5627 lib.
688 5590 727 5637 ι,
768 5587 887 5642 cap.
924 5570 980 5632 2,
1035 5580 1091 5625 et
1136 5570 1407 5636 profertur
1449 5565 1737 5635 utrobique

162 5666 297 5734 ipsis
325 5665 504 5720 Ruﬁni
533 5665 733 5719 verbis.
767 5664 909 5720 idem
936 5664 993 5716 in
1024 5662 1199 5731 Epist.
1228 5663 1294 5714 ad
1320 5660 1469 5716 Rom.
1518 5659 1611 5714 lib.
1672 5673 1734 5724 ιι,

164 5774 315 5813 ιιιιιιι.
347 5759 402 5825 4,
440 5772 564 5829 pag.
597 5756 701 5813 479
732 5774 745 5810 :
789 5776 807 5808 ι
842 5756 901 5810 Si
929 5756 1091 5811 etiam
1138 5764 1295 5809 extra
1329 5766 1528 5823 corpus
1571 5752 1732 5823 positi

483 5856 754 5916 Ρηιιοι..
803 5852 921 5914 Gn.
966 5851 1169 5914 XVII.

1844 4557 2002 4611 niana
2049 4555 2207 4626 longe
2250 4556 2603 4611 absurdiores
2635 4569 2756 4610 esse
2811 4565 2866 4610 et
2908 4556 3244 4624 incptiores:
3278 4557 3417 4609 inter

1840 4664 1977 4719 quas
2006 4648 2186 4718 priore
2215 4661 2335 4701 eam
2367 4647 2486 4704 loco
2516 4651 2686 4717 ponit,
2708 4663 2826 4716 quae
2856 4649 3136 4703 catholica).
3161 4648 3416 4703 ECClGSliB

1841 4739 2210 4795 sanctionibus
2238 4737 2399 4794 hodie
2429 4748 2652 4808 recepta
2688 4746 2789 4793 est.
2822 4738 2987 4794 Addit
3018 4740 3212 4793 deinde
3243 4741 3416 4794 haud-

1842 4845 2110 4900 quaquam
2139 4830 2500 4885 damnandum
2536 4845 2657 4886 esse
2685 4829 2997 4900 Origeuem,
3030 4846 3154 4885 cum
3200 4846 3262 4885 ea
3297 4848 3414 4888 ser-

1842 4922 2047 4976 vaverit
2074 4937 2194 4988 qua:
2226 4931 2353 4975 tunc
2382 4936 2543 4988 super
2569 4936 2632 4977 ea
2657 4921 2955 4991 quastione
2980 4923 3246 4977 servanda
3272 4939 3413 4994 prce-

1838 5021 2061 5082 ccperat
2101 5010 2379 5075 Ecclesia,
2443 5012 2654 5067 animas
2697 5012 2952 5067 nimirum
3009 5013 3247 5082 ejusdem
3293 5014 3415 5069 esse

1842 5105 2177 5168 substantiae,
2214 5104 2572 5169 immortales,
2613 5104 2843 5159 rationis
2876 5105 3189 5176 participes,
3242 5105 3414 5160 libero

1842 5198 2091 5265 prscditas
2120 5197 2370 5265 arbitrio,
2410 5213 2441 5252 a
2479 5197 2588 5252 Deo
2630 5200 2893 5253 conditas.
2941 5195 3229 5267 Subjungit
3263 5198 3415 5252 deni-

1841 5304 1947 5357 que
1980 5306 1994 5342 :
2027 5306 2046 5340 ι
2082 5288 2307 5356 Quando
2349 5299 2530 5345 autem
2583 5289 2739 5347 facta;
2766 5291 2896 5355 sint,
2949 5290 3078 5344 olim
3127 5288 3305 5351 simul,
3341 5305 3409 5343 an

1842 5395 1986 5434 nunc
2029 5395 2124 5449 per
2175 5378 2417 5448 singulos
2460 5381 2821 5445 nascentium,
2871 5379 3001 5449 quid
3048 5377 3274 5449 periculi
3327 5386 3412 5431 est

1842 5472 2163 5526 alterutrum
2213 5486 2244 5525 e
2297 5471 2506 5527 duobus
2536 5470 2787 5541 opinari?
2819 5489 2838 5522 ι
2869 5470 3005 5539 Quid
3047 5470 3191 5539 quod
3221 5468 3412 5537 Orige-

1842 5579 1961 5627 nes,
2011 5575 2139 5618 tom.
2185 5579 2221 5617 ιι
2253 5564 2308 5617 in
2371 5562 2557 5631 Joan.,
2604 5579 2756 5619 num.
2804 5561 2896 5630 24,
2936 5562 3240 5615 animarum
3276 5575 3410 5631 προ-

1843 5653 2070 5727 ῦπαρξιν
2119 5655 2409 5710 universali
2437 5656 2689 5724 opinione
2723 5654 3072 5725 approbatam
3106 5650 3284 5705 dicit?
3315 5648 3409 5702 ἐὰν

1838 5750 1913 5817 δὲ,
1956 5747 2153 5829 inquit,
2184 5750 2356 5819 κρατῇ
2411 5748 2439 5798 ὁ
2496 5746 2723 5803 καθόλου
2751 5748 2879 5821 περὶ
2916 5744 3090 5815 ψυχῆς
3135 5741 3310 5812 λόγος.
3336 5742 3409 5806 ὡς

3047 5838 3127 5902 '29
