3860 6230
195 314 303 372 909

198 434 331 490 istas
374 432 560 489 mundi
614 431 840 515 species,
894 432 1185 502 variasque
1234 432 1529 504 distinguat
1582 449 1595 486 :

198 540 330 580 vero
351 524 763 595 perfectioribus
798 523 1075 578 ministrat
1103 533 1161 578 et
1190 524 1555 590 beatioribus,
1585 525 1637 579 in
1670 523 1766 578 ful-

198 632 328 689 gore
358 617 657 672 ctelestium
691 630 978 684 corporum
1020 616 1223 684 micat,
1267 626 1321 673 et
1354 616 1617 687 spiritalis
1649 632 1768 674 cor-

197 710 346 779 poris
378 709 710 764 indumentis
737 709 822 764 vel
869 710 1089 779 angelos
1138 710 1256 776 Dei,
1289 710 1372 764 vel
1406 711 1543 767 ﬁlios
1582 727 1781 767 resur--

198 802 456 856 rectionis
490 812 721 857 exornat
753 820 767 859 :
805 818 871 858 ex
903 803 1100 872 quibus
1135 804 1384 858 omnibus
1423 803 1670 858 diversus
1704 818 1767 859 ac

198 894 383 949 varius
410 894 570 950 unius
599 896 783 950 mundi
827 896 1129 964 completur
1173 905 1381 962 status;
1425 914 1444 947 ι
1482 904 1537 951 et
1592 896 1767 966 capite

195 987 469 1055 sequenti,
502 1002 650 1041 num.
679 987 714 1041 5
744 1003 759 1040 :
798 1005 818 1039 ‹
850 988 1113 1043 Possibile
1142 989 1289 1043 enim
1334 987 1544 1042 videtur
1587 998 1645 1042 ut
1681 1002 1771 1040 ra-

196 1078 480 1134 tionabiles
528 1088 755 1145 naturae,
802 1094 831 1133 a
875 1081 1068 1150 quibus
1100 1096 1372 1150 nunquam
1422 1080 1669 1134 aufertur
1699 1080 1762 1134 li-

194 1171 311 1227 beri
346 1170 579 1226 facultas
618 1170 857 1237 arbitrii,
892 1172 1101 1240 possint
1130 1172 1321 1227 iterum
1348 1171 1617 1240 aliquibus
1644 1186 1765 1225 mo-

198 1261 340 1315 tibus
368 1260 674 1330 subiacere,
706 1262 1023 1332 indulgente
1069 1263 1170 1316 hoc
1203 1261 1377 1333 ipsum
1410 1261 1661 1327 Domino,
1694 1276 1765 1317 ne

194 1353 336 1409 forte
376 1354 419 1407 si
462 1354 792 1409 immobilem
824 1369 1038 1424 semper
1078 1362 1298 1410 teneant
1348 1362 1570 1419 statum,
1618 1353 1766 1424 igno-

197 1455 318 1500 rent
352 1461 411 1501 se
452 1445 546 1501 Dei
582 1445 756 1515 gratia
789 1454 844 1501 et
895 1460 996 1501 non
1048 1461 1147 1501 sua
1197 1445 1393 1502 virtute
1426 1448 1479 1501 in
1521 1446 1617 1503 illo
1656 1450 1765 1502 fine

197 1537 549 1597 beatitudinis
601 1538 931 1593 constitisse.
986 1537 1131 1605 Quos
1191 1547 1376 1593 motus
1431 1539 1548 1595 sine
1603 1540 1763 1595 dubio

196 1647 412 1686 rursum
440 1630 679 1686 varietas
710 1645 995 1700 corporum
1044 1639 1101 1685 et
1148 1629 1439 1687 diversitas
1471 1646 1763 1701 proseque-

194 1734 306 1788 tur,
363 1737 429 1778 ex
482 1739 586 1794 qua
641 1724 871 1779 mundus
904 1738 1120 1792 semper
1149 1724 1478 1791 adornatur;
1537 1739 1634 1781 nec
1664 1742 1763 1781 un-

188 1831 355 1884 quam
387 1817 587 1883 poterit
632 1816 866 1870 mundus
900 1814 1003 1869 nisi
1038 1814 1304 1870 varietate
1349 1829 1408 1870 ac
1440 1815 1759 1873 diversitate

191 1916 469 1972 constare,
501 1906 645 1976 quod
673 1907 808 1962 ellici
844 1905 987 1961 nullo
1014 1921 1211 1976 genere
1248 1917 1424 1977 potest
1458 1917 1614 1964 extra
1647 1924 1759 1963 ma-

190 1999 384 2053 teriam
416 1998 771 2069 corporalem.
803 2017 823 2050 ι

266 2089 401 2145 XIV.
436 2090 755 2145 Excusando
792 2099 973 2144 autem
1018 2089 1255 2159 dogmati
1304 2090 1451 2158 huic,
1505 2108 1613 2161 quo
1642 2094 1759 2148 ani-

190 2184 298 2239 mis
331 2197 559 2250 corpora
588 2181 832 2246 ascribit,
863 2191 1054 2237 contra
1082 2197 1242 2250 quam
1276 2181 1328 2236 in
1361 2181 1601 2239 Ecclesia
1658 2185 1756 2239 ho-

188 2277 280 2331 die
302 2276 566 2340 creditur,
600 2274 903 2344 appositum
933 2281 1019 2328 est
1048 2273 1175 2329 illud
1210 2288 1241 2328 e
1285 2276 1552 2343 prommio
1592 2275 1759 2332 libro-

193 2383 315 2421 rum
360 2366 500 2435 Περὶ
532 2365 754 2436 ἀρχῶν,
801 2382 948 2420 num.
981 2364 1013 2420 9
1059 2383 1071 2419 :
1108 2383 1126 2417 ι
1177 2365 1317 2420 Deus
1359 2382 1573 2437 quoque
1618 2382 1754 2437 quo-

194 2459 354 2513 modo
387 2458 608 2529 intelligi
645 2459 859 2521 debeat,
894 2457 1274 2526 inquirendum
1305 2468 1408 2520 est,
1437 2473 1755 2528 corporeus,

190 2561 251 2606 et
279 2551 572 2606 secundum
601 2551 832 2619 aliquem
861 2548 1099 2603 habitum
1134 2547 1491 2614 deformatus,
1521 2566 1589 2604 an
1621 2550 1757 2605 alte-

193 2642 312 2697 rius
348 2649 558 2696 natura:
604 2654 764 2710 quam
812 2653 1040 2710 corpora
1077 2647 1230 2704 sunt;
1279 2637 1421 2707 quod
1472 2642 1655 2709 utique
1702 2640 1756 2694 in

190 2731 580 2801 praedicatione
642 2740 825 2787 nostra
881 2728 1169 2785 manifeste
1233 2744 1340 2785 non
1420 2730 1753 2801 designatur.

192 2822 393 2878 Eadem
442 2837 659 2892 quoque
722 2823 886 2879 etiam
937 2823 1005 2879 de
1058 2822 1275 2878 Christo
1329 2830 1383 2877 et
1439 2826 1505 2877 de
1549 2822 1755 2893 Spiritu

192 2922 383 2968 sancto
415 2915 737 2983 requirenda
771 2923 932 2982 sunt;
994 2915 1088 2970 sed
1134 2924 1190 2969 et
1232 2916 1305 2971 de
1350 2918 1498 2972 omni
1550 2918 1754 2980 anima,

191 3014 356 3072 atque
406 3005 551 3059 omni
608 3005 918 3060 rationabili
955 3015 1148 3063 natura
1182 3007 1532 3063 nihilominus
1575 3009 1756 3078 requi-

1040 308 1611 367 ORIGENIANORUM
1647 308 1774 363 LIB.
1813 308 1878 373 ll,
1916 308 2065 364 CAP.
2107 308 2169 376 Il,
2202 307 2483 377 QUIEST.
2520 307 2606 362 Vl.

1647 446 1768 487 cum
1798 437 1846 493 Α
1872 445 2021 486 reum
2056 441 2245 502 putent
2290 444 2430 496 esse,
2464 430 2553 501 qui
2589 430 2655 486 ad
2698 430 2987 501 imaginem
3022 440 3077 489 et
3119 431 3435 490 similitudi-

3331 313 3435 369 9l0

1870 539 1990 580 nem
2045 524 2136 579 Dei
2190 524 2362 578 factus
2408 532 2514 588 est,
2567 523 2733 579 Deum
2771 524 2949 594 ipsum
2999 540 3340 596 corporeum,
3381 539 3439 583 et

1868 619 2114 673 humana:
2142 615 2327 671 formae
2360 616 2611 670 videntur
2642 615 2933 683 inducere;
2963 619 3105 687 quod
3142 621 3345 675 sentire
3370 624 3436 675 de

1868 703 1978 759 Deo
2029 703 2463 758 manifestissime
2502 703 2722 771 impium
2775 715 2891 770 est;
2938 724 2956 756 ι
3003 716 3055 759 et
3080 706 3173 762 lib.
3227 724 3245 762 ι
3291 708 3434 777 Περὶ

1866 793 2084 864 ἀρχῶν,
2136 808 2253 862 cap.
2284 794 2337 860 1,
2369 809 2517 848 num.
2551 794 2621 848 7:
2659 813 2677 846 ‹
2714 793 2770 848 Si
2825 796 2914 865 qui
2963 805 3140 852 autem
3171 808 3295 853 sunt
3343 800 3435 869 qui

1868 896 2101 941 mentem
2129 887 2300 954 ipsam
2335 889 2682 956 animamque
2707 903 2903 958 corpus
2928 902 3047 946 esse
3076 891 3432 957 arbitrentur,

1865 979 2025 1033 velim
2079 978 2209 1033 mihi
2255 978 2663 1048 responderent,
2704 980 2977 1049 quomodo
3035 987 3306 1037 tantarum
3345 999 3431 1038 re-

1867 1087 2007 1135 rum,
2061 1081 2169 1126 tam
2219 1070 2539 1139 dillicilium,
2588 1080 2805 1140 tamque
2851 1072 3131 1127 subtilium
3174 1076 3431 1143 rationes,

1866 1166 2301 1233 assertionesque
2324 1163 2584 1233 recipiat?
2610 1164 2762 1221 Unde
2787 1166 2835 1221 ei
2865 1167 3037 1223 virtus
3064 1169 3380 1223 memoriae?
3406 1191 3425 1221 ο

1865 1269 1919 1313 et
1951 1258 2001 1312 in
2035 1258 2358 1325 Protreptico
2405 1260 2475 1312 ad
2501 1259 2838 1329 martyrium,
2892 1275 3044 1317 num.
3078 1262 3145 1314 47
3180 1277 3193 1313 :
3227 1262 3346 1314 Ἔτι
3375 1261 3434 1315 δὲ

1864 1353 1958 1406 καὶ
2003 1352 2255 1422 φιλοζωεῖ
2302 1351 2604 1423 ἅνθρωπος,
2644 1355 2850 1422 πεῖσμα
2896 1351 3074 1406 λαϐὼν
3100 1354 3226 1426 περὶ
3247 1354 3434 1417 οὐσίας

1863 1445 2084 1515 λογικῆς
2124 1443 2320 1514 ψυχῆς,
2366 1444 2440 1507 ὡς
2468 1443 2697 1514 ἐχούσης
2722 1461 2773 1496 τι
2806 1444 3060 1513 συγγενὲς
3082 1444 3200 1515 Θεῷ
3219 1463 3231 1475 ·
3273 1445 3434 1517 νοερὰ

1862 1533 1970 1605 γὰρ
1992 1534 2224 1606 ἑκάτερα
2249 1532 2343 1587 καὶ
2367 1533 2592 1604 ἀόρατα,
2623 1533 2713 1586 καὶ
2738 1532 2814 1596 ὡς
2837 1535 2864 1586 ὁ
2893 1535 3204 1606 ἐπικρατῶν
3228 1534 3434 1589 ἀποδεί-

1864 1642 2018 1678 κνυσι
2067 1622 2243 1692 λόγος,
2293 1621 2590 1693 ἀσώματαο
2634 1633 2686 1677 et
2726 1622 2820 1678 lib.
2871 1640 2923 1677 v1
2969 1639 3149 1679 contra
3198 1624 3428 1691 Celsum,

1865 1731 2010 1769 num.
2066 1715 2152 1781 7|,
2206 1712 2364 1768 Κατὰ
2409 1714 2466 1766 δὲ
2509 1715 2675 1785 ἡμᾶς,
2731 1716 2823 1767 καὶ
2853 1716 2950 1787 τὴν
2986 1715 3210 1788 λογικὴν
3253 1717 3430 1789 ψυχὴν

1862 1805 2232 1879 πειρωμένους
2262 1806 2639 1859 ἀποδεικνύναι
2675 1805 2955 1876 κρείττονα
2982 1808 3160 1877 πάσης
3191 1826 3430 1879 σωματι-

1862 1901 1962 1971 κῆς
1995 1899 2226 1967 φύσεως,
2257 1898 2349 1952 καὶ
2379 1898 2564 1952 οὐσίαν
2601 1898 2848 1970 ἀόρατον,
2896 1901 2990 1953 καὶ
3017 1900 3305 1971 ἀσώματον
3326 1917 3341 1933 ·
3376 1914 3433 1958 et.

1862 1992 1916 2045 in
1961 1990 2090 2045 Luc.
2148 2007 2224 2055 xl,
2254 1991 2342 2053 54,
2381 2006 2412 2045 e
2444 1989 2647 2047 Catena
2692 1990 2979 2045 Mazarinm
3035 1992 3376 2048 bibliothecae
3412 2016 3424 2048 :

1872 2083 2191 2153 Ἐπίσκεψαι
2243 2084 2299 2137 δὲ
2331 2084 2379 2135 εἰ
2425 2082 2643 2136 δυνατὸν
2682 2082 3077 2156 τροπολογῆσαι
3125 2086 3431 2151 ἀκολούθως

1857 2175 1934 2246 τῷ
1963 2175 2224 2247 ὀφθαλμῷ
2253 2177 2345 2230 καὶ
2376 2176 2436 2229 τὸ
2459 2177 2633 2247 σῶμα,
2661 2178 2800 2232 ὥστε
2824 2179 2950 2251 ὃλην
2977 2180 3076 2250 ἤδη
3110 2179 3208 2250 τὴν
3231 2179 3426 2251 ψυχὴν,

1858 2268 1958 2322 κᾶν
1992 2269 2067 2341 μὴ
2099 2268 2381 2340 σωματικὴ
2411 2268 2671 2341 τυγχάνῃ,
2711 2268 2938 2339 φάσκειν
2968 2269 3061 2324 νῦν
3087 2270 3338 2343 λέγεσθαι
3369 2269 3431 2325 τδ

1861 2359 2050 2431 σῶμα·
2095 2369 2149 2415 et
2177 2377 2298 2415 mox
2332 2380 2345 2416 :
2393 2362 2501 2415 Καὶ
2535 2362 2610 2433 μὴ
2638 2361 2925 2435 θαυμάσῃς
2959 2362 3016 2416 δὲ
3062 2364 3207 2417 εἰ⁹ὲν
3259 2363 3333 2435 τῷ
3355 2380 3368 2395 ο
3402 2367 3431 2418 ὁ

1857 2452 2044 2523 λύχνος
2066 2453 2158 2506 τοῦ
2190 2452 2439 2525 σώματός
2470 2454 2616 2507 ἐστιν
2646 2455 2674 2507 ὁ
2701 2454 2995 2525 ὀφθαλμὸς,
3031 2456 3430 2528 τροπολογιιαῖις

1857 2543 1917 2596 τὸ
1963 2542 2122 2614 σῶμα
2160 2543 2253 2597 ἐπὶ
2292 2544 2393 2614 τῆς
2446 2544 2622 2616 ψυχῆς
2665 2545 3019 2618 λαμϐάνεται,
3068 2549 3308 2619 καίτοιγε
3351 2550 3430 2623 τῷ

1861 2635 1974 2706 ἰδίῳ
2014 2633 2155 2705 λόγῳ
2183 2632 2347 2705 οὔσης
2383 2634 2616 2705 ἀοράτου
2643 2637 2735 2689 καὶ
2774 2636 3066 2707 ἀσωμάτου
3087 2655 3100 2668 ο
3148 2640 3288 2693 κατὰ
3322 2640 3430 2712 γάρ

1855 2724 1952 2797 τὴν
1978 2726 2159 2779 εἰκόνα
2186 2726 2377 2795 γέγονε
2403 2726 2497 2780 τοῦ
2525 2727 2755 2798 ἀοράτου
2781 2728 2915 2782 Θεοῦ
2934 2746 2948 2761 ·
2980 2730 3209 2804 ἐπείπερ
3241 2749 3432 2805 τροποσ

1856 2818 2088 2887 λογικῶς
2109 2820 2202 2873 καὶ
2228 2818 2327 2882 τὰς
2344 2819 2602 2891 δυνάμεις
2624 2822 2722 2892 τῆς
2749 2821 2922 2893 ψυχῆς
2948 2824 3271 2895 εὑρίσκομεν
3294 2828 3431 2897 ὀξέω-

1856 2908 2039 2980 νύμως
2062 2912 2171 2972 τοῖς
2215 2912 2543 2980 σωματικοῖς
2586 2910 2826 2982 μέρεσιν,
2851 2912 2950 2965 οὐκ
2988 2911 3150 2977 οὔσας
3178 2913 3427 2985 σώματα,

1855 3001 2278 3074 ὀνομαζομένας.
2329 3002 2506 3072 Atque
2551 3002 2665 3058 haec
2705 3013 2832 3059 sunt
2879 3006 3144 3076 ejusmodi
3197 3015 3255 3060 ut
3305 3022 3427 3062 cum

193 3097 421 3150 rendum
470 3104 574 3150 est.
612 3115 631 3149 ι
671 3096 803 3164 Quae
844 3099 1047 3168 requiri
1092 3099 1319 3170 iubebat
1368 3100 1650 3170 Origenes,
1687 3115 1750 3156 ea
1782 3128 1826 3190 ϐ
1859 3091 2233 3159 superioribus
2289 3092 2512 3162 perinde
2557 3095 2840 3150 conciliari
2897 3111 3002 3151 non
3050 3097 3303 3167 possint,
3364 3113 3428 3153 ac

192 3185 435 3255 profecto
465 3185 713 3243 Ecclesiae
749 3189 982 3244 decretis
1010 3189 1228 3245 deﬁnita
1262 3206 1370 3247 non
1401 3200 1576 3248 erant.
1601 3191 1755 3248 Unde

192 3290 299 3328 non
349 3274 600 3346 Origenis
651 3285 811 3332 :etate
840 3278 1101 3334 duntaxat
1130 3280 1272 3335 idem
1319 3280 1654 3336 Tertulliano
1687 3283 1756 3336 de

190 3366 371 3419 anima
420 3367 592 3422 visum
627 3376 730 3433 est,
765 3369 861 3423 sed
907 3378 961 3423 et
990 3369 1233 3439 plurimis
1259 3387 1472 3442 quoque
1497 3373 1622 3428 dein
1654 3374 1756 3429 Ec-

191 3460 376 3515 clesiae
398 3459 649 3515 l’atribus
677 3479 693 3515 :
728 3471 855 3530 puta
884 3461 1091 3519 Hilario
1116 3466 1172 3518 in
1199 3463 1391 3519 Matth.
1428 3480 1549 3521 can.
1578 3466 1632 3531 5,
1663 3467 1755 3522 ubi

195 3571 217 3605 ι
248 3554 550 3610 animarum
576 3560 803 3627 species,
833 3557 947 3612 sive
978 3556 1336 3613 obtinentium
1357 3572 1609 3627 corpora,
1639 3558 1755 3614 sive

190 3649 515 3719 corporibus
544 3649 927 3719 exsulantium,
966 3666 1281 3720 corpoream
1331 3660 1508 3706 tamen
1548 3660 1755 3706 natura:

189 3757 303 3797 sua:
333 3741 689 3797 substantiam
719 3743 903 3797 sortiri
940 3762 957 3795 ι
1014 3744 1273 3812 praedicat
1308 3759 1323 3795 :
1374 3751 1430 3797 et
1468 3743 1754 3799 Ambrosio

188 3831 286 3888 lib.
310 3849 349 3888 ιι
379 3833 455 3888 De
478 3833 769 3898 Abraham,
799 3849 919 3903 cap.
947 3834 1001 3900 8,
1035 3835 1145 3899 ubi,
1202 3842 1397 3903 praeter
1430 3832 1489 3892 S.
1518 3833 1756 3889 Trinita-

190 3935 324 3991 tem,
358 3924 677 3993 corporibus
727 3923 934 3994 reliqua
983 3934 1234 3979 constare
1262 3925 1500 3980 asserit:
1532 3934 1588 3980 et
1626 3926 1757 3979 Cas-

187 4018 345 4073 siano
370 4015 566 4071 Collal.
614 4032 711 4081 vn,
769 4031 893 4085 cap.
927 4016 1014 4080 15,
1069 4016 1160 4071 ubi
1196 4016 1405 4073 animas
1448 4018 1757 4087 spiritualcs

184 4109 403 4180 quidem
441 4123 562 4164 esse
588 4109 807 4173 fatetur,
838 4109 1184 4177 incorporeas
1230 4118 1428 4178 negat:
1464 4120 1514 4165 et
1542 4110 1626 4165 his
1655 4125 1754 4164 an-

189 4201 409 4270 tiquiori
441 4201 722 4257 Theodoto
762 4202 817 4256 in
863 4200 1141 4269 Excerptis
1174 4200 1242 4254 ad
1285 4200 1578 4257 Clementis
1629 4202 1758 4257 Ale-

185 4294 441 4351 xandrini
488 4294 696 4349 calcem
748 4294 1015 4361 adjectis,
1077 4296 1168 4349 ubi
1219 4295 1426 4351 animas
1473 4295 1754 4352 hominum

185 4400 481 4454 corporeas
504 4399 627 4440 esse
653 4384 928 4441 aliirmat:
962 4395 1018 4441 et
1065 4386 1336 4443 Methodio
1366 4386 1466 4456 ipsi
1506 4386 1755 4457 Origeuis

1862 3199 1980 3253 quae
2012 3183 2079 3239 de
2128 3182 2338 3254 angelis
2386 3183 2705 3255 scripserat,
2747 3201 2944 3255 corpus
2997 3187 3129 3255 ipsis
3177 3204 3429 3244 nonnun-

1860 3287 2021 3341 quam
2058 3272 2361 3342 imponens,
2403 3288 2786 3343 nonnunquam
2841 3275 3153 3331 detrahens.
3190 3276 3432 3334 Diximus

1860 3362 2002 3418 enim
2041 3376 2139 3432 pro
2186 3372 2466 3431 respectus
2515 3362 2834 3419 diversitate
2885 3364 3038 3421 varie
3086 3366 3325 3421 locutum
3365 3369 3431 3423 de

1858 3453 2172 3523 angelorum
2223 3453 2545 3524 corporibus
2585 3451 2899 3525 Origenem,
2953 3470 3153 3525 eosque
3181 3465 3433 3525 respectu

1859 3546 1956 3600 Dei
1989 3554 2305 3617 corporatos
2327 3545 2555 3611 dixisse,
2584 3555 2831 3614 respectu
2871 3546 3050 3600 mundi
3088 3547 3246 3617 hujus
3276 3563 3433 3618 aspe-

1859 3642 2081 3699 ctabilis
2104 3656 2334 3711 corpore
2361 3649 2635 3696 carentes.
2668 3638 2765 3694 llic
2790 3650 2968 3695 autem
3012 3640 3108 3695 Dei
3140 3641 3312 3711 ipsius
3340 3656 3432 3697 re-

1859 3745 2052 3804 spectu
2082 3734 2295 3789 animas
2324 3748 2553 3803 corpore
2585 3746 2776 3787 carere
2807 3733 2962 3798 dicit,
2995 3741 3182 3801 utpote
3205 3748 3325 3803 qua:
3362 3734 3432 3787 ad

1858 3825 1976 3892 ejus
2003 3825 2294 3893 imaginem
2342 3823 2575 3879 condita:
2623 3824 2753 3879 sint.
2791 3822 2870 3876 Ad
2906 3824 3021 3878 haec
3074 3822 3434 3894 Hieronymus

1856 3915 2019 3985 epist.
2069 3915 2159 3980 59,
2203 3914 2270 3967 ad
2314 3912 2486 3979 Avit.,
2528 3927 2650 3982 cap.
2700 3912 2759 3979 ‘2,
2814 3911 3035 3967 adducit
3089 3912 3253 3967 verba
3316 3910 3433 3984 haec

1859 4006 2110 4078 Origenis
2135 4022 2203 4062 ex
2234 4005 2341 4062 line
2382 4006 2504 4063 libri
2541 4021 2578 4063 ιι
2631 4004 2706 4059 De
2739 4005 2966 4074 princip.
3000 4021 3018 4058 :
3054 4022 3072 4056 ι
3108 4004 3352 4075 Cumque
3377 4005 3432 4059 iu

1861 4110 2071 4155 tantum
2106 4099 2519 4170 profecerimus,
2552 4107 2611 4152 ut
2638 4111 2983 4167 nequaquam
3016 4111 3208 4153 carnes
3234 4105 3287 4152 et
3314 4112 3437 4152 cor-

1858 4208 2018 4264 pora,
2072 4191 2305 4247 forsitan
2357 4205 2425 4246 ne
2481 4191 2677 4246 animae
2731 4190 2944 4259 quidem
2999 4189 3281 4253 fuerimus,
3338 4190 3434 4244 sed

1860 4297 2016 4337 meus
2067 4290 2121 4337 et
2173 4295 2367 4336 sensus
2416 4281 2483 4335 ad
2530 4282 2828 4349 perfectum
2880 4281 3126 4343 veniens,
3182 4279 3436 4349 nulloque

1858 4373 2335 4444 perturbationum
2392 4372 2578 4427 nubilo
2617 4371 2876 4441 caligans,
2934 4370 3233 4425 intuebitur
3266 4371 3435 4425 ratio—

185 4477 501 4532 adversario
534 4458 677 4545 apu'd
705 4476 958 4531 Photium
990 4478 1109 4531 cod.
1140 4492 1394 4541 ccxxxw,
1426 4478 1516 4533 ubi
1544 4478 1753 4532 animas
1784 4481 1832 4537 ι)
1861 4468 2069 4522 nabiles
2139 4464 2608 4533 intelligihilesque
2668 4464 3000 4518 substantias
3046 4465 3184 4520 facie
3236 4466 3303 4519 ad
3355 4463 3436 4518 fa-

180 4581 311 4622 esse
334 4568 411 4621 ait
440 4581 668 4635 corpora
694 4565 878 4639 νοερὰ,
908 4565 961 4620 in
988 4570 1227 4622 membra
1268 4568 1475 4623 ratione
1509 4575 1756 4635 aspecta-

182 4658 315 4713 bilia
370 4657 655 4713 discretas.
710 4657 828 4727 Ipse
873 4656 1035 4712 etiam
1093 4658 1460 4726 Augustinus,
1513 4658 1752 4727 Opinioni

183 4750 315 4806 huic
364 4749 491 4805 licet
536 4749 803 4815 infensus,
858 4751 1038 4819 aliquo
1074 4757 1249 4804 tamen
1301 4765 1464 4805 sensu
1512 4750 1751 4804 animam

180 4858 386 4913 corpus
434 4858 557 4899 esse
584 4843 790 4899 fatetur
834 4844 995 4914 epist.
1039 4843 1132 4899 28.
1186 4845 1257 4897 At
1304 4843 1372 4897 ab
1407 4857 1472 4898 eo
1502 4844 1755 4899 discessit

182 4936 422 4992 Faustus
476 4935 764 5001 Reiensis,
826 4936 1133 5005 animisque
1176 4950 1405 5006 corpora
1455 4935 1635 5003 palam
1675 4935 1755 4989 al-

184 5029 367 5091 tlnxit,
408 5043 567 5099 quem
617 5029 787 5085 tribus
830 5028 985 5086 libris
1016 5043 1262 5084 errorem
1298 5027 1439 5083 ultus
1471 5038 1553 5084 est
1592 5026 1753 5082 Clau-

180 5123 382 5179 dianus
413 5120 725 5179 Mamertus.

255 5213 428 5285 Magis
466 5215 593 5270 illud
640 5230 769 5271 vero
796 5216 863 5271 ad
906 5215 1274 5271 excusandum
1305 5211 1595 5283 Origenem
1624 5228 1756 5268 con-

185 5305 329 5360 ferre
358 5316 561 5375 posset,
618 5308 760 5377 quod
792 5307 1056 5377 scriptum
1099 5305 1168 5361 ab
1197 5318 1262 5361 eo
1294 5314 1379 5360 est
1408 5304 1597 5359 homil.
1631 5306 1655 5358 1
1700 5305 1756 5358 in

182 5392 398 5459 ϐεηεεη
422 5412 571 5454 num.
621 5398 711 5461 15,
759 5396 850 5452 ubi
892 5397 1185 5462 hominem,
1218 5396 1311 5466 qui
1343 5397 1409 5449 de
1437 5394 1568 5449 limo
1596 5403 1754 5449 teme

184 5490 345 5541 tictus
365 5498 472 5553 est,
498 5504 823 5559 corporeum
856 5488 1131 5544 hominem
1179 5502 1299 5542 esse
1327 5486 1491 5551 dicit;
1524 5485 1617 5554 qui
1658 5501 1755 5538 au-

184 5586 295 5631 tem
329 5579 395 5633 ad
428 5580 714 5650 imaginem
750 5580 843 5635 Dei
879 5580 1130 5635 conditus
1157 5587 1262 5644 est,
1308 5577 1610 5648 spiritalem
1635 5592 1756 5632 esse

184 5685 311 5724 eum
335 5679 389 5725 et
421 5686 637 5727 cassum
660 5687 917 5743 corpore;
951 5671 1097 5725 illum
1130 5672 1454 5726 exteriorem
1482 5668 1753 5724 hominem

184 5776 330 5831 esse,
386 5764 525 5820 hunc
574 5765 907 5823 interiorem.
942 5783 959 5819 ι
998 5762 1053 5819 Si
1085 5763 1178 5834 qui
1214 5777 1341 5820 vero
1390 5762 1528 5818 hunc
1561 5776 1752 5832 carpo-

1864 4562 2036 4623 ciem;
2084 4576 2103 4610 ι
2142 4573 2263 4629 qua:
2312 4571 2464 4612 more
2502 4572 2603 4612 suo
2647 4555 2907 4625 pervertit
2957 4554 3203 4609 Rufinus.
3242 4552 3434 4608 Parem

1864 4667 2026 4720 supra
2090 4651 2407 4706 memoratis
2458 4649 2927 4705 ratiocinationem
2985 4663 3016 4703 e
3070 4647 3206 4701 libro
3249 4662 3312 4700 ιιι
3360 4645 3436 4699 De

1862 4748 2089 4815 princip.
2122 4744 2347 4799 adducit
2374 4742 2743 4814 Hieronymus
2775 4741 3013 4809 ejusdem
3044 4739 3282 4811 epistola:
3312 4754 3434 4809 cap.

1862 4838 1917 4904 5,
1946 4837 2313 4892 necessarium
2342 4837 2555 4892 scilicet
2602 4850 2723 4891 esse
2750 4834 3093 4898 alterutrum,
3141 4841 3201 4886 ut
3230 4832 3311 4886 vel
3352 4832 3437 4886 in-

1864 4930 2110 5002 corporei
2145 4930 2356 4992 fiamus,
2399 4929 2443 4982 si
2471 4928 2580 4982 Deo
2608 4926 2813 4983 similes
2851 4940 2971 4981 esse
3015 4926 3316 4990 studemus,
3350 4924 3436 4980 vel

1866 5032 1925 5076 ut
1955 5023 2364 5078 similitudinem
2394 5021 2491 5076 Dei
2517 5034 2626 5075 non
2659 5034 2962 5090 speremus,
3001 5019 3044 5073 si
3091 5018 3278 5074 eadem
3306 5032 3432 5072 cor-

1867 5131 1999 5185 pora
2042 5130 2257 5184 semper
2294 5112 2526 5168 habituri
2565 5127 2753 5167 sumus
2785 5128 2798 5162 :
2830 5121 2885 5166 et
2932 5110 2987 5165 in
3042 5110 3203 5182 epist.
3248 5109 3337 5175 6|,
3366 5109 3436 5163 ad

1864 5206 2204 5275 Pammach.,
2239 5222 2359 5277 cap.
2391 5205 2446 5272 5,
2497 5205 2696 5259 dixisse
2746 5203 2823 5258 ait
2867 5200 3155 5270 Origenem
3194 5201 3248 5255 in
3283 5199 3435 5254 libris

1862 5301 2001 5369 Περὶ
2027 5300 2248 5370 ἀρχῶν,
2279 5319 2297 5352 ε
2333 5298 2502 5355 solem
2541 5308 2596 5354 et
2631 5297 2838 5362 lunam,
2889 5304 2944 5350 et
2975 5296 3217 5351 omnium
3251 5304 3433 5351 astro.

1864 5408 1983 5446 rum
2013 5394 2240 5448 chorum
2290 5406 2412 5447 esse
2460 5390 2673 5446 animas
2714 5388 3121 5445 rationabilium
3162 5387 3433 5458 quondam

1865 5494 1919 5537 et
1948 5482 2368 5554 incorporalium
2417 5490 2814 5537 creaturarum.
2850 5499 2871 5539 ι
2904 5479 3145 5549 Denique
3188 5476 3435 5548 Sophro—

1864 5576 1990 5631 nius
2024 5575 2622 5648 Hierosolymitanusin
2656 5575 2883 5645 epistola
2924 5574 2990 5630 ad
3021 5571 3268 5642 Sergium
3292 5567 3434 5625 Con-

1862 5668 2428 5740 stantinopolitanum,
2457 5683 2575 5739 quae
2616 5667 2852 5723 habetur
2885 5667 2941 5722 in
2981 5665 3193 5723 actione
3234 5661 3293 5715 ll
3344 5675 3433 5732 sy.-

1864 5760 1989 5818 nodi
2022 5777 2101 5830 vt,
2150 5760 2253 5817 alia
2305 5759 2527 5832 Origeni
2572 5759 2797 5817 crimina
2846 5758 3133 5830 objiciens,
3166 5769 3231 5812 co
3256 5755 3429 5827 ipsum
