3860 6230
413 272 512 330 9H

412 498 531 535 πων
560 480 729 552 ψυχαὶ
759 481 893 535 Θεοῦ
924 482 1105 554 χάριτι
1136 481 1237 552 τὴν
1285 480 1489 552 φθορὰν
1517 479 1852 544 ἀπεώσαντο,
1892 480 1989 552 τὴν

412 573 563 645 πάσῃ
614 576 804 645 κτιστῇ
858 573 1016 643 φύσει
1070 572 1521 645 ἐμφωλεύουσανο
1568 572 1657 626 διὰ
1699 574 1856 627 τοῦτο
1896 575 1991 628 καὶ

414 664 521 736 πρὸ
549 664 814 734 σωμάτων
855 664 1024 727 αὐτὰς
1078 663 1509 733 ὑποπτεύσομεν,
1542 663 1575 735 ἢ
1616 663 1721 733 πρὸ
1748 662 1849 732 τῆς
1896 662 1988 715 τοῦ

411 754 687 827 ὁρωμένου
710 754 912 826 κόσμου
938 753 1274 827 παραγωγῆς
1296 753 1389 805 καὶ
1412 744 1736 824 συμπήξεὼς
1754 753 1811 803 ὲν
1835 751 1990 821 ἀϊδίῳ

412 847 519 901 τινὶ
543 847 654 919 ζωῇ
700 848 871 900 τελεῖν
895 847 1238 918 ὲννοήσομεν,
1282 845 1376 899 καὶ
1412 846 1523 916 βίον
1572 844 1714 914 ἔχειν
1742 844 1989 915 οὐράνιον

413 940 676 1011 φήσομεν,
711 939 949 1010 ἄσαρκόν
994 956 1053 992 τε
1088 941 1182 993 καὶ
1211 937 1496 1009 ἀσώματον
1520 936 1698 1002 ζώσας
1724 938 1869 1008 ζωὴν
1890 936 1988 1008 τὴν

409 1028 574 1083 ἀΐδιον
597 1031 654 1083 ὲν
677 1028 889 1099 οὐρανῷ
920 1046 1048 1081 ποτε
1084 1028 1158 1100 μὴ
1184 1028 1504 1099 ὑπάρχοντι,
1538 1027 1612 1091 ὡς
1650 1028 1933 1100 Ὠριγένης
1961 1030 1988 1081 ὁ

413 1122 731 1195 παράφορος
774 1122 1043 1193 βούλεται,
1092 1122 1187 1175 καὶ
1226 1125 1273 1176 οἱ
1321 1122 1507 1176 τούτου
1558 1121 1870 1193 συμμύσται
1896 1122 1989 1177 καὶ

416 1213 719 1285 σύμφρονες
746 1214 993 1286 Δίδυμος,
1046 1215 1140 1268 καὶ
1171 1214 1461 1285 Εὑὰγριος,
1495 1213 1588 1267 καὶ
1621 1216 1650 1268 ὁ
1681 1214 1864 1277 λοιπὸς
1892 1215 1988 1269 αὒ-

407 1307 517 1361 τῶν
557 1307 958 1381 μυθομέριμνος
989 1307 1193 1379 ὅμιλος.
1229 1327 1248 1359 ι
1296 1310 1401 1363 Sed
1453 1325 1557 1364 non
1611 1309 1813 1363 idcirco
1843 1306 1986 1378 quod

410 1400 692 1454 hominum
739 1400 933 1454 animae
967 1401 1137 1471 gratia
1184 1400 1276 1455 Dei
1326 1401 1739 1470 corruptionem
1771 1399 1985 1470 repule-

411 1499 559 1557 runt,
588 1505 712 1559 qua:
762 1490 1017 1547 omnibus
1058 1492 1329 1547 creaturis
1373 1491 1697 1547 naturaliter
1747 1491 1983 1556 insidet;

411 1584 533 1639 ideo
569 1592 625 1638 et
650 1591 777 1638 ante
821 1599 1050 1654 corpora
1080 1600 1173 1641 eas
1220 1584 1385 1641 fuisse
1445 1584 1867 1654 suspicabimur,
1903 1584 1984 1641 vel

412 1687 539 1733 ante
573 1676 734 1748 hujus
761 1677 990 1734 visibilis
1015 1680 1200 1733 mundi
1227 1678 1607 1750 prolationem,
1638 1687 1802 1748 atque
1830 1693 1982 1734 com-

1689 273 1749 326 P.
1790 270 2107 328 DANIELIS
2146 271 2381 328 HUETII

414 389 610 445 liberat
640 404 655 443 ε
694 387 831 441 Ἀλλ’
862 378 1313 460 οὐχ’ὲπειδήπερ,
1346 386 1541 457 inquit,
1566 388 1621 441 ai
1649 387 1758 441 τῶν
1784 386 1993 459 ἀνθρώ-
2019 394 2065 449 Α
2094 387 2337 460 αἰσθητῷ
2383 387 2558 467 τούτῳ
2601 388 2741 461 μετὰ
2786 392 2887 462 τῆν
2924 388 3175 445 ἐντεῦθεν
3210 390 3476 463 ἐκδημίαν
3525 393 3690 465 ἔχειν

3569 278 3692 337 οη
3792 93 3816 357 1

2092 480 2436 551 ἐκτιθέμενος
2458 482 2555 552 τὴν
2586 480 2787 554 ψυχὴν,
2812 480 3105 553 ἀσώματον
3147 482 3252 536 ὑπό
3297 500 3351 537 τι
3391 484 3689 540 Πλατωνι-

2092 569 2203 633 κῶς
2226 570 2584 639 ἀποφαίνεται
2607 573 2799 643 αὑτήν.
2819 572 2949 639 Quas
2971 572 3051 627 sic
3070 576 3478 643 interpretanda
3503 586 3639 630 sunt
3663 594 3682 630 :

2096 679 2115 712 ι
2152 660 2232 715 Ad
2268 660 2352 714 illa
2383 663 2466 716 vir
2521 672 2738 717 sanctus
2766 681 2784 713 ι
2818 662 3148 732 (Methodius
3184 664 3463 735 nimirum)
3496 685 3517 718 ι
3559 670 3682 723 haec

2096 752 2185 799 ait-
2224 771 2242 799 ι
2293 754 2637 799 (sentiuntur
2684 754 2880 799 deinde
2942 756 3106 799 verba
3154 756 3270 799 inea
3322 756 3585 799 Mpthmlii
3645 774 3679 799 ει

2090 752 2186 818 ait,
2223 771 2242 805 ι
2293 754 2637 824 (sequuntur
2684 754 2881 811 deinde
2942 756 3107 811 verba
3154 756 3271 825 ipsa
3319 756 3588 813 Methodii
3644 774 3679 813 a

2089 843 2282 899 Photio
2313 844 2588 911 αὐτολεξεὶ
2640 848 2909 917 descripta
2933 887 2947 911 ,
2981 863 3085 902 non
3111 851 3179 902 ab
3217 864 3285 904 eo
3311 848 3678 922 αὐτοπροσώ-

2092 896 2274 899 ,
2483 896 2585 911 _,_-
2645 896 2909 917 ____--_r__
2933 896 2947 911 ,
2982 896 3085 902 ---η
3112 896 3176 902 __
3221 896 3278 904 --
3314 896 3642 922 "MT---

2092 953 2209 1000 πως
2237 937 2533 1007 recitata):
2572 957 2589 990 ι
2619 939 2871 1010 Figuram
2904 941 3066 994 aliam
3097 942 3440 997 consimilem
3471 943 3672 998 sensiii

2092 1029 2237 1095 huic,
2283 1040 2565 1101 postquam
2596 1032 2723 1087 hinc
2755 1033 3013 1097 excessit,
3051 1032 3256 1089 habere
3287 1036 3515 1088 tradens
3551 1035 3676 1088 ani-

2092 1138 2234 1163 mam
2338 1124 2715 1163 innnrnnrnnm
2750 1139 2875 1163 acea
2921 1125 3104 1163 nlinnn
3167 1134 3328 1163 nnnln
3383 1125 3676 1163 Dlnlnnis-o

3803 384 3816 673 1

2090 1029 2237 1095 huic,
2283 1040 2565 1101 postquam
2596 1032 2723 1087 hinc
2755 1033 3013 1097 excessit,
3051 1032 3256 1089 habere
3287 1036 3515 1088 tradens
3551 1035 3676 1088 ani-

2090 1138 2272 1192 mam,
2338 1124 2715 1194 incorpoream
2750 1139 2875 1180 esse
2920 1125 3104 1194 aliquo
3167 1134 3328 1196 pacto
3383 1125 3677 1180 Platonico

2091 1216 2260 1285 ipsam
2293 1216 2575 1272 afﬁrmat.»
2610 1216 2737 1272 liazc
2760 1218 2835 1271 ait
2862 1216 3168 1273 Methodius
3190 1217 3257 1272 de
3284 1218 3543 1289 Origene,
3564 1234 3674 1274 non

2088 1308 2315 1363 l’hotius
2360 1309 2427 1363 de
2470 1307 2766 1371 Methodio,
2803 1308 2898 1378 qui
2933 1308 3130 1363 deinde
3174 1310 3391 1378 probat,
3443 1324 3512 1363 ex
3566 1309 3674 1364 hac

2090 1398 2340 1469 Origenis
2364 1400 2679 1470 Opinatione
2710 1402 2969 1471 consequi
3013 1415 3243 1472 corpore
3277 1402 3520 1456 animam
3577 1418 3669 1458 ea-

2090 1506 2247 1557 rere;
2278 1493 2399 1559 quia
2430 1492 2474 1546 si
2511 1503 2632 1557 post
2675 1507 2963 1549 excessum
3011 1506 3042 1547 e
3090 1494 3201 1547 vita
3255 1508 3488 1563 corpore
3544 1503 3669 1548 tan-

2088 1600 2249 1654 quam
2282 1585 2535 1640 vehiculo
2565 1595 2621 1640 et
2669 1596 2821 1641 veste
2866 1585 3096 1657 indiget,
3128 1595 3317 1657 utpote
3358 1603 3481 1657 quae
3518 1588 3668 1642 nuda

2089 1677 2472 1745 comprehendi
2505 1692 2612 1731 non
2655 1678 2866 1747 possit,
2912 1679 3098 1747 utique
3125 1694 3384 1748 corporea
3440 1694 3551 1735 non
3585 1687 3671 1735 est

410 1773 658 1843 paginem
694 1772 746 1826 in
800 1772 1131 1842 sempiterna
1181 1748 1414 1842 quadam
1462 1776 1570 1829 vita
1601 1772 1805 1843 positas
1833 1770 1980 1827 arbi-
2015 1748 2057 1803 Β
2090 1768 2335 1840 (valeret
2360 1770 2505 1824 enim
2545 1770 2787 1840 alioquin
2825 1771 3013 1825 eadem
3059 1772 3499 1843 argumentatio,
3557 1787 3667 1841 qua

412 1866 693 1931 trahimur,
736 1863 971 1919 vitamve
1029 1865 1288 1921 habuisse
1335 1866 1611 1922 coeleSIem
1644 1878 1975 1926 asseremus.

412 1957 846 2031 incarneamseu
884 1957 1255 2026 incorpoream
1282 1957 1443 2012 vitam
1486 1958 1733 2012 viventes
1786 1970 1979 2027 perpe-

410 2058 556 2104 tuam
600 2050 653 2104 in
690 2051 833 2107 caelo
862 2051 1154 2120 aliquando
1185 2067 1293 2106 non
1339 2051 1645 2116 exsistenti,
1681 2050 1826 2105 sicut
1858 2047 1979 2104 Ori-

409 2157 573 2212 genes
595 2143 816 2199 insanus
846 2144 1149 2207 constituit,
1174 2153 1229 2200 et
1264 2142 1422 2211 hujus
1453 2151 1788 2214 symmystae,
1814 2150 1979 2210 atque

408 2244 703 2291 sectatores
727 2234 1009 2307 Didymus,
1037 2244 1091 2290 et
1120 2235 1383 2306 Evagrius
1403 2277 1417 2303 ,
1460 2244 1515 2289 et
1548 2234 1758 2304 reliqua
1790 2248 1975 2289 earum

407 2327 710 2385 fabularum
755 2331 1113 2401 excogitatrix
1171 2330 1457 2385 sodalitas.
1501 2348 1520 2381 ι
1554 2329 1631 2383 Ex
1684 2328 1769 2384 his
1812 2327 1979 2398 liquet

407 2433 606 2486 quanta
635 2422 799 2479 fuerit
831 2422 1083 2495 Origenis
1115 2424 1168 2478 in
1199 2435 1488 2494 utramque
1516 2433 1721 2493 partem
1757 2423 1979 2478 lluctua-

409 2514 482 2569 tio
523 2533 537 2569 :
572 2514 682 2587 (58)
709 2515 801 2571 sed
833 2515 884 2569 in
911 2530 1028 2571 eam
1064 2526 1241 2570 tamen
1273 2516 1444 2586 magis
1465 2515 1802 2586 propendere
1831 2515 1976 2570 visus

407 2612 511 2671 est,
547 2620 666 2674 quae
712 2605 909 2659 anima:
946 2620 1142 2675 corpus
1187 2607 1432 2663 ascribit.
1482 2605 1643 2662 Certe
1672 2607 1978 2676 Stephanus

405 2694 653 2752 Gobarus
706 2695 973 2751 Tritheita
1025 2698 1168 2768 apud
1232 2698 1484 2753 Photium
1563 2699 1683 2754 cod.
1736 2713 1974 2762 ccxxx",

407 2787 655 2856 dogmata
688 2786 967 2857 pleraque,
1005 2788 1099 2842 sed
1129 2787 1245 2842 fere
1281 2795 1461 2843 tamen
1494 2787 1815 2857 Origeniana
1852 2802 1977 2857 pro-

406 2889 650 2945 pugnans
673 2887 728 2931 et
760 2877 1104 2947 impugnans,
1159 2878 1433 2934 tricesimo
1463 2878 1581 2935 loco
1616 2879 1743 2932 illud
1775 2893 1977 2948 eXpen-

406 2968 517 3023 dit:
542 2971 662 3023 Ὅτι
681 2969 910 3040 σώματὰ
942 2972 1047 3023 εἰσι
1074 2971 1235 3043 νοερὰ
1254 2974 1308 3025 αἱ
1332 2971 1436 3025 τῶν
1462 2971 1762 3043 ἀνθρώπων
1785 2971 1974 3041 ψυχαὶ,

405 3061 499 3115 καὶ
530 3059 991 3132 διατετυπωμέναι
1020 3061 1161 3114 κατὰ
1204 3062 1265 3114 τὸ
1298 3061 1617 3131 φαινόμενον
1656 3060 1851 3125 ἔξωθεν
1878 3060 1972 3114 τοῦ

407 3152 652 3227 σώματος
685 3154 902 3225 σχῆμαο
958 3152 1052 3205 καὶ
1100 3155 1163 3206 ὲκ
1192 3153 1284 3205 τοῦ
1322 3152 1696 3224 ἀντικειμένου
1727 3153 1808 3205 ὅτι
1833 3152 1976 3206 ἀσώ-

408 3245 575 3316 ματός
601 3247 745 3299 ἐστιν
776 3249 809 3317 ἡ
855 3246 1020 3317 ψυχὴ,
1054 3245 1145 3299 καὶ
1175 3248 1504 3316 σωματικοῖς
1546 3246 1645 3316 οὐχ
1690 3245 1974 3297 ὑπόκειται

402 3338 612 3401 τύποις.
652 3356 670 3389 ι
707 3337 917 3392 Anima:
951 3338 1230 3392 hominum
1262 3347 1388 3391 sunt
1417 3351 1644 3406 corpora
1672 3337 1975 3407 intelligibi-

404 3429 497 3494 lia,
526 3430 791 3484 eteadem
841 3429 1017 3500 ﬁgura
1060 3438 1188 3485 sunt
1218 3445 1321 3499 qua
1358 3430 1529 3483 forma
1581 3428 1821 3483 exterior
1855 3445 1975 3484 cor-

404 3522 587 3591 poris;
627 3530 682 3576 et
729 3536 760 3577 e
800 3524 1109 3590 contrario,
1173 3523 1497 3591 incorporea
1544 3529 1629 3577 est
1672 3522 1871 3587 anima,
1920 3532 1976 3578 et

404 3613 739 3684 incorporeis
778 3628 885 3669 non
916 3614 1201 3683 subiicitur
1232 3614 1437 3684 ﬁguris.
1479 3631 1497 3665 ι

470 3705 589 3762 XV.
620 3706 791 3763 Porro
822 3706 1021 3761 animis
1043 3721 1267 3776 corpora
1287 3706 1549 3776 allingens
1581 3707 1843 3777 Origenes
1873 3709 1973 3762 du-

400 3813 518 3856 cem
540 3812 694 3854 suum
719 3812 782 3852 ac
804 3797 1123 3853 dictatorem
1148 3795 1427 3851 Platonem
1450 3796 1711 3861 deseruit,
1735 3798 1825 3867 qui
1854 3813 1974 3852 cor-

400 3904 719 3964 poraturam
780 3894 999 3950 sustulit
1050 3896 1116 3949 ab
1150 3894 1346 3948 animis
1374 3912 1388 3949 :
1420 3903 1476 3949 at
1502 3894 1636 3949 alios
1694 3904 1871 3948 tamen
1905 3910 1972 3947 ex

401 3986 639 4055 antiquis
666 3987 1032 4058 philosophis,
1065 4000 1200 4055 quos
1230 3994 1571 4056 sequeretur,
1607 3987 1795 4041 habuit
1823 4001 1972 4041 com-

401 4077 602 4148 plures.
655 4078 858 4134 llorum
917 4078 962 4133 si
1010 4079 1132 4148 quis
1166 4079 1363 4149 placita
1395 4081 1460 4134 de
1485 4080 1662 4133 anima
1691 4079 1825 4133 velit
1874 4095 1971 4134 eo-

399 4186 686 4239 gnoscere,
716 4172 859 4243 legat
893 4170 1214 4227 Tertulliani
1256 4171 1454 4225 librum
1500 4170 1577 4225 De
1619 4172 1818 4236 anima,
1848 4188 1968 4241 cap.

398 4263 453 4328 5,
482 4263 515 4318 6
546 4271 600 4318 et
629 4265 683 4330 7,
712 4274 768 4320 et
820 4264 1124 4321 Nemesium
1176 4265 1316 4319 libro
1347 4262 1425 4318 De
1469 4274 1664 4319 natura
1698 4264 1922 4318 hominis
1953 4304 1968 4330 ,

400 4369 521 4424 cap.
550 4354 606 4422 2,
641 4365 695 4410 et
721 4354 1036 4412 Ciceronem
1074 4356 1167 4410 lib.
1224 4370 1277 4408 IV
1330 4354 1631 4408 Academia.
1681 4354 1752 4408 At
1793 4355 1968 4409 locum

2086 1845 2344 1914 adversus
2377 1860 2717 1914 Vincentium
2748 1859 3043 1928 Victorem,
3072 1863 3305 1916 animam
3336 1876 3668 1931 corpoream

2086 1968 2206 2009 esse
2239 1962 2563 2009 statuentem
2600 1968 2731 2008 usus
2760 1964 2844 2008 est
2874 1954 3211 2025 Augustinus
3247 1954 3339 2008 lib.
3376 1970 3392 2007 ι
3430 1953 3510 2007 De
3546 1954 3667 2006 aui-

2085 2062 2192 2112 ma,
2225 2047 2403 2117 cap.5
2438 2064 2451 2101 :
2499 2065 2519 2099 ι
2546 2046 2697 2113 Quod
2739 2062 2869 2102 vero
2926 2062 3045 2103 eam
3089 2062 3193 2103 non
3230 2050 3503 2117 spiritum,
3564 2050 3663 2104 sed

2085 2151 2284 2206 corpus
2305 2152 2426 2192 esse
2464 2138 2767 2202 contendit,
2797 2138 2923 2206 quid
2941 2138 3086 2193 aliud
3106 2139 3216 2193 vult
3238 2137 3471 2203 eﬂicere,
3497 2154 3668 2209 quam

2086 2244 2184 2285 nos
2207 2244 2310 2284 non
2346 2244 2415 2285 ex
2447 2230 2627 2285 anima
2680 2239 2736 2286 et
2790 2244 3038 2297 corpore,
3100 2231 3191 2286 sed
3236 2246 3301 2286 ex
3334 2231 3551 2287 duobus
3578 2233 3668 2287 vel

2085 2321 2248 2375 etiam
2284 2322 2460 2377 tribus
2490 2332 2743 2378 constare
2786 2324 3154 2393 corporibus?
3190 2325 3324 2379 Cum
3372 2325 3518 2379 enim
3556 2325 3665 2393 spi-

2086 2410 2215 2477 ritu,
2248 2413 2428 2465 anima
2456 2420 2510 2466 et
2537 2427 2765 2482 corpore
2795 2416 3047 2468 c'onstare
3074 2428 3173 2469 nos
3222 2414 3371 2479 dicit,
3393 2425 3450 2468 et
3478 2416 3667 2469 omnia

2086 2502 2201 2558 haec
2232 2504 2334 2558 tria
2380 2519 2607 2573 corpora
2665 2517 2784 2559 esse
2816 2507 3033 2571 asserit,
3072 2506 3318 2577 profecto
3366 2522 3434 2562 ex
3485 2508 3670 2562 tribus

2085 2595 2405 2665 corporibus
2456 2612 2558 2652 nos
2593 2606 2749 2667 putat
2791 2611 2915 2653 esse
2950 2609 3282 2669 compactos.
3323 2599 3377 2653 In
3408 2614 3513 2669 qua
3545 2601 3671 2668 opi-

2084 2686 2245 2742 nione
2280 2695 2482 2755 quanta
2512 2701 2635 2741 eum
2665 2697 2924 2757 sequatur
2965 2691 3296 2754 absurditas,
3356 2690 3433 2745 illi
3479 2693 3669 2761 potius

2084 2793 2241 2848 quam
2277 2778 2373 2833 tibi
2402 2779 2885 2835 demonstrandum
2912 2781 3093 2850 puto.)
3140 2800 3160 2834 ι
3200 2781 3332 2837 Cum
3358 2798 3491 2852 ergo
3547 2786 3672 2839 ani-

2084 2892 2185 2929 mae
2212 2889 2410 2944 corpus
2439 2875 2795 2929 adventitium
2827 2876 3215 2945 superadderet
3251 2876 3540 2946 Origenes,
3577 2881 3670 2934 in-

2083 2983 2401 3037 corpoream
2437 2970 2504 3024 ab
2529 2983 2593 3022 eo
2632 2968 2803 3038 ipsam
2841 2972 3154 3025 necessario
3214 2971 3399 3026 haberi
3446 2971 3668 3029 Δίεῑὶιοο

2083 3063 2203 3116 dius
2224 3061 2509 3117 conclusit.
2533 3061 3058 3133 Pergitdeinde:Si
3109 3065 3428 3135 incorporea
3478 3069 3663 3122 anima

2082 3163 2186 3219 est,
2222 3150 2601 3209 all‘ectionibus
2630 3154 2887 3210 immunis
2916 3166 3021 3221 est,
3061 3171 3163 3211 nec
3193 3157 3353 3212 alieni
3404 3161 3665 3229 corporis

2082 3255 2136 3300 et
2172 3245 2463 3299 mutuatitii
2505 3245 2743 3300 motibus
2791 3247 3050 3304 obnoxia.
3105 3248 3203 3303 Sin
3277 3247 3664 3306 aﬂ‘ectionibus

2082 3338 2326 3406 corporis
2358 3337 2699 3407 percellitur,
2722 3337 2917 3407 utique
2960 3340 3281 3409 incorporea
3315 3355 3421 3395 non
3448 3352 3557 3396 est.
3591 3344 3664 3396 At

2081 3444 2186 3482 una
2210 3444 2331 3483 cum
2363 3443 2594 3497 corpore
2624 3430 2764 3484 mala
2802 3430 2886 3485 vel
2916 3432 3056 3487 bona
3089 3433 3324 3500 patitur,
3379 3442 3439 3486 ut
3464 3448 3659 3488 eorum

2080 3521 2174 3592 qui
2204 3529 2325 3591 post
2350 3531 2578 3576 mortem
2607 3522 2863 3579 videndos
2906 3539 2966 3578 se
2998 3525 3378 3593 praabuerunt,
3408 3527 3664 3581 testimo—

2082 3618 2171 3671 nia
2198 3620 2565 3673 conﬁrmant:
2597 3616 2775 3671 anima
2811 3616 2975 3686 igitur
2994 3631 3257 3686 corporea
3277 3628 3383 3673 est.
3423 3619 3518 3675 Sic
3551 3621 3661 3673 ita-

2079 3724 2185 3779 que
2211 3711 2277 3763 ad
2312 3710 2605 3765 absurdum
2631 3717 2686 3763 et
2715 3707 2973 3762 ἀδύνατον
3001 3707 3289 3777 Origenem
3327 3710 3503 3779 adigit
3547 3710 3667 3763 Me-

2082 3802 2317 3867 thodius,
2350 3804 2588 3856 animam
2612 3817 2678 3855 ex
2720 3802 2836 3869 ejus
2884 3801 3045 3856 dictis
3077 3816 3399 3871 corpoream
3433 3818 3560 3857 esse
3608 3814 3665 3857 et

2080 3894 2457 3962 incorpoream
2485 3894 2884 3947 demonstrans.
2932 3891 3163 3948 Sensum
3212 3894 3451 3962 denique
3495 3910 3663 3949 suum

2080 3985 2197 4056 ipse
2218 3986 2412 4055 aperit,
2443 3984 2654 4039 animas
2686 3999 2917 4053 corpora
2949 4000 3069 4039 esse
3097 3984 3283 4039 dicens
3312 3985 3661 4056 intelligendi

2079 4077 2333 4132 facultate
2363 4077 2613 4146 praedita,
2647 4077 2905 4131 membris
2932 4077 3143 4132 ratione
3173 4078 3347 4132 solum
3397 4090 3664 4148 aspecta-

2079 4170 2275 4225 bilibus
2301 4170 2563 4224 instructa
2598 4209 2612 4232 ,
2648 4183 2752 4222 non
2787 4183 2908 4237 qua:
2945 4168 3241 4223 adventitio
3272 4184 3509 4238 corpore
3539 4172 3659 4226 sint

2078 4262 2287 4327 induta,
2318 4261 2412 4316 sed
2445 4276 2566 4330 quae
2602 4270 2791 4314 natura
2826 4269 3017 4329 suapte
3055 4275 3287 4328 corpora
3338 4262 3473 4320 sint.
3510 4263 3659 4318 Vera

2078 4357 2194 4411 haec
2215 4362 2298 4408 est
2334 4361 2389 4407 et
2417 4351 2652 4423 genuina
2706 4351 2805 4405 loci
2853 4350 3017 4421 hujus
3046 4352 3337 4421 expositio,
3368 4368 3538 4422 quam
3576 4355 3647 4408 id-

399 4449 688 4517 quemdam
726 4448 988 4503 Methodii
1042 4449 1174 4503 satis
1221 4447 1533 4502 intricatum
1571 4457 1625 4502 et
1678 4448 1967 4502 obscurum
2001 4461 2045 4517 ι)
2074 4454 2223 4508 circo
2257 4456 2575 4520 persecutus
2610 4462 2750 4514 sum,
2774 4457 2831 4499 nt
2867 4462 2933 4501 ne
2955 4447 3022 4501 ab
3047 4447 3412 4502 infensissimo
3430 4450 3655 4517 quidem

397 4541 678 4609 prmterire
697 4555 802 4594 non
834 4541 1010 4608 decet,
1038 4554 1147 4610 quo
1170 4539 1421 4610 Origenis
1443 4539 1726 4594 decretqu
1756 4539 1823 4593 de
1852 4538 1967 4591 ani-

401 4632 505 4687 mis
530 4633 809 4703 corporeis
839 4634 1029 4688 nititur
1052 4634 1388 4689 convellere.
1420 4632 1665 4688 llahetur
1696 4632 1785 4686 ille
1826 4632 1967 4701 apud

400 4722 648 4779 Photium
688 4726 813 4781 cod.
846 4726 1239 4797 ccxxx1v(39).
1270 4725 1369 4781 llic
1402 4741 1532 4797 ergo
1578 4726 1807 4795 primum
1840 4724 1971 4780 Orio

400 4817 553 4885 genis
572 4817 763 4873 recitat
789 4818 975 4881 verba,
997 4820 1193 4889 quibus
1224 4822 1322 4886 ait,
1340 4820 1385 4873 si
1415 4818 1969 4874 demonstrationibus

401 4924 629 4979 corpore
660 4911 894 4965 animam
919 4926 986 4966 ex
1015 4927 1133 4967 sese
1167 4928 1357 4968 carere
1387 4912 1666 4983 probetur,
1694 4910 1967 4965 fatendum

398 5014 519 5055 esse
557 5001 792 5056 alienum
844 5018 962 5058 eam
1017 5012 1070 5057 et
1120 5004 1412 5059 ascititium
1464 5018 1661 5072 corpus
1723 5003 1965 5061 induere.

400 5092 598 5162 prioris
632 5094 718 5148 cui
757 5094 810 5148 in
863 5096 1027 5150 terris
1083 5093 1375 5163 conjuncta
1413 5094 1591 5151 fuerat
1646 5094 1841 5148 simile.
1871 5092 1966 5148 llis

397 5182 654 5239 Methodii
682 5199 967 5239 censuram
996 5185 1267 5241 subnectit
1292 5186 1514 5240 Photius
1552 5203 1565 5237 :
1604 5186 1749 5256 Πρὸς
1769 5185 1962 5248 ταῦτα,

399 5274 593 5342 inquit,
628 5275 659 5328 ὁ
694 5272 848 5344 ἅγιος
878 5275 1001 5330 τάδε
1028 5276 1178 5345 φησί·
1209 5276 1401 5347 Σχῆμα
1430 5275 1558 5330 ἄλλο
1599 5276 1840 5343 ὁμοειδὲς
1885 5274 1963 5347 τῷ

467 5386 584 5459 (58)
615 5387 719 5443 Sed
739 5388 793 5441 in
828 5405 943 5442 eam
968 5401 1141 5443 tamen
1165 5391 1331 5459 magis
1358 5390 1673 5458 propendere
1697 5390 1833 5442 risus
1862 5399 1959 5454 est,

395 5474 515 5525 quia
537 5460 727 5511 anima’
762 5475 948 5526 corpus
1005 5462 1242 5514 ascribit.
1284 5460 1494 5527 Corpus
1518 5460 1732 5527 quidem
1768 5459 1962 5512 animae

400 5527 916 5598 ascribitOrigenes,
949 5539 1131 5598 utpote
1152 5546 1273 5599 qum
1302 5530 1464 5593 nuda,
1491 5531 1686 5597 inquit,
1717 5544 1964 5597 compre-

400 5599 558 5669 hendi
585 5616 691 5653 non
727 5600 918 5667 possit,
965 5617 1064 5653 nec
1118 5600 1171 5653 in
1222 5601 1330 5655 ullo
1371 5615 1633 5669 corporeo
1665 5601 1965 5654 consistere

400 5668 539 5731 loco,
573 5670 703 5737 quin
735 5670 973 5739 indigeat
1002 5685 1237 5739 corpore
1264 5672 1329 5725 ad
1369 5668 1619 5724 naturam
1662 5670 1762 5723 loci
1822 5671 1968 5723 illius

401 5740 828 5805 accommodato;
857 5741 1039 5796 sedita
1066 5741 1310 5809 ascribit,
1334 5743 1475 5797 utsit
1506 5740 1745 5798 exterius
1775 5741 1967 5795 aninne

2074 4541 2384 4598 Adamantii
2417 4539 2729 4594 adversario
2761 4538 2895 4591 vitio
2938 4539 3121 4592 datum
3161 4537 3327 4593 fuisse
3366 4538 3542 4594 lector
3572 4541 3645 4594 iu~

2077 4634 2302 4703 telligat,
2329 4631 2472 4701 quod
2499 4630 2569 4685 ab
2599 4629 2718 4684 aliis
2744 4629 2858 4686 fere
2887 4630 3159 4696 obiectum
3190 4640 3296 4695 est,
3320 4630 3525 4687 anima:
3551 4632 3650 4686 sci-

2074 4728 2203 4782 licet
2231 4740 2431 4794 corpus
2474 4739 2597 4779 eum
2644 4724 2942 4790 addidisse;
2984 4725 3079 4779 sed
3128 4725 3393 4779 veriorem
3433 4738 3468 4778 e
3516 4741 3649 4780 con-

2079 4818 2243 4874 trario
2273 4816 2596 4871 sententiam
2631 4815 2949 4886 suggillasse
2970 4817 3024 4870 in
3068 4816 3256 4871 eodem
3283 4814 3648 4884 Methodium,

2075 4925 2197 4966 cum
2232 4908 2487 4963 deteriori
2523 4907 2637 4976 ipse
2660 4909 2970 4964 adhazserit.

2145 5001 2284 5057 XVI.
2325 4999 2690 5056 Prolerendus
2722 5016 2935 5071 quoque
2967 5003 3057 5057 hic
3082 5014 3169 5058 est
3195 5008 3334 5059 alter
3381 5005 3646 5062 Methodii

2069 5096 2240 5161 locus,
2272 5109 2339 5148 ex
2373 5094 2514 5147 libro
2558 5091 2632 5146 De
2661 5095 3081 5148 resurrectionea
3109 5094 3300 5150 Photio
3327 5096 3644 5165 decerptus,

2068 5187 2209 5241 unde
2242 5185 2487 5256 proxime
2516 5184 2768 5239 laudatus
2792 5184 2976 5239 itidem
3012 5186 3212 5255 petitus
3240 5196 3369 5241 est:
3404 5189 3643 5260 Ἀνθρω-

2067 5295 2186 5341 πος,
2221 5278 2375 5348 φησι,
2405 5276 2620 5344 λέγεται
2666 5277 2808 5331 κατὰ
2862 5277 3022 5346 φύσιν
3076 5277 3414 5347 ἀληθέστατα
3448 5319 3465 5344 ,
3522 5279 3643 5333 αὖτε

2062 5392 2464 5455 indumentum,
2487 5404 2590 5445 nec
2615 5392 2813 5445 anima:
2831 5400 3078 5444 naturam
3114 5392 3165 5444 in
3194 5403 3427 5458 corpore
3463 5391 3639 5458 ponit,

2062 5462 2369 5515 Platonicos
2412 5461 2512 5515 hac
2564 5461 2616 5515 in
2677 5478 2738 5515 re
2768 5470 3015 5522 secutus.
3052 5462 3514 5529 quemadmodum
3540 5461 3639 5515 ob-

2061 5532 2401 5586 servavimus
2430 5542 2625 5599 quazst.
2658 5538 2691 5585 9
2722 5534 2785 5585 de
2809 5532 3031 5599 angelis,
3067 5546 3214 5584 num.
3244 5532 3292 5585 3.

2135 5602 2246 5672 (59)
2278 5600 2378 5653 Hic
2400 5618 2518 5670 ergo
2541 5604 2766 5669 primum
2800 5600 3039 5669 Origeuis
3072 5604 3294 5672 recitata,
3311 5601 3497 5665 verba,
3527 5612 3631 5672 etc.

2069 5670 2201 5725 Vide
2224 5670 2726 5742 animadversiones
2749 5680 2965 5725 nostras
2999 5675 3050 5723 in
3088 5672 3229 5724 hunc
3267 5671 3527 5742 Origcuis
3556 5671 3632 5726 lo-

2066 5757 2213 5810 cum,
2240 5752 2385 5797 tomo
2413 5757 2449 5807 ι,
2484 5742 2575 5797 lib.
2612 5740 2686 5797 De
2708 5752 3150 5815 resurrert.,p:}g.
3183 5742 3273 5799 35.
