  <div class='ocr_page' id='page_1' title='image "/cluster/home/n/w/nwhite01/storage/ocr_20150623/17/nnc1.0046978615/466.png"; bbox 0 0 3836 6236; ppageno 0'>
   <div class='ocr_carea' id='block_1_1' title="bbox 239 239 348 298">
    <p class='ocr_par' dir='ltr' id='par_1_1' title="bbox 239 239 348 298">
     <span class='ocr_line' id='line_1_1' title="bbox 239 239 348 298; baseline -0.018 0"><span class='ocrx_word' id='word_1_1' title='bbox 239 239 348 298; x_wconf 66' lang='grc'><strong>925</strong></span> 
     </span>
    </p>
   </div>
   <div class='ocr_carea' id='block_1_2' title="bbox 1054 237 2642 309">
    <p class='ocr_par' dir='ltr' id='par_1_2' title="bbox 1054 237 2642 309">
     <span class='ocr_line' id='line_1_2' title="bbox 1054 237 2642 309; baseline -0.005 -10"><span class='ocrx_word' id='word_1_2' title='bbox 1054 240 1629 300; x_wconf 75' lang='lat' dir='ltr'><strong>ORICENIANORUM</strong></span> <span class='ocrx_word' id='word_1_3' title='bbox 1667 242 1798 298; x_wconf 87' lang='lat' dir='ltr'><strong>LlB.</strong></span> <span class='ocrx_word' id='word_1_4' title='bbox 1838 241 1902 309; x_wconf 88' lang='lat' dir='ltr'><strong>ll,</strong></span> <span class='ocrx_word' id='word_1_5' title='bbox 1940 241 2093 297; x_wconf 73' lang='lat' dir='ltr'><strong>CAP.</strong></span> <span class='ocrx_word' id='word_1_6' title='bbox 2135 237 2200 306; x_wconf 81' lang='lat' dir='ltr'><strong>ll,</strong></span> <span class='ocrx_word' id='word_1_7' title='bbox 2239 238 2512 309; x_wconf 66' lang='lat' dir='ltr'><strong>QUEST.</strong></span> <span class='ocrx_word' id='word_1_8' title='bbox 2553 238 2642 292; x_wconf 75' lang='lat' dir='ltr'><strong>V-l.</strong></span> 
     </span>
    </p>
   </div>
   <div class='ocr_carea' id='block_1_3' title="bbox 3368 233 3475 290">
    <p class='ocr_par' dir='ltr' id='par_1_3' title="bbox 3368 233 3475 290">
     <span class='ocr_line' id='line_1_3' title="bbox 3368 233 3475 290; baseline -0.028 0"><span class='ocrx_word' id='word_1_9' title='bbox 3368 233 3475 290; x_wconf 72' lang='lat' dir='ltr'><strong>9H</strong></span> 
     </span>
    </p>
   </div>
   <div class='ocr_carea' id='block_1_4' title="bbox 236 351 1802 433">
    <p class='ocr_par' dir='ltr' id='par_1_4' title="bbox 236 355 1802 433">
     <span class='ocr_line' id='line_1_4' title="bbox 236 355 1802 433; baseline 0.003 -24"><span class='ocrx_word' id='word_1_10' title='bbox 236 357 387 429; x_wconf 77' lang='grc' dir='ltr'><strong>ψυχὴ</strong></span> <span class='ocrx_word' id='word_1_11' title='bbox 411 356 580 428; x_wconf 74' lang='grc' dir='ltr'><strong>χωρὶς</strong></span> <span class='ocrx_word' id='word_1_12' title='bbox 610 373 883 428; x_wconf 81' lang='grc' dir='ltr'>σωματος,</span> <span class='ocrx_word' id='word_1_13' title='bbox 907 357 1019 413; x_wconf 75' lang='grc' dir='ltr'><strong>οὔτ’</strong></span> <span class='ocrx_word' id='word_1_14' title='bbox 1048 355 1115 413; x_wconf 86' lang='grc' dir='ltr'><strong>αὖ</strong></span> <span class='ocrx_word' id='word_1_15' title='bbox 1140 360 1301 415; x_wconf 78' lang='grc' dir='ltr'>πάλιν</span> <span class='ocrx_word' id='word_1_16' title='bbox 1338 361 1497 431; x_wconf 83' lang='grc' dir='ltr'>σῶμα</span> <span class='ocrx_word' id='word_1_17' title='bbox 1526 361 1692 433; x_wconf 81' lang='grc' dir='ltr'>χωρὶς</span> <span class='ocrx_word' id='word_1_18' title='bbox 1718 360 1802 431; x_wconf 76' lang='grc' dir='ltr'><strong>ψυε</strong></span> 
     </span>
    </p>
   </div>
   <div class='ocr_carea' id='block_1_5' title="bbox 1891 351 3477 433">
    <p class='ocr_par' dir='ltr' id='par_1_5' title="bbox 1920 351 3477 426">
     <span class='ocr_line' id='line_1_5' title="bbox 1920 351 3477 426; baseline -0.003 -15"><span class='ocrx_word' id='word_1_19' title='bbox 1920 369 2192 415; x_wconf 67' lang='lat' dir='ltr'><strong>murrea.</strong></span> <span class='ocrx_word' id='word_1_20' title='bbox 2222 358 2417 421; x_wconf 74' lang='lat' dir='ltr'><strong>carnis,</strong></span> <span class='ocrx_word' id='word_1_21' title='bbox 2443 371 2561 426; x_wconf 98' lang='lat' dir='ltr'><strong>cap.</strong></span> <span class='ocrx_word' id='word_1_22' title='bbox 2595 353 2665 409; x_wconf 68' lang='lat'><strong>40</strong></span> <span class='ocrx_word' id='word_1_23' title='bbox 2692 372 2705 409; x_wconf 90' lang='lat'><strong>:</strong></span> <span class='ocrx_word' id='word_1_24' title='bbox 2735 373 2753 406; x_wconf 72' lang='grc' dir='ltr'><strong>ι</strong></span> <span class='ocrx_word' id='word_1_25' title='bbox 2785 353 2966 409; x_wconf 68' lang='lat' dir='ltr'><strong>Nacta:</strong></span> <span class='ocrx_word' id='word_1_26' title='bbox 2991 352 3219 422; x_wconf 91' lang='lat' dir='ltr'><strong>denique</strong></span> <span class='ocrx_word' id='word_1_27' title='bbox 3242 351 3477 407; x_wconf 70' lang='lat' dir='ltr'><strong>haereses</strong></span> 
     </span>
    </p>
   </div>
   <div class='ocr_carea' id='block_1_6' title="bbox 237 447 1815 523">
    <p class='ocr_par' dir='ltr' id='par_1_6' title="bbox 237 447 1815 523">
     <span class='ocr_line' id='line_1_6' title="bbox 237 447 1815 523; baseline -0.003 -21"><span class='ocrx_word' id='word_1_28' title='bbox 237 449 370 520; x_wconf 84' lang='grc' dir='ltr'><strong>χῆς·</strong></span> <span class='ocrx_word' id='word_1_29' title='bbox 402 448 535 501; x_wconf 79' lang='grc' dir='ltr'><strong>ἀλλὰ</strong></span> <span class='ocrx_word' id='word_1_30' title='bbox 575 447 636 500; x_wconf 78' lang='grc' dir='ltr'><strong>τὸ</strong></span> <span class='ocrx_word' id='word_1_31' title='bbox 674 451 739 502; x_wconf 80' lang='grc' dir='ltr'><strong>ὲκ</strong></span> <span class='ocrx_word' id='word_1_32' title='bbox 791 450 1101 515; x_wconf 73' lang='grc' dir='ltr'><strong>συστάσεως</strong></span> <span class='ocrx_word' id='word_1_33' title='bbox 1123 451 1302 522; x_wconf 79' lang='grc' dir='ltr'><strong>ψυχῆς</strong></span> <span class='ocrx_word' id='word_1_34' title='bbox 1331 453 1424 506; x_wconf 74' lang='grc' dir='ltr'>καὶ</span> <span class='ocrx_word' id='word_1_35' title='bbox 1454 452 1703 523; x_wconf 84' lang='grc' dir='ltr'>σώματος</span> <span class='ocrx_word' id='word_1_36' title='bbox 1735 455 1815 519; x_wconf 73' lang='grc' dir='ltr'>εις</span> 
     </span>
    </p>
   </div>
   <div class='ocr_carea' id='block_1_7' title="bbox 241 543 1813 620">
    <p class='ocr_par' dir='ltr' id='par_1_7' title="bbox 241 543 1813 620">
     <span class='ocr_line' id='line_1_7' title="bbox 241 543 1813 620; baseline 0.003 -24"><span class='ocrx_word' id='word_1_37' title='bbox 241 543 370 613; x_wconf 80' lang='grc' dir='ltr'>μίαν</span> <span class='ocrx_word' id='word_1_38' title='bbox 387 544 487 614; x_wconf 81' lang='grc' dir='ltr'><strong>τὴν</strong></span> <span class='ocrx_word' id='word_1_39' title='bbox 508 543 604 596; x_wconf 81' lang='grc' dir='ltr'><strong>τοῦ</strong></span> <span class='ocrx_word' id='word_1_40' title='bbox 642 544 808 599; x_wconf 78' lang='grc' dir='ltr'>καλοῦ</span> <span class='ocrx_word' id='word_1_41' title='bbox 834 544 1047 617; x_wconf 68' lang='grc' dir='ltr'>μορφὴν</span> <span class='ocrx_word' id='word_1_42' title='bbox 1076 548 1328 601; x_wconf 83' lang='grc' dir='ltr'>συντεθέν</span> <span class='ocrx_word' id='word_1_43' title='bbox 1349 566 1362 581; x_wconf 88' lang='grc'><strong>·</strong></span> <span class='ocrx_word' id='word_1_44' title='bbox 1392 552 1421 604; x_wconf 88' lang='grc' dir='ltr'>ὁ</span> <span class='ocrx_word' id='word_1_45' title='bbox 1446 549 1490 602; x_wconf 84' lang='grc' dir='ltr'><strong>δ’</strong></span> <span class='ocrx_word' id='word_1_46' title='bbox 1533 548 1813 620; x_wconf 83' lang='grc' dir='ltr'><strong>Ὠριγένης</strong></span> 
     </span>
    </p>
   </div>
   <div class='ocr_carea' id='block_1_8' title="bbox 233 636 1810 711">
    <p class='ocr_par' dir='ltr' id='par_1_8' title="bbox 233 636 1810 711">
     <span class='ocr_line' id='line_1_8' title="bbox 233 636 1810 711; baseline 0.003 -22"><span class='ocrx_word' id='word_1_47' title='bbox 233 637 335 708; x_wconf 80' lang='grc' dir='ltr'><strong>τὴν</strong></span> <span class='ocrx_word' id='word_1_48' title='bbox 365 636 542 708; x_wconf 77' lang='grc' dir='ltr'>ψυχὴν</span> <span class='ocrx_word' id='word_1_49' title='bbox 603 636 771 709; x_wconf 86' lang='grc' dir='ltr'>μόνην</span> <span class='ocrx_word' id='word_1_50' title='bbox 818 637 1001 705; x_wconf 73' lang='grc' dir='ltr'><strong>ἔλεγεν</strong></span> <span class='ocrx_word' id='word_1_51' title='bbox 1031 639 1348 711; x_wconf 74' lang='grc' dir='ltr'>ἄνθρωπον,</span> <span class='ocrx_word' id='word_1_52' title='bbox 1371 640 1447 703; x_wconf 85' lang='grc' dir='ltr'>ὼς</span> <span class='ocrx_word' id='word_1_53' title='bbox 1494 643 1523 693; x_wconf 85' lang='grc' dir='ltr'>ὁ</span> <span class='ocrx_word' id='word_1_54' title='bbox 1565 639 1810 700; x_wconf 82' lang='grc' dir='ltr'><strong>Πλάτων.</strong></span> 
     </span>
    </p>
   </div>
   <div class='ocr_carea' id='block_1_9' title="bbox 238 728 1811 798">
    <p class='ocr_par' dir='ltr' id='par_1_9' title="bbox 238 728 1811 798">
     <span class='ocr_line' id='line_1_9' title="bbox 238 728 1811 798; baseline 0.004 -17"><span class='ocrx_word' id='word_1_55' title='bbox 238 746 263 781; x_wconf 70' lang='grc' dir='ltr'>ι</span> <span class='ocrx_word' id='word_1_56' title='bbox 286 728 476 793; x_wconf 82' lang='lat' dir='ltr'><strong>Homo,</strong></span> <span class='ocrx_word' id='word_1_57' title='bbox 509 729 705 798; x_wconf 86' lang='lat' dir='ltr'><strong>inquit,</strong></span> <span class='ocrx_word' id='word_1_58' title='bbox 731 744 799 783; x_wconf 89' lang='lat' dir='ltr'><strong>ex</strong></span> <span class='ocrx_word' id='word_1_59' title='bbox 822 738 1019 785; x_wconf 88' lang='lat' dir='ltr'><strong>natura</strong></span> <span class='ocrx_word' id='word_1_60' title='bbox 1051 745 1147 784; x_wconf 80' lang='lat' dir='ltr'><strong>sua</strong></span> <span class='ocrx_word' id='word_1_61' title='bbox 1175 731 1459 786; x_wconf 80' lang='lat' dir='ltr'><strong>verissime</strong></span> <span class='ocrx_word' id='word_1_62' title='bbox 1490 732 1691 786; x_wconf 90' lang='lat' dir='ltr'><strong>dicitur</strong></span> <span class='ocrx_word' id='word_1_63' title='bbox 1714 747 1811 788; x_wconf 84' lang='lat' dir='ltr'><strong>ne-</strong></span> 
     </span>
    </p>
   </div>
   <div class='ocr_carea' id='block_1_10' title="bbox 232 819 1810 894">
    <p class='ocr_par' dir='ltr' id='par_1_10' title="bbox 232 819 1810 894">
     <span class='ocr_line' id='line_1_10' title="bbox 232 819 1810 894; baseline 0.004 -22"><span class='ocrx_word' id='word_1_64' title='bbox 232 833 341 888; x_wconf 87' lang='lat' dir='ltr'><strong>que</strong></span> <span class='ocrx_word' id='word_1_65' title='bbox 362 819 545 873; x_wconf 83' lang='lat' dir='ltr'><strong>anima</strong></span> <span class='ocrx_word' id='word_1_66' title='bbox 578 820 697 874; x_wconf 82' lang='lat' dir='ltr'><strong>sine</strong></span> <span class='ocrx_word' id='word_1_67' title='bbox 726 834 984 889; x_wconf 90' lang='lat' dir='ltr'><strong>corpore,</strong></span> <span class='ocrx_word' id='word_1_68' title='bbox 1016 836 1191 889; x_wconf 92' lang='lat' dir='ltr'><strong>neque</strong></span> <span class='ocrx_word' id='word_1_69' title='bbox 1220 837 1435 878; x_wconf 79' lang='lat' dir='ltr'><strong>rursum</strong></span> <span class='ocrx_word' id='word_1_70' title='bbox 1461 838 1664 894; x_wconf 85' lang='lat' dir='ltr'><strong>corpus</strong></span> <span class='ocrx_word' id='word_1_71' title='bbox 1689 824 1810 880; x_wconf 83' lang='lat' dir='ltr'><strong>sine</strong></span> 
     </span>
    </p>
   </div>
   <div class='ocr_carea' id='block_1_11' title="bbox 230 912 1811 985">
    <p class='ocr_par' dir='ltr' id='par_1_11' title="bbox 230 912 1811 985">
     <span class='ocr_line' id='line_1_11' title="bbox 230 912 1811 985; baseline 0.006 -20"><span class='ocrx_word' id='word_1_72' title='bbox 230 912 451 977; x_wconf 87' lang='lat' dir='ltr'><strong>anima;</strong></span> <span class='ocrx_word' id='word_1_73' title='bbox 495 912 590 967; x_wconf 89' lang='lat' dir='ltr'><strong>sed</strong></span> <span class='ocrx_word' id='word_1_74' title='bbox 618 913 762 981; x_wconf 88' lang='lat' dir='ltr'><strong>quod</strong></span> <span class='ocrx_word' id='word_1_75' title='bbox 812 928 878 967; x_wconf 82' lang='lat' dir='ltr'><strong>ex</strong></span> <span class='ocrx_word' id='word_1_76' title='bbox 906 912 1197 968; x_wconf 91' lang='lat' dir='ltr'><strong>coalitione</strong></span> <span class='ocrx_word' id='word_1_77' title='bbox 1230 916 1427 970; x_wconf 65' lang='lat' dir='ltr'><strong>animas</strong></span> <span class='ocrx_word' id='word_1_78' title='bbox 1473 925 1530 971; x_wconf 91' lang='lat' dir='ltr'><strong>et</strong></span> <span class='ocrx_word' id='word_1_79' title='bbox 1560 918 1811 985; x_wconf 85' lang='lat' dir='ltr'><strong>corporis</strong></span> 
     </span>
    </p>
   </div>
   <div class='ocr_carea' id='block_1_12' title="bbox 230 1002 1806 1077">
    <p class='ocr_par' dir='ltr' id='par_1_12' title="bbox 230 1002 1806 1077">
     <span class='ocr_line' id='line_1_12' title="bbox 230 1002 1806 1077; baseline 0.003 -19"><span class='ocrx_word' id='word_1_80' title='bbox 230 1004 287 1058; x_wconf 92' lang='lat' dir='ltr'><strong>in</strong></span> <span class='ocrx_word' id='word_1_81' title='bbox 311 1019 472 1057; x_wconf 88' lang='lat' dir='ltr'><strong>uuam</strong></span> <span class='ocrx_word' id='word_1_82' title='bbox 502 1003 716 1073; x_wconf 85' lang='lat' dir='ltr'><strong>pulchri</strong></span> <span class='ocrx_word' id='word_1_83' title='bbox 748 1002 977 1058; x_wconf 77' lang='lat' dir='ltr'><strong>formam</strong></span> <span class='ocrx_word' id='word_1_84' title='bbox 1016 1004 1304 1060; x_wconf 83' lang='lat' dir='ltr'><strong>conﬂatur.</strong></span> <span class='ocrx_word' id='word_1_85' title='bbox 1336 1006 1597 1077; x_wconf 79' lang='lat' dir='ltr'><strong>Origenes</strong></span> <span class='ocrx_word' id='word_1_86' title='bbox 1626 1020 1806 1064; x_wconf 88' lang='lat' dir='ltr'><strong>autem</strong></span> 
     </span>
    </p>
   </div>
   <div class='ocr_carea' id='block_1_13' title="bbox 229 1095 1805 1169">
    <p class='ocr_par' dir='ltr' id='par_1_13' title="bbox 229 1095 1805 1169">
     <span class='ocr_line' id='line_1_13' title="bbox 229 1095 1805 1169; baseline 0.006 -20"><span class='ocrx_word' id='word_1_87' title='bbox 229 1096 467 1149; x_wconf 85' lang='lat' dir='ltr'><strong>animam</strong></span> <span class='ocrx_word' id='word_1_88' title='bbox 500 1095 694 1162; x_wconf 90' lang='lat' dir='ltr'><strong>solam,</strong></span> <span class='ocrx_word' id='word_1_89' title='bbox 719 1096 993 1151; x_wconf 84' lang='lat' dir='ltr'><strong>hominem</strong></span> <span class='ocrx_word' id='word_1_90' title='bbox 1019 1112 1140 1153; x_wconf 90' lang='lat' dir='ltr'><strong>esse</strong></span> <span class='ocrx_word' id='word_1_91' title='bbox 1159 1097 1318 1164; x_wconf 89' lang='lat' dir='ltr'><strong>dixit,</strong></span> <span class='ocrx_word' id='word_1_92' title='bbox 1350 1102 1805 1169; x_wconf 78' lang='lat' dir='ltr'><strong>quemadmodum</strong></span> 
     </span>
    </p>
   </div>
   <div class='ocr_carea' id='block_1_14' title="bbox 226 1185 1806 1260">
    <p class='ocr_par' dir='ltr' id='par_1_14' title="bbox 226 1185 1806 1260">
     <span class='ocr_line' id='line_1_14' title="bbox 226 1185 1806 1260; baseline 0.004 -22"><span class='ocrx_word' id='word_1_93' title='bbox 226 1195 282 1239; x_wconf 88' lang='lat' dir='ltr'><strong>et</strong></span> <span class='ocrx_word' id='word_1_94' title='bbox 317 1185 488 1240; x_wconf 90' lang='lat' dir='ltr'><strong>Plato.</strong></span> <span class='ocrx_word' id='word_1_95' title='bbox 520 1205 540 1239; x_wconf 73' lang='grc' dir='ltr'><strong>ι</strong></span> <span class='ocrx_word' id='word_1_96' title='bbox 581 1187 800 1243; x_wconf 87' lang='lat' dir='ltr'><strong>Prostat</strong></span> <span class='ocrx_word' id='word_1_97' title='bbox 824 1187 913 1243; x_wconf 90' lang='lat' dir='ltr'><strong>hic</strong></span> <span class='ocrx_word' id='word_1_98' title='bbox 946 1204 1162 1259; x_wconf 91' lang='lat' dir='ltr'><strong>quoque</strong></span> <span class='ocrx_word' id='word_1_99' title='bbox 1203 1190 1355 1245; x_wconf 90' lang='lat' dir='ltr'><strong>locus</strong></span> <span class='ocrx_word' id='word_1_100' title='bbox 1377 1190 1636 1245; x_wconf 75' lang='lat' dir='ltr'><strong>Methodii</strong></span> <span class='ocrx_word' id='word_1_101' title='bbox 1666 1191 1806 1260; x_wconf 90' lang='lat' dir='ltr'><strong>apud</strong></span> 
     </span>
    </p>
   </div>
   <div class='ocr_carea' id='block_1_15' title="bbox 228 1272 1807 1350">
    <p class='ocr_par' dir='ltr' id='par_1_15' title="bbox 228 1272 1807 1350">
     <span class='ocr_line' id='line_1_15' title="bbox 228 1272 1807 1350; baseline 0.005 -24"><span class='ocrx_word' id='word_1_102' title='bbox 228 1272 588 1344; x_wconf 86' lang='lat' dir='ltr'><strong>Epiphanium</strong></span> <span class='ocrx_word' id='word_1_103' title='bbox 625 1276 820 1333; x_wconf 67' lang='lat' dir='ltr'><strong>haeres.</strong></span> <span class='ocrx_word' id='word_1_104' title='bbox 866 1293 1015 1343; x_wconf 67' lang='lat' dir='ltr'><strong>sxw,</strong></span> <span class='ocrx_word' id='word_1_105' title='bbox 1046 1294 1167 1347; x_wconf 89' lang='lat' dir='ltr'><strong>cap.</strong></span> <span class='ocrx_word' id='word_1_106' title='bbox 1205 1278 1295 1343; x_wconf 77' lang='grc'><strong>17,</strong></span> <span class='ocrx_word' id='word_1_107' title='bbox 1349 1281 1443 1334; x_wconf 87' lang='lat' dir='ltr'><strong>sed</strong></span> <span class='ocrx_word' id='word_1_108' title='bbox 1476 1279 1561 1334; x_wconf 88' lang='lat' dir='ltr'><strong>his</strong></span> <span class='ocrx_word' id='word_1_109' title='bbox 1595 1288 1807 1350; x_wconf 80' lang='lat' dir='ltr'><strong>postre-</strong></span> 
     </span>
    </p>
   </div>
   <div class='ocr_carea' id='block_1_16' title="bbox 225 1367 1805 1444">
    <p class='ocr_par' dir='ltr' id='par_1_16' title="bbox 225 1367 1805 1444">
     <span class='ocr_line' id='line_1_16' title="bbox 225 1367 1805 1444; baseline 0.003 -24"><span class='ocrx_word' id='word_1_110' title='bbox 225 1367 334 1422; x_wconf 86' lang='lat' dir='ltr'><strong>mis</strong></span> <span class='ocrx_word' id='word_1_111' title='bbox 388 1376 671 1423; x_wconf 85' lang='lat' dir='ltr'><strong>truncatus</strong></span> <span class='ocrx_word' id='word_1_112' title='bbox 720 1370 942 1425; x_wconf 83' lang='lat' dir='ltr'><strong>verbis:</strong></span> <span class='ocrx_word' id='word_1_113' title='bbox 987 1371 1043 1425; x_wconf 85' lang='grc' dir='ltr'>Ὀ</span> <span class='ocrx_word' id='word_1_114' title='bbox 1070 1370 1115 1424; x_wconf 83' lang='grc' dir='ltr'><strong>δ’</strong></span> <span class='ocrx_word' id='word_1_115' title='bbox 1166 1370 1447 1443; x_wconf 80' lang='grc' dir='ltr'><strong>Ὠριγένης</strong></span> <span class='ocrx_word' id='word_1_116' title='bbox 1494 1372 1592 1444; x_wconf 82' lang='grc' dir='ltr'><strong>τὴν</strong></span> <span class='ocrx_word' id='word_1_117' title='bbox 1627 1372 1805 1443; x_wconf 81' lang='grc' dir='ltr'>ψυχὴν</span> 
     </span>
    </p>
   </div>
   <div class='ocr_carea' id='block_1_17' title="bbox 228 1454 1804 1533">
    <p class='ocr_par' dir='ltr' id='par_1_17' title="bbox 228 1454 1804 1533">
     <span class='ocr_line' id='line_1_17' title="bbox 228 1454 1804 1533; baseline 0.006 -22"><span class='ocrx_word' id='word_1_118' title='bbox 228 1458 397 1530; x_wconf 85' lang='grc' dir='ltr'>μόνην</span> <span class='ocrx_word' id='word_1_119' title='bbox 419 1458 606 1528; x_wconf 71' lang='grc' dir='ltr'>ἔλεγεν</span> <span class='ocrx_word' id='word_1_120' title='bbox 630 1460 935 1533; x_wconf 76' lang='grc' dir='ltr'>ἄνθρωπον,</span> <span class='ocrx_word' id='word_1_121' title='bbox 961 1462 1037 1527; x_wconf 82' lang='grc' dir='ltr'><strong>ὡς</strong></span> <span class='ocrx_word' id='word_1_122' title='bbox 1065 1464 1093 1516; x_wconf 84' lang='grc' dir='ltr'>ὁ</span> <span class='ocrx_word' id='word_1_123' title='bbox 1121 1454 1367 1519; x_wconf 81' lang='grc' dir='ltr'><strong>Πλάτων.</strong></span> <span class='ocrx_word' id='word_1_124' title='bbox 1409 1465 1558 1519; x_wconf 86' lang='lat' dir='ltr'><strong>Eane</strong></span> <span class='ocrx_word' id='word_1_125' title='bbox 1586 1466 1653 1520; x_wconf 89' lang='lat' dir='ltr'><strong>de</strong></span> <span class='ocrx_word' id='word_1_126' title='bbox 1706 1480 1804 1521; x_wconf 87' lang='lat' dir='ltr'><strong>suo</strong></span> 
     </span>
    </p>
   </div>
   <div class='ocr_carea' id='block_1_18' title="bbox 223 1552 1802 1627">
    <p class='ocr_par' dir='ltr' id='par_1_18' title="bbox 223 1552 1802 1627">
     <span class='ocr_line' id='line_1_18' title="bbox 223 1552 1802 1627; baseline 0.005 -23"><span class='ocrx_word' id='word_1_127' title='bbox 223 1552 495 1607; x_wconf 84' lang='lat' dir='ltr'><strong>addiderit</strong></span> <span class='ocrx_word' id='word_1_128' title='bbox 529 1552 771 1617; x_wconf 84' lang='lat' dir='ltr'><strong>Photius,</strong></span> <span class='ocrx_word' id='word_1_129' title='bbox 810 1569 877 1609; x_wconf 92' lang='lat' dir='ltr'><strong>an</strong></span> <span class='ocrx_word' id='word_1_130' title='bbox 927 1554 1232 1611; x_wconf 76' lang='lat' dir='ltr'><strong>detraxerit</strong></span> <span class='ocrx_word' id='word_1_131' title='bbox 1281 1556 1660 1627; x_wconf 88' lang='lat' dir='ltr'><strong>Epiphanius,</strong></span> <span class='ocrx_word' id='word_1_132' title='bbox 1709 1559 1802 1627; x_wconf 90' lang='lat' dir='ltr'><strong>qui</strong></span> 
     </span>
    </p>
   </div>
   <div class='ocr_carea' id='block_1_19' title="bbox 226 1643 1800 1719">
    <p class='ocr_par' dir='ltr' id='par_1_19' title="bbox 226 1643 1800 1719">
     <span class='ocr_line' id='line_1_19' title="bbox 226 1643 1800 1719; baseline 0.005 -23"><span class='ocrx_word' id='word_1_133' title='bbox 226 1652 397 1697; x_wconf 86' lang='lat' dir='ltr'><strong>totam</strong></span> <span class='ocrx_word' id='word_1_134' title='bbox 435 1643 694 1699; x_wconf 81' lang='lat' dir='ltr'><strong>Methodii</strong></span> <span class='ocrx_word' id='word_1_135' title='bbox 732 1646 1159 1716; x_wconf 85' lang='lat' dir='ltr'><strong>disputationem</strong></span> <span class='ocrx_word' id='word_1_136' title='bbox 1190 1648 1245 1703; x_wconf 91' lang='lat' dir='ltr'><strong>in</strong></span> <span class='ocrx_word' id='word_1_137' title='bbox 1273 1650 1545 1719; x_wconf 89' lang='lat' dir='ltr'><strong>epitomen</strong></span> <span class='ocrx_word' id='word_1_138' title='bbox 1580 1661 1800 1706; x_wconf 86' lang='lat' dir='ltr'><strong>contra-</strong></span> 
     </span>
    </p>
   </div>
   <div class='ocr_carea' id='block_1_20' title="bbox 1915 444 3481 518">
    <p class='ocr_par' dir='ltr' id='par_1_20' title="bbox 1915 444 3481 518">
     <span class='ocr_line' id='line_1_20' title="bbox 1915 444 3481 518; baseline -0.005 -12"><span class='ocrx_word' id='word_1_139' title='bbox 1915 452 2052 507; x_wconf 84' lang='lat' dir='ltr'><strong>duos</strong></span> <span class='ocrx_word' id='word_1_140' title='bbox 2074 451 2318 507; x_wconf 89' lang='lat' dir='ltr'><strong>homines</strong></span> <span class='ocrx_word' id='word_1_141' title='bbox 2350 451 2418 506; x_wconf 91' lang='lat' dir='ltr'><strong>ab</strong></span> <span class='ocrx_word' id='word_1_142' title='bbox 2450 448 2711 518; x_wconf 74' lang='lat' dir='ltr'><strong>Apostolo</strong></span> <span class='ocrx_word' id='word_1_143' title='bbox 2734 448 2933 512; x_wconf 88' lang='lat' dir='ltr'><strong>editos,</strong></span> <span class='ocrx_word' id='word_1_144' title='bbox 2959 447 3288 509; x_wconf 82' lang='lat' dir='ltr'><strong>interiorem,</strong></span> <span class='ocrx_word' id='word_1_145' title='bbox 3321 444 3374 499; x_wconf 91' lang='lat' dir='ltr'><strong>id</strong></span> <span class='ocrx_word' id='word_1_146' title='bbox 3397 454 3481 499; x_wconf 90' lang='lat' dir='ltr'><strong>est</strong></span> 
     </span>
    </p>
   </div>
   <div class='ocr_carea' id='block_1_21' title="bbox 1916 533 3479 609">
    <p class='ocr_par' dir='ltr' id='par_1_21' title="bbox 1916 533 3479 609">
     <span class='ocr_line' id='line_1_21' title="bbox 1916 533 3479 609; baseline -0.006 -12"><span class='ocrx_word' id='word_1_147' title='bbox 1916 542 2189 609; x_wconf 89' lang='lat' dir='ltr'><strong>animam;</strong></span> <span class='ocrx_word' id='word_1_148' title='bbox 2228 551 2279 596; x_wconf 91' lang='lat' dir='ltr'><strong>et</strong></span> <span class='ocrx_word' id='word_1_149' title='bbox 2330 540 2676 605; x_wconf 79' lang='lat' dir='ltr'><strong>exteriorem,</strong></span> <span class='ocrx_word' id='word_1_150' title='bbox 2718 538 2772 593; x_wconf 89' lang='lat' dir='ltr'><strong>id</strong></span> <span class='ocrx_word' id='word_1_151' title='bbox 2809 546 2893 594; x_wconf 89' lang='lat' dir='ltr'><strong>est</strong></span> <span class='ocrx_word' id='word_1_152' title='bbox 2939 551 3193 603; x_wconf 87' lang='lat' dir='ltr'><strong>carnem;</strong></span> <span class='ocrx_word' id='word_1_153' title='bbox 3250 533 3479 589; x_wconf 86' lang='lat' dir='ltr'><strong>salutem</strong></span> 
     </span>
    </p>
   </div>
   <div class='ocr_carea' id='block_1_22' title="bbox 1912 622 3529 705">
    <p class='ocr_par' dir='ltr' id='par_1_22' title="bbox 1912 622 3529 705">
     <span class='ocr_line' id='line_1_22' title="bbox 1912 622 3529 705; baseline -0.005 -18"><span class='ocrx_word' id='word_1_154' title='bbox 1912 634 2128 705; x_wconf 87' lang='lat' dir='ltr'><strong>quidem</strong></span> <span class='ocrx_word' id='word_1_155' title='bbox 2150 633 2366 701; x_wconf 58' lang='lat' dir='ltr'><strong>anime,</strong></span> <span class='ocrx_word' id='word_1_156' title='bbox 2395 633 2447 688; x_wconf 93' lang='lat' dir='ltr'><strong>id</strong></span> <span class='ocrx_word' id='word_1_157' title='bbox 2474 644 2556 688; x_wconf 92' lang='lat' dir='ltr'><strong>est</strong></span> <span class='ocrx_word' id='word_1_158' title='bbox 2578 632 2819 687; x_wconf 91' lang='lat' dir='ltr'><strong>interiori</strong></span> <span class='ocrx_word' id='word_1_159' title='bbox 2840 630 3043 687; x_wconf 92' lang='lat' dir='ltr'><strong>homini</strong></span> <span class='ocrx_word' id='word_1_160' title='bbox 3066 646 3080 695; x_wconf 89' lang='lat'><strong>;</strong></span> <span class='ocrx_word' id='word_1_161' title='bbox 3104 628 3327 683; x_wconf 83' lang='lat' dir='ltr'><strong>exitium</strong></span> <span class='ocrx_word' id='word_1_162' title='bbox 3345 640 3491 681; x_wconf 89' lang='lat' dir='ltr'><strong>vero-</strong></span> <span class='ocrx_word' id='word_1_163' title='bbox 3526 622 3529 625; x_wconf 34' lang='grc' dir='ltr'><strong><em>λ</em></strong></span> 
     </span>
    </p>
   </div>
   <div class='ocr_carea' id='block_1_23' title="bbox 1913 719 3473 795">
    <p class='ocr_par' dir='ltr' id='par_1_23' title="bbox 1913 719 3473 795">
     <span class='ocr_line' id='line_1_23' title="bbox 1913 719 3473 795; baseline -0.006 -13"><span class='ocrx_word' id='word_1_164' title='bbox 1913 727 2084 795; x_wconf 90' lang='lat' dir='ltr'><strong>carni,</strong></span> <span class='ocrx_word' id='word_1_165' title='bbox 2114 727 2165 781; x_wconf 91' lang='lat' dir='ltr'><strong>id</strong></span> <span class='ocrx_word' id='word_1_166' title='bbox 2194 724 2552 781; x_wconf 84' lang='lat' dir='ltr'><strong>estexteriori</strong></span> <span class='ocrx_word' id='word_1_167' title='bbox 2580 723 3045 794; x_wconf 90' lang='lat' dir='ltr'><strong>adjudicaverunt,</strong></span> <span class='ocrx_word' id='word_1_168' title='bbox 3069 722 3195 790; x_wconf 92' lang='lat' dir='ltr'><strong>quia</strong></span> <span class='ocrx_word' id='word_1_169' title='bbox 3212 719 3473 788; x_wconf 89' lang='lat' dir='ltr'><strong>scriptum</strong></span> 
     </span>
    </p>
   </div>
   <div class='ocr_carea' id='block_1_24' title="bbox 1912 812 3475 874">
    <p class='ocr_par' dir='ltr' id='par_1_24' title="bbox 1912 812 3475 874">
     <span class='ocr_line' id='line_1_24' title="bbox 1912 812 3475 874; baseline -0.009 0"><span class='ocrx_word' id='word_1_170' title='bbox 1912 818 1981 874; x_wconf 88' lang='lat' dir='ltr'><strong>sit</strong></span> <span class='ocrx_word' id='word_1_171' title='bbox 2001 818 2333 873; x_wconf 89' lang='lat' dir='ltr'><strong>Corinthiis:</strong></span> <span class='ocrx_word' id='word_1_172' title='bbox 2375 815 2519 870; x_wconf 85' lang='lat' dir='ltr'><strong>Nam</strong></span> <span class='ocrx_word' id='word_1_173' title='bbox 2560 815 2657 871; x_wconf 80' lang='lat' dir='ltr'><strong>etsi</strong></span> <span class='ocrx_word' id='word_1_174' title='bbox 2693 815 2845 869; x_wconf 79' lang='lat' dir='ltr'><strong>homo</strong></span> <span class='ocrx_word' id='word_1_175' title='bbox 2885 822 3060 867; x_wconf 81' lang='lat' dir='ltr'><strong>noster</strong></span> <span class='ocrx_word' id='word_1_176' title='bbox 3083 812 3314 865; x_wconf 76' lang='lat' dir='ltr'><strong>exterior</strong></span> <span class='ocrx_word' id='word_1_177' title='bbox 3354 826 3475 864; x_wconf 78' lang='lat' dir='ltr'><strong>eor-</strong></span> 
     </span>
    </p>
   </div>
   <div class='ocr_carea' id='block_1_25' title="bbox 1913 900 3476 978">
    <p class='ocr_par' dir='ltr' id='par_1_25' title="bbox 1913 900 3476 978">
     <span class='ocr_line' id='line_1_25' title="bbox 1913 900 3476 978; baseline -0.003 -16"><span class='ocrx_word' id='word_1_178' title='bbox 1913 916 2195 978; x_wconf 83' lang='lat' dir='ltr'><strong>rumpitur,</strong></span> <span class='ocrx_word' id='word_1_179' title='bbox 2214 912 2303 965; x_wconf 75' lang='lat' dir='ltr'><strong>sed</strong></span> <span class='ocrx_word' id='word_1_180' title='bbox 2326 910 2548 965; x_wconf 82' lang='lat' dir='ltr'><strong>interior</strong></span> <span class='ocrx_word' id='word_1_181' title='bbox 2562 917 2841 961; x_wconf 78' lang='lat' dir='ltr'><strong>renovatur</strong></span> <span class='ocrx_word' id='word_1_182' title='bbox 2856 905 2919 960; x_wconf 81' lang='lat' dir='ltr'><strong>de</strong></span> <span class='ocrx_word' id='word_1_183' title='bbox 2940 905 3024 958; x_wconf 83' lang='lat' dir='ltr'><strong>die</strong></span> <span class='ocrx_word' id='word_1_184' title='bbox 3047 912 3095 958; x_wconf 84' lang='lat' dir='ltr'><strong>et</strong></span> <span class='ocrx_word' id='word_1_185' title='bbox 3113 903 3197 958; x_wconf 87' lang='lat' dir='ltr'><strong>die</strong></span> <span class='ocrx_word' id='word_1_186' title='bbox 3212 904 3280 958; x_wconf 81' lang='lat'><strong>&quot;.</strong></span> <span class='ocrx_word' id='word_1_187' title='bbox 3305 900 3476 957; x_wconf 86' lang='lat' dir='ltr'><strong>Porro</strong></span> 
     </span>
    </p>
   </div>
   <div class='ocr_carea' id='block_1_26' title="bbox 1911 994 3471 1073">
    <p class='ocr_par' dir='ltr' id='par_1_26' title="bbox 1911 994 3471 1073">
     <span class='ocr_line' id='line_1_26' title="bbox 1911 994 3471 1073; baseline -0.009 -13"><span class='ocrx_word' id='word_1_188' title='bbox 1911 1020 2011 1060; x_wconf 93' lang='lat' dir='ltr'><strong>nec</strong></span> <span class='ocrx_word' id='word_1_189' title='bbox 2043 1005 2220 1058; x_wconf 88' lang='lat' dir='ltr'><strong>anima</strong></span> <span class='ocrx_word' id='word_1_190' title='bbox 2243 1017 2339 1073; x_wconf 87' lang='lat' dir='ltr'><strong>per</strong></span> <span class='ocrx_word' id='word_1_191' title='bbox 2362 1000 2705 1070; x_wconf 89' lang='lat' dir='ltr'><strong>semetipsam</strong></span> <span class='ocrx_word' id='word_1_192' title='bbox 2728 999 2910 1063; x_wconf 90' lang='lat' dir='ltr'><strong>homo,</strong></span> <span class='ocrx_word' id='word_1_193' title='bbox 2939 1011 3057 1067; x_wconf 69' lang='lat' dir='ltr'><strong>quae</strong></span> <span class='ocrx_word' id='word_1_194' title='bbox 3086 995 3339 1065; x_wconf 75' lang='lat' dir='ltr'><strong>figmento</strong></span> <span class='ocrx_word' id='word_1_195' title='bbox 3359 994 3471 1065; x_wconf 88' lang='lat' dir='ltr'><strong>jam</strong></span> 
     </span>
    </p>
   </div>
   <div class='ocr_carea' id='block_1_27' title="bbox 1911 1086 3473 1165">
    <p class='ocr_par' dir='ltr' id='par_1_27' title="bbox 1911 1086 3473 1165">
     <span class='ocr_line' id='line_1_27' title="bbox 1911 1086 3473 1165; baseline -0.006 -14"><span class='ocrx_word' id='word_1_196' title='bbox 1911 1095 2117 1151; x_wconf 91' lang='lat' dir='ltr'><strong>homini</strong></span> <span class='ocrx_word' id='word_1_197' title='bbox 2146 1094 2411 1165; x_wconf 88' lang='lat' dir='ltr'><strong>appellato</strong></span> <span class='ocrx_word' id='word_1_198' title='bbox 2438 1102 2624 1163; x_wconf 87' lang='lat' dir='ltr'><strong>postea</strong></span> <span class='ocrx_word' id='word_1_199' title='bbox 2649 1091 2854 1145; x_wconf 92' lang='lat' dir='ltr'><strong>inserta</strong></span> <span class='ocrx_word' id='word_1_200' title='bbox 2888 1096 2972 1143; x_wconf 89' lang='lat' dir='ltr'><strong>est</strong></span> <span class='ocrx_word' id='word_1_201' title='bbox 2997 1104 3013 1151; x_wconf 89' lang='lat'><strong>;</strong></span> <span class='ocrx_word' id='word_1_202' title='bbox 3065 1101 3164 1142; x_wconf 92' lang='lat' dir='ltr'><strong>nec</strong></span> <span class='ocrx_word' id='word_1_203' title='bbox 3194 1102 3323 1142; x_wconf 89' lang='lat' dir='ltr'><strong>caro</strong></span> <span class='ocrx_word' id='word_1_204' title='bbox 3352 1086 3473 1141; x_wconf 89' lang='lat' dir='ltr'><strong>sine</strong></span> 
     </span>
    </p>
   </div>
   <div class='ocr_carea' id='block_1_28' title="bbox 1910 1178 3475 1255">
    <p class='ocr_par' dir='ltr' id='par_1_28' title="bbox 1910 1178 3475 1255">
     <span class='ocr_line' id='line_1_28' title="bbox 1910 1178 3475 1255; baseline -0.006 -13"><span class='ocrx_word' id='word_1_205' title='bbox 1910 1189 2087 1242; x_wconf 90' lang='lat' dir='ltr'><strong>anima</strong></span> <span class='ocrx_word' id='word_1_206' title='bbox 2118 1188 2297 1253; x_wconf 92' lang='lat' dir='ltr'><strong>homo,</strong></span> <span class='ocrx_word' id='word_1_207' title='bbox 2326 1201 2445 1255; x_wconf 72' lang='lat' dir='ltr'><strong>quae</strong></span> <span class='ocrx_word' id='word_1_208' title='bbox 2473 1192 2592 1254; x_wconf 86' lang='lat' dir='ltr'><strong>post</strong></span> <span class='ocrx_word' id='word_1_209' title='bbox 2619 1181 2868 1238; x_wconf 78' lang='lat' dir='ltr'><strong>exsilium</strong></span> <span class='ocrx_word' id='word_1_210' title='bbox 2900 1180 3094 1235; x_wconf 72' lang='lat' dir='ltr'><strong>anima:</strong></span> <span class='ocrx_word' id='word_1_211' title='bbox 3131 1178 3363 1234; x_wconf 85' lang='lat' dir='ltr'><strong>cadaver</strong></span> <span class='ocrx_word' id='word_1_212' title='bbox 3391 1178 3475 1232; x_wconf 88' lang='lat' dir='ltr'><strong>in-</strong></span> 
     </span>
    </p>
   </div>
   <div class='ocr_carea' id='block_1_29' title="bbox 1906 1269 3473 1340">
    <p class='ocr_par' dir='ltr' id='par_1_29' title="bbox 1906 1269 3473 1340">
     <span class='ocr_line' id='line_1_29' title="bbox 1906 1269 3473 1340; baseline -0.006 -6"><span class='ocrx_word' id='word_1_213' title='bbox 1906 1279 2185 1334; x_wconf 83' lang='lat' dir='ltr'><strong>scribitur.</strong></span> <span class='ocrx_word' id='word_1_214' title='bbox 2228 1298 2246 1331; x_wconf 69' lang='lat' dir='ltr'><strong>i</strong></span> <span class='ocrx_word' id='word_1_215' title='bbox 2272 1277 2366 1331; x_wconf 79' lang='lat' dir='ltr'><strong>llis</strong></span> <span class='ocrx_word' id='word_1_216' title='bbox 2405 1274 2675 1331; x_wconf 77' lang='lat' dir='ltr'><strong>haereticis</strong></span> <span class='ocrx_word' id='word_1_217' title='bbox 2697 1287 2949 1328; x_wconf 87' lang='lat' dir='ltr'><strong>assensus</strong></span> <span class='ocrx_word' id='word_1_218' title='bbox 2981 1282 3065 1327; x_wconf 86' lang='lat' dir='ltr'><strong>est</strong></span> <span class='ocrx_word' id='word_1_219' title='bbox 3107 1269 3393 1340; x_wconf 75' lang='lat' dir='ltr'><strong>Origenes,</strong></span> <span class='ocrx_word' id='word_1_220' title='bbox 3416 1277 3473 1325; x_wconf 84' lang='lat' dir='ltr'><strong>et</strong></span> 
     </span>
    </p>
   </div>
   <div class='ocr_carea' id='block_1_30' title="bbox 1907 1360 3473 1440">
    <p class='ocr_par' dir='ltr' id='par_1_30' title="bbox 1907 1360 3473 1440">
     <span class='ocr_line' id='line_1_30' title="bbox 1907 1360 3473 1440; baseline -0.004 -17"><span class='ocrx_word' id='word_1_221' title='bbox 1907 1378 2030 1440; x_wconf 91' lang='lat' dir='ltr'><strong>post</strong></span> <span class='ocrx_word' id='word_1_222' title='bbox 2049 1369 2334 1438; x_wconf 84' lang='lat' dir='ltr'><strong>Origenem</strong></span> <span class='ocrx_word' id='word_1_223' title='bbox 2356 1366 2626 1422; x_wconf 86' lang='lat' dir='ltr'><strong>Arnobius</strong></span> <span class='ocrx_word' id='word_1_224' title='bbox 2655 1365 2746 1419; x_wconf 90' lang='lat' dir='ltr'><strong>lib.</strong></span> <span class='ocrx_word' id='word_1_225' title='bbox 2778 1380 2816 1419; x_wconf 87' lang='grc' dir='ltr'>ιι</span> <span class='ocrx_word' id='word_1_226' title='bbox 2835 1364 3051 1418; x_wconf 77' lang='lat' dir='ltr'><strong>Aduers.</strong></span> <span class='ocrx_word' id='word_1_227' title='bbox 3071 1374 3208 1432; x_wconf 84' lang='lat' dir='ltr'><strong>gent.</strong></span> <span class='ocrx_word' id='word_1_228' title='bbox 3235 1378 3255 1419; x_wconf 90' lang='lat'><strong><em>:</em></strong></span> <span class='ocrx_word' id='word_1_229' title='bbox 3282 1380 3301 1413; x_wconf 71' lang='grc' dir='ltr'><strong>ο</strong></span> <span class='ocrx_word' id='word_1_230' title='bbox 3332 1360 3473 1428; x_wconf 86' lang='lat' dir='ltr'><strong>Quid</strong></span> 
     </span>
    </p>
   </div>
   <div class='ocr_carea' id='block_1_31' title="bbox 1905 1455 3471 1529">
    <p class='ocr_par' dir='ltr' id='par_1_31' title="bbox 1905 1455 3471 1529">
     <span class='ocr_line' id='line_1_31' title="bbox 1905 1455 3471 1529; baseline -0.008 -8"><span class='ocrx_word' id='word_1_231' title='bbox 1905 1465 2049 1522; x_wconf 85' lang='lat' dir='ltr'><strong>enim</strong></span> <span class='ocrx_word' id='word_1_232' title='bbox 2078 1478 2262 1517; x_wconf 92' lang='lat' dir='ltr'><strong>sumus</strong></span> <span class='ocrx_word' id='word_1_233' title='bbox 2297 1461 2565 1525; x_wconf 87' lang='lat' dir='ltr'><strong>homines,</strong></span> <span class='ocrx_word' id='word_1_234' title='bbox 2602 1458 2796 1529; x_wconf 88' lang='lat' dir='ltr'><strong>inquit,</strong></span> <span class='ocrx_word' id='word_1_235' title='bbox 2832 1458 2937 1512; x_wconf 90' lang='lat' dir='ltr'><strong>nisi</strong></span> <span class='ocrx_word' id='word_1_236' title='bbox 2985 1457 3181 1511; x_wconf 59' lang='lat' dir='ltr'><strong>animae</strong></span> <span class='ocrx_word' id='word_1_237' title='bbox 3226 1455 3471 1524; x_wconf 84' lang='lat' dir='ltr'><strong>corpori-</strong></span> 
     </span>
    </p>
   </div>
   <div class='ocr_carea' id='block_1_32' title="bbox 1906 1548 3471 1621">
    <p class='ocr_par' dir='ltr' id='par_1_32' title="bbox 1906 1548 3471 1621">
     <span class='ocr_line' id='line_1_32' title="bbox 1906 1548 3471 1621; baseline -0.006 -9"><span class='ocrx_word' id='word_1_238' title='bbox 1906 1556 2008 1612; x_wconf 90' lang='lat' dir='ltr'><strong>bus</strong></span> <span class='ocrx_word' id='word_1_239' title='bbox 2034 1554 2267 1609; x_wconf 62' lang='lat' dir='ltr'><strong>clausaa?</strong></span> <span class='ocrx_word' id='word_1_240' title='bbox 2295 1574 2315 1606; x_wconf 76' lang='grc' dir='ltr'><strong>ι</strong></span> <span class='ocrx_word' id='word_1_241' title='bbox 2347 1562 2402 1609; x_wconf 93' lang='lat' dir='ltr'><strong>et</strong></span> <span class='ocrx_word' id='word_1_242' title='bbox 2433 1551 2600 1605; x_wconf 89' lang='lat' dir='ltr'><strong>multo</strong></span> <span class='ocrx_word' id='word_1_243' title='bbox 2639 1559 2764 1621; x_wconf 90' lang='lat' dir='ltr'><strong>post</strong></span> <span class='ocrx_word' id='word_1_244' title='bbox 2799 1549 2949 1620; x_wconf 92' lang='lat' dir='ltr'><strong>llugo</strong></span> <span class='ocrx_word' id='word_1_245' title='bbox 2970 1564 2999 1603; x_wconf 92' lang='lat' dir='ltr'><strong>a</strong></span> <span class='ocrx_word' id='word_1_246' title='bbox 3023 1548 3226 1605; x_wconf 85' lang='lat' dir='ltr'><strong>Sancto</strong></span> <span class='ocrx_word' id='word_1_247' title='bbox 3253 1548 3471 1603; x_wconf 83' lang='lat' dir='ltr'><strong>Victore</strong></span> 
     </span>
    </p>
   </div>
   <div class='ocr_carea' id='block_1_33' title="bbox 1909 1641 3469 1715">
    <p class='ocr_par' dir='ltr' id='par_1_33' title="bbox 1909 1641 3469 1715">
     <span class='ocr_line' id='line_1_33' title="bbox 1909 1641 3469 1715; baseline -0.003 -13"><span class='ocrx_word' id='word_1_248' title='bbox 1909 1648 2002 1703; x_wconf 92' lang='lat' dir='ltr'><strong>lib.</strong></span> <span class='ocrx_word' id='word_1_249' title='bbox 2020 1665 2059 1704; x_wconf 84' lang='grc' dir='ltr'><strong>ιι</strong></span> <span class='ocrx_word' id='word_1_250' title='bbox 2094 1648 2173 1702; x_wconf 86' lang='lat' dir='ltr'><strong>De</strong></span> <span class='ocrx_word' id='word_1_251' title='bbox 2190 1654 2505 1702; x_wconf 77' lang='lat' dir='ltr'><strong>sacrament.</strong></span> <span class='ocrx_word' id='word_1_252' title='bbox 2529 1646 2675 1715; x_wconf 79' lang='lat' dir='ltr'><strong>ﬁdei,</strong></span> <span class='ocrx_word' id='word_1_253' title='bbox 2706 1654 2843 1714; x_wconf 90' lang='lat' dir='ltr'><strong>part.</strong></span> <span class='ocrx_word' id='word_1_254' title='bbox 2866 1659 2904 1707; x_wconf 88' lang='lat' dir='ltr'><strong>l,</strong></span> <span class='ocrx_word' id='word_1_255' title='bbox 2931 1658 3055 1712; x_wconf 88' lang='lat' dir='ltr'><strong>cap.</strong></span> <span class='ocrx_word' id='word_1_256' title='bbox 3074 1641 3163 1707; x_wconf 76' lang='lat' dir='ltr'><strong>li,</strong></span> <span class='ocrx_word' id='word_1_257' title='bbox 3187 1656 3308 1695; x_wconf 92' lang='lat' dir='ltr'><strong>cum</strong></span> <span class='ocrx_word' id='word_1_258' title='bbox 3340 1656 3469 1711; x_wconf 92' lang='lat' dir='ltr'><strong>pro-</strong></span> 
     </span>
    </p>
   </div>
   <div class='ocr_carea' id='block_1_34' title="bbox 221 1714 3469 1815">
    <p class='ocr_par' dir='ltr' id='par_1_34' title="bbox 221 1714 3469 1815">
     <span class='ocr_line' id='line_1_34' title="bbox 221 1714 3469 1815; baseline -0.001 -27"><span class='ocrx_word' id='word_1_259' title='bbox 221 1735 325 1801; x_wconf 88' lang='lat' dir='ltr'><strong>xit,</strong></span> <span class='ocrx_word' id='word_1_260' title='bbox 361 1735 507 1791; x_wconf 92' lang='lat' dir='ltr'><strong>dictu</strong></span> <span class='ocrx_word' id='word_1_261' title='bbox 546 1736 707 1792; x_wconf 82' lang='lat' dir='ltr'><strong>facile</strong></span> <span class='ocrx_word' id='word_1_262' title='bbox 744 1714 850 1793; x_wconf 83' lang='lat' dir='ltr'><strong>non</strong></span> <span class='ocrx_word' id='word_1_263' title='bbox 902 1750 1007 1795; x_wconf 90' lang='lat' dir='ltr'><strong>est.</strong></span> <span class='ocrx_word' id='word_1_264' title='bbox 1042 1738 1197 1793; x_wconf 83' lang='lat' dir='ltr'><strong>Adde</strong></span> <span class='ocrx_word' id='word_1_265' title='bbox 1228 1714 1326 1810; x_wconf 81' lang='lat' dir='ltr'><strong>pro</strong></span> <span class='ocrx_word' id='word_1_266' title='bbox 1373 1756 1463 1806; x_wconf 92' lang='lat' dir='ltr'><strong>eo,</strong></span> <span class='ocrx_word' id='word_1_267' title='bbox 1492 1743 1522 1795; x_wconf 80' lang='grc' dir='ltr'>ὁ</span> <span class='ocrx_word' id='word_1_268' title='bbox 1565 1741 1610 1796; x_wconf 87' lang='grc' dir='ltr'><strong>δ’</strong></span> <span class='ocrx_word' id='word_1_269' title='bbox 1654 1742 1797 1815; x_wconf 80' lang='grc' dir='ltr'><strong>Ὠρι-</strong></span> <span class='ocrx_word' id='word_1_270' title='bbox 1828 1714 1873 1771; x_wconf 73' lang='grc' dir='ltr'><strong>Β</strong></span> <span class='ocrx_word' id='word_1_271' title='bbox 1900 1740 2034 1795; x_wconf 87' lang='lat' dir='ltr'><strong>bare</strong></span> <span class='ocrx_word' id='word_1_272' title='bbox 2059 1739 2220 1795; x_wconf 83' lang='lat' dir='ltr'><strong>vellet</strong></span> <span class='ocrx_word' id='word_1_273' title='bbox 2251 1746 2363 1793; x_wconf 87' lang='lat' dir='ltr'><strong>toto</strong></span> <span class='ocrx_word' id='word_1_274' title='bbox 2405 1737 2497 1791; x_wconf 92' lang='lat' dir='ltr'><strong>illo</strong></span> <span class='ocrx_word' id='word_1_275' title='bbox 2538 1736 2716 1791; x_wconf 81' lang='lat' dir='ltr'><strong>triduo</strong></span> <span class='ocrx_word' id='word_1_276' title='bbox 2748 1749 2857 1804; x_wconf 90' lang='lat' dir='ltr'><strong>quo</strong></span> <span class='ocrx_word' id='word_1_277' title='bbox 2892 1732 3147 1789; x_wconf 87' lang='lat' dir='ltr'><strong>Christus</strong></span> <span class='ocrx_word' id='word_1_278' title='bbox 3194 1732 3364 1803; x_wconf 88' lang='lat' dir='ltr'><strong>jacuit</strong></span> <span class='ocrx_word' id='word_1_279' title='bbox 3413 1732 3469 1787; x_wconf 92' lang='lat' dir='ltr'><strong>in</strong></span> 
     </span>
    </p>
   </div>
   <div class='ocr_carea' id='block_1_35' title="bbox 216 1826 1793 1904">
    <p class='ocr_par' dir='ltr' id='par_1_35' title="bbox 216 1826 1793 1904">
     <span class='ocr_line' id='line_1_35' title="bbox 216 1826 1793 1904; baseline 0.004 -22"><span class='ocrx_word' id='word_1_280' title='bbox 216 1826 405 1897; x_wconf 74' lang='grc' dir='ltr'><strong>γὲνης,</strong></span> <span class='ocrx_word' id='word_1_281' title='bbox 429 1836 764 1884; x_wconf 79' lang='lat' dir='ltr'><strong>contrariam</strong></span> <span class='ocrx_word' id='word_1_282' title='bbox 814 1830 1105 1887; x_wconf 88' lang='lat' dir='ltr'><strong>lectionem</strong></span> <span class='ocrx_word' id='word_1_283' title='bbox 1153 1832 1477 1889; x_wconf 89' lang='lat' dir='ltr'><strong>Photianum</strong></span> <span class='ocrx_word' id='word_1_284' title='bbox 1509 1837 1793 1904; x_wconf 87' lang='lat' dir='ltr'><strong>quemdam</strong></span> 
     </span>
    </p>
   </div>
   <div class='ocr_carea' id='block_1_36' title="bbox 217 1920 1796 1999">
    <p class='ocr_par' dir='ltr' id='par_1_36' title="bbox 217 1920 1796 1999">
     <span class='ocr_line' id='line_1_36' title="bbox 217 1920 1796 1999; baseline 0.006 -25"><span class='ocrx_word' id='word_1_285' title='bbox 217 1920 459 1975; x_wconf 86' lang='lat' dir='ltr'><strong>codicem</strong></span> <span class='ocrx_word' id='word_1_286' title='bbox 483 1920 776 1987; x_wconf 80' lang='lat' dir='ltr'><strong>exhibere;</strong></span> <span class='ocrx_word' id='word_1_287' title='bbox 807 1937 925 1976; x_wconf 91' lang='lat' dir='ltr'><strong>eam</strong></span> <span class='ocrx_word' id='word_1_288' title='bbox 949 1923 1176 1989; x_wconf 90' lang='lat' dir='ltr'><strong>scilicet,</strong></span> <span class='ocrx_word' id='word_1_289' title='bbox 1210 1925 1318 1979; x_wconf 84' lang='grc' dir='ltr'>οὐδ’</span> <span class='ocrx_word' id='word_1_290' title='bbox 1361 1926 1658 1999; x_wconf 85' lang='grc' dir='ltr'><strong>Ὠριγένης.</strong></span> <span class='ocrx_word' id='word_1_291' title='bbox 1685 1927 1796 1984; x_wconf 88' lang='lat' dir='ltr'><strong>Nec</strong></span> 
     </span>
    </p>
   </div>
   <div class='ocr_carea' id='block_1_37' title="bbox 218 2010 1793 2089">
    <p class='ocr_par' dir='ltr' id='par_1_37' title="bbox 218 2010 1793 2089">
     <span class='ocr_line' id='line_1_37' title="bbox 218 2010 1793 2089; baseline 0.006 -26"><span class='ocrx_word' id='word_1_292' title='bbox 218 2010 419 2065; x_wconf 85' lang='lat' dir='ltr'><strong>mirum</strong></span> <span class='ocrx_word' id='word_1_293' title='bbox 446 2010 587 2066; x_wconf 85' lang='lat' dir='ltr'><strong>foret</strong></span> <span class='ocrx_word' id='word_1_294' title='bbox 624 2026 655 2065; x_wconf 88' lang='lat' dir='ltr'><strong>a</strong></span> <span class='ocrx_word' id='word_1_295' title='bbox 710 2011 938 2070; x_wconf 85' lang='lat' dir='ltr'><strong>Platone</strong></span> <span class='ocrx_word' id='word_1_296' title='bbox 986 2014 1277 2085; x_wconf 89' lang='lat' dir='ltr'><strong>Origeuem</strong></span> <span class='ocrx_word' id='word_1_297' title='bbox 1321 2018 1597 2086; x_wconf 89' lang='lat' dir='ltr'><strong>recedere,</strong></span> <span class='ocrx_word' id='word_1_298' title='bbox 1633 2034 1793 2089; x_wconf 88' lang='lat' dir='ltr'><strong>quem</strong></span> 
     </span>
    </p>
   </div>
   <div class='ocr_carea' id='block_1_38' title="bbox 213 2100 1791 2179">
    <p class='ocr_par' dir='ltr' id='par_1_38' title="bbox 213 2100 1791 2179">
     <span class='ocr_line' id='line_1_38' title="bbox 213 2100 1791 2179; baseline 0.008 -26"><span class='ocrx_word' id='word_1_299' title='bbox 213 2100 289 2154; x_wconf 87' lang='lat' dir='ltr'><strong>ab</strong></span> <span class='ocrx_word' id='word_1_300' title='bbox 310 2102 499 2156; x_wconf 90' lang='lat' dir='ltr'><strong>eodem</strong></span> <span class='ocrx_word' id='word_1_301' title='bbox 536 2105 834 2160; x_wconf 89' lang='lat' dir='ltr'><strong>recessisse</strong></span> <span class='ocrx_word' id='word_1_302' title='bbox 869 2120 997 2159; x_wconf 90' lang='lat' dir='ltr'><strong>mox</strong></span> <span class='ocrx_word' id='word_1_303' title='bbox 1028 2106 1286 2174; x_wconf 80' lang='lat' dir='ltr'><strong>vidimus,</strong></span> <span class='ocrx_word' id='word_1_304' title='bbox 1320 2123 1441 2163; x_wconf 92' lang='lat' dir='ltr'><strong>cum</strong></span> <span class='ocrx_word' id='word_1_305' title='bbox 1472 2111 1539 2164; x_wconf 91' lang='lat' dir='ltr'><strong>de</strong></span> <span class='ocrx_word' id='word_1_306' title='bbox 1575 2111 1791 2179; x_wconf 88' lang='lat' dir='ltr'><strong>animis,</strong></span> 
     </span>
    </p>
   </div>
   <div class='ocr_carea' id='block_1_39' title="bbox 211 2193 1648 2267">
    <p class='ocr_par' dir='ltr' id='par_1_39' title="bbox 211 2193 1648 2267">
     <span class='ocr_line' id='line_1_39' title="bbox 211 2193 1648 2267; baseline 0.006 -22"><span class='ocrx_word' id='word_1_307' title='bbox 211 2204 563 2260; x_wconf 69' lang='lat' dir='ltr'><strong>corporeaene</strong></span> <span class='ocrx_word' id='word_1_308' title='bbox 596 2207 665 2247; x_wconf 89' lang='lat' dir='ltr'><strong>an</strong></span> <span class='ocrx_word' id='word_1_309' title='bbox 701 2193 1035 2264; x_wconf 75' lang='lat' dir='ltr'><strong>incorporeas</strong></span> <span class='ocrx_word' id='word_1_310' title='bbox 1057 2203 1257 2260; x_wconf 87' lang='lat' dir='ltr'><strong>essent,</strong></span> <span class='ocrx_word' id='word_1_311' title='bbox 1289 2209 1648 2267; x_wconf 64' lang='lat' dir='ltr'><strong>quaereretur.</strong></span> 
     </span>
    </p>
   </div>
   <div class='ocr_carea' id='block_1_40' title="bbox 285 2282 1791 2359">
    <p class='ocr_par' dir='ltr' id='par_1_40' title="bbox 285 2282 1791 2359">
     <span class='ocr_line' id='line_1_40' title="bbox 285 2282 1791 2359; baseline 0.006 -23"><span class='ocrx_word' id='word_1_312' title='bbox 285 2282 353 2337; x_wconf 81' lang='lat' dir='ltr'><strong>At</strong></span> <span class='ocrx_word' id='word_1_313' title='bbox 377 2282 659 2339; x_wconf 77' lang='lat' dir='ltr'><strong>fatendum</strong></span> <span class='ocrx_word' id='word_1_314' title='bbox 685 2294 863 2340; x_wconf 90' lang='lat' dir='ltr'><strong>tamen</strong></span> <span class='ocrx_word' id='word_1_315' title='bbox 889 2295 972 2341; x_wconf 89' lang='lat' dir='ltr'><strong>est</strong></span> <span class='ocrx_word' id='word_1_316' title='bbox 995 2286 1450 2357; x_wconf 84' lang='lat' dir='ltr'><strong>Origenianorum</strong></span> <span class='ocrx_word' id='word_1_317' title='bbox 1481 2288 1791 2359; x_wconf 80' lang='lat' dir='ltr'><strong>dogmatum</strong></span> 
     </span>
    </p>
   </div>
   <div class='ocr_carea' id='block_1_41' title="bbox 211 2373 1790 2446">
    <p class='ocr_par' dir='ltr' id='par_1_41' title="bbox 211 2373 1790 2446">
     <span class='ocr_line' id='line_1_41' title="bbox 211 2373 1790 2446; baseline 0.005 -19"><span class='ocrx_word' id='word_1_318' title='bbox 211 2373 597 2429; x_wconf 68' lang='lat' dir='ltr'><strong>cohaerentiam</strong></span> <span class='ocrx_word' id='word_1_319' title='bbox 627 2389 692 2429; x_wconf 94' lang='lat' dir='ltr'><strong>eo</strong></span> <span class='ocrx_word' id='word_1_320' title='bbox 722 2390 821 2430; x_wconf 88' lang='lat' dir='ltr'><strong>nos</strong></span> <span class='ocrx_word' id='word_1_321' title='bbox 844 2376 1190 2446; x_wconf 91' lang='lat' dir='ltr'><strong>compellere,</strong></span> <span class='ocrx_word' id='word_1_322' title='bbox 1222 2385 1279 2431; x_wconf 91' lang='lat' dir='ltr'><strong>ut</strong></span> <span class='ocrx_word' id='word_1_323' title='bbox 1305 2378 1481 2432; x_wconf 88' lang='lat' dir='ltr'><strong>anima</strong></span> <span class='ocrx_word' id='word_1_324' title='bbox 1507 2380 1621 2434; x_wconf 87' lang='lat' dir='ltr'><strong>sola</strong></span> <span class='ocrx_word' id='word_1_325' title='bbox 1657 2396 1790 2435; x_wconf 81' lang='lat' dir='ltr'><strong>con--</strong></span> 
     </span>
    </p>
   </div>
   <div class='ocr_carea' id='block_1_42' title="bbox 212 2467 1789 2534">
    <p class='ocr_par' dir='ltr' id='par_1_42' title="bbox 212 2467 1789 2534">
     <span class='ocr_line' id='line_1_42' title="bbox 212 2467 1789 2534; baseline 0.009 -14"><span class='ocrx_word' id='word_1_326' title='bbox 212 2475 363 2521; x_wconf 79' lang='lat' dir='ltr'><strong>stare</strong></span> <span class='ocrx_word' id='word_1_327' title='bbox 380 2467 653 2524; x_wconf 90' lang='lat' dir='ltr'><strong>hominem</strong></span> <span class='ocrx_word' id='word_1_328' title='bbox 672 2472 951 2529; x_wconf 89' lang='lat' dir='ltr'><strong>censuisse</strong></span> <span class='ocrx_word' id='word_1_329' title='bbox 966 2475 1353 2531; x_wconf 81' lang='lat' dir='ltr'><strong>Adamantium</strong></span> <span class='ocrx_word' id='word_1_330' title='bbox 1372 2478 1634 2533; x_wconf 83' lang='lat' dir='ltr'><strong>dicamus.</strong></span> <span class='ocrx_word' id='word_1_331' title='bbox 1657 2478 1789 2534; x_wconf 80' lang='lat' dir='ltr'><strong>Nam</strong></span> 
     </span>
    </p>
   </div>
   <div class='ocr_carea' id='block_1_43' title="bbox 208 2557 1791 2640">
    <p class='ocr_par' dir='ltr' id='par_1_43' title="bbox 208 2557 1791 2640">
     <span class='ocr_line' id='line_1_43' title="bbox 208 2557 1791 2640; baseline 0.011 -30"><span class='ocrx_word' id='word_1_332' title='bbox 208 2558 257 2611; x_wconf 79' lang='lat' dir='ltr'><strong>si</strong></span> <span class='ocrx_word' id='word_1_333' title='bbox 285 2557 479 2614; x_wconf 65' lang='lat' dir='ltr'><strong>animas</strong></span> <span class='ocrx_word' id='word_1_334' title='bbox 509 2559 785 2618; x_wconf 89' lang='lat' dir='ltr'><strong>vinculum</strong></span> <span class='ocrx_word' id='word_1_335' title='bbox 839 2573 895 2620; x_wconf 91' lang='lat' dir='ltr'><strong>et</strong></span> <span class='ocrx_word' id='word_1_336' title='bbox 940 2580 1132 2622; x_wconf 90' lang='lat' dir='ltr'><strong>carcer</strong></span> <span class='ocrx_word' id='word_1_337' title='bbox 1168 2583 1366 2638; x_wconf 90' lang='lat' dir='ltr'><strong>corpus</strong></span> <span class='ocrx_word' id='word_1_338' title='bbox 1389 2578 1493 2635; x_wconf 89' lang='lat' dir='ltr'><strong>est,</strong></span> <span class='ocrx_word' id='word_1_339' title='bbox 1524 2571 1615 2640; x_wconf 88' lang='lat' dir='ltr'><strong>qui</strong></span> <span class='ocrx_word' id='word_1_340' title='bbox 1663 2586 1791 2640; x_wconf 88' lang='lat' dir='ltr'><strong>pars</strong></span> 
     </span>
    </p>
   </div>
   <div class='ocr_carea' id='block_1_44' title="bbox 210 2650 1789 2733">
    <p class='ocr_par' dir='ltr' id='par_1_44' title="bbox 210 2650 1789 2733">
     <span class='ocr_line' id='line_1_44' title="bbox 210 2650 1789 2733; baseline 0.01 -30"><span class='ocrx_word' id='word_1_341' title='bbox 210 2650 487 2707; x_wconf 86' lang='lat' dir='ltr'><strong>hominem</strong></span> <span class='ocrx_word' id='word_1_342' title='bbox 520 2667 852 2725; x_wconf 90' lang='lat' dir='ltr'><strong>componens</strong></span> <span class='ocrx_word' id='word_1_343' title='bbox 878 2658 1179 2715; x_wconf 81' lang='lat' dir='ltr'><strong>existimari</strong></span> <span class='ocrx_word' id='word_1_344' title='bbox 1200 2662 1438 2731; x_wconf 75' lang='lat' dir='ltr'><strong>poterit?</strong></span> <span class='ocrx_word' id='word_1_345' title='bbox 1467 2662 1789 2733; x_wconf 83' lang='lat' dir='ltr'><strong>Quanquam</strong></span> 
     </span>
    </p>
   </div>
   <div class='ocr_carea' id='block_1_45' title="bbox 209 2742 1784 2815">
    <p class='ocr_par' dir='ltr' id='par_1_45' title="bbox 209 2742 1784 2815">
     <span class='ocr_line' id='line_1_45' title="bbox 209 2742 1784 2815; baseline 0.01 -22"><span class='ocrx_word' id='word_1_346' title='bbox 209 2742 317 2795; x_wconf 86' lang='lat' dir='ltr'><strong>alia</strong></span> <span class='ocrx_word' id='word_1_347' title='bbox 346 2743 529 2798; x_wconf 90' lang='lat' dir='ltr'><strong>omnia</strong></span> <span class='ocrx_word' id='word_1_348' title='bbox 554 2748 707 2815; x_wconf 90' lang='lat' dir='ltr'><strong>sequi</strong></span> <span class='ocrx_word' id='word_1_349' title='bbox 733 2748 947 2803; x_wconf 89' lang='lat' dir='ltr'><strong>videtur</strong></span> <span class='ocrx_word' id='word_1_350' title='bbox 981 2750 1170 2805; x_wconf 91' lang='lat' dir='ltr'><strong>homil.</strong></span> <span class='ocrx_word' id='word_1_351' title='bbox 1196 2752 1266 2808; x_wconf 72' lang='lat'><strong>29</strong></span> <span class='ocrx_word' id='word_1_352' title='bbox 1282 2753 1338 2806; x_wconf 85' lang='lat' dir='ltr'><strong>in</strong></span> <span class='ocrx_word' id='word_1_353' title='bbox 1366 2751 1497 2809; x_wconf 88' lang='lat' dir='ltr'><strong>Luc.</strong></span> <span class='ocrx_word' id='word_1_354' title='bbox 1525 2770 1649 2809; x_wconf 90' lang='lat' dir='ltr'><strong>cum</strong></span> <span class='ocrx_word' id='word_1_355' title='bbox 1677 2754 1784 2809; x_wconf 85' lang='lat' dir='ltr'><strong>ait:</strong></span> 
     </span>
    </p>
   </div>
   <div class='ocr_carea' id='block_1_46' title="bbox 214 2831 1789 2914">
    <p class='ocr_par' dir='ltr' id='par_1_46' title="bbox 214 2831 1789 2914">
     <span class='ocr_line' id='line_1_46' title="bbox 214 2831 1789 2914; baseline 0.01 -29"><span class='ocrx_word' id='word_1_356' title='bbox 214 2849 233 2883; x_wconf 76' lang='grc' dir='ltr'><strong>ι</strong></span> <span class='ocrx_word' id='word_1_357' title='bbox 271 2831 462 2889; x_wconf 90' lang='lat' dir='ltr'><strong>Omnis</strong></span> <span class='ocrx_word' id='word_1_358' title='bbox 491 2834 653 2891; x_wconf 93' lang='lat' dir='ltr'><strong>bomo</strong></span> <span class='ocrx_word' id='word_1_359' title='bbox 689 2839 855 2893; x_wconf 88' lang='lat' dir='ltr'><strong>morti</strong></span> <span class='ocrx_word' id='word_1_360' title='bbox 886 2839 1171 2909; x_wconf 89' lang='lat' dir='ltr'><strong>subjacet;</strong></span> <span class='ocrx_word' id='word_1_361' title='bbox 1228 2843 1331 2899; x_wconf 91' lang='lat' dir='ltr'><strong>iste</strong></span> <span class='ocrx_word' id='word_1_362' title='bbox 1366 2861 1511 2914; x_wconf 80' lang='lat' dir='ltr'><strong>ergo</strong></span> <span class='ocrx_word' id='word_1_363' title='bbox 1542 2846 1635 2913; x_wconf 87' lang='lat' dir='ltr'><strong>qui</strong></span> <span class='ocrx_word' id='word_1_364' title='bbox 1691 2861 1789 2901; x_wconf 92' lang='lat' dir='ltr'><strong>ne-</strong></span> 
     </span>
    </p>
   </div>
   <div class='ocr_carea' id='block_1_47' title="bbox 206 2929 1778 3002">
    <p class='ocr_par' dir='ltr' id='par_1_47' title="bbox 206 2929 1778 3002">
     <span class='ocr_line' id='line_1_47' title="bbox 206 2929 1778 3002; baseline 0.007 -23"><span class='ocrx_word' id='word_1_365' title='bbox 206 2940 484 2996; x_wconf 87' lang='lat' dir='ltr'><strong>quaquam</strong></span> <span class='ocrx_word' id='word_1_366' title='bbox 512 2929 759 2996; x_wconf 89' lang='lat' dir='ltr'><strong>moritur,</strong></span> <span class='ocrx_word' id='word_1_367' title='bbox 775 2930 887 2999; x_wconf 89' lang='lat' dir='ltr'><strong>jam</strong></span> <span class='ocrx_word' id='word_1_368' title='bbox 908 2946 1012 2986; x_wconf 92' lang='lat' dir='ltr'><strong>nou</strong></span> <span class='ocrx_word' id='word_1_369' title='bbox 1036 2941 1121 2987; x_wconf 91' lang='lat' dir='ltr'><strong>est</strong></span> <span class='ocrx_word' id='word_1_370' title='bbox 1146 2933 1330 3002; x_wconf 91' lang='lat' dir='ltr'><strong>homo,</strong></span> <span class='ocrx_word' id='word_1_371' title='bbox 1360 2938 1453 2990; x_wconf 91' lang='lat' dir='ltr'><strong>sed</strong></span> <span class='ocrx_word' id='word_1_372' title='bbox 1470 2936 1611 2992; x_wconf 90' lang='lat' dir='ltr'><strong>Deus</strong></span> <span class='ocrx_word' id='word_1_373' title='bbox 1628 2947 1712 2993; x_wconf 89' lang='lat' dir='ltr'><strong>est</strong></span> <span class='ocrx_word' id='word_1_374' title='bbox 1731 2954 1778 3001; x_wconf 77' lang='grc'><strong>;›</strong></span> 
     </span>
    </p>
   </div>
   <div class='ocr_carea' id='block_1_48' title="bbox 206 3019 1854 3120">
    <p class='ocr_par' dir='ltr' id='par_1_48' title="bbox 206 3019 1854 3120">
     <span class='ocr_line' id='line_1_48' title="bbox 206 3019 1854 3120; baseline 0.008 -49"><span class='ocrx_word' id='word_1_375' title='bbox 206 3034 371 3086; x_wconf 86' lang='lat' dir='ltr'><strong>quem</strong></span> <span class='ocrx_word' id='word_1_376' title='bbox 400 3019 578 3075; x_wconf 87' lang='lat' dir='ltr'><strong>locum</strong></span> <span class='ocrx_word' id='word_1_377' title='bbox 601 3021 883 3078; x_wconf 90' lang='lat' dir='ltr'><strong>attulimus</strong></span> <span class='ocrx_word' id='word_1_378' title='bbox 911 3039 1101 3095; x_wconf 89' lang='lat' dir='ltr'><strong>supra,</strong></span> <span class='ocrx_word' id='word_1_379' title='bbox 1130 3040 1251 3081; x_wconf 91' lang='lat' dir='ltr'><strong>cum</strong></span> <span class='ocrx_word' id='word_1_380' title='bbox 1283 3029 1686 3099; x_wconf 85' lang='lat' dir='ltr'><strong>disputaremus</strong></span> <span class='ocrx_word' id='word_1_381' title='bbox 1715 3046 1781 3084; x_wconf 90' lang='lat' dir='ltr'><strong>an</strong></span> <span class='ocrx_word' id='word_1_382' title='bbox 1811 3062 1854 3120; x_wconf 67' lang='grc' dir='ltr'>ο</span> 
     </span>
    </p>
   </div>
   <div class='ocr_carea' id='block_1_49' title="bbox 206 3112 1785 3189">
    <p class='ocr_par' dir='ltr' id='par_1_49' title="bbox 206 3112 1785 3189">
     <span class='ocr_line' id='line_1_49' title="bbox 206 3112 1785 3189; baseline 0.007 -24"><span class='ocrx_word' id='word_1_383' title='bbox 206 3112 510 3166; x_wconf 88' lang='lat' dir='ltr'><strong>crediderit</strong></span> <span class='ocrx_word' id='word_1_384' title='bbox 561 3112 835 3168; x_wconf 88' lang='lat' dir='ltr'><strong>Christum</strong></span> <span class='ocrx_word' id='word_1_385' title='bbox 884 3116 1160 3173; x_wconf 90' lang='lat' dir='ltr'><strong>hominem</strong></span> <span class='ocrx_word' id='word_1_386' title='bbox 1204 3132 1327 3173; x_wconf 88' lang='lat' dir='ltr'><strong>esse</strong></span> <span class='ocrx_word' id='word_1_387' title='bbox 1359 3119 1588 3175; x_wconf 87' lang='lat' dir='ltr'><strong>desiisse</strong></span> <span class='ocrx_word' id='word_1_388' title='bbox 1638 3130 1785 3189; x_wconf 87' lang='lat' dir='ltr'><strong>post-</strong></span> 
     </span>
    </p>
   </div>
   <div class='ocr_carea' id='block_1_50' title="bbox 204 3205 1782 3278">
    <p class='ocr_par' dir='ltr' id='par_1_50' title="bbox 204 3205 1782 3278">
     <span class='ocr_line' id='line_1_50' title="bbox 204 3205 1782 3278; baseline 0.009 -24"><span class='ocrx_word' id='word_1_389' title='bbox 204 3217 368 3269; x_wconf 88' lang='lat' dir='ltr'><strong>quam</strong></span> <span class='ocrx_word' id='word_1_390' title='bbox 398 3213 641 3259; x_wconf 89' lang='lat' dir='ltr'><strong>mortuus</strong></span> <span class='ocrx_word' id='word_1_391' title='bbox 672 3214 773 3260; x_wconf 86' lang='lat' dir='ltr'><strong>est.</strong></span> <span class='ocrx_word' id='word_1_392' title='bbox 813 3205 1091 3262; x_wconf 86' lang='lat' dir='ltr'><strong>Christum</strong></span> <span class='ocrx_word' id='word_1_393' title='bbox 1135 3209 1207 3263; x_wconf 93' lang='lat' dir='ltr'><strong>ibi</strong></span> <span class='ocrx_word' id='word_1_394' title='bbox 1232 3209 1343 3278; x_wconf 88' lang='lat' dir='ltr'><strong>jam</strong></span> <span class='ocrx_word' id='word_1_395' title='bbox 1374 3212 1648 3266; x_wconf 88' lang='lat' dir='ltr'><strong>hominem</strong></span> <span class='ocrx_word' id='word_1_396' title='bbox 1675 3228 1782 3268; x_wconf 93' lang='lat' dir='ltr'><strong>non</strong></span> 
     </span>
    </p>
   </div>
   <div class='ocr_carea' id='block_1_51' title="bbox 203 3296 1783 3379">
    <p class='ocr_par' dir='ltr' id='par_1_51' title="bbox 203 3296 1783 3379">
     <span class='ocr_line' id='line_1_51' title="bbox 203 3296 1783 3379; baseline 0.008 -31"><span class='ocrx_word' id='word_1_397' title='bbox 203 3304 327 3349; x_wconf 64' lang='lat' dir='ltr'><strong>ease</strong></span> <span class='ocrx_word' id='word_1_398' title='bbox 354 3296 608 3360; x_wconf 84' lang='lat' dir='ltr'><strong>alIirmat,</strong></span> <span class='ocrx_word' id='word_1_399' title='bbox 628 3300 753 3367; x_wconf 86' lang='lat' dir='ltr'><strong>quia</strong></span> <span class='ocrx_word' id='word_1_400' title='bbox 785 3300 945 3354; x_wconf 89' lang='lat' dir='ltr'><strong>morti</strong></span> <span class='ocrx_word' id='word_1_401' title='bbox 972 3299 1086 3370; x_wconf 85' lang='lat' dir='ltr'><strong>jam</strong></span> <span class='ocrx_word' id='word_1_402' title='bbox 1112 3302 1344 3379; x_wconf 76' lang='lat' dir='ltr'><strong>amplius</strong></span> <span class='ocrx_word' id='word_1_403' title='bbox 1373 3304 1642 3361; x_wconf 84' lang='lat' dir='ltr'><strong>obnoxius</strong></span> <span class='ocrx_word' id='word_1_404' title='bbox 1675 3322 1783 3361; x_wconf 88' lang='lat' dir='ltr'><strong>non</strong></span> 
     </span>
    </p>
   </div>
   <div class='ocr_carea' id='block_1_52' title="bbox 203 3388 1786 3463">
    <p class='ocr_par' dir='ltr' id='par_1_52' title="bbox 203 3388 1786 3463">
     <span class='ocr_line' id='line_1_52' title="bbox 203 3388 1786 3463; baseline 0.008 -21"><span class='ocrx_word' id='word_1_405' title='bbox 203 3397 329 3442; x_wconf 85' lang='lat' dir='ltr'><strong>est:</strong></span> <span class='ocrx_word' id='word_1_406' title='bbox 364 3388 616 3459; x_wconf 81' lang='lat' dir='ltr'><strong>quisquis</strong></span> <span class='ocrx_word' id='word_1_407' title='bbox 644 3405 776 3460; x_wconf 86' lang='lat' dir='ltr'><strong>ergo</strong></span> <span class='ocrx_word' id='word_1_408' title='bbox 816 3392 953 3448; x_wconf 90' lang='lat' dir='ltr'><strong>mori</strong></span> <span class='ocrx_word' id='word_1_409' title='bbox 984 3408 1091 3448; x_wconf 92' lang='lat' dir='ltr'><strong>non</strong></span> <span class='ocrx_word' id='word_1_410' title='bbox 1124 3404 1325 3463; x_wconf 89' lang='lat' dir='ltr'><strong>potest,</strong></span> <span class='ocrx_word' id='word_1_411' title='bbox 1370 3396 1535 3453; x_wconf 91' lang='lat' dir='ltr'><strong>homo</strong></span> <span class='ocrx_word' id='word_1_412' title='bbox 1570 3412 1674 3453; x_wconf 86' lang='lat' dir='ltr'><strong>non</strong></span> <span class='ocrx_word' id='word_1_413' title='bbox 1702 3408 1786 3454; x_wconf 90' lang='lat' dir='ltr'><strong>est</strong></span> 
     </span>
    </p>
   </div>
   <div class='ocr_carea' id='block_1_53' title="bbox 204 3478 1783 3560">
    <p class='ocr_par' dir='ltr' id='par_1_53' title="bbox 204 3478 1783 3560">
     <span class='ocr_line' id='line_1_53' title="bbox 204 3478 1783 3560; baseline 0.008 -26"><span class='ocrx_word' id='word_1_414' title='bbox 204 3495 274 3534; x_wconf 87' lang='lat' dir='ltr'><strong>ex</strong></span> <span class='ocrx_word' id='word_1_415' title='bbox 307 3478 557 3550; x_wconf 91' lang='lat' dir='ltr'><strong>Origenis</strong></span> <span class='ocrx_word' id='word_1_416' title='bbox 592 3484 859 3538; x_wconf 87' lang='lat' dir='ltr'><strong>sententia</strong></span> <span class='ocrx_word' id='word_1_417' title='bbox 888 3504 900 3538; x_wconf 91' lang='lat'>:</span> <span class='ocrx_word' id='word_1_418' title='bbox 940 3494 997 3539; x_wconf 90' lang='lat' dir='ltr'><strong>at</strong></span> <span class='ocrx_word' id='word_1_419' title='bbox 1028 3487 1210 3541; x_wconf 86' lang='lat' dir='ltr'><strong>anima</strong></span> <span class='ocrx_word' id='word_1_420' title='bbox 1261 3488 1500 3544; x_wconf 87' lang='lat' dir='ltr'><strong>humana</strong></span> <span class='ocrx_word' id='word_1_421' title='bbox 1554 3505 1783 3560; x_wconf 89' lang='lat' dir='ltr'><strong>corpore</strong></span> 
     </span>
    </p>
   </div>
   <div class='ocr_carea' id='block_1_54' title="bbox 204 3572 1782 3652">
    <p class='ocr_par' dir='ltr' id='par_1_54' title="bbox 204 3572 1782 3652">
     <span class='ocr_line' id='line_1_54' title="bbox 204 3572 1782 3652; baseline 0.009 -28"><span class='ocrx_word' id='word_1_422' title='bbox 204 3572 455 3640; x_wconf 88' lang='lat' dir='ltr'><strong>sejuncta</strong></span> <span class='ocrx_word' id='word_1_423' title='bbox 490 3575 629 3628; x_wconf 93' lang='lat' dir='ltr'><strong>mori</strong></span> <span class='ocrx_word' id='word_1_424' title='bbox 672 3591 777 3630; x_wconf 92' lang='lat' dir='ltr'><strong>non</strong></span> <span class='ocrx_word' id='word_1_425' title='bbox 802 3586 1019 3646; x_wconf 89' lang='lat' dir='ltr'><strong>potest:</strong></span> <span class='ocrx_word' id='word_1_426' title='bbox 1049 3580 1231 3635; x_wconf 85' lang='lat' dir='ltr'><strong>anima</strong></span> <span class='ocrx_word' id='word_1_427' title='bbox 1273 3580 1437 3652; x_wconf 78' lang='lat' dir='ltr'><strong>igitur</strong></span> <span class='ocrx_word' id='word_1_428' title='bbox 1466 3597 1532 3636; x_wconf 86' lang='lat' dir='ltr'><strong>ex</strong></span> <span class='ocrx_word' id='word_1_429' title='bbox 1565 3583 1782 3638; x_wconf 88' lang='lat' dir='ltr'><strong>decreto</strong></span> 
     </span>
    </p>
   </div>
   <div class='ocr_carea' id='block_1_55' title="bbox 205 3662 1779 3743">
    <p class='ocr_par' dir='ltr' id='par_1_55' title="bbox 205 3662 1779 3743">
     <span class='ocr_line' id='line_1_55' title="bbox 205 3662 1779 3743; baseline 0.006 -23"><span class='ocrx_word' id='word_1_430' title='bbox 205 3662 457 3734; x_wconf 89' lang='lat' dir='ltr'><strong>Origenis</strong></span> <span class='ocrx_word' id='word_1_431' title='bbox 487 3666 646 3721; x_wconf 91' lang='lat' dir='ltr'><strong>homo</strong></span> <span class='ocrx_word' id='word_1_432' title='bbox 670 3682 773 3723; x_wconf 89' lang='lat' dir='ltr'><strong>non</strong></span> <span class='ocrx_word' id='word_1_433' title='bbox 796 3677 899 3723; x_wconf 92' lang='lat' dir='ltr'><strong>est.</strong></span> <span class='ocrx_word' id='word_1_434' title='bbox 922 3670 1076 3736; x_wconf 85' lang='lat' dir='ltr'><strong>Quod</strong></span> <span class='ocrx_word' id='word_1_435' title='bbox 1117 3672 1322 3742; x_wconf 88' lang='lat' dir='ltr'><strong>absque</strong></span> <span class='ocrx_word' id='word_1_436' title='bbox 1374 3673 1601 3743; x_wconf 78' lang='lat' dir='ltr'><strong>ambage</strong></span> <span class='ocrx_word' id='word_1_437' title='bbox 1626 3688 1779 3729; x_wconf 83' lang='lat' dir='ltr'><strong>asse-</strong></span> 
     </span>
    </p>
   </div>
   <div class='ocr_carea' id='block_1_56' title="bbox 202 3754 1781 3835">
    <p class='ocr_par' dir='ltr' id='par_1_56' title="bbox 202 3754 1781 3835">
     <span class='ocr_line' id='line_1_56' title="bbox 202 3754 1781 3835; baseline 0.009 -28"><span class='ocrx_word' id='word_1_438' title='bbox 202 3754 299 3819; x_wconf 89' lang='lat' dir='ltr'><strong>rit,</strong></span> <span class='ocrx_word' id='word_1_439' title='bbox 337 3754 451 3810; x_wconf 68' lang='lat' dir='ltr'><strong>haac</strong></span> <span class='ocrx_word' id='word_1_440' title='bbox 484 3758 647 3811; x_wconf 90' lang='lat' dir='ltr'><strong>verba</strong></span> <span class='ocrx_word' id='word_1_441' title='bbox 671 3759 867 3827; x_wconf 89' lang='lat' dir='ltr'><strong>psalmi</strong></span> <span class='ocrx_word' id='word_1_442' title='bbox 894 3774 1087 3824; x_wconf 81' lang='lat' dir='ltr'><strong>cxvru,</strong></span> <span class='ocrx_word' id='word_1_443' title='bbox 1118 3777 1259 3816; x_wconf 86' lang='lat' dir='ltr'><strong>vers.</strong></span> <span class='ocrx_word' id='word_1_444' title='bbox 1296 3763 1387 3831; x_wconf 86' lang='lat'><strong>50,</strong></span> <span class='ocrx_word' id='word_1_445' title='bbox 1415 3765 1781 3835; x_wconf 89' lang='lat' dir='ltr'><strong>interpretans</strong></span> 
     </span>
    </p>
   </div>
   <div class='ocr_carea' id='block_1_57' title="bbox 203 3843 1780 3922">
    <p class='ocr_par' dir='ltr' id='par_1_57' title="bbox 203 3843 1780 3922">
     <span class='ocr_line' id='line_1_57' title="bbox 203 3843 1780 3922; baseline 0.008 -23"><span class='ocrx_word' id='word_1_446' title='bbox 203 3845 257 3899; x_wconf 91' lang='lat' dir='ltr'><strong>iu</strong></span> <span class='ocrx_word' id='word_1_447' title='bbox 282 3843 486 3901; x_wconf 88' lang='lat' dir='ltr'><strong>Catena</strong></span> <span class='ocrx_word' id='word_1_448' title='bbox 521 3847 879 3914; x_wconf 89' lang='lat' dir='ltr'><strong>Corderiana,</strong></span> <span class='ocrx_word' id='word_1_449' title='bbox 909 3866 1034 3922; x_wconf 89' lang='lat' dir='ltr'><strong>pag.</strong></span> <span class='ocrx_word' id='word_1_450' title='bbox 1060 3852 1205 3910; x_wconf 70' lang='lat'><strong>802:</strong></span> <span class='ocrx_word' id='word_1_451' title='bbox 1238 3853 1368 3909; x_wconf 70' lang='lat' dir='ltr'><strong>Han:</strong></span> <span class='ocrx_word' id='word_1_452' title='bbox 1399 3872 1477 3909; x_wconf 86' lang='lat' dir='ltr'><strong>me</strong></span> <span class='ocrx_word' id='word_1_453' title='bbox 1507 3858 1780 3912; x_wconf 72' lang='lat' dir='ltr'><strong>consolata</strong></span> 
     </span>
    </p>
   </div>
   <div class='ocr_carea' id='block_1_58' title="bbox 199 3937 1779 4019">
    <p class='ocr_par' dir='ltr' id='par_1_58' title="bbox 199 3937 1779 4019">
     <span class='ocr_line' id='line_1_58' title="bbox 199 3937 1779 4019; baseline 0.009 -29"><span class='ocrx_word' id='word_1_454' title='bbox 199 3946 282 3990; x_wconf 72' lang='lat' dir='ltr'><strong>est</strong></span> <span class='ocrx_word' id='word_1_455' title='bbox 313 3937 367 3990; x_wconf 86' lang='lat' dir='ltr'><strong>in</strong></span> <span class='ocrx_word' id='word_1_456' title='bbox 396 3939 696 3995; x_wconf 82' lang='lat' dir='ltr'><strong>humilitate</strong></span> <span class='ocrx_word' id='word_1_457' title='bbox 724 3959 861 3997; x_wconf 86' lang='lat' dir='ltr'><strong>mea.</strong></span> <span class='ocrx_word' id='word_1_458' title='bbox 882 3943 1004 4014; x_wconf 82' lang='grc' dir='ltr'><strong>Ζωὴ</strong></span> <span class='ocrx_word' id='word_1_459' title='bbox 1031 3946 1064 4016; x_wconf 80' lang='grc' dir='ltr'>ἡ</span> <span class='ocrx_word' id='word_1_460' title='bbox 1101 3945 1387 4014; x_wconf 85' lang='grc' dir='ltr'><strong>μέλλουσα,</strong></span> <span class='ocrx_word' id='word_1_461' title='bbox 1418 3949 1613 4019; x_wconf 81' lang='lat' dir='ltr'><strong>inquit,</strong></span> <span class='ocrx_word' id='word_1_462' title='bbox 1632 3950 1779 4004; x_wconf 76' lang='grc' dir='ltr'>ἔστιν</span> 
     </span>
    </p>
   </div>
   <div class='ocr_carea' id='block_1_59' title="bbox 197 4027 1777 4111">
    <p class='ocr_par' dir='ltr' id='par_1_59' title="bbox 197 4027 1777 4111">
     <span class='ocr_line' id='line_1_59' title="bbox 197 4027 1777 4111; baseline 0.01 -30"><span class='ocrx_word' id='word_1_463' title='bbox 197 4027 540 4094; x_wconf 80' lang='grc' dir='ltr'><strong>ἁναζώωσις,</strong></span> <span class='ocrx_word' id='word_1_464' title='bbox 576 4031 712 4084; x_wconf 86' lang='grc' dir='ltr'>καθὸ</span> <span class='ocrx_word' id='word_1_465' title='bbox 738 4033 838 4105; x_wconf 80' lang='grc' dir='ltr'><strong>τὴν</strong></span> <span class='ocrx_word' id='word_1_466' title='bbox 879 4034 1077 4106; x_wconf 66' lang='grc' dir='ltr'>ψυχὴν,</span> <span class='ocrx_word' id='word_1_467' title='bbox 1129 4039 1229 4091; x_wconf 79' lang='grc' dir='ltr'><strong>οὐκ</strong></span> <span class='ocrx_word' id='word_1_468' title='bbox 1266 4038 1399 4092; x_wconf 81' lang='grc' dir='ltr'>ἰδίαν</span> <span class='ocrx_word' id='word_1_469' title='bbox 1431 4039 1611 4111; x_wconf 76' lang='grc' dir='ltr'>ζωὴν,</span> <span class='ocrx_word' id='word_1_470' title='bbox 1656 4045 1777 4097; x_wconf 85' lang='grc' dir='ltr'>οὐδὲ</span> 
     </span>
    </p>
   </div>
   <div class='ocr_carea' id='block_1_60' title="bbox 198 4119 1773 4207">
    <p class='ocr_par' dir='ltr' id='par_1_60' title="bbox 198 4119 1773 4207">
     <span class='ocr_line' id='line_1_60' title="bbox 198 4119 1773 4207; baseline 0.01 -34"><span class='ocrx_word' id='word_1_471' title='bbox 198 4121 375 4192; x_wconf 78' lang='grc' dir='ltr'><strong>ἀληθῆ</strong></span> <span class='ocrx_word' id='word_1_472' title='bbox 403 4119 541 4175; x_wconf 82' lang='grc' dir='ltr'>εἶναι</span> <span class='ocrx_word' id='word_1_473' title='bbox 563 4124 927 4197; x_wconf 76' lang='grc' dir='ltr'>μανθάνομεν,</span> <span class='ocrx_word' id='word_1_474' title='bbox 945 4127 1217 4200; x_wconf 82' lang='grc' dir='ltr'>εἴπερούκ</span> <span class='ocrx_word' id='word_1_475' title='bbox 1242 4130 1522 4202; x_wconf 83' lang='grc' dir='ltr'>ἄνθρωπος</span> <span class='ocrx_word' id='word_1_476' title='bbox 1547 4135 1579 4205; x_wconf 84' lang='grc' dir='ltr'>ἡ</span> <span class='ocrx_word' id='word_1_477' title='bbox 1606 4134 1773 4207; x_wconf 68' lang='grc' dir='ltr'><strong>ψυχή’</strong></span> 
     </span>
    </p>
   </div>
   <div class='ocr_carea' id='block_1_61' title="bbox 195 4213 1772 4300">
    <p class='ocr_par' dir='ltr' id='par_1_61' title="bbox 195 4213 1772 4300">
     <span class='ocr_line' id='line_1_61' title="bbox 195 4213 1772 4300; baseline 0.01 -34"><span class='ocrx_word' id='word_1_478' title='bbox 195 4217 249 4267; x_wconf 70' lang='grc' dir='ltr'><strong>εἰ</strong></span> <span class='ocrx_word' id='word_1_479' title='bbox 283 4213 392 4286; x_wconf 85' lang='grc' dir='ltr'><strong>γὰρ</strong></span> <span class='ocrx_word' id='word_1_480' title='bbox 418 4216 475 4267; x_wconf 83' lang='grc' dir='ltr'>ὲν</span> <span class='ocrx_word' id='word_1_481' title='bbox 496 4219 561 4287; x_wconf 81' lang='grc' dir='ltr'><strong>τῇ</strong></span> <span class='ocrx_word' id='word_1_482' title='bbox 592 4216 712 4270; x_wconf 86' lang='grc' dir='ltr'>καθ’</span> <span class='ocrx_word' id='word_1_483' title='bbox 740 4219 939 4289; x_wconf 81' lang='grc' dir='ltr'>ἑαυτὴν</span> <span class='ocrx_word' id='word_1_484' title='bbox 962 4218 1072 4292; x_wconf 78' lang='grc' dir='ltr'><strong>ζωῇ</strong></span> <span class='ocrx_word' id='word_1_485' title='bbox 1096 4222 1156 4275; x_wconf 79' lang='grc' dir='ltr'><strong>τὸ</strong></span> <span class='ocrx_word' id='word_1_486' title='bbox 1172 4222 1369 4293; x_wconf 80' lang='grc' dir='ltr'>ἀληθὲς</span> <span class='ocrx_word' id='word_1_487' title='bbox 1396 4220 1509 4295; x_wconf 84' lang='grc' dir='ltr'>εἶχε</span> <span class='ocrx_word' id='word_1_488' title='bbox 1534 4227 1625 4279; x_wconf 76' lang='grc' dir='ltr'><strong>τοῦ</strong></span> <span class='ocrx_word' id='word_1_489' title='bbox 1653 4229 1772 4300; x_wconf 77' lang='grc' dir='ltr'><strong>ζῇν,</strong></span> 
     </span>
    </p>
   </div>
   <div class='ocr_carea' id='block_1_62' title="bbox 194 4306 1773 4383">
    <p class='ocr_par' dir='ltr' id='par_1_62' title="bbox 194 4306 1773 4383">
     <span class='ocr_line' id='line_1_62' title="bbox 194 4306 1773 4383; baseline 0.009 -22"><span class='ocrx_word' id='word_1_490' title='bbox 194 4308 300 4362; x_wconf 83' lang='grc' dir='ltr'>οὐκ</span> <span class='ocrx_word' id='word_1_491' title='bbox 319 4306 383 4362; x_wconf 84' lang='grc' dir='ltr'><strong>ἂν</strong></span> <span class='ocrx_word' id='word_1_492' title='bbox 398 4308 769 4374; x_wconf 76' lang='grc' dir='ltr'>ἁναζωώσεως</span> <span class='ocrx_word' id='word_1_493' title='bbox 801 4312 829 4363; x_wconf 85' lang='grc' dir='ltr'>ὁ</span> <span class='ocrx_word' id='word_1_494' title='bbox 856 4312 1134 4383; x_wconf 81' lang='grc' dir='ltr'>τεθνηκὼς</span> <span class='ocrx_word' id='word_1_495' title='bbox 1153 4314 1321 4369; x_wconf 73' lang='grc' dir='ltr'>ἐδεῖτο</span> <span class='ocrx_word' id='word_1_496' title='bbox 1342 4333 1355 4346; x_wconf 81' lang='grc'><em>’</em></span> <span class='ocrx_word' id='word_1_497' title='bbox 1384 4317 1463 4370; x_wconf 81' lang='grc' dir='ltr'><strong>διὸ</strong></span> <span class='ocrx_word' id='word_1_498' title='bbox 1488 4320 1581 4373; x_wconf 74' lang='grc' dir='ltr'>καὶ</span> <span class='ocrx_word' id='word_1_499' title='bbox 1610 4321 1638 4373; x_wconf 85' lang='grc' dir='ltr'>ὁ</span> <span class='ocrx_word' id='word_1_500' title='bbox 1668 4320 1773 4375; x_wconf 83' lang='grc' dir='ltr'><strong>Κύ-</strong></span> 
     </span>
    </p>
   </div>
   <div class='ocr_carea' id='block_1_63' title="bbox 1900 1825 3468 1902">
    <p class='ocr_par' dir='ltr' id='par_1_63' title="bbox 1900 1825 3468 1902">
     <span class='ocr_line' id='line_1_63' title="bbox 1900 1825 3468 1902; baseline -0.006 -14"><span class='ocrx_word' id='word_1_501' title='bbox 1900 1830 2149 1902; x_wconf 80' lang='lat' dir='ltr'><strong>sepulcro</strong></span> <span class='ocrx_word' id='word_1_502' title='bbox 2178 1830 2412 1887; x_wconf 80' lang='lat' dir='ltr'><strong>Verbum</strong></span> <span class='ocrx_word' id='word_1_503' title='bbox 2446 1828 2717 1885; x_wconf 87' lang='lat' dir='ltr'><strong>hominem</strong></span> <span class='ocrx_word' id='word_1_504' title='bbox 2742 1828 2955 1881; x_wconf 78' lang='lat' dir='ltr'><strong>fuisse:</strong></span> <span class='ocrx_word' id='word_1_505' title='bbox 3013 1825 3118 1880; x_wconf 84' lang='lat' dir='ltr'><strong>hac</strong></span> <span class='ocrx_word' id='word_1_506' title='bbox 3162 1826 3304 1880; x_wconf 89' lang='lat' dir='ltr'><strong>enim</strong></span> <span class='ocrx_word' id='word_1_507' title='bbox 3375 1839 3468 1879; x_wconf 86' lang='lat' dir='ltr'><strong>ra-</strong></span> 
     </span>
    </p>
   </div>
   <div class='ocr_carea' id='block_1_64' title="bbox 1903 1916 3468 1985">
    <p class='ocr_par' dir='ltr' id='par_1_64' title="bbox 1903 1916 3468 1985">
     <span class='ocr_line' id='line_1_64' title="bbox 1903 1916 3468 1985; baseline -0.004 -7"><span class='ocrx_word' id='word_1_508' title='bbox 1903 1923 2049 1978; x_wconf 86' lang='lat' dir='ltr'><strong>tione</strong></span> <span class='ocrx_word' id='word_1_509' title='bbox 2078 1924 2268 1985; x_wconf 89' lang='lat' dir='ltr'><strong>utitur,</strong></span> <span class='ocrx_word' id='word_1_510' title='bbox 2296 1921 2408 1977; x_wconf 85' lang='lat' dir='ltr'><strong>sola</strong></span> <span class='ocrx_word' id='word_1_511' title='bbox 2451 1921 2628 1975; x_wconf 87' lang='lat' dir='ltr'><strong>anima</strong></span> <span class='ocrx_word' id='word_1_512' title='bbox 2663 1927 2917 1973; x_wconf 63' lang='lat' dir='ltr'><strong>constare</strong></span> <span class='ocrx_word' id='word_1_513' title='bbox 2947 1916 3243 1983; x_wconf 88' lang='lat' dir='ltr'><strong>hominem,</strong></span> <span class='ocrx_word' id='word_1_514' title='bbox 3274 1916 3468 1972; x_wconf 69' lang='lat' dir='ltr'><strong>animae</strong></span> 
     </span>
    </p>
   </div>
   <div class='ocr_carea' id='block_1_65' title="bbox 1899 2008 3466 2082">
    <p class='ocr_par' dir='ltr' id='par_1_65' title="bbox 1899 2008 3466 2082">
     <span class='ocr_line' id='line_1_65' title="bbox 1899 2008 3466 2082; baseline -0.004 -13"><span class='ocrx_word' id='word_1_515' title='bbox 1899 2025 2079 2071; x_wconf 88' lang='lat' dir='ltr'><strong>autem</strong></span> <span class='ocrx_word' id='word_1_516' title='bbox 2110 2014 2314 2071; x_wconf 82' lang='lat' dir='ltr'><strong>Christi</strong></span> <span class='ocrx_word' id='word_1_517' title='bbox 2340 2029 2368 2067; x_wconf 89' lang='lat' dir='ltr'><strong>a</strong></span> <span class='ocrx_word' id='word_1_518' title='bbox 2393 2028 2621 2082; x_wconf 81' lang='lat' dir='ltr'><strong>corpore</strong></span> <span class='ocrx_word' id='word_1_519' title='bbox 2655 2011 2937 2079; x_wconf 44' lang='grc' dir='ltr'><strong>(εἰδῇ-κιαι</strong></span> <span class='ocrx_word' id='word_1_520' title='bbox 2978 2008 3274 2065; x_wconf 72' lang='lat' dir='ltr'><strong>adhaesisse</strong></span> <span class='ocrx_word' id='word_1_521' title='bbox 3326 2010 3466 2065; x_wconf 90' lang='lat' dir='ltr'><strong>Ver-</strong></span> 
     </span>
    </p>
   </div>
   <div class='ocr_carea' id='block_1_66' title="bbox 1900 2100 3464 2175">
    <p class='ocr_par' dir='ltr' id='par_1_66' title="bbox 1900 2100 3464 2175">
     <span class='ocr_line' id='line_1_66' title="bbox 1900 2100 3464 2175; baseline -0.004 -14"><span class='ocrx_word' id='word_1_522' title='bbox 1900 2108 2049 2173; x_wconf 88' lang='lat' dir='ltr'><strong>bum,</strong></span> <span class='ocrx_word' id='word_1_523' title='bbox 2078 2105 2315 2161; x_wconf 86' lang='lat' dir='ltr'><strong>Verbum</strong></span> <span class='ocrx_word' id='word_1_524' title='bbox 2342 2106 2505 2175; x_wconf 90' lang='lat' dir='ltr'><strong>igitur</strong></span> <span class='ocrx_word' id='word_1_525' title='bbox 2534 2103 2702 2158; x_wconf 87' lang='lat' dir='ltr'><strong>nihilo</strong></span> <span class='ocrx_word' id='word_1_526' title='bbox 2731 2103 2909 2157; x_wconf 92' lang='lat' dir='ltr'><strong>minus</strong></span> <span class='ocrx_word' id='word_1_527' title='bbox 2941 2100 3108 2157; x_wconf 80' lang='lat' dir='ltr'><strong>fuisse</strong></span> <span class='ocrx_word' id='word_1_528' title='bbox 3148 2102 3421 2157; x_wconf 84' lang='lat' dir='ltr'><strong>hominem</strong></span> <span class='ocrx_word' id='word_1_529' title='bbox 3445 2141 3464 2167; x_wconf 93' lang='lat'><strong>,</strong></span> 
     </span>
    </p>
   </div>
   <div class='ocr_carea' id='block_1_67' title="bbox 1898 2195 3468 2270">
    <p class='ocr_par' dir='ltr' id='par_1_67' title="bbox 1898 2195 3468 2270">
     <span class='ocr_line' id='line_1_67' title="bbox 1898 2195 3468 2270; baseline -0.002 -16"><span class='ocrx_word' id='word_1_530' title='bbox 1898 2214 2063 2270; x_wconf 82' lang='lat' dir='ltr'><strong>quam</strong></span> <span class='ocrx_word' id='word_1_531' title='bbox 2089 2199 2216 2253; x_wconf 89' lang='lat' dir='ltr'><strong>dum</strong></span> <span class='ocrx_word' id='word_1_532' title='bbox 2242 2198 2421 2253; x_wconf 89' lang='lat' dir='ltr'><strong>anima</strong></span> <span class='ocrx_word' id='word_1_533' title='bbox 2463 2196 2679 2265; x_wconf 89' lang='lat' dir='ltr'><strong>corpori</strong></span> <span class='ocrx_word' id='word_1_534' title='bbox 2731 2204 2879 2251; x_wconf 91' lang='lat' dir='ltr'><strong>esset</strong></span> <span class='ocrx_word' id='word_1_535' title='bbox 2906 2210 3167 2251; x_wconf 81' lang='lat' dir='ltr'><strong>connexa.</strong></span> <span class='ocrx_word' id='word_1_536' title='bbox 3226 2195 3468 2266; x_wconf 87' lang='lat' dir='ltr'><strong>Denique</strong></span> 
     </span>
    </p>
   </div>
   <div class='ocr_carea' id='block_1_68' title="bbox 1896 2288 3473 2362">
    <p class='ocr_par' dir='ltr' id='par_1_68' title="bbox 1896 2288 3473 2362">
     <span class='ocr_line' id='line_1_68' title="bbox 1896 2288 3473 2362; baseline -0.001 -18"><span class='ocrx_word' id='word_1_537' title='bbox 1896 2293 2206 2362; x_wconf 79' lang='lat' dir='ltr'><strong>opinionem</strong></span> <span class='ocrx_word' id='word_1_538' title='bbox 2234 2291 2478 2345; x_wconf 80' lang='lat' dir='ltr'><strong>eamdem</strong></span> <span class='ocrx_word' id='word_1_539' title='bbox 2518 2288 2683 2342; x_wconf 89' lang='lat' dir='ltr'><strong>tuitus</strong></span> <span class='ocrx_word' id='word_1_540' title='bbox 2728 2299 2815 2342; x_wconf 89' lang='lat' dir='ltr'><strong>est</strong></span> <span class='ocrx_word' id='word_1_541' title='bbox 2871 2302 3194 2358; x_wconf 87' lang='lat' dir='ltr'><strong>proavorum</strong></span> <span class='ocrx_word' id='word_1_542' title='bbox 3258 2298 3473 2344; x_wconf 86' lang='lat' dir='ltr'><strong>nostro-</strong></span> 
     </span>
    </p>
   </div>
   <div class='ocr_carea' id='block_1_69' title="bbox 1896 2381 3460 2453">
    <p class='ocr_par' dir='ltr' id='par_1_69' title="bbox 1896 2381 3460 2453">
     <span class='ocr_line' id='line_1_69' title="bbox 1896 2381 3460 2453; baseline -0.001 -14"><span class='ocrx_word' id='word_1_543' title='bbox 1896 2402 2015 2439; x_wconf 84' lang='lat' dir='ltr'><strong>rum</strong></span> <span class='ocrx_word' id='word_1_544' title='bbox 2060 2385 2323 2439; x_wconf 90' lang='lat' dir='ltr'><strong>memoria</strong></span> <span class='ocrx_word' id='word_1_545' title='bbox 2360 2383 2687 2438; x_wconf 84' lang='lat' dir='ltr'><strong>Franciscus</strong></span> <span class='ocrx_word' id='word_1_546' title='bbox 2735 2381 2999 2453; x_wconf 85' lang='lat' dir='ltr'><strong>Georgius</strong></span> <span class='ocrx_word' id='word_1_547' title='bbox 3042 2392 3171 2438; x_wconf 87' lang='lat' dir='ltr'><strong>tom.</strong></span> <span class='ocrx_word' id='word_1_548' title='bbox 3199 2381 3255 2448; x_wconf 87' lang='lat' dir='ltr'><strong>l,</strong></span> <span class='ocrx_word' id='word_1_549' title='bbox 3283 2382 3460 2453; x_wconf 92' lang='lat' dir='ltr'><strong>probl.</strong></span> 
     </span>
    </p>
   </div>
   <div class='ocr_carea' id='block_1_70' title="bbox 1892 2478 2102 2544">
    <p class='ocr_par' dir='ltr' id='par_1_70' title="bbox 1892 2478 2102 2544">
     <span class='ocr_line' id='line_1_70' title="bbox 1892 2478 2102 2544; baseline 0 -12"><span class='ocrx_word' id='word_1_550' title='bbox 1892 2478 1982 2544; x_wconf 75' lang='grc'><strong>26,</strong></span> <span class='ocrx_word' id='word_1_551' title='bbox 2013 2478 2102 2532; x_wconf 76' lang='grc'><strong>27.</strong></span> 
     </span>
    </p>
   </div>
   <div class='ocr_carea' id='block_1_71' title="bbox 1965 2565 3465 2636">
    <p class='ocr_par' dir='ltr' id='par_1_71' title="bbox 1965 2565 3465 2636">
     <span class='ocr_line' id='line_1_71' title="bbox 1965 2565 3465 2636; baseline -0.001 -15"><span class='ocrx_word' id='word_1_552' title='bbox 1965 2565 2130 2621; x_wconf 80' lang='lat' dir='ltr'><strong>XVII.</strong></span> <span class='ocrx_word' id='word_1_553' title='bbox 2173 2566 2390 2623; x_wconf 86' lang='lat' dir='ltr'><strong>Credita</strong></span> <span class='ocrx_word' id='word_1_554' title='bbox 2445 2565 2535 2621; x_wconf 87' lang='lat' dir='ltr'><strong>illa</strong></span> <span class='ocrx_word' id='word_1_555' title='bbox 2576 2574 2631 2621; x_wconf 91' lang='lat' dir='ltr'><strong>et</strong></span> <span class='ocrx_word' id='word_1_556' title='bbox 2677 2575 2884 2621; x_wconf 87' lang='lat' dir='ltr'><strong>asserta</strong></span> <span class='ocrx_word' id='word_1_557' title='bbox 2934 2566 3005 2621; x_wconf 93' lang='lat' dir='ltr'><strong>ob</strong></span> <span class='ocrx_word' id='word_1_558' title='bbox 3057 2565 3289 2636; x_wconf 88' lang='lat' dir='ltr'><strong>Origene</strong></span> <span class='ocrx_word' id='word_1_559' title='bbox 3346 2565 3465 2619; x_wconf 86' lang='lat' dir='ltr'><strong>ani-</strong></span> 
     </span>
    </p>
   </div>
   <div class='ocr_carea' id='block_1_72' title="bbox 1893 2656 3463 2731">
    <p class='ocr_par' dir='ltr' id='par_1_72' title="bbox 1893 2656 3463 2731">
     <span class='ocr_line' id='line_1_72' title="bbox 1893 2656 3463 2731; baseline -0.002 -18"><span class='ocrx_word' id='word_1_560' title='bbox 1893 2675 2102 2714; x_wconf 90' lang='lat' dir='ltr'><strong>marum</strong></span> <span class='ocrx_word' id='word_1_561' title='bbox 2134 2658 2481 2731; x_wconf 68' lang='grc' dir='ltr'><strong>προϋπαρξις</strong></span> <span class='ocrx_word' id='word_1_562' title='bbox 2508 2658 2816 2713; x_wconf 85' lang='lat' dir='ltr'><strong>earumdem</strong></span> <span class='ocrx_word' id='word_1_563' title='bbox 2851 2673 3069 2727; x_wconf 91' lang='lat' dir='ltr'><strong>quoque</strong></span> <span class='ocrx_word' id='word_1_564' title='bbox 3114 2656 3463 2729; x_wconf 74' lang='grc' dir='ltr'>μετενσωμάο</span> 
     </span>
    </p>
   </div>
   <div class='ocr_carea' id='block_1_73' title="bbox 1890 2748 3459 2817">
    <p class='ocr_par' dir='ltr' id='par_1_73' title="bbox 1890 2748 3459 2817">
     <span class='ocr_line' id='line_1_73' title="bbox 1890 2748 3459 2817; baseline -0.001 -12"><span class='ocrx_word' id='word_1_565' title='bbox 1890 2768 2053 2805; x_wconf 82' lang='grc' dir='ltr'>τωσιν</span> <span class='ocrx_word' id='word_1_566' title='bbox 2080 2766 2181 2807; x_wconf 90' lang='lat' dir='ltr'><strong>cur</strong></span> <span class='ocrx_word' id='word_1_567' title='bbox 2204 2751 2539 2817; x_wconf 87' lang='lat' dir='ltr'><strong>admitteret,</strong></span> <span class='ocrx_word' id='word_1_568' title='bbox 2568 2764 2747 2804; x_wconf 66' lang='lat' dir='ltr'><strong>causa:</strong></span> <span class='ocrx_word' id='word_1_569' title='bbox 2785 2748 2909 2815; x_wconf 82' lang='lat' dir='ltr'><strong>fuit,</strong></span> <span class='ocrx_word' id='word_1_570' title='bbox 2949 2758 3005 2803; x_wconf 87' lang='lat' dir='ltr'><strong>ut</strong></span> <span class='ocrx_word' id='word_1_571' title='bbox 3032 2749 3267 2804; x_wconf 82' lang='lat' dir='ltr'><strong>diximus</strong></span> <span class='ocrx_word' id='word_1_572' title='bbox 3297 2767 3310 2803; x_wconf 92' lang='lat'><strong>:</strong></span> <span class='ocrx_word' id='word_1_573' title='bbox 3336 2763 3459 2803; x_wconf 86' lang='lat' dir='ltr'><strong>nam</strong></span> 
     </span>
    </p>
   </div>
   <div class='ocr_carea' id='block_1_74' title="bbox 1889 2841 3462 2913">
    <p class='ocr_par' dir='ltr' id='par_1_74' title="bbox 1889 2841 3462 2913">
     <span class='ocr_line' id='line_1_74' title="bbox 1889 2841 3462 2913; baseline -0.001 -15"><span class='ocrx_word' id='word_1_574' title='bbox 1889 2859 2013 2898; x_wconf 91' lang='lat' dir='ltr'><strong>cum</strong></span> <span class='ocrx_word' id='word_1_575' title='bbox 2045 2844 2255 2898; x_wconf 87' lang='lat' dir='ltr'><strong>animas</strong></span> <span class='ocrx_word' id='word_1_576' title='bbox 2274 2859 2372 2913; x_wconf 92' lang='lat' dir='ltr'><strong>pro</strong></span> <span class='ocrx_word' id='word_1_577' title='bbox 2397 2851 2766 2913; x_wconf 89' lang='lat' dir='ltr'><strong>peccatorum,</strong></span> <span class='ocrx_word' id='word_1_578' title='bbox 2802 2841 3134 2896; x_wconf 89' lang='lat' dir='ltr'><strong>virtutumve</strong></span> <span class='ocrx_word' id='word_1_579' title='bbox 3158 2842 3373 2897; x_wconf 88' lang='lat' dir='ltr'><strong>ratione</strong></span> <span class='ocrx_word' id='word_1_580' title='bbox 3405 2852 3462 2897; x_wconf 82' lang='lat' dir='ltr'><strong>et</strong></span> 
     </span>
    </p>
   </div>
   <div class='ocr_carea' id='block_1_75' title="bbox 1890 2934 3461 3005">
    <p class='ocr_par' dir='ltr' id='par_1_75' title="bbox 1890 2934 3461 3005">
     <span class='ocr_line' id='line_1_75' title="bbox 1890 2934 3461 3005; baseline 0.001 -17"><span class='ocrx_word' id='word_1_581' title='bbox 1890 2935 2072 2999; x_wconf 89' lang='lat' dir='ltr'><strong>modo,</strong></span> <span class='ocrx_word' id='word_1_582' title='bbox 2105 2934 2188 2988; x_wconf 88' lang='lat' dir='ltr'><strong>vel</strong></span> <span class='ocrx_word' id='word_1_583' title='bbox 2207 2935 2517 3005; x_wconf 91' lang='lat' dir='ltr'><strong>angelorum</strong></span> <span class='ocrx_word' id='word_1_584' title='bbox 2543 2935 2804 3005; x_wconf 91' lang='lat' dir='ltr'><strong>consequi</strong></span> <span class='ocrx_word' id='word_1_585' title='bbox 2835 2934 3172 3002; x_wconf 89' lang='lat' dir='ltr'><strong>dignitatem,</strong></span> <span class='ocrx_word' id='word_1_586' title='bbox 3200 2934 3283 2989; x_wconf 90' lang='lat' dir='ltr'><strong>vel</strong></span> <span class='ocrx_word' id='word_1_587' title='bbox 3311 2948 3461 2989; x_wconf 84' lang='lat' dir='ltr'><strong>cras-</strong></span> 
     </span>
    </p>
   </div>
   <div class='ocr_carea' id='block_1_76' title="bbox 1889 3022 3458 3093">
    <p class='ocr_par' dir='ltr' id='par_1_76' title="bbox 1889 3022 3458 3093">
     <span class='ocr_line' id='line_1_76' title="bbox 1889 3022 3458 3093; baseline -0.001 -14"><span class='ocrx_word' id='word_1_588' title='bbox 1889 3024 2123 3079; x_wconf 85' lang='lat' dir='ltr'><strong>sioribus</strong></span> <span class='ocrx_word' id='word_1_589' title='bbox 2143 3024 2449 3087; x_wconf 91' lang='lat' dir='ltr'><strong>hominum,</strong></span> <span class='ocrx_word' id='word_1_590' title='bbox 2487 3024 2862 3080; x_wconf 81' lang='lat' dir='ltr'><strong>daemonumve</strong></span> <span class='ocrx_word' id='word_1_591' title='bbox 2891 3023 3209 3093; x_wconf 87' lang='lat' dir='ltr'><strong>corporibus</strong></span> <span class='ocrx_word' id='word_1_592' title='bbox 3222 3022 3458 3089; x_wconf 87' lang='lat' dir='ltr'><strong>adnecti,</strong></span> 
     </span>
    </p>
   </div>
   <div class='ocr_carea' id='block_1_77' title="bbox 1886 3116 3458 3189">
    <p class='ocr_par' dir='ltr' id='par_1_77' title="bbox 1886 3116 3458 3189">
     <span class='ocr_line' id='line_1_77' title="bbox 1886 3116 3458 3189; baseline 0 -15"><span class='ocrx_word' id='word_1_593' title='bbox 1886 3130 1941 3174; x_wconf 91' lang='lat' dir='ltr'><strong>et</strong></span> <span class='ocrx_word' id='word_1_594' title='bbox 1973 3126 2231 3189; x_wconf 87' lang='lat' dir='ltr'><strong>perpetua</strong></span> <span class='ocrx_word' id='word_1_595' title='bbox 2284 3125 2498 3171; x_wconf 89' lang='lat' dir='ltr'><strong>utentes</strong></span> <span class='ocrx_word' id='word_1_596' title='bbox 2546 3118 2755 3172; x_wconf 87' lang='lat' dir='ltr'><strong>arbitrii</strong></span> <span class='ocrx_word' id='word_1_597' title='bbox 2807 3117 3091 3183; x_wconf 89' lang='lat' dir='ltr'><strong>libertate,</strong></span> <span class='ocrx_word' id='word_1_598' title='bbox 3125 3116 3322 3172; x_wconf 89' lang='lat' dir='ltr'><strong>iterum</strong></span> <span class='ocrx_word' id='word_1_599' title='bbox 3357 3118 3458 3173; x_wconf 86' lang='lat' dir='ltr'><strong>ite-</strong></span> 
     </span>
    </p>
   </div>
   <div class='ocr_carea' id='block_1_78' title="bbox 1886 3207 3459 3279">
    <p class='ocr_par' dir='ltr' id='par_1_78' title="bbox 1886 3207 3459 3279">
     <span class='ocr_line' id='line_1_78' title="bbox 1886 3207 3459 3279; baseline -0.001 -15"><span class='ocrx_word' id='word_1_600' title='bbox 1886 3223 2113 3279; x_wconf 90' lang='lat' dir='ltr'><strong>rumque</strong></span> <span class='ocrx_word' id='word_1_601' title='bbox 2144 3208 2229 3263; x_wconf 89' lang='lat' dir='ltr'><strong>vel</strong></span> <span class='ocrx_word' id='word_1_602' title='bbox 2253 3216 2399 3263; x_wconf 90' lang='lat' dir='ltr'><strong>recte</strong></span> <span class='ocrx_word' id='word_1_603' title='bbox 2433 3207 2515 3263; x_wconf 89' lang='lat' dir='ltr'><strong>vel</strong></span> <span class='ocrx_word' id='word_1_604' title='bbox 2545 3207 2684 3262; x_wconf 87' lang='lat' dir='ltr'><strong>male</strong></span> <span class='ocrx_word' id='word_1_605' title='bbox 2704 3222 2864 3276; x_wconf 86' lang='lat' dir='ltr'><strong>agere</strong></span> <span class='ocrx_word' id='word_1_606' title='bbox 2888 3222 3050 3277; x_wconf 89' lang='lat' dir='ltr'><strong>posse</strong></span> <span class='ocrx_word' id='word_1_607' title='bbox 3072 3207 3339 3274; x_wconf 84' lang='lat' dir='ltr'><strong>crederet,</strong></span> <span class='ocrx_word' id='word_1_608' title='bbox 3364 3222 3459 3263; x_wconf 83' lang='lat' dir='ltr'><strong>ne-</strong></span> 
     </span>
    </p>
   </div>
   <div class='ocr_carea' id='block_1_79' title="bbox 1884 3299 3456 3372">
    <p class='ocr_par' dir='ltr' id='par_1_79' title="bbox 1884 3299 3456 3372">
     <span class='ocr_line' id='line_1_79' title="bbox 1884 3299 3456 3372; baseline -0.001 -16"><span class='ocrx_word' id='word_1_609' title='bbox 1884 3302 2121 3358; x_wconf 85' lang='lat' dir='ltr'><strong>cessaria</strong></span> <span class='ocrx_word' id='word_1_610' title='bbox 2153 3309 2594 3372; x_wconf 89' lang='lat' dir='ltr'><strong>argumentorum</strong></span> <span class='ocrx_word' id='word_1_611' title='bbox 2620 3300 3007 3369; x_wconf 89' lang='lat' dir='ltr'><strong>consequentia</strong></span> <span class='ocrx_word' id='word_1_612' title='bbox 3047 3313 3113 3355; x_wconf 92' lang='lat' dir='ltr'><strong>eo</strong></span> <span class='ocrx_word' id='word_1_613' title='bbox 3142 3299 3456 3354; x_wconf 87' lang='lat' dir='ltr'><strong>adduceba-</strong></span> 
     </span>
    </p>
   </div>
   <div class='ocr_carea' id='block_1_80' title="bbox 1886 3380 3455 3459">
    <p class='ocr_par' dir='ltr' id='par_1_80' title="bbox 1886 3380 3455 3459">
     <span class='ocr_line' id='line_1_80' title="bbox 1886 3380 3455 3459; baseline 0 -14"><span class='ocrx_word' id='word_1_614' title='bbox 1886 3380 1996 3456; x_wconf 73' lang='lat' dir='ltr'><strong>tur,</strong></span> <span class='ocrx_word' id='word_1_615' title='bbox 2021 3400 2082 3445; x_wconf 87' lang='lat' dir='ltr'><strong>ut</strong></span> <span class='ocrx_word' id='word_1_616' title='bbox 2114 3391 2326 3444; x_wconf 90' lang='lat' dir='ltr'><strong>animas</strong></span> <span class='ocrx_word' id='word_1_617' title='bbox 2351 3390 2630 3444; x_wconf 87' lang='lat' dir='ltr'><strong>hominum</strong></span> <span class='ocrx_word' id='word_1_618' title='bbox 2662 3388 2855 3442; x_wconf 91' lang='lat' dir='ltr'><strong>iterum</strong></span> <span class='ocrx_word' id='word_1_619' title='bbox 2902 3389 3211 3459; x_wconf 84' lang='lat' dir='ltr'><strong>iterumque</strong></span> <span class='ocrx_word' id='word_1_620' title='bbox 3272 3391 3455 3445; x_wconf 88' lang='lat' dir='ltr'><strong>subire</strong></span> 
     </span>
    </p>
   </div>
   <div class='ocr_carea' id='block_1_81' title="bbox 1883 3482 3450 3553">
    <p class='ocr_par' dir='ltr' id='par_1_81' title="bbox 1883 3482 3450 3553">
     <span class='ocr_line' id='line_1_81' title="bbox 1883 3482 3450 3553; baseline -0.001 -16"><span class='ocrx_word' id='word_1_621' title='bbox 1883 3497 2043 3553; x_wconf 87' lang='lat' dir='ltr'><strong>posse</strong></span> <span class='ocrx_word' id='word_1_622' title='bbox 2076 3482 2342 3537; x_wconf 81' lang='lat' dir='ltr'><strong>fateretur</strong></span> <span class='ocrx_word' id='word_1_623' title='bbox 2399 3482 2677 3537; x_wconf 83' lang='lat' dir='ltr'><strong>hominum</strong></span> <span class='ocrx_word' id='word_1_624' title='bbox 2732 3497 2961 3552; x_wconf 88' lang='lat' dir='ltr'><strong>corpora</strong></span> <span class='ocrx_word' id='word_1_625' title='bbox 2994 3482 3076 3536; x_wconf 84' lang='lat' dir='ltr'><strong>vel</strong></span> <span class='ocrx_word' id='word_1_626' title='bbox 3128 3482 3450 3537; x_wconf 67' lang='lat' dir='ltr'><strong>daemonum.</strong></span> 
     </span>
    </p>
   </div>
   <div class='ocr_carea' id='block_1_82' title="bbox 1882 3574 3452 3647">
    <p class='ocr_par' dir='ltr' id='par_1_82' title="bbox 1882 3574 3452 3647">
     <span class='ocr_line' id='line_1_82' title="bbox 1882 3574 3452 3647; baseline 0.001 -18"><span class='ocrx_word' id='word_1_627' title='bbox 1882 3576 2057 3645; x_wconf 86' lang='lat' dir='ltr'><strong>Atque</strong></span> <span class='ocrx_word' id='word_1_628' title='bbox 2095 3575 2182 3629; x_wconf 89' lang='lat' dir='ltr'><strong>illa</strong></span> <span class='ocrx_word' id='word_1_629' title='bbox 2218 3585 2302 3631; x_wconf 90' lang='lat' dir='ltr'><strong>est</strong></span> <span class='ocrx_word' id='word_1_630' title='bbox 2324 3585 2430 3629; x_wconf 88' lang='lat' dir='ltr'><strong>tam</strong></span> <span class='ocrx_word' id='word_1_631' title='bbox 2462 3577 2775 3642; x_wconf 85' lang='lat' dir='ltr'><strong>decantata,</strong></span> <span class='ocrx_word' id='word_1_632' title='bbox 2813 3577 2972 3632; x_wconf 89' lang='lat' dir='ltr'><strong>toties</strong></span> <span class='ocrx_word' id='word_1_633' title='bbox 3005 3575 3226 3645; x_wconf 85' lang='lat' dir='ltr'><strong>explosa</strong></span> <span class='ocrx_word' id='word_1_634' title='bbox 3257 3574 3452 3647; x_wconf 87' lang='lat' dir='ltr'><strong>Orige-</strong></span> 
     </span>
    </p>
   </div>
   <div class='ocr_carea' id='block_1_83' title="bbox 1882 3667 3452 3739">
    <p class='ocr_par' dir='ltr' id='par_1_83' title="bbox 1882 3667 3452 3739">
     <span class='ocr_line' id='line_1_83' title="bbox 1882 3667 3452 3739; baseline 0.001 -18"><span class='ocrx_word' id='word_1_635' title='bbox 1882 3667 1966 3721; x_wconf 87' lang='lat' dir='ltr'><strong>nis</strong></span> <span class='ocrx_word' id='word_1_636' title='bbox 1995 3667 2503 3739; x_wconf 82' lang='grc' dir='ltr'><strong>μετενσωμάτωσις,</strong></span> <span class='ocrx_word' id='word_1_637' title='bbox 2544 3670 2700 3739; x_wconf 88' lang='lat' dir='ltr'><strong>quasi</strong></span> <span class='ocrx_word' id='word_1_638' title='bbox 2734 3668 2905 3734; x_wconf 86' lang='lat' dir='ltr'><strong>dicas,</strong></span> <span class='ocrx_word' id='word_1_639' title='bbox 2936 3670 3452 3738; x_wconf 80' lang='lat' dir='ltr'><strong>tramicorporatio;</strong></span> 
     </span>
    </p>
   </div>
   <div class='ocr_carea' id='block_1_84' title="bbox 1880 3759 3454 3833">
    <p class='ocr_par' dir='ltr' id='par_1_84' title="bbox 1880 3759 3454 3833">
     <span class='ocr_line' id='line_1_84' title="bbox 1880 3759 3454 3833; baseline 0.003 -20"><span class='ocrx_word' id='word_1_640' title='bbox 1880 3775 2000 3830; x_wconf 70' lang='lat' dir='ltr'><strong>quae</strong></span> <span class='ocrx_word' id='word_1_641' title='bbox 2022 3772 2073 3815; x_wconf 85' lang='lat' dir='ltr'><strong>et</strong></span> <span class='ocrx_word' id='word_1_642' title='bbox 2094 3760 2514 3833; x_wconf 75' lang='grc' dir='ltr'><strong>μετεμψύχωσις</strong></span> <span class='ocrx_word' id='word_1_643' title='bbox 2543 3759 2801 3831; x_wconf 85' lang='lat' dir='ltr'><strong>appellari</strong></span> <span class='ocrx_word' id='word_1_644' title='bbox 2826 3774 3021 3830; x_wconf 80' lang='lat' dir='ltr'><strong>porest,</strong></span> <span class='ocrx_word' id='word_1_645' title='bbox 3054 3762 3207 3833; x_wconf 82' lang='lat' dir='ltr'><strong>quod</strong></span> <span class='ocrx_word' id='word_1_646' title='bbox 3226 3762 3454 3818; x_wconf 89' lang='lat' dir='ltr'><strong>reddere</strong></span> 
     </span>
    </p>
   </div>
   <div class='ocr_carea' id='block_1_85' title="bbox 1879 3850 3453 3924">
    <p class='ocr_par' dir='ltr' id='par_1_85' title="bbox 1879 3850 3453 3924">
     <span class='ocr_line' id='line_1_85' title="bbox 1879 3850 3453 3924; baseline 0.003 -19"><span class='ocrx_word' id='word_1_647' title='bbox 1879 3866 2069 3921; x_wconf 91' lang='lat' dir='ltr'><strong>queas,</strong></span> <span class='ocrx_word' id='word_1_648' title='bbox 2104 3852 2588 3906; x_wconf 75' lang='lat' dir='ltr'><strong>transt&#39;nam&#39;matio.</strong></span> <span class='ocrx_word' id='word_1_649' title='bbox 2616 3850 2846 3907; x_wconf 91' lang='lat' dir='ltr'><strong>Pulchre</strong></span> <span class='ocrx_word' id='word_1_650' title='bbox 2872 3852 3138 3923; x_wconf 87' lang='lat' dir='ltr'><strong>dogmatis</strong></span> <span class='ocrx_word' id='word_1_651' title='bbox 3167 3854 3453 3924; x_wconf 90' lang='lat' dir='ltr'><strong>utriusque</strong></span> 
     </span>
    </p>
   </div>
   <div class='ocr_carea' id='block_1_86' title="bbox 1879 3943 3451 4019">
    <p class='ocr_par' dir='ltr' id='par_1_86' title="bbox 1879 3943 3451 4019">
     <span class='ocr_line' id='line_1_86' title="bbox 1879 3943 3451 4019; baseline 0.005 -24"><span class='ocrx_word' id='word_1_652' title='bbox 1879 3943 2272 3998; x_wconf 80' lang='lat' dir='ltr'><strong>connexionem</strong></span> <span class='ocrx_word' id='word_1_653' title='bbox 2304 3943 2441 3998; x_wconf 90' lang='lat' dir='ltr'><strong>vidit</strong></span> <span class='ocrx_word' id='word_1_654' title='bbox 2472 3944 2765 4013; x_wconf 87' lang='lat' dir='ltr'><strong>Gregorius</strong></span> <span class='ocrx_word' id='word_1_655' title='bbox 2807 3944 3083 4016; x_wconf 78' lang='lat' dir='ltr'><strong>Nyssenus</strong></span> <span class='ocrx_word' id='word_1_656' title='bbox 3115 3948 3255 4019; x_wconf 89' lang='lat' dir='ltr'><strong>apud</strong></span> <span class='ocrx_word' id='word_1_657' title='bbox 3285 3946 3451 4003; x_wconf 86' lang='lat' dir='ltr'><strong>Justi-</strong></span> 
     </span>
    </p>
   </div>
   <div class='ocr_carea' id='block_1_87' title="bbox 1879 4034 3449 4108">
    <p class='ocr_par' dir='ltr' id='par_1_87' title="bbox 1879 4034 3449 4108">
     <span class='ocr_line' id='line_1_87' title="bbox 1879 4034 3449 4108; baseline 0.007 -22"><span class='ocrx_word' id='word_1_658' title='bbox 1879 4034 2098 4088; x_wconf 90' lang='lat' dir='ltr'><strong>nianum</strong></span> <span class='ocrx_word' id='word_1_659' title='bbox 2131 4034 2184 4088; x_wconf 90' lang='lat' dir='ltr'><strong>in</strong></span> <span class='ocrx_word' id='word_1_660' title='bbox 2214 4035 2442 4105; x_wconf 88' lang='lat' dir='ltr'><strong>epistola</strong></span> <span class='ocrx_word' id='word_1_661' title='bbox 2476 4036 2543 4091; x_wconf 90' lang='lat' dir='ltr'><strong>ad</strong></span> <span class='ocrx_word' id='word_1_662' title='bbox 2575 4036 2785 4092; x_wconf 86' lang='lat' dir='ltr'><strong>Menam</strong></span> <span class='ocrx_word' id='word_1_663' title='bbox 2831 4040 3197 4108; x_wconf 86' lang='lat' dir='ltr'><strong>patriarcham</strong></span> <span class='ocrx_word' id='word_1_664' title='bbox 3225 4080 3241 4107; x_wconf 95' lang='lat'><strong>,</strong></span> <span class='ocrx_word' id='word_1_665' title='bbox 3287 4051 3342 4097; x_wconf 86' lang='lat' dir='ltr'><strong>et</strong></span> <span class='ocrx_word' id='word_1_666' title='bbox 3393 4041 3449 4097; x_wconf 89' lang='lat' dir='ltr'><strong>in</strong></span> 
     </span>
    </p>
   </div>
   <div class='ocr_carea' id='block_1_88' title="bbox 1876 4124 3448 4202">
    <p class='ocr_par' dir='ltr' id='par_1_88' title="bbox 1876 4124 3448 4202">
     <span class='ocr_line' id='line_1_88' title="bbox 1876 4124 3448 4202; baseline 0.003 -20"><span class='ocrx_word' id='word_1_667' title='bbox 1876 4124 2110 4194; x_wconf 83' lang='lat' dir='ltr'><strong>Origene</strong></span> <span class='ocrx_word' id='word_1_668' title='bbox 2134 4126 2502 4197; x_wconf 88' lang='lat' dir='ltr'><strong>reprehendit.</strong></span> <span class='ocrx_word' id='word_1_669' title='bbox 2537 4129 3001 4195; x_wconf 87' lang='lat' dir='ltr'><strong>Quemadmodum</strong></span> <span class='ocrx_word' id='word_1_670' title='bbox 3051 4141 3228 4186; x_wconf 92' lang='lat' dir='ltr'><strong>autem</strong></span> <span class='ocrx_word' id='word_1_671' title='bbox 3269 4132 3448 4202; x_wconf 88' lang='lat' dir='ltr'><strong>dupli-</strong></span> 
     </span>
    </p>
   </div>
   <div class='ocr_carea' id='block_1_89' title="bbox 1875 4215 3445 4289">
    <p class='ocr_par' dir='ltr' id='par_1_89' title="bbox 1875 4215 3445 4289">
     <span class='ocr_line' id='line_1_89' title="bbox 1875 4215 3445 4289; baseline 0.001 -20"><span class='ocrx_word' id='word_1_672' title='bbox 1875 4215 2014 4271; x_wconf 90' lang='lat' dir='ltr'><strong>citer</strong></span> <span class='ocrx_word' id='word_1_673' title='bbox 2044 4232 2145 4270; x_wconf 85' lang='lat' dir='ltr'><strong>vox</strong></span> <span class='ocrx_word' id='word_1_674' title='bbox 2182 4216 2307 4282; x_wconf 91' lang='lat' dir='ltr'><strong>ista,</strong></span> <span class='ocrx_word' id='word_1_675' title='bbox 2344 4216 2782 4289; x_wconf 74' lang='grc' dir='ltr'>μετεμψύχωσις,</span> <span class='ocrx_word' id='word_1_676' title='bbox 2815 4217 2972 4287; x_wconf 89' lang='lat' dir='ltr'><strong>vulgo</strong></span> <span class='ocrx_word' id='word_1_677' title='bbox 3005 4225 3322 4286; x_wconf 86' lang='lat' dir='ltr'><strong>usurpatur,</strong></span> <span class='ocrx_word' id='word_1_678' title='bbox 3360 4216 3445 4270; x_wconf 89' lang='lat' dir='ltr'><strong>vel</strong></span> 
     </span>
    </p>
   </div>
   <div class='ocr_carea' id='block_1_90' title="bbox 1875 4308 3446 4379">
    <p class='ocr_par' dir='ltr' id='par_1_90' title="bbox 1875 4308 3446 4379">
     <span class='ocr_line' id='line_1_90' title="bbox 1875 4308 3446 4379; baseline 0.003 -22"><span class='ocrx_word' id='word_1_679' title='bbox 1875 4322 1972 4377; x_wconf 79' lang='lat' dir='ltr'><strong>pro</strong></span> <span class='ocrx_word' id='word_1_680' title='bbox 2006 4308 2237 4362; x_wconf 87' lang='lat' dir='ltr'><strong>transitu</strong></span> <span class='ocrx_word' id='word_1_681' title='bbox 2264 4309 2455 4362; x_wconf 65' lang='lat' dir='ltr'><strong>animae</strong></span> <span class='ocrx_word' id='word_1_682' title='bbox 2477 4324 2540 4361; x_wconf 87' lang='lat' dir='ltr'><strong>ex</strong></span> <span class='ocrx_word' id='word_1_683' title='bbox 2563 4308 2798 4362; x_wconf 85' lang='lat' dir='ltr'><strong>humano</strong></span> <span class='ocrx_word' id='word_1_684' title='bbox 2824 4323 3052 4379; x_wconf 87' lang='lat' dir='ltr'><strong>corpore</strong></span> <span class='ocrx_word' id='word_1_685' title='bbox 3080 4310 3134 4363; x_wconf 92' lang='lat' dir='ltr'><strong>in</strong></span> <span class='ocrx_word' id='word_1_686' title='bbox 3152 4310 3446 4363; x_wconf 87' lang='lat' dir='ltr'><strong>humanum</strong></span> 
     </span>
    </p>
   </div>
   <div class='ocr_carea' id='block_1_91' title="bbox 197 4400 1802 4485">
    <p class='ocr_par' dir='ltr' id='par_1_91' title="bbox 197 4402 1772 4485">
     <span class='ocr_line' id='line_1_91' title="bbox 197 4402 1772 4485; baseline 0.01 -33"><span class='ocrx_word' id='word_1_687' title='bbox 197 4417 316 4471; x_wconf 86' lang='grc' dir='ltr'>ριος</span> <span class='ocrx_word' id='word_1_688' title='bbox 341 4403 465 4465; x_wconf 81' lang='grc' dir='ltr'>τοὺς</span> <span class='ocrx_word' id='word_1_689' title='bbox 491 4403 792 4466; x_wconf 81' lang='grc' dir='ltr'><strong>τεθνεῶτας</strong></span> <span class='ocrx_word' id='word_1_690' title='bbox 820 4405 938 4474; x_wconf 80' lang='grc' dir='ltr'><strong>Θεῷ</strong></span> <span class='ocrx_word' id='word_1_691' title='bbox 972 4404 1069 4476; x_wconf 75' lang='grc' dir='ltr'><strong>ζῇν</strong></span> <span class='ocrx_word' id='word_1_692' title='bbox 1086 4402 1260 4468; x_wconf 78' lang='grc' dir='ltr'>εἶπεν,</span> <span class='ocrx_word' id='word_1_693' title='bbox 1302 4409 1375 4473; x_wconf 84' lang='grc' dir='ltr'>ὡς</span> <span class='ocrx_word' id='word_1_694' title='bbox 1410 4409 1561 4465; x_wconf 71' lang='grc' dir='ltr'>οὔπω</span> <span class='ocrx_word' id='word_1_695' title='bbox 1592 4413 1652 4466; x_wconf 85' lang='grc' dir='ltr'><strong>τὺ</strong></span> <span class='ocrx_word' id='word_1_696' title='bbox 1675 4411 1772 4485; x_wconf 81' lang='grc' dir='ltr'><strong>ζῇν</strong></span> 
     </span>
    </p>
   </div>
   <div class='ocr_carea' id='block_1_92' title="bbox 1891 4400 3449 4485">
    <p class='ocr_par' dir='ltr' id='par_1_92' title="bbox 1891 4400 3449 4471">
     <span class='ocr_line' id='line_1_92' title="bbox 1891 4400 3449 4471; baseline 0.003 -19"><span class='ocrx_word' id='word_1_697' title='bbox 1891 4414 2100 4469; x_wconf 87' lang='lat' dir='ltr'><strong>:orpus;</strong></span> <span class='ocrx_word' id='word_1_698' title='bbox 2134 4400 2218 4454; x_wconf 91' lang='lat' dir='ltr'><strong>vel</strong></span> <span class='ocrx_word' id='word_1_699' title='bbox 2250 4415 2347 4468; x_wconf 90' lang='lat' dir='ltr'><strong>pro</strong></span> <span class='ocrx_word' id='word_1_700' title='bbox 2371 4401 2693 4471; x_wconf 89' lang='lat' dir='ltr'><strong>migratione</strong></span> <span class='ocrx_word' id='word_1_701' title='bbox 2723 4402 2919 4456; x_wconf 67' lang='lat' dir='ltr'><strong>animae</strong></span> <span class='ocrx_word' id='word_1_702' title='bbox 2945 4416 3011 4456; x_wconf 91' lang='lat' dir='ltr'><strong>ex</strong></span> <span class='ocrx_word' id='word_1_703' title='bbox 3061 4404 3298 4458; x_wconf 90' lang='lat' dir='ltr'><strong>humano</strong></span> <span class='ocrx_word' id='word_1_704' title='bbox 3326 4417 3449 4458; x_wconf 90' lang='lat' dir='ltr'><strong>cor-</strong></span> 
     </span>
    </p>
   </div>
   <div class='ocr_carea' id='block_1_93' title="bbox 193 4492 1767 4574">
    <p class='ocr_par' dir='ltr' id='par_1_93' title="bbox 193 4492 1767 4574">
     <span class='ocr_line' id='line_1_93' title="bbox 193 4492 1767 4574; baseline 0.009 -30"><span class='ocrx_word' id='word_1_705' title='bbox 193 4492 438 4561; x_wconf 78' lang='grc' dir='ltr'><strong>ἐχοντας,</strong></span> <span class='ocrx_word' id='word_1_706' title='bbox 474 4493 613 4564; x_wconf 73' lang='grc' dir='ltr'>πλὴν</span> <span class='ocrx_word' id='word_1_707' title='bbox 628 4495 751 4548; x_wconf 87' lang='grc' dir='ltr'>ὅσον</span> <span class='ocrx_word' id='word_1_708' title='bbox 791 4498 848 4549; x_wconf 80' lang='grc' dir='ltr'>ὲν</span> <span class='ocrx_word' id='word_1_709' title='bbox 866 4496 1091 4567; x_wconf 78' lang='grc' dir='ltr'><strong>δυνάμει</strong></span> <span class='ocrx_word' id='word_1_710' title='bbox 1120 4498 1253 4553; x_wconf 82' lang='grc' dir='ltr'>Θεοῦ</span> <span class='ocrx_word' id='word_1_711' title='bbox 1276 4500 1370 4553; x_wconf 78' lang='grc' dir='ltr'><strong>τοῦ</strong></span> <span class='ocrx_word' id='word_1_712' title='bbox 1400 4503 1767 4574; x_wconf 73' lang='grc' dir='ltr'>ζωοποιήσαν-</span> 
     </span>
    </p>
   </div>
   <div class='ocr_carea' id='block_1_94' title="bbox 190 4586 1765 4666">
    <p class='ocr_par' dir='ltr' id='par_1_94' title="bbox 190 4586 1765 4666">
     <span class='ocr_line' id='line_1_94' title="bbox 190 4586 1765 4666; baseline 0.008 -28"><span class='ocrx_word' id='word_1_713' title='bbox 190 4602 307 4648; x_wconf 83' lang='grc' dir='ltr'>τος,</span> <span class='ocrx_word' id='word_1_714' title='bbox 338 4588 431 4640; x_wconf 71' lang='grc' dir='ltr'><strong>καὶ</strong></span> <span class='ocrx_word' id='word_1_715' title='bbox 468 4586 802 4641; x_wconf 78' lang='grc' dir='ltr'><strong>ἀπολωλέναι</strong></span> <span class='ocrx_word' id='word_1_716' title='bbox 832 4590 996 4660; x_wconf 75' lang='grc' dir='ltr'>φησὶν</span> <span class='ocrx_word' id='word_1_717' title='bbox 1032 4591 1248 4656; x_wconf 81' lang='grc' dir='ltr'>αὐτοὺς,</span> <span class='ocrx_word' id='word_1_718' title='bbox 1282 4595 1330 4646; x_wconf 75' lang='grc' dir='ltr'>εἰ</span> <span class='ocrx_word' id='word_1_719' title='bbox 1362 4593 1436 4666; x_wconf 77' lang='grc' dir='ltr'><strong>μὴ</strong></span> <span class='ocrx_word' id='word_1_720' title='bbox 1482 4593 1584 4665; x_wconf 79' lang='grc' dir='ltr'><strong>τῆς</strong></span> <span class='ocrx_word' id='word_1_721' title='bbox 1632 4597 1765 4651; x_wconf 84' lang='grc' dir='ltr'>ἀνα-</span> 
     </span>
    </p>
   </div>
   <div class='ocr_carea' id='block_1_95' title="bbox 194 4676 1768 4749">
    <p class='ocr_par' dir='ltr' id='par_1_95' title="bbox 194 4676 1768 4749">
     <span class='ocr_line' id='line_1_95' title="bbox 194 4676 1768 4749; baseline 0.01 -20"><span class='ocrx_word' id='word_1_722' title='bbox 194 4676 443 4741; x_wconf 83' lang='grc' dir='ltr'><strong>στάσεως</strong></span> <span class='ocrx_word' id='word_1_723' title='bbox 496 4678 729 4749; x_wconf 84' lang='grc' dir='ltr'>τύχοιεν.</span> <span class='ocrx_word' id='word_1_724' title='bbox 777 4680 1119 4737; x_wconf 91' lang='lat' dir='ltr'><strong>Concurrunt</strong></span> <span class='ocrx_word' id='word_1_725' title='bbox 1158 4683 1272 4739; x_wconf 68' lang='lat' dir='ltr'><strong>haec</strong></span> <span class='ocrx_word' id='word_1_726' title='bbox 1326 4686 1556 4741; x_wconf 90' lang='lat' dir='ltr'><strong>adversa</strong></span> <span class='ocrx_word' id='word_1_727' title='bbox 1590 4686 1768 4744; x_wconf 78' lang='lat' dir='ltr'><strong>fronte</strong></span> 
     </span>
    </p>
   </div>
   <div class='ocr_carea' id='block_1_96' title="bbox 190 4773 1763 4843">
    <p class='ocr_par' dir='ltr' id='par_1_96' title="bbox 190 4773 1763 4843">
     <span class='ocr_line' id='line_1_96' title="bbox 190 4773 1763 4843; baseline 0.006 -16"><span class='ocrx_word' id='word_1_728' title='bbox 190 4788 323 4827; x_wconf 91' lang='lat' dir='ltr'><strong>cum</strong></span> <span class='ocrx_word' id='word_1_729' title='bbox 363 4773 758 4843; x_wconf 90' lang='lat' dir='ltr'><strong>superioribus,</strong></span> <span class='ocrx_word' id='word_1_730' title='bbox 799 4783 856 4828; x_wconf 91' lang='lat' dir='ltr'><strong>et</strong></span> <span class='ocrx_word' id='word_1_731' title='bbox 876 4774 1139 4829; x_wconf 88' lang='lat' dir='ltr'><strong>alterutra</strong></span> <span class='ocrx_word' id='word_1_732' title='bbox 1179 4775 1337 4831; x_wconf 89' lang='lat' dir='ltr'><strong>cadat</strong></span> <span class='ocrx_word' id='word_1_733' title='bbox 1366 4779 1643 4834; x_wconf 90' lang='lat' dir='ltr'><strong>accusatio</strong></span> <span class='ocrx_word' id='word_1_734' title='bbox 1666 4796 1763 4835; x_wconf 90' lang='lat' dir='ltr'><strong>ne-</strong></span> 
     </span>
    </p>
   </div>
   <div class='ocr_carea' id='block_1_97' title="bbox 188 4872 549 4919">
    <p class='ocr_par' dir='ltr' id='par_1_97' title="bbox 188 4872 549 4919">
     <span class='ocr_line' id='line_1_97' title="bbox 188 4872 549 4919; baseline -0.008 0"><span class='ocrx_word' id='word_1_735' title='bbox 188 4877 409 4919; x_wconf 84' lang='lat' dir='ltr'><strong>cessum</strong></span> <span class='ocrx_word' id='word_1_736' title='bbox 449 4872 549 4919; x_wconf 73' lang='grc' dir='ltr'><strong>εει.</strong></span> 
     </span>
    </p>
   </div>
   <div class='ocr_carea' id='block_1_98' title="bbox 264 4959 1765 5021">
    <p class='ocr_par' dir='ltr' id='par_1_98' title="bbox 264 4959 1765 5021">
     <span class='ocr_line' id='line_1_98' title="bbox 264 4959 1765 5021; baseline 0.005 -8"><span class='ocrx_word' id='word_1_737' title='bbox 264 4959 464 5013; x_wconf 84' lang='lat' dir='ltr'><strong>Anima</strong></span> <span class='ocrx_word' id='word_1_738' title='bbox 504 4960 619 5015; x_wconf 89' lang='lat' dir='ltr'><strong>sola</strong></span> <span class='ocrx_word' id='word_1_739' title='bbox 660 4970 911 5017; x_wconf 89' lang='lat' dir='ltr'><strong>constare</strong></span> <span class='ocrx_word' id='word_1_740' title='bbox 948 4962 1220 5018; x_wconf 90' lang='lat' dir='ltr'><strong>hominem</strong></span> <span class='ocrx_word' id='word_1_741' title='bbox 1250 4967 1581 5021; x_wconf 87' lang='lat' dir='ltr'><strong>asseveravit</strong></span> <span class='ocrx_word' id='word_1_742' title='bbox 1611 4966 1765 5021; x_wconf 85' lang='lat' dir='ltr'><strong>Plato</strong></span> 
     </span>
    </p>
   </div>
   <div class='ocr_carea' id='block_1_99' title="bbox 188 5049 1759 5120">
    <p class='ocr_par' dir='ltr' id='par_1_99' title="bbox 188 5049 1759 5120">
     <span class='ocr_line' id='line_1_99' title="bbox 188 5049 1759 5120; baseline 0.005 -16"><span class='ocrx_word' id='word_1_743' title='bbox 188 5050 247 5104; x_wconf 91' lang='lat' dir='ltr'><strong>in</strong></span> <span class='ocrx_word' id='word_1_744' title='bbox 294 5049 567 5105; x_wconf 76' lang='lat' dir='ltr'><strong>Alcibiade</strong></span> <span class='ocrx_word' id='word_1_745' title='bbox 607 5068 665 5116; x_wconf 84' lang='grc' dir='ltr'>ι,</span> <span class='ocrx_word' id='word_1_746' title='bbox 729 5068 887 5120; x_wconf 92' lang='lat' dir='ltr'><strong>quem</strong></span> <span class='ocrx_word' id='word_1_747' title='bbox 938 5064 1157 5109; x_wconf 90' lang='lat' dir='ltr'><strong>secutus</strong></span> <span class='ocrx_word' id='word_1_748' title='bbox 1204 5064 1289 5110; x_wconf 90' lang='lat' dir='ltr'><strong>est</strong></span> <span class='ocrx_word' id='word_1_749' title='bbox 1336 5055 1580 5112; x_wconf 91' lang='lat' dir='ltr'><strong>Plotinus</strong></span> <span class='ocrx_word' id='word_1_750' title='bbox 1618 5056 1759 5112; x_wconf 83' lang='lat' dir='ltr'><strong>Enn.</strong></span> 
     </span>
    </p>
   </div>
   <div class='ocr_carea' id='block_1_100' title="bbox 186 5135 1760 5213">
    <p class='ocr_par' dir='ltr' id='par_1_100' title="bbox 186 5135 1760 5213">
     <span class='ocr_line' id='line_1_100' title="bbox 186 5135 1760 5213; baseline 0.008 -24"><span class='ocrx_word' id='word_1_751' title='bbox 186 5135 287 5194; x_wconf 87' lang='lat' dir='ltr'><strong>lib.</strong></span> <span class='ocrx_word' id='word_1_752' title='bbox 304 5137 507 5194; x_wconf 83' lang='lat' dir='ltr'><strong>I.Hanc</strong></span> <span class='ocrx_word' id='word_1_753' title='bbox 534 5140 884 5204; x_wconf 88' lang='lat' dir='ltr'><strong>sententiam,</strong></span> <span class='ocrx_word' id='word_1_754' title='bbox 904 5153 1117 5198; x_wconf 89' lang='lat' dir='ltr'><strong>veteres</strong></span> <span class='ocrx_word' id='word_1_755' title='bbox 1143 5155 1359 5200; x_wconf 91' lang='lat' dir='ltr'><strong>secutus</strong></span> <span class='ocrx_word' id='word_1_756' title='bbox 1385 5148 1760 5213; x_wconf 81' lang='lat' dir='ltr'><strong>Academicos,</strong></span> 
     </span>
    </p>
   </div>
   <div class='ocr_carea' id='block_1_101' title="bbox 186 5226 1760 5307">
    <p class='ocr_par' dir='ltr' id='par_1_101' title="bbox 186 5226 1760 5307">
     <span class='ocr_line' id='line_1_101' title="bbox 186 5226 1760 5307; baseline 0.006 -28"><span class='ocrx_word' id='word_1_757' title='bbox 186 5226 471 5282; x_wconf 86' lang='lat' dir='ltr'><strong>damnavit</strong></span> <span class='ocrx_word' id='word_1_758' title='bbox 504 5227 699 5295; x_wconf 89' lang='lat' dir='ltr'><strong>Varro,</strong></span> <span class='ocrx_word' id='word_1_759' title='bbox 758 5237 814 5282; x_wconf 90' lang='lat' dir='ltr'><strong>ut</strong></span> <span class='ocrx_word' id='word_1_760' title='bbox 853 5236 936 5283; x_wconf 91' lang='lat' dir='ltr'><strong>est</strong></span> <span class='ocrx_word' id='word_1_761' title='bbox 967 5230 1108 5307; x_wconf 89' lang='lat' dir='ltr'><strong>apud</strong></span> <span class='ocrx_word' id='word_1_762' title='bbox 1151 5230 1507 5299; x_wconf 77' lang='lat' dir='ltr'><strong>Augustinum</strong></span> <span class='ocrx_word' id='word_1_763' title='bbox 1540 5233 1631 5287; x_wconf 90' lang='lat' dir='ltr'><strong>lib.</strong></span> <span class='ocrx_word' id='word_1_764' title='bbox 1668 5248 1760 5288; x_wconf 79' lang='lat' dir='ltr'><strong>xIx</strong></span> 
     </span>
    </p>
   </div>
   <div class='ocr_carea' id='block_1_102' title="bbox 184 5317 1759 5390">
    <p class='ocr_par' dir='ltr' id='par_1_102' title="bbox 184 5317 1759 5390">
     <span class='ocr_line' id='line_1_102' title="bbox 184 5317 1759 5390; baseline 0.004 -17"><span class='ocrx_word' id='word_1_765' title='bbox 184 5317 266 5373; x_wconf 85' lang='lat' dir='ltr'><strong>De</strong></span> <span class='ocrx_word' id='word_1_766' title='bbox 304 5320 445 5373; x_wconf 83' lang='lat' dir='ltr'><strong>civit.</strong></span> <span class='ocrx_word' id='word_1_767' title='bbox 482 5318 602 5385; x_wconf 83' lang='lat' dir='ltr'><strong>Dei,</strong></span> <span class='ocrx_word' id='word_1_768' title='bbox 626 5335 746 5390; x_wconf 91' lang='lat' dir='ltr'><strong>cap.</strong></span> <span class='ocrx_word' id='word_1_769' title='bbox 775 5322 827 5375; x_wconf 81' lang='lat'><strong>5.</strong></span> <span class='ocrx_word' id='word_1_770' title='bbox 854 5321 1086 5378; x_wconf 89' lang='lat' dir='ltr'><strong>lnstituti</strong></span> <span class='ocrx_word' id='word_1_771' title='bbox 1121 5337 1251 5378; x_wconf 88' lang='lat' dir='ltr'><strong>vero</strong></span> <span class='ocrx_word' id='word_1_772' title='bbox 1277 5338 1305 5378; x_wconf 92' lang='lat' dir='ltr'><strong>a</strong></span> <span class='ocrx_word' id='word_1_773' title='bbox 1335 5322 1556 5379; x_wconf 89' lang='lat' dir='ltr'><strong>Platone</strong></span> <span class='ocrx_word' id='word_1_774' title='bbox 1588 5326 1759 5380; x_wconf 75' lang='lat' dir='ltr'><strong>luere—</strong></span> 
     </span>
    </p>
   </div>
   <div class='ocr_carea' id='block_1_103' title="bbox 187 5412 1764 5484">
    <p class='ocr_par' dir='ltr' id='par_1_103' title="bbox 187 5412 1764 5484">
     <span class='ocr_line' id='line_1_103' title="bbox 187 5412 1764 5484; baseline 0.004 -21"><span class='ocrx_word' id='word_1_775' title='bbox 187 5412 281 5466; x_wconf 86' lang='lat' dir='ltr'><strong>tici</strong></span> <span class='ocrx_word' id='word_1_776' title='bbox 314 5412 555 5482; x_wconf 90' lang='lat' dir='ltr'><strong>quidam,</strong></span> <span class='ocrx_word' id='word_1_777' title='bbox 600 5413 1037 5483; x_wconf 89' lang='lat' dir='ltr'><strong>sententiamque</strong></span> <span class='ocrx_word' id='word_1_778' title='bbox 1068 5414 1187 5484; x_wconf 84' lang='lat' dir='ltr'><strong>ejus</strong></span> <span class='ocrx_word' id='word_1_779' title='bbox 1234 5418 1510 5483; x_wconf 87' lang='lat' dir='ltr'><strong>assectati,</strong></span> <span class='ocrx_word' id='word_1_780' title='bbox 1550 5416 1764 5471; x_wconf 86' lang='lat' dir='ltr'><strong>Tertul-</strong></span> 
     </span>
    </p>
   </div>
   <div class='ocr_carea' id='block_1_104' title="bbox 187 5502 1766 5574">
    <p class='ocr_par' dir='ltr' id='par_1_104' title="bbox 187 5502 1766 5574">
     <span class='ocr_line' id='line_1_104' title="bbox 187 5502 1766 5574; baseline 0.004 -17"><span class='ocrx_word' id='word_1_781' title='bbox 187 5502 316 5557; x_wconf 88' lang='lat' dir='ltr'><strong>liani</strong></span> <span class='ocrx_word' id='word_1_782' title='bbox 350 5504 766 5574; x_wconf 85' lang='lat' dir='ltr'><strong>castigationem</strong></span> <span class='ocrx_word' id='word_1_783' title='bbox 799 5514 1106 5563; x_wconf 86' lang='lat' dir='ltr'><strong>senserunt.</strong></span> <span class='ocrx_word' id='word_1_784' title='bbox 1133 5507 1226 5564; x_wconf 88' lang='lat' dir='ltr'><strong>Sic</strong></span> <span class='ocrx_word' id='word_1_785' title='bbox 1250 5507 1396 5564; x_wconf 86' lang='lat' dir='ltr'><strong>enim</strong></span> <span class='ocrx_word' id='word_1_786' title='bbox 1428 5507 1516 5565; x_wconf 92' lang='lat' dir='ltr'><strong>ille</strong></span> <span class='ocrx_word' id='word_1_787' title='bbox 1568 5508 1662 5567; x_wconf 88' lang='lat' dir='ltr'><strong>lib.</strong></span> <span class='ocrx_word' id='word_1_788' title='bbox 1694 5508 1766 5565; x_wconf 82' lang='lat' dir='ltr'><strong>De</strong></span> 
     </span>
    </p>
   </div>
   <div class='ocr_carea' id='block_1_105' title="bbox 228 5678 763 5754">
    <p class='ocr_par' dir='ltr' id='par_1_105' title="bbox 228 5678 763 5754">
     <span class='ocr_line' id='line_1_105' title="bbox 228 5678 763 5754; baseline 0.015 -20"><span class='ocrx_word' id='word_1_789' title='bbox 228 5678 305 5714; x_wconf 85' lang='grc'><strong>’⁸⁸</strong></span> <span class='ocrx_word' id='word_1_790' title='bbox 332 5680 373 5734; x_wconf 89' lang='lat' dir='ltr'><strong>ll</strong></span> <span class='ocrx_word' id='word_1_791' title='bbox 411 5682 533 5739; x_wconf 91' lang='lat' dir='ltr'><strong>Cor.</strong></span> <span class='ocrx_word' id='word_1_792' title='bbox 571 5700 647 5754; x_wconf 74' lang='grc' dir='ltr'><strong>ιγ,</strong></span> <span class='ocrx_word' id='word_1_793' title='bbox 680 5685 763 5742; x_wconf 83' lang='lat' dir='ltr'><strong>l6.</strong></span> 
     </span>
    </p>
   </div>
   <div class='ocr_carea' id='block_1_106' title="bbox 1876 4491 3449 4565">
    <p class='ocr_par' dir='ltr' id='par_1_106' title="bbox 1876 4491 3449 4565">
     <span class='ocr_line' id='line_1_106' title="bbox 1876 4491 3449 4565; baseline 0.003 -20"><span class='ocrx_word' id='word_1_794' title='bbox 1876 4506 2004 4560; x_wconf 91' lang='lat' dir='ltr'><strong>pore</strong></span> <span class='ocrx_word' id='word_1_795' title='bbox 2035 4491 2086 4545; x_wconf 92' lang='lat' dir='ltr'><strong>in</strong></span> <span class='ocrx_word' id='word_1_796' title='bbox 2119 4492 2316 4562; x_wconf 67' lang='lat' dir='ltr'><strong>plantae</strong></span> <span class='ocrx_word' id='word_1_797' title='bbox 2343 4508 2543 4563; x_wconf 92' lang='lat' dir='ltr'><strong>corpus</strong></span> <span class='ocrx_word' id='word_1_798' title='bbox 2566 4493 2647 4547; x_wconf 93' lang='lat' dir='ltr'><strong>vel</strong></span> <span class='ocrx_word' id='word_1_799' title='bbox 2684 4495 2927 4563; x_wconf 90' lang='lat' dir='ltr'><strong>pecudis,</strong></span> <span class='ocrx_word' id='word_1_800' title='bbox 2954 4508 3114 4564; x_wconf 89' lang='lat' dir='ltr'><strong>quam</strong></span> <span class='ocrx_word' id='word_1_801' title='bbox 3139 4509 3449 4565; x_wconf 85' lang='lat' dir='ltr'><strong>propugna-</strong></span> 
     </span>
    </p>
   </div>
   <div class='ocr_carea' id='block_1_107' title="bbox 1874 4583 3445 4655">
    <p class='ocr_par' dir='ltr' id='par_1_107' title="bbox 1874 4583 3445 4655">
     <span class='ocr_line' id='line_1_107' title="bbox 1874 4583 3445 4655; baseline 0.004 -20"><span class='ocrx_word' id='word_1_802' title='bbox 1874 4583 2329 4653; x_wconf 83' lang='lat' dir='ltr'><strong>viththagoras,</strong></span> <span class='ocrx_word' id='word_1_803' title='bbox 2363 4600 2636 4655; x_wconf 88' lang='lat' dir='ltr'><strong>quamque</strong></span> <span class='ocrx_word' id='word_1_804' title='bbox 2670 4585 2931 4654; x_wconf 90' lang='lat' dir='ltr'><strong>peculiari</strong></span> <span class='ocrx_word' id='word_1_805' title='bbox 2988 4585 3171 4643; x_wconf 91' lang='lat' dir='ltr'><strong>libello</strong></span> <span class='ocrx_word' id='word_1_806' title='bbox 3226 4587 3445 4642; x_wconf 70' lang='lat' dir='ltr'><strong>lambli-</strong></span> 
     </span>
    </p>
   </div>
   <div class='ocr_carea' id='block_1_108' title="bbox 1875 4676 3443 4749">
    <p class='ocr_par' dir='ltr' id='par_1_108' title="bbox 1875 4676 3443 4749">
     <span class='ocr_line' id='line_1_108' title="bbox 1875 4676 3443 4749; baseline 0.004 -20"><span class='ocrx_word' id='word_1_807' title='bbox 1875 4677 2009 4730; x_wconf 88' lang='lat' dir='ltr'><strong>chus</strong></span> <span class='ocrx_word' id='word_1_808' title='bbox 2038 4677 2334 4730; x_wconf 82' lang='lat' dir='ltr'><strong>confutavit</strong></span> <span class='ocrx_word' id='word_1_809' title='bbox 2363 4691 2379 4731; x_wconf 93' lang='lat'><strong>:</strong></span> <span class='ocrx_word' id='word_1_810' title='bbox 2418 4678 2489 4731; x_wconf 91' lang='lat' dir='ltr'><strong>ita</strong></span> <span class='ocrx_word' id='word_1_811' title='bbox 2515 4678 2674 4748; x_wconf 85' lang='lat' dir='ltr'><strong>juxta</strong></span> <span class='ocrx_word' id='word_1_812' title='bbox 2728 4676 3111 4749; x_wconf 87' lang='lat' dir='ltr'><strong>Origenianam</strong></span> <span class='ocrx_word' id='word_1_813' title='bbox 3138 4680 3443 4735; x_wconf 83' lang='lat' dir='ltr'><strong>doctrinam</strong></span> 
     </span>
    </p>
   </div>
   <div class='ocr_carea' id='block_1_109' title="bbox 1874 4768 3445 4841">
    <p class='ocr_par' dir='ltr' id='par_1_109' title="bbox 1874 4768 3445 4841">
     <span class='ocr_line' id='line_1_109' title="bbox 1874 4768 3445 4841; baseline 0.004 -20"><span class='ocrx_word' id='word_1_814' title='bbox 1874 4768 2253 4836; x_wconf 90' lang='lat' dir='ltr'><strong>distinguenda</strong></span> <span class='ocrx_word' id='word_1_815' title='bbox 2287 4778 2369 4823; x_wconf 92' lang='lat' dir='ltr'><strong>est</strong></span> <span class='ocrx_word' id='word_1_816' title='bbox 2415 4768 2666 4840; x_wconf 88' lang='lat' dir='ltr'><strong>migratio</strong></span> <span class='ocrx_word' id='word_1_817' title='bbox 2720 4771 2917 4826; x_wconf 70' lang='lat' dir='ltr'><strong>animas</strong></span> <span class='ocrx_word' id='word_1_818' title='bbox 2950 4773 3159 4828; x_wconf 89' lang='lat' dir='ltr'><strong>ratione</strong></span> <span class='ocrx_word' id='word_1_819' title='bbox 3204 4774 3445 4841; x_wconf 61' lang='lat' dir='ltr'><strong>praditae</strong></span> 
     </span>
    </p>
   </div>
   <div class='ocr_carea' id='block_1_110' title="bbox 1872 4860 3465 4936">
    <p class='ocr_par' dir='ltr' id='par_1_110' title="bbox 1872 4860 3465 4936">
     <span class='ocr_line' id='line_1_110' title="bbox 1872 4860 3465 4936; baseline 0.003 -21"><span class='ocrx_word' id='word_1_820' title='bbox 1872 4875 1902 4915; x_wconf 90' lang='lat' dir='ltr'><strong>e</strong></span> <span class='ocrx_word' id='word_1_821' title='bbox 1928 4860 2159 4925; x_wconf 65' lang='lat' dir='ltr'><strong>caelesti,</strong></span> <span class='ocrx_word' id='word_1_822' title='bbox 2184 4860 2267 4914; x_wconf 92' lang='lat' dir='ltr'><strong>vel</strong></span> <span class='ocrx_word' id='word_1_823' title='bbox 2292 4861 2546 4925; x_wconf 89' lang='lat' dir='ltr'><strong>humano,</strong></span> <span class='ocrx_word' id='word_1_824' title='bbox 2573 4862 2659 4916; x_wconf 92' lang='lat' dir='ltr'><strong>vel</strong></span> <span class='ocrx_word' id='word_1_825' title='bbox 2682 4862 2981 4918; x_wconf 65' lang='lat' dir='ltr'><strong>dtcmonico</strong></span> <span class='ocrx_word' id='word_1_826' title='bbox 3007 4879 3234 4933; x_wconf 89' lang='lat' dir='ltr'><strong>corpore</strong></span> <span class='ocrx_word' id='word_1_827' title='bbox 3258 4865 3311 4918; x_wconf 96' lang='lat' dir='ltr'><strong>in</strong></span> <span class='ocrx_word' id='word_1_828' title='bbox 3348 4872 3465 4936; x_wconf 68' lang='lat' dir='ltr'><strong>pe-l</strong></span> 
     </span>
    </p>
   </div>
   <div class='ocr_carea' id='block_1_111' title="bbox 1872 4952 3443 5027">
    <p class='ocr_par' dir='ltr' id='par_1_111' title="bbox 1872 4952 3443 5027">
     <span class='ocr_line' id='line_1_111' title="bbox 1872 4952 3443 5027; baseline 0.003 -20"><span class='ocrx_word' id='word_1_829' title='bbox 1872 4952 2024 5007; x_wconf 90' lang='lat' dir='ltr'><strong>cudis</strong></span> <span class='ocrx_word' id='word_1_830' title='bbox 2050 4967 2269 5023; x_wconf 90' lang='lat' dir='ltr'><strong>corpus,</strong></span> <span class='ocrx_word' id='word_1_831' title='bbox 2293 4963 2347 5007; x_wconf 93' lang='lat' dir='ltr'><strong>et</strong></span> <span class='ocrx_word' id='word_1_832' title='bbox 2374 4954 2615 5009; x_wconf 82' lang='lat' dir='ltr'><strong>vicissim</strong></span> <span class='ocrx_word' id='word_1_833' title='bbox 2644 4973 2658 5020; x_wconf 87' lang='lat'><strong>;</strong></span> <span class='ocrx_word' id='word_1_834' title='bbox 2709 4970 2739 5010; x_wconf 92' lang='lat' dir='ltr'><strong>a</strong></span> <span class='ocrx_word' id='word_1_835' title='bbox 2784 4956 3107 5027; x_wconf 90' lang='lat' dir='ltr'><strong>migratione</strong></span> <span class='ocrx_word' id='word_1_836' title='bbox 3132 4959 3329 5012; x_wconf 68' lang='lat' dir='ltr'><strong>animae</strong></span> <span class='ocrx_word' id='word_1_837' title='bbox 3350 4974 3443 5012; x_wconf 87' lang='lat' dir='ltr'><strong>ra-</strong></span> 
     </span>
    </p>
   </div>
   <div class='ocr_carea' id='block_1_112' title="bbox 1872 5046 3442 5117">
    <p class='ocr_par' dir='ltr' id='par_1_112' title="bbox 1872 5046 3442 5117">
     <span class='ocr_line' id='line_1_112' title="bbox 1872 5046 3442 5117; baseline 0.004 -18"><span class='ocrx_word' id='word_1_838' title='bbox 1872 5046 2091 5102; x_wconf 89' lang='lat' dir='ltr'><strong>tionalis</strong></span> <span class='ocrx_word' id='word_1_839' title='bbox 2144 5062 2265 5117; x_wconf 67' lang='lat' dir='ltr'><strong>qua:</strong></span> <span class='ocrx_word' id='word_1_840' title='bbox 2311 5061 2539 5117; x_wconf 91' lang='lat' dir='ltr'><strong>corpora</strong></span> <span class='ocrx_word' id='word_1_841' title='bbox 2579 5049 2722 5103; x_wconf 92' lang='lat' dir='ltr'><strong>inter</strong></span> <span class='ocrx_word' id='word_1_842' title='bbox 2754 5049 3003 5105; x_wconf 62' lang='lat' dir='ltr'><strong>caelestia</strong></span> <span class='ocrx_word' id='word_1_843' title='bbox 3031 5090 3047 5115; x_wconf 92' lang='lat'><strong>,</strong></span> <span class='ocrx_word' id='word_1_844' title='bbox 3092 5050 3328 5106; x_wconf 87' lang='lat' dir='ltr'><strong>humana</strong></span> <span class='ocrx_word' id='word_1_845' title='bbox 3384 5058 3442 5107; x_wconf 87' lang='lat' dir='ltr'><strong>et</strong></span> 
     </span>
    </p>
   </div>
   <div class='ocr_carea' id='block_1_113' title="bbox 1869 5140 3437 5214">
    <p class='ocr_par' dir='ltr' id='par_1_113' title="bbox 1869 5140 3437 5214">
     <span class='ocr_line' id='line_1_113' title="bbox 1869 5140 3437 5214; baseline 0.004 -20"><span class='ocrx_word' id='word_1_846' title='bbox 1869 5140 2220 5207; x_wconf 82' lang='lat' dir='ltr'><strong>daemoniaca,</strong></span> <span class='ocrx_word' id='word_1_847' title='bbox 2241 5140 2375 5193; x_wconf 90' lang='lat' dir='ltr'><strong>citra</strong></span> <span class='ocrx_word' id='word_1_848' title='bbox 2403 5140 2658 5206; x_wconf 90' lang='lat' dir='ltr'><strong>belluina,</strong></span> <span class='ocrx_word' id='word_1_849' title='bbox 2678 5141 2850 5197; x_wconf 84' lang='lat' dir='ltr'><strong>aliave</strong></span> <span class='ocrx_word' id='word_1_850' title='bbox 2878 5143 3437 5214; x_wconf 65' lang='lat' dir='ltr'><strong>quaelibetperﬁcitur.</strong></span> 
     </span>
    </p>
   </div>
   <div class='ocr_carea' id='block_1_114' title="bbox 1867 5231 3439 5307">
    <p class='ocr_par' dir='ltr' id='par_1_114' title="bbox 1867 5231 3439 5307">
     <span class='ocr_line' id='line_1_114' title="bbox 1867 5231 3439 5307; baseline 0.003 -21"><span class='ocrx_word' id='word_1_851' title='bbox 1867 5232 2044 5301; x_wconf 85' lang='lat' dir='ltr'><strong>Atque</strong></span> <span class='ocrx_word' id='word_1_852' title='bbox 2072 5231 2213 5285; x_wconf 90' lang='lat' dir='ltr'><strong>hanc</strong></span> <span class='ocrx_word' id='word_1_853' title='bbox 2242 5232 2597 5302; x_wconf 88' lang='lat' dir='ltr'><strong>posteriorem</strong></span> <span class='ocrx_word' id='word_1_854' title='bbox 2636 5236 2828 5288; x_wconf 92' lang='lat' dir='ltr'><strong>tuitum</strong></span> <span class='ocrx_word' id='word_1_855' title='bbox 2852 5249 2973 5289; x_wconf 88' lang='lat' dir='ltr'><strong>esse</strong></span> <span class='ocrx_word' id='word_1_856' title='bbox 2998 5234 3313 5307; x_wconf 89' lang='lat' dir='ltr'><strong>Origenem,</strong></span> <span class='ocrx_word' id='word_1_857' title='bbox 3350 5246 3439 5291; x_wconf 67' lang='lat' dir='ltr'><strong>ut~</strong></span> 
     </span>
    </p>
   </div>
   <div class='ocr_carea' id='block_1_115' title="bbox 1869 5325 3433 5399">
    <p class='ocr_par' dir='ltr' id='par_1_115' title="bbox 1869 5325 3433 5399">
     <span class='ocr_line' id='line_1_115' title="bbox 1869 5325 3433 5399; baseline 0.006 -22"><span class='ocrx_word' id='word_1_858' title='bbox 1869 5335 1997 5394; x_wconf 84' lang='lat' dir='ltr'><strong>pote</strong></span> <span class='ocrx_word' id='word_1_859' title='bbox 2020 5340 2085 5378; x_wconf 85' lang='lat' dir='ltr'><strong>ex</strong></span> <span class='ocrx_word' id='word_1_860' title='bbox 2119 5325 2238 5396; x_wconf 88' lang='lat' dir='ltr'><strong>ejus</strong></span> <span class='ocrx_word' id='word_1_861' title='bbox 2261 5335 2437 5396; x_wconf 87' lang='lat' dir='ltr'><strong>aptam</strong></span> <span class='ocrx_word' id='word_1_862' title='bbox 2494 5327 2794 5396; x_wconf 89' lang='lat' dir='ltr'><strong>principiis,</strong></span> <span class='ocrx_word' id='word_1_863' title='bbox 2845 5330 3028 5396; x_wconf 89' lang='lat' dir='ltr'><strong>negari</strong></span> <span class='ocrx_word' id='word_1_864' title='bbox 3089 5345 3195 5383; x_wconf 91' lang='lat' dir='ltr'><strong>non</strong></span> <span class='ocrx_word' id='word_1_865' title='bbox 3232 5339 3433 5399; x_wconf 89' lang='lat' dir='ltr'><strong>potest.</strong></span> 
     </span>
    </p>
   </div>
   <div class='ocr_carea' id='block_1_116' title="bbox 1873 5417 3432 5492">
    <p class='ocr_par' dir='ltr' id='par_1_116' title="bbox 1873 5417 3432 5492">
     <span class='ocr_line' id='line_1_116' title="bbox 1873 5417 3432 5492; baseline 0.002 -16"><span class='ocrx_word' id='word_1_866' title='bbox 1873 5417 2027 5476; x_wconf 88' lang='lat' dir='ltr'><strong>Unde</strong></span> <span class='ocrx_word' id='word_1_867' title='bbox 2054 5434 2353 5491; x_wconf 85' lang='lat' dir='ltr'><strong>anonymus</strong></span> <span class='ocrx_word' id='word_1_868' title='bbox 2408 5418 2583 5475; x_wconf 88' lang='lat' dir='ltr'><strong>Photii</strong></span> <span class='ocrx_word' id='word_1_869' title='bbox 2624 5423 2746 5477; x_wconf 91' lang='lat' dir='ltr'><strong>cod.</strong></span> <span class='ocrx_word' id='word_1_870' title='bbox 2782 5438 2949 5488; x_wconf 88' lang='lat' dir='ltr'><strong>cxvu,</strong></span> <span class='ocrx_word' id='word_1_871' title='bbox 2984 5422 3253 5492; x_wconf 90' lang='lat' dir='ltr'><strong>culpatum</strong></span> <span class='ocrx_word' id='word_1_872' title='bbox 3308 5439 3432 5478; x_wconf 85' lang='lat' dir='ltr'><strong>eum</strong></span> 
     </span>
    </p>
   </div>
   <div class='ocr_carea' id='block_1_117' title="bbox 1874 5510 3439 5589">
    <p class='ocr_par' dir='ltr' id='par_1_117' title="bbox 1874 5510 3439 5589">
     <span class='ocr_line' id='line_1_117' title="bbox 1874 5510 3439 5589; baseline 0.003 -21"><span class='ocrx_word' id='word_1_873' title='bbox 1874 5510 2059 5579; x_wconf 78' lang='lat' dir='ltr'><strong>refert,</strong></span> <span class='ocrx_word' id='word_1_874' title='bbox 2083 5514 2225 5582; x_wconf 90' lang='lat' dir='ltr'><strong>quod</strong></span> <span class='ocrx_word' id='word_1_875' title='bbox 2256 5513 2454 5569; x_wconf 82' lang='lat' dir='ltr'><strong>dixerit</strong></span> <span class='ocrx_word' id='word_1_876' title='bbox 2484 5532 2498 5568; x_wconf 85' lang='lat'>:</span> <span class='ocrx_word' id='word_1_877' title='bbox 2528 5515 2610 5568; x_wconf 80' lang='grc' dir='ltr'>ὅτι</span> <span class='ocrx_word' id='word_1_878' title='bbox 2639 5514 2672 5585; x_wconf 79' lang='grc' dir='ltr'><strong>ἠ</strong></span> <span class='ocrx_word' id='word_1_879' title='bbox 2698 5514 2790 5569; x_wconf 78' lang='grc' dir='ltr'><strong>τοῦ</strong></span> <span class='ocrx_word' id='word_1_880' title='bbox 2816 5515 3066 5588; x_wconf 78' lang='grc' dir='ltr'>Σωτῆρος</span> <span class='ocrx_word' id='word_1_881' title='bbox 3092 5514 3255 5586; x_wconf 76' lang='grc' dir='ltr'><strong>ψυχὴ,</strong></span> <span class='ocrx_word' id='word_1_882' title='bbox 3288 5515 3439 5589; x_wconf 70' lang='grc' dir='ltr'><strong>ἰιτοῦ</strong></span> 
     </span>
    </p>
   </div>
  </div>
