3860 6230
451 305 555 362 θῐδ

1742 308 1802 365 Ρ.
1844 305 2157 363 DANIELIS
2188 305 2425 364 HUETII

465 419 635 491 Ἀδὰμ
656 416 744 492 ἦν.
782 438 802 473 t
839 422 1143 479 Servatoris
1181 424 1437 490 animam,
1468 424 1636 495 ipsam
1663 424 1853 480 Adami
1884 426 1988 481 ani-

2104 422 2291 485 οὐσίας
2311 421 2501 492 αὐτῆς,
2562 422 2653 475 καὶ
2686 422 2812 494 περὶ
2852 422 2962 475 τῶν
2987 420 3169 493 ἀρχῶν
3217 420 3424 492 αὐτῆς,
3462 420 3575 473 οὐκ
3625 420 3687 473 ἂν

454 527 595 565 mam
623 511 789 567 fuisse
821 531 834 567 :
880 533 897 566 ι
922 517 1073 583 quod-
1098 516 1167 570 ita
1200 516 1429 586 accipio,
1455 531 1578 585 qua:
1608 515 1785 571 fuerat
1808 516 1999 571 Adami

451 604 631 656 anima
651 643 666 667 ,
701 616 821 657 eam
861 606 913 658 in
941 619 1140 673 corpus
1172 606 1473 661 Servatoris
1505 606 1687 660 multis
1742 616 1861 675 post
1904 622 2004 661 sat-

454 692 589 745 culis
620 693 924 749 transiisse.
961 695 1108 750 Unde
1149 706 1203 750 et
1241 696 1570 766 Theophilus
1607 697 1890 763 Origenem
1923 698 2004 752 (Ii-

451 783 598 838 xisse
627 785 705 838 ait
731 785 1001 841 hominem
1032 788 1276 842 crebrius
1304 789 1477 853 mori;
1512 788 1655 858 quod
1711 804 1816 843 non
1848 788 2005 843 aliter

450 872 710 944 intelligo,
751 890 909 944 quam
945 877 1149 930 aniruas
1191 890 1558 945 saepenumero
1613 892 1644 931 e
1690 879 2005 947 corporibus

450 963 505 1019 In
536 976 763 1032 corpora
795 966 1048 1031 transire,
1074 978 1125 1020 et
1154 967 1722 1038 μετενσωματοῦσθαι,

521 1054 703 1109 XVIII.
756 1055 952 1111 Verum
999 1058 1231 1125 priorem
1268 1072 1483 1126 quoque
1542 1057 1996 1128 μετεμψύχωσιν,

449 1159 567 1213 qua:
592 1144 945 1215 Pythagorica
965 1156 1069 1210 est,
1124 1148 1363 1203 tenuisse
1409 1148 1558 1202 illum
1590 1158 1805 1206 veteres
1849 1152 2001 1206 multi

448 1237 834 1291 vociferantur.
860 1238 1087 1293 Crimini
1131 1239 1181 1292 id
1211 1239 1310 1307 ipsi
1344 1240 1526 1293 datum
1575 1239 1741 1296 fuisse
1781 1252 2004 1296 narrant

446 1324 755 1403 Pamphilus
785 1329 837 1383 in
865 1330 1139 1400 Apologia,
1173 1338 1227 1383 et
1256 1343 1396 1399 srepe
1423 1330 1672 1386 laudatus
1704 1346 2003 1403 anonymus

446 1416 651 1473 Photii.
682 1402 1238 1491 Hicronymus,cujus
1270 1423 1431 1477 verba
1462 1438 1624 1492 supra
1658 1402 2002 1478 recitarimus

444 1521 509 1561 ex
534 1508 691 1576 epist.
724 1507 810 1573 59,
843 1510 907 1561 ad
940 1509 1102 1570 Avit.,
1141 1524 1261 1579 cap.
1296 1512 1348 1575 1,
1375 1511 1413 1564 2
1434 1520 1488 1565 et
1509 1511 1562 1577 4,
1587 1521 1641 1567 et
1668 1512 1763 1565 lib.
1798 1527 1836 1566 ιι
1861 1512 2001 1581 Apo-

444 1595 551 1665 log.
581 1600 786 1651 advers.
809 1597 1011 1667 Ruﬁn.,
1053 1614 1171 1667 cap.
1204 1600 1261 1664 4,
1306 1600 1595 1671 Origenem
1648 1602 1869 1657 incessit
1914 1619 2002 1657 er-

444 1687 583 1740 ro'ris
607 1687 842 1756 ejusdem
899 1690 1151 1759 nomine,
1183 1706 1343 1761 quem
1385 1692 1521 1747 libro
1558 1709 1573 1746 ι
1615 1693 1752 1761 Περὶ
1798 1694 1998 1763 ἀρχῶν

440 1775 629 1831 haberi
665 1778 813 1833 dicit.
847 1778 991 1834 Loca
1016 1782 1128 1846 ipsa
1147 1783 1396 1852 Origenis
1425 1784 1709 1853 descripsit
1732 1783 1995 1839 Justinia-

440 1880 543 1920 nus
564 1867 628 1921 ad
661 1868 861 1923 calcem
893 1872 1131 1940 epistolae
1160 1874 1226 1927 ad
1257 1874 1489 1938 Menam,
1529 1890 1650 1944 quae
1686 1890 1805 1931 cum
1833 1877 1884 1930 in
1917 1877 2001 1932 his

440 1955 592 2013 libris
626 1958 784 2013 hodie
811 1974 915 2014 non
957 1973 1329 2031 compareant,
1386 1966 1675 2020 verisimile
1708 1976 1791 2022 est
1826 1982 1856 2020 a
1884 1966 1998 2021 Ru-

443 2049 554 2102 Iino
611 2047 776 2105 fuisse
829 2065 1139 2121 suppressa.
1180 2054 1430 2124 Pepercit
1489 2057 1693 2112 nomini
1748 2056 1998 2128 Origenis

436 2136 780 2209 Philastrius,
805 2158 916 2198 rem
935 2146 1102 2214 ipsam
1136 2149 1334 2217 tetigit,
1362 2158 1523 2219 atque
1548 2150 1652 2206 hoc
1677 2164 1997 2220 argumento

436 2232 757 2298 confutavit,
798 2238 941 2305 quod
986 2238 1162 2293 anima
1208 2250 1494 2310 postquam
1542 2256 1769 2313 corpore
1824 2244 1993 2301 soluta

435 2332 538 2390 est,
570 2324 624 2379 in
649 2324 826 2381 locum
851 2335 1114 2383 statutum
1150 2330 1448 2388 deducatur
1473 2334 1541 2390 ab
1569 2335 1781 2405 angelo,
1815 2346 1877 2392 ut
1899 2353 1995 2409 pro

433 2416 646 2471 meritis
681 2419 791 2473 suis
814 2430 1126 2476 exornetur.

506 2507 651 2565 XIX.
677 2510 843 2568 Recte
865 2513 1078 2581 quidem
1104 2516 1433 2571 accusationi
1472 2532 1582 2573 sua:
1607 2520 1877 2576 consuluit
1900 2521 1994 2575 «1⁵η-

434 2598 724 2665 stinianus,
743 2617 862 2656 cum
886 2602 1133 2674 Origenis
1156 2606 1318 2660 verba
1336 2607 1450 2675 ipsa
1469 2608 1775 2679 descripsit,
1800 2614 1994 2681 quibus

433 2686 729 2744 absurdum
764 2690 892 2747 illud
923 2702 977 2747 et
1001 2694 1223 2763 impium
1258 2695 1448 2765 dogma
1477 2700 1820 2766 continetur;
1881 2712 1989 2756 tam

432 2776 809 2848 frequentibus
832 2783 1027 2852 quippe
1053 2792 1110 2838 et
1143 2787 1345 2854 apertis
1380 2788 1705 2845 testimoniis
1736 2790 1864 2847 alibi
1900 2808 1986 2847 re-

431 2869 674 2937 pudiavit
706 2871 853 2926 illum
886 2874 1260 2942 Adamantius,
1302 2886 1357 2931 et
1400 2878 1692 2948 damnavit,
1730 2884 1817 2937 vix
1856 2893 1912 2938 ut
1938 2885 1990 2939 in

431 2962 669 3015 animum
703 2963 958 3020 inducere
984 2968 1204 3035 possim.
1242 2969 1536 3036 hominem,
1575 2989 1678 3027 non
1727 2975 1835 3044 jam
1871 2975 1991 3031 dico

430 3066 644 3108 summa
701 3053 979 3112 ﬂorentem
1003 3061 1303 3117 eruditione
1355 3071 1412 3116 et
1460 3063 1695 3133 ingenio,
1738 3067 1831 3122 sed
1883 3084 1987 3122 non

427 3151 728 3204 vaecordem
758 3151 980 3207 omnino
1000 3160 1053 3207 et
1072 3153 1345 3219 insanum,
1372 3164 1481 3210 tam
1514 3162 1865 3226 repugnantia
1887 3163 1985 3219 sibi

428 3250 485 3293 et
513 3242 789 3295 contraria
835 3257 940 3297 uno
989 3247 1285 3316 eodemque
1334 3263 1430 3305 ore
1483 3254 1882 3319 pronuntiasse.
1931 3256 1986 3309 In

427 3330 533 3386 hoc
555 3331 672 3401 ipso
693 3333 912 3401 quippe,
941 3336 1083 3404 quod
1112 3337 1294 3393 laudat
1322 3337 1682 3408 Justinianus,
1721 3360 1883 3414 apere
1914 3347 1988 3401 De

426 3420 720 3488 principiis,
758 3420 851 3476 lib.
881 3439 920 3488 ι,
944 3438 1061 3493 cap.
1096 3425 1303 3494 ultimo,
1347 3443 1494 3483 num.
1524 3429 1581 3494 4,
1613 3430 1688 3485 ita
1717 3432 1932 3488 disserit
1971 3451 1985 3488 :

433 3527 454 3560 ι
489 3509 578 3562 Illa
612 3526 745 3566 sane
777 3528 874 3568 nos
934 3530 1272 3589 nequaquam
1306 3518 1612 3586 recipienda
1651 3536 1936 3579 censemus
1969 3563 1986 3589 ,

427 3613 549 3667 quae
577 3609 629 3652 et
654 3616 683 3653 a
707 3603 1023 3671 quibusdam
1057 3603 1328 3673 superfluo
1371 3607 1453 3661 vel
1486 3611 1687 3678 requiri
1709 3611 1791 3665 vel
1815 3614 1984 3667 astrui

427 3690 628 3756 solent,
656 3691 706 3745 id
736 3704 839 3759 est,
869 3695 1009 3763 quod
1035 3695 1227 3749 animm
1259 3696 1312 3750 in
1353 3704 1557 3751 tantum
1590 3701 1671 3754 sui
1705 3702 1983 3758 decessum

424 3783 676 3847 veniant,
704 3794 758 3838 ut
787 3794 991 3839 natura;
1049 3786 1329 3841 rationalis
1376 3803 1439 3842 ac
1485 3789 1764 3855 dignitatis
1809 3793 1985 3848 oblitae

424 3873 586 3927 etiam
617 3875 668 3928 in
723 3875 963 3932 ordinem
1002 3879 1452 3934 irrationabilium
1490 3882 1799 3937 animalium
1826 3925 1840 3949 ,
1896 3886 1981 3939 vel

421 3963 740 4030 bestiarum,
757 3967 837 4020 vel
858 3968 1120 4035 pecudum
1144 3968 1459 4024 devolvantu
1470 3985 1512 4024 r.
1528 3989 1549 4022 ι
1567 3971 1787 4040 Reliqua
1806 3975 1983 4030 studio

421 4054 709 4109 brevitatis
738 4061 1120 4127 practermitto,
1159 4077 1279 4131 qua:
1307 4074 1485 4118 tamen
1516 4065 1581 4118 ad
1609 4079 1721 4119 rem
1752 4066 1979 4120 faciunt.

424 4148 491 4203 Et
516 4150 613 4205 lib.
659 4167 699 4206 ιι
754 4151 828 4206 De
871 4157 1267 4222 resurrectione,
1323 4173 1485 4227 quem
1548 4159 1724 4215 locum
1764 4162 1983 4215 exhibet

421 4239 779 4311 Pamphilus:
821 4262 841 4295 ι
872 4245 978 4301 Sed
1013 4247 1177 4312 sicut,
1212 4248 1406 4318 inquit,
1437 4266 1541 4306 non
1574 4260 1657 4306 est
1688 4252 1981 4320 putandum

422 4334 564 4402 quod
598 4335 913 4390 animalium
946 4353 1141 4408 c0rpus
1162 4350 1479 4408 accepturus
1505 4342 1575 4395 sit
1597 4351 1869 4411 peccator,
1889 4354 1981 4398 aut

420 4423 725 4489 volucrum,
764 4435 859 4480 aut
882 4427 1149 4495 piscium;
1184 4430 1263 4483 sic
1286 4445 1459 4498 neque
1499 4431 1649 4497 solis,
1692 4441 1787 4485 aut
1817 4432 1973 4498 luna),

421 4523 517 4567 aut
540 4515 818 4570 stellarum
850 4516 1078 4572 formam
1123 4521 1450 4590 sperandum
1488 4530 1572 4576 est
1597 4523 1843 4590 accipere
1885 4539 1978 4579 eos

420 4604 513 4672 qui
544 4616 827 4672 resurgent
853 4606 906 4661 in
938 4608 1152 4678 gloria:
1205 4611 1297 4666 sed
1348 4613 1578 4681 exempli
1620 4629 1781 4668 causa
1836 4615 1977 4670 dicta

420 4707 539 4746 esse
565 4694 674 4748 haec
709 4697 776 4749 ab
808 4695 1063 4763 Apostolo
1086 4700 1424 4753 sentiendum
1455 4711 1558 4768 est,
1579 4712 1635 4755 ut
1670 4704 1981 4774 designetur

420 4797 516 4850 per
541 4785 673 4852 haec,
701 4788 843 4854 quod
876 4787 966 4841 alii
997 4802 1095 4856 pro
1144 4791 1352 4846 meritis
1388 4792 1500 4846 suis
1543 4793 1980 4851 honorabiliores

419 4881 475 4926 et
502 4874 757 4930 clariores
786 4887 967 4943 eruut,
1014 4881 1251 4935 beatiora
1276 4897 1490 4953 quoque
1526 4883 1827 4939 habitacula
1855 4902 1973 4941 sor-

417 4963 609 5019 tituri:
662 4967 890 5023 aliorum
947 4984 1075 5025 vero
1128 4972 1534 5042 indignissimus
1576 4984 1629 5030 et
1667 4976 1975 5046 abjectiss't-

416 5071 540 5110 mus
580 5072 676 5125 pro
722 5071 991 5126 gestorum
1027 5062 1231 5117 scelere
1274 5066 1375 5119 erit
1422 5075 1615 5130 status,
1659 5068 1749 5137 qui
1807 5070 1973 5123 etiam

417 5148 586 5201 mutis
640 5150 966 5206 animalibus
1016 5154 1210 5222 dignus
1241 5156 1311 5209 sit
1340 5158 1668 5226 comparari.
1704 5177 1723 5210 ι
1755 5158 1884 5225 Qua:
1930 5161 1974 5215 si

416 5240 537 5308 quis
566 5255 595 5293 a
622 5239 814 5296 Rufino
838 5243 919 5296 vel
945 5258 1195 5311 perversa
1222 5247 1306 5301 vel
1329 5247 1530 5302 inserta
1554 5259 1822 5317 causetur,
1847 5252 1975 5320 quid

417 5333 675 5389 adversus
707 5334 835 5389 illud
881 5338 1114 5407 excipiet
1143 5355 1172 5394 e
1208 5340 1300 5395 lib.
1328 5358 1378 5395 tv
1417 5352 1597 5395 contra
1636 5343 1796 5407 Cels.,
1823 5361 1975 5400 num.

416 5424 483 5477 17
508 5442 520 5479 :
549 5416 611 5478 El
639 5425 694 5478 δὲ
734 5422 801 5497 ἦν
846 5429 1098 5500 ἐννοήσας
1128 5432 1381 5504 (Κέλσος)
1432 5432 1483 5486 τί
1515 5434 1794 5488 ἀκολουθεῖ
1830 5436 1972 5508 ψυχῇ

415 5515 473 5568 ἐν
500 5516 700 5586 αἰωνίῳ
733 5517 964 5589 ὲσομένῃ
999 5518 1131 5592 ζωῇ,
1152 5520 1242 5573 καὶ
1270 5522 1320 5573 τί
1350 5520 1453 5592 χρὴ
1484 5524 1699 5592 φρονεῖν
1725 5523 1851 5594 περὶ
1879 5524 1975 5595 τῆς

486 5694 527 5724 ⁸⁸
559 5695 710 5750 Rom.
740 5714 832 5765 \‘ll,
857 5698 909 5753 9.

2106 513 2249 567 οὕτω
2306 512 2517 584 διέσυρε
2565 513 2656 566 τὸν
2690 514 2953 568 ἀθάνατον
3004 515 3084 577 εἰς
3134 512 3323 581 θνητὸν
3380 512 3686 582 ἐρχόμενον

2107 602 2287 672 σῶμα,
2334 602 2395 654 οὒ
2439 600 2578 654 κατά
2620 601 2903 665 Πλάτωνος
2951 600 3448 671 μετενσωμάτωσιν
3472 639 3490 664 ,
3552 598 3688 651 ἀλλὰ

2103 692 2224 746 κατ’
2242 692 2406 763 ἄλλην
2426 691 2544 745 τινὰ
2571 691 2900 762 ὑψηλοτέραν
2923 690 3170 761 θεωρίαν.
3198 710 3217 743 t
3244 690 3301 744 Si
3322 699 3517 745 mente
3539 704 3683 743 cont-

2103 783 2475 852 prehendisset
2518 781 2751 854 (Celsus)
2784 798 2905 853 qua:
2948 784 3127 837 futura
3164 782 3234 837 sit
3282 782 3490 835 anima:
3533 780 3681 833 ine-

2105 883 2260 928 terna
2284 875 2390 929 vita
2425 874 2689 940 conditio,
2712 875 2915 945 etquid
2954 875 3021 929 de
3050 875 3169 944 ejus
3219 883 3420 929 natura
3472 872 3679 942 princi-

2101 964 2315 1032 piisque
2338 964 2543 1018 sentire
2573 973 2843 1034 oporteat,
2873 979 2979 1017 non
3008 964 3080 1017 ita
3118 962 3409 1017 ridiculum
3443 961 3561 1029 ipsi
3611 961 3680 1011 vi-

2103 1067 2218 1107 sum
2246 1052 2439 1109 fuisset
2494 1053 2857 1108 immortalem
2903 1053 2957 1106 in
2990 1051 3219 1107 mortale
3270 1066 3483 1121 corpus
3515 1052 3682 1105 adve-

2105 1144 2364 1209 nientem,
2397 1158 2502 1197 non
2527 1158 2559 1198 e
2593 1158 2820 1213 corpore
2874 1143 2926 1196 in
2975 1157 3175 1213 corpus
3204 1142 3683 1212 transmigrando,

2105 1242 2161 1287 ut
2196 1233 2347 1288 Plato
2382 1234 2696 1303 explicaret,
2722 1234 2815 1288 sed
2837 1233 3140 1302 aliaeaque
3170 1234 3326 1300 longe
3358 1230 3676 1287 sublimiori

2104 1324 2336 1378 ratione.
2368 1342 2386 1375 ι
2424 1323 2744 1393 Scriptionis
2767 1323 3001 1391 ejusdem
3024 1333 3215 1377 contra
3237 1322 3453 1379 Celsum
3484 1322 3589 1375 lib.
3625 1339 3681 1386 ν,

2104 1429 2251 1468 num.
2304 1413 2412 1478 49,
2479 1413 2821 1471 Christianos
2869 1417 3091 1487 rejicere
3130 1416 3291 1470 tradit
3345 1414 3677 1485 Πυθαγόρου

2105 1505 2194 1557 τὸν
2222 1504 2349 1573 περὶ
2381 1504 2555 1575 ψυχῆς
2573 1507 3158 1577 μετενσωματουμένης
3186 1504 3504 1576 μῦθον.8ε‹1
3530 1522 3678 1558 asse-

2101 1596 2376 1650 verantius
2405 1595 2496 1649 lib.
2531 1611 2647 1660 νιιι,
2676 1612 2822 1653 ιιιιιιι.
2854 1598 2921 1652 50
2952 1616 2965 1651 :
3004 1597 3266 1668 Οὐδαμῶς
3296 1596 3561 1667 μέντοιγε
3596 1596 3675 1649 λέ-

2103 1702 2273 1756 γομεν
2308 1687 2793 1758 μετενσωμάτωσιν
2824 1683 2958 1741 εἶναι
2988 1689 3185 1760 ψυχῆς,
3244 1688 3335 1742 καί
3372 1688 3673 1741 κατάπτω-

2026 1763 2071 1823 Β
2100 1793 2184 1830 σιν
2228 1777 2395 1847 αὐτῆς
2431 1776 2591 1848 μέχρι
2635 1778 2743 1831 τῶν
2791 1778 2998 1846 ἀλόγων
3037 1778 3220 1842 ζώων·
3262 1779 3515 1849 δηλονότι
3570 1778 3675 1830 οὐδ’

2096 1869 2296 1938 ὁμοίως
2327 1869 2619 1942 Πυθαγόρᾳ
2639 1909 2653 1934 ,
2696 1870 2798 1924 κᾶν
2844 1869 3174 1941 ἀπεχώμεθά
3214 1888 3343 1923 ποτε
3376 1870 3542 1933 ζώων
3572 1912 3589 1937 ,
3615 1874 3679 1927 οὐ

2098 1960 2415 2031 χρησόμεθα
2453 1961 2630 2015 αὐτῶν
2657 1964 2776 2026 ταῖς
2810 1961 2987 2033 σαρξί.
3029 1981 3045 2014 t
3079 1962 3262 2033 Neque
3313 1979 3448 2019 vero
3476 1982 3675 2021 cense-

2096 2066 2215 2103 mus
2242 2051 2479 2104 animam
2509 2067 2540 2105 e
2571 2066 2796 2122 corpore
2822 2053 2875 2107 in
2905 2068 3101 2123 corpus
3132 2054 3363 2124 migrare
3391 2096 3411 2122 ,
3444 2066 3502 2110 et
3551 2071 3674 2110 ean)

2094 2139 2159 2194 ad
2201 2140 2477 2195 brutarum
2501 2156 2669 2212 usque
2692 2142 3049 2197 animantium
3076 2145 3443 2199 conditionem
3481 2146 3670 2215 dejici.

2094 2227 2209 2284 Non
2245 2230 2426 2297 igitur,
2466 2232 2676 2287 etiamsi
2738 2232 3007 2287 interdum
3064 2233 3434 2290 animantibus
3485 2238 3671 2290 absti-

2095 2336 2285 2375 nemus
2314 2361 2329 2387 ,
2370 2336 2555 2377 earum
2597 2338 2789 2378 carnes
2845 2338 3160 2379 aversamur
3202 2326 3395 2381 eadem
3449 2330 3671 2384 ratione

2093 2427 2201 2481 qua
2234 2412 2582 2484 Pythagoras.
2613 2433 2641 2467 »η
2668 2415 2731 2470 Et
2760 2415 2857 2471 lib.
2886 2432 2913 2468 v
2940 2416 2995 2469 in
3018 2414 3184 2485 Epist.
3215 2422 3281 2471 ad
3304 2417 3485 2486 Rom.,
3506 2438 3666 2475 num.

2094 2503 2146 2568 I,
2179 2517 2300 2574 pag.
2333 2503 2435 2559 5&9
2475 2527 2485 2559 :
2527 2522 2545 2556 t
2578 2505 2681 2560 Sed
2709 2506 2823 2560 haec
2852 2506 3116 2563 Basilides
3134 2523 3236 2563 non
3271 2510 3570 2565 advertens
3601 2514 3671 2566 de

2094 2594 2209 2664 lege
2240 2596 2475 2651 naturali
2507 2596 2702 2652 debere
2726 2597 2970 2669 intelligi,
3004 2600 3072 2654 ad
3101 2599 3311 2670 ineptas
3351 2611 3409 2657 et
3461 2603 3668 2672 impias

2100 2687 2308 2743 fabulas
2340 2703 2641 2744 sermonem
2690 2691 3042 2757 apostolicum
3092 2693 3255 2747 traxit
3288 2692 3342 2747 in
3381 2710 3668 2763 μετενσω-

2095 2782 2389 2849 ματῶσεως
2419 2782 2632 2850 dogma,
2664 2782 2715 2836 id
2735 2791 2838 2847 est,
2876 2785 3019 2852 quod
3049 2783 3240 2837 animae
3270 2786 3322 2839 in
3354 2786 3463 2839 alia
3495 2797 3665 2857 atque

2090 2871 2194 2924 alia
2226 2886 2457 2942 corpora
2485 2874 2950 2939 transfundantur,
2982 2890 3046 2929 ex
3080 2877 3184 2931 hoc
3217 2875 3466 2945 Apostoli
3511 2879 3666 2933 dicto

2091 2973 2319 3017 conatur
2347 2973 2613 3018 astruere.
2653 2963 2798 3018 Dixit
2830 2967 2998 3028 enim,
3049 2966 3245 3035 inquit,
3269 2967 3568 3036 Apostolus
3591 2969 3669 3034 “,

2092 3055 2215 3128 quia
2245 3070 2344 3124 ego
2372 3056 2616 3110 vivebam
2644 3056 2760 3111 sine
2790 3055 2903 3126 lege
2938 3057 3258 3127 aliquando;
3291 3076 3310 3110 ι
3345 3070 3397 3114 et
3426 3072 3669 3127 caetera,

2090 3160 2211 3215 qua}
2247 3144 2435 3200 lectori
2482 3147 2724 3216 diligenti
2753 3149 3079 3203 consulenda
3129 3149 3393 3218 relinquo.
3443 3151 3663 3205 Paulini

2096 3234 2250 3302 hujus
2281 3235 2380 3291 loci
2408 3252 2624 3304 pravam
2653 3238 3177 3307 interpretationem,
3201 3250 3256 3295 et
3276 3238 3665 3313 Pythagorica:

2100 3327 2642 3397 μετενσωματώσεως
2686 3330 3145 3384 confirmationem
3190 3333 3662 3386 accommodatam

2088 3420 2307 3472 damnat
2326 3420 2518 3473 iterum
2538 3420 2631 3474 lib.
2655 3436 2704 3473 vi
2727 3422 2780 3473 in
2801 3420 2969 3489 Epist.
2988 3421 3054 3473 ad
3072 3419 3245 3487 Rom.,
3268 3438 3417 3475 num.
3444 3422 3501 3488 8,
3531 3439 3659 3496 pag.

2088 3509 2211 3563 583.
2236 3510 2379 3564 Idem
2406 3511 2545 3565 libro
2573 3511 2645 3564 De
2675 3510 2969 3565 Proverbiis
3007 3512 3319 3576 Salomonis,
3347 3529 3473 3582 pag.
3516 3516 3566 3581 I,
3605 3528 3663 3571 et

2088 3610 2217 3654 tum.
2242 3617 2315 3654 vn
2342 3602 2395 3654 in
2420 3602 2638 3667 Mattlt.,
2676 3618 2794 3671 pag.
2825 3603 2923 3657 441
2957 3604 3099 3675 (qua:
3128 3604 3433 3659 testimonia
3465 3605 3661 3673 jacent

2086 3692 2139 3745 in
2179 3693 2433 3761 Apologia
2462 3693 2776 3764 Pamphili),
2808 3703 2863 3748 et
2892 3704 3085 3749 tom..x
3131 3695 3184 3747 t'n
3237 3694 3460 3761 Matth,
3498 3713 3660 3753 num.

2083 3781 2175 3846 2b,
2206 3798 2326 3851 pag.
2357 3783 2483 3849 468,
2506 3793 2560 3837 et
2593 3793 2721 3839 tom.
2766 3800 2841 3851 ιι,
2876 3801 3028 3840 num.
3061 3783 3149 3849 I9,
3180 3799 3301 3856 pag.
3336 3785 3465 3851 506,
3505 3788 3663 3843 Scri-

2083 3875 2259 3942 pturis
2282 3877 2489 3931 sanctis
2519 3883 2573 3929 et
2594 3876 2982 3931 ecclesiasticae
3012 3879 3134 3934 fidei
3168 3880 3501 3934 contrariam
3522 3894 3655 3936 esse

2084 3968 2281 4022 asserit
2311 3969 2816 4040 μετενσωμάτωσιν.
2852 3969 2993 4025 Fuse
3022 3987 3237 4043 quaque
3270 3972 3321 4026 id
3353 3987 3659 4042 argumen-

2085 4067 2195 4113 tum
2218 4062 2562 4129 prosequitur
2594 4071 2725 4117 tom.
2774 4079 2826 4117 vi
2859 4064 2911 4116 in
2943 4063 3131 4132 Joan.,
3161 4081 3309 4122 num.
3343 4067 3402 4132 7,
3435 4067 3660 4136 disqui-

2087 4169 2211 4208 rens
2250 4170 2314 4207 an
2352 4154 2405 4208 in
2430 4152 2658 4210 Joannis
2687 4170 2883 4227 corpus
2916 4157 3044 4212 Elia:
3074 4160 3250 4212 anima
3288 4160 3654 4230 migraverit;

2081 4258 2252 4312 eoque
2284 4245 2444 4297 etiam
2478 4245 2750 4315 copiosius
2785 4255 2916 4301 tom.
2948 4264 3047 4303 xnt
3077 4250 3131 4302 in
3155 4247 3375 4315 Mattlt.,
3410 4265 3570 4303 num.
3599 4252 3653 4313 i,

2082 4350 2203 4404 pag.
2236 4334 2360 4399 567,
2388 4335 2491 4390 568
2555 4346 2610 4391 et
2655 4339 3026 4407 sequentibus,
3074 4340 3318 4394 eamdem
3373 4342 3655 4398 ventilatis

2081 4428 2450 4495 quaestionem,
2481 4429 2579 4482 hac
2604 4430 2811 4485 ratione
2828 4430 3314 4501 persvsmpdrwstv
3343 4444 3650 4504 oppugnat,

2080 4518 2337 4570 mundum
2383 4534 2648 4588 nusquam
2694 4520 3062 4585 interiturum,
3104 4522 3149 4575 si
3198 4522 3392 4577 animae
3423 4536 3654 4593 propter

2076 4618 2294 4677 peccata
2320 4624 2547 4677 corpora
2582 4610 2810 4665 subeant
2838 4629 2850 4665 :
2893 4612 2941 4665 id
2975 4612 3121 4666 enim
3154 4613 3199 4667 si
3222 4614 3308 4676 sit,
3342 4628 3467 4668 cum
3503 4630 3649 4668 sem-

2078 4713 2174 4767 per
2196 4714 2290 4767 pro
2315 4700 2528 4754 arbitrii
2551 4704 2631 4755 sui
2662 4702 2915 4758 libertate
2939 4717 3164 4772 peccare
3188 4704 3395 4773 possint
3425 4707 3645 4771 anima,

2079 4804 2289 4857 semper
2320 4805 2542 4860 corpora
2578 4794 2893 4859 subituras;
2932 4810 3147 4863 semper
3182 4795 3343 4863 igitur
3381 4796 3645 4849 adfutura

2080 4893 2346 4949 corpora;
2383 4880 2794 4953 mundum’ergo
2831 4901 3104 4954 nunquam
3132 4886 3468 4954 periturum:
3498 4888 3649 4955 quod

2083 4971 2127 5025 si
2153 4972 2539 5039 prodeuntibus
2577 4976 2787 5030 saeculis
2812 4977 3006 5031 anima:
3045 4975 3270 5030 subinde
3302 4976 3499 5045 aliqua:
3515 4992 3643 5045 pec~

2082 5074 2202 5119 cato
2233 5065 2522 5129 immunes,
2543 5068 2819 5137 corporeis
2841 5068 3065 5122 vinculis
3083 5068 3313 5137 amplius
3334 5084 3439 5121 non
3456 5080 3641 5137 egent,

2078 5164 2201 5223 post
2248 5155 2559 5209 diuturnum
2605 5171 2871 5211 annorum
2931 5156 3298 5223 curriculum,
3352 5157 3644 5211 imminuto

2086 5246 2259 5317 magis
2294 5249 2569 5317 magisque
2620 5250 2918 5303 animarum
2951 5264 3199 5314 numero,
3243 5248 3312 5303 ad
3338 5263 3642 5317 perpaucas

2078 5348 2283 5390 animas
2311 5337 2584 5391 redactum
2613 5338 2677 5393 iri
2707 5340 2996 5405 mundum;
3022 5340 3217 5407 quibus
3246 5338 3637 5408 perfectionem

2079 5429 2402 5493 consecutis,
2440 5430 2733 5483 desiturum
2772 5431 3006 5496 tandem,
3040 5444 3149 5499 prae
3182 5430 3488 5482 animarum
3514 5445 3639 5499 quae

2083 5534 2307 5591 corpora
2334 5521 2559 5577 subeant
2586 5521 2800 5593 inopia;
2837 5522 2976 5592 quod
3007 5521 3304 5592 refragatur
3335 5521 3638 5591 Scriptum

3638 4204 3665 4227 ν

3586 96 3817 380 ..l
