3836 6236
204 295 311 352 917

1018 292 1590 351 ORIGENIANORUM
1625 294 1754 351 LIB.
1794 295 1860 361 ll,
1900 294 2050 351 CAP.
2088 292 2155 360 ll,
2195 289 2470 359 QUEST.
2514 290 2600 346 Vl.

3336 295 3461 352 9187

206 412 422 469 docenti
444 410 711 481 plurimos
736 410 793 466 in
840 412 1043 467 mundo
1090 413 1302 469 futuros
1326 422 1603 478 mortales,
1649 427 1773 467 cum
1801 418 1848 478 Α
1879 428 2043 469 mox:
2080 432 2099 466 ι
2124 410 2449 467 lamhlichus
2483 423 2612 464 vero
2656 407 2745 463 his
2791 405 3119 464 contrariam
3151 410 3444 468 decurrens

204 503 376 561 Filius
406 504 642 559 hominis
672 504 945 559 adveniet.
977 504 1099 559 Pari
1142 507 1316 562 utitur
1358 506 1775 561 ratiocinatione

203 593 299 650 lib.
325 610 364 650 ιι
398 597 450 648 in
484 594 693 649 Cantic.
736 595 1019 661 canticor.,
1053 611 1175 666 pag.
1235 597 1325 652 58.
1389 596 1544 652 Nunc
1585 612 1774 666 aequus

203 687 375 740 lector
392 687 691 750 existimet,
723 694 800 738 tot
828 695 1043 754 tamque
1064 688 1226 742 claris
1252 688 1575 742 testimoniis
1594 704 1776 758 μετεν-

202 776 532 847 σωμάτωσιν
557 776 934 830 obterentihus
962 778 1133 845 major
1160 793 1227 832 ne
1254 779 1559 833 adhibenda
1595 781 1668 835 sit
1701 780 1770 833 li-

203 869 322 931 des,
363 883 429 921 an
469 868 535 923 iis
560 883 680 937 quae
708 866 945 937 allegant
969 869 1329 941 Hieronymus
1352 880 1408 926 et
1432 871 1772 929 Justinianus

198 962 446 1015 eamdem
483 962 875 1019 astruentibus.

272 1052 657 1110 Verumtamen
712 1056 834 1112 aliis
883 1071 1104 1129 quoque
1150 1061 1417 1131 prazsidiis
1460 1062 1770 1117 Adamantii

198 1161 420 1201 causam
455 1147 647 1204 fulcire
694 1165 1005 1220 possumus,
1036 1152 1181 1207 velut
1209 1168 1271 1208 ea
1301 1164 1425 1209 sunt
1461 1170 1579 1224 quae
1615 1157 1771 1210 nobis

196 1235 515 1307 Pamphilus
560 1241 977 1311 subministrat,
1011 1246 1175 1300 verba
1215 1246 1331 1301 haec
1370 1246 1589 1317 Origeni
1632 1248 1770 1303 falso

193 1330 433 1398 ascripta
467 1328 631 1385 fuisse
664 1332 874 1399 dicens,
917 1350 1037 1403 qua:
1078 1351 1185 1390 non
1224 1351 1291 1392 ex
1329 1353 1425 1393 sua
1455 1340 1548 1394 sed
1584 1354 1650 1395 ex
1674 1342 1769 1395 ad-

193 1421 426 1475 versarii
467 1436 697 1491 persona
723 1428 1047 1493 protulerat,
1087 1437 1142 1482 et
1170 1427 1604 1485 dissertationem
1634 1446 1769 1501 prte-

192 1520 341 1566 terea
374 1528 523 1567 suam
555 1515 637 1568 his
659 1517 843 1571 verbis
874 1518 1203 1573 conclusisse
1231 1534 1246 1573 :
1277 1536 1297 1570 ι
1322 1519 1427 1574 Sed
1454 1522 1567 1576 haec
1597 1537 1767 1591 quan-

193 1610 305 1655 tum
333 1603 398 1657 ad
427 1619 524 1659 nos
551 1608 809 1675 pertinet,
834 1622 941 1663 non
969 1610 1079 1664 sint
1110 1610 1385 1679 dogmata,
1422 1614 1515 1667 sed
1555 1615 1765 1670 discus-

190 1695 363 1751 sionis
388 1699 557 1767 gratia
589 1701 732 1755 dicta
760 1704 908 1769 sint,
946 1713 1001 1758 et
1031 1704 1371 1775 abjiciantur.
1420 1707 1526 1763 Pro
1567 1725 1631 1765 eo
1664 1725 1762 1766 au-

1877 505 2044 569 viam,
2078 518 2179 573 pro
2210 501 2525 555 animalium
2557 501 2760 569 specie,
2806 500 3002 555 animae
3039 502 3274 584 speciem
3321 517 3443 559 esse

1875 593 2043 657 dicit,
2097 591 2304 661 species
2364 590 2619 644 nimirum
2675 588 3003 649 diﬂ‘erentes.
3060 591 3143 647 Ah
3199 608 3264 649 eo
3313 610 3442 665 ergo

1876 685 2113 754 scriptus
2147 681 2392 737 estliber
2422 679 2711 751 singularis
2754 681 2829 736 ita
2855 683 3151 753 inscriptus
3181 704 3194 740 :
3237 685 3440 756 Migra-

1874 778 2040 831 tiones
2077 776 2374 829 animarum
2413 790 2515 827 non
2563 773 2680 842 ﬁeri
2727 789 2793 827 ea:
2838 774 3137 835 hominibus
3167 777 3223 830 in
3268 779 3440 844 bruta,

1874 883 2035 937 neque
2066 883 2097 919 a
2124 866 2286 918 brutis
2317 863 2638 917 animalibus
2670 865 2727 917 in
2755 864 3019 931 homines;
3045 868 3135 921 sed
3159 866 3222 921 ab
3246 870 3445 923 anima-

1873 959 2010 1013 libus
2055 959 2109 1012 in
2160 956 2414 1011 animalia
2438 996 2456 1022 ,
2487 968 2535 1009 et
2570 956 2635 1009 ab
2678 957 2976 1011 hominibus
3002 958 3057 1011 in
3079 959 3333 1013 homines.
3363 960 3451 1015 Ae

1874 1050 2005 1106 mihi
2036 1049 2248 1104 videtur
2272 1048 2360 1102 ille
2390 1062 2500 1117 pra:
2529 1047 2753 1115 reliquis
2784 1047 2991 1116 optime
3020 1060 3302 1104 assecutus
3331 1066 3441 1105 non

1872 1144 2113 1199 Platonis
2137 1142 2462 1198 sententiam
2490 1142 2671 1205 modo,
2699 1140 2791 1195 sed
2822 1149 2876 1194 et
2896 1140 3065 1210 ipsam
3097 1142 3439 1196 veritatem.»

1942 1236 2058 1290 XX.
2089 1235 2405 1289 Animarum
2443 1234 2625 1302 itaque
2648 1230 2994 1303 προῦπαρξιν
3024 1247 3148 1287 cum
3174 1248 3203 1285 a
3221 1231 3461 1288 Platone

1872 1329 2176 1398 accepisset
2207 1327 2504 1399 Origenes,
2559 1326 2800 1393 ipsarum
2832 1338 3053 1395 quoque
3097 1325 3445 1397 μετενσωμά-

1869 1438 2033 1476 τωσιν
2066 1422 2134 1476 ab
2167 1421 2357 1476 eodem
2382 1421 2611 1487 accepit.
2641 1418 2723 1473 Ah
2760 1419 3012 1473 humanis
3037 1427 3217 1472 autem
3246 1433 3440 1488 corpo-

1868 1515 2021 1570 ribus
2044 1515 2096 1569 in
2124 1513 2357 1568 humana
2383 1527 2613 1583 corpora
2645 1511 2882 1566 transire
2907 1511 3117 1566 animas
3152 1509 3442 1566 at'lirmavit

1868 1608 2055 1673 Plato;
2106 1623 2135 1662 a
2192 1606 2505 1663 coelestibus
2555 1618 2685 1661 vero
2729 1603 2785 1658 in
2826 1603 3100 1670 humana,
3145 1605 3211 1658 ab
3251 1605 3337 1659 his
3383 1605 3441 1660 in

1871 1702 2170 1758 daemonica
2218 1701 2452 1770 migrare
2498 1697 2707 1752 animas
2763 1696 2901 1750 dixit
2939 1694 3249 1766 Origenes:
3282 1705 3337 1751 et
3383 1704 3443 1751 ut

188 1794 300 1840 lem
333 1788 448 1842 solo
475 1789 617 1844 dicta
648 1800 794 1855 sunt,
831 1809 898 1848 ne
932 1774 1177 1850 videatur
1205 1798 1434 1866 quaestio
1465 1810 1625 1863 mota,
1656 1819 1763 1859 non
1796 1774 1839 1831 Β
1870 1794 2146 1849 hominum
2175 1792 2387 1846 animas
2411 1800 2635 1846 eatenus
2661 1790 2871 1844 animas
2904 1790 3172 1857 pecudum
3211 1789 3327 1844 fieri
3359 1789 3449 1845 di-

187 1891 310 1933 esse
349 1880 616 1938 discussa.
651 1902 670 1935 ›
707 1885 837 1949 Qum
880 1891 1076 1955 repetit
1115 1889 1279 1944 etiam
1312 1888 1668 1965 Hieronymus
1712 1906 1766 1950 et

189 1970 434 2037 agnoscit
468 1971 625 2039 epist.
662 1973 759 2036 59,
793 1975 859 2028 ad
915 1977 1060 2029 Avit.
1086 2021 1099 2044 ,
1129 1992 1248 2047 cap.
1280 1980 1331 2033 l.
1382 1978 1610 2036 Prodest
1637 1983 1765 2038 illud

188 2061 415 2129 insuper
453 2065 521 2118 ad
564 2064 933 2121 defensionem
975 2067 1265 2138 Origenis,
1316 2073 1458 2140 quod
1504 2073 1764 2142 scriptum

187 2151 259 2205 ab
300 2167 367 2207 eo
409 2161 491 2207 est
531 2165 657 2211 tom.
690 2174 742 2212 χι
783 2159 839 2211 in
868 2158 1062 2213 Matth.
1090 2201 1104 2225 ,
1154 2178 1303 2216 num.
1334 2163 1433 2229 l7,
1486 2179 1607 2234 pag.
1638 2163 1761 2233 506,

187 2244 579 2301 admittendam
606 2252 1118 2321 μετενσωμάτωσιν,
1148 2254 1192 2307 si
1218 2270 1314 2324 per
1335 2270 1455 2309 eam
1485 2258 1662 2309 anima
1691 2257 1764 2311 ita

188 2334 525 2407 intelligatur
562 2342 758 2396 mutari
806 2351 862 2398 et
911 2347 1191 2413 converti,
1239 2356 1298 2400 ut
1330 2346 1415 2403 vel
1460 2347 1765 2418 depravatis

187 2432 462 2499 moribus,
512 2442 567 2487 et
608 2434 920 2503 voluntate,
956 2452 1062 2491 non
1104 2448 1300 2494 natura
1333 2441 1524 2510 pecudi
1572 2442 1763 2500 similis

120 2540 127 2550 ·
184 2523 415 2589 evadat,
468 2523 551 2577 vel
586 2526 875 2581 virtutibus
915 2543 979 2582 ac
1024 2530 1224 2598 pietate
1270 2546 1482 2586 rursum
1535 2533 1763 2590 rationis

184 2633 411 2689 compos
444 2620 560 2674 ﬁeri
591 2622 861 2678 videatur.
902 2624 1100 2680 Eadem
1155 2627 1294 2682 inest
1327 2629 1593 2683 sententia
1644 2628 1762 2686 loco

185 2710 404 2796 alterioe
433 2711 570 2765 libro
619 2711 692 2766 De
727 2712 1024 2770 Proverbiis
1050 2716 1375 2783 Salomonis,
1416 2735 1574 2788 quem
1602 2721 1761 2775 Pam-

184 2801 363 2869 philus
416 2803 683 2873 Apologia:
737 2821 849 2861 sua:
903 2807 1152 2862 intexuit.
1203 2808 1258 2862 Id
1298 2822 1496 2878 puncto
1550 2827 1648 2866 suo
1706 2821 1760 2866 et

184 2907 411 2947 assensu
467 2895 784 2962 comprobat
841 2895 1167 2952 Philastrius
1211 2899 1406 2956 haeres.
1447 2899 1570 2953 120.
1607 2902 1759 2967 Quod

184 2982 358 3052 ipsum
413 2987 682 3056 prolixius
733 3000 789 3044 et
835 2989 1135 3061 elegantius
1181 2990 1437 3046 edisserit
1465 2989 1758 3060 Gregorius

1864 1888 1944 1942 xit
1975 1883 2145 1949 Plato,
2187 1893 2451 1954 quatenus
2490 1880 2747 1950 nequitia:
2791 1881 3021 1935 addiclae
3060 1881 3324 1951 pecudum
3360 1883 3439 1937 si-

1866 1979 2021 2033 miles
2062 1977 2233 2042 tiunt,
2286 1977 2358 2031 ita
2412 1975 2464 2030 id
2514 1975 2690 2044 ipsum
2731 1972 2997 2043 Origenes
3044 1975 3436 2044 pronuntiavit.

1865 2070 2163 2126 Praeiverat
2195 2068 2406 2123 Platoni
2455 2066 2815 2138 Pythagoras,
2850 2067 2943 2121 sed
2989 2082 3095 2122 non
3131 2068 3437 2124 animorum

1865 2166 2040 2221 solum
2083 2179 2149 2218 ex
2198 2163 2448 2218 humanis
2491 2162 2814 2231 corporibus
2854 2161 2905 2215 in
2956 2161 3212 2226 humana,
3250 2176 3438 2215 verum

1864 2255 2027 2311 etiam
2058 2269 2122 2307 ex
2158 2254 2241 2308 his
2281 2254 2334 2307 in
2378 2252 2547 2307 ferina
2599 2267 2760 2306 veras
2803 2254 3223 2307 commeationes
3272 2253 3441 2307 admi-

1864 2356 2032 2401 serat.
2061 2345 2219 2400 Aliud
2250 2359 2465 2415 quoque
2494 2345 2911 2414 Pythagoricam
2948 2344 3089 2399 inter
3119 2352 3173 2399 et
3198 2342 3439 2398 Platoni-

1864 2453 1983 2493 cam
2046 2436 2350 2492 doctrinam
2414 2436 2791 2491 intercessisse
2851 2436 3143 2491 discrimen
3207 2434 3439 2491 allirmat

1863 2531 2083 2588 Servius
2118 2531 2172 2584 in
2205 2528 2336 2584 illud
2365 2529 2554 2600 Virgil.
2596 2528 2727 2584 Αῐη.
2761 2545 2844 2594 ιιι,
2885 2544 3029 2584 vers.
3060 2528 3154 2595 67,
3181 2528 3250 2584 68
3280 2547 3292 2583 :

2043 2663 2056 2675 .
2104 2662 2118 2676 .
2166 2661 2178 2675 .
2219 2662 2232 2676 .
2273 2662 2287 2676 .
2328 2663 2345 2679 .
2378 2623 2708 2689 animamque
2740 2620 2976 2690 sepulcro

2034 2712 2342 2768 Condimus.

1866 2826 1885 2858 ι
1915 2804 2087 2872 Plato,
2122 2803 2316 2873 inquit,
2350 2812 2664 2873 perpetuam
2705 2803 2837 2857 dicit
2881 2801 3139 2869 animam,
3177 2812 3232 2858 et
3255 2803 3322 2857 ad
3352 2803 3440 2859 di-

1862 2913 2018 2953 versa
2050 2910 2276 2964 corpora
2312 2894 2600 2948 transitum
2651 2895 2832 2949 facere
2864 2895 3049 2949 statim
3101 2909 3197 2964 pro
3225 2896 3437 2952 meritis

1858 2988 1983 3042 vita:
2024 2986 2243 3056 prioris.
2285 2984 2621 3055 Pythagoras
2658 2999 2786 3040 vero
2829 3000 2934 3039 non
2986 2986 3431 3059 μετεμψύχωσιν,

184 3072 461 3144 Nysscnus
509 3078 562 3131 in
606 3090 1028 3135 commemorata
1067 3081 1318 3151 superius
1368 3082 1752 3151 disputatione,
1783 3111 1827 3171 ο
1861 3080 1954 3133 sed
1986 3076 2404 3145 παλιγγενεσίαν
2440 3091 2563 3131 esse
2593 3077 2729 3171 dicit
2753 3117 2767 3142 ,
2810 3077 2913 3132 hoc
2953 3087 3038 3132 est
3082 3080 3252 3134 redire
3277 3120 3294 3145 ,
3328 3082 3431 3171 sed

182 3179 340 3232 quam
373 3167 619 3234 epistola:
647 3184 759 3223 suae
794 3171 861 3223 ad
892 3168 1103 3224 Menam
1134 3169 1466 3226 Justinianus
1508 3173 1751 3228 inseruit.

181 3254 289 3311 Nec
328 3258 491 3313 aliter
530 3258 598 3312 de
642 3260 746 3314 hac
787 3260 1251 3325 metensomatosi,
1300 3277 1404 3330 qua
1454 3266 1648 3318 anima:
1698 3263 1753 3319 in

182 3350 487 3405 belluarum
529 3365 758 3421 corpora
787 3353 1020 3407 transire
1052 3352 1326 3418 dicuntur,
1368 3357 1602 3410 sensisse
1627 3354 1752 3412 Ori-

180 3455 368 3511 genem
395 3458 462 3498 eo
502 3443 639 3498 mihi
688 3445 746 3498 ﬁt
774 3444 1145 3512 verisimilius,
1180 3448 1322 3517 quod
1355 3447 1468 3501 haec
1506 3450 1621 3518 ipsa
1654 3448 1754 3505 fuit

181 3531 578 3589 Platonicorum
608 3536 989 3591 nonnullorum
1014 3542 1521 3610 metempsychosis.
1553 3542 1753 3597 Aucto-

182 3641 288 3679 rem
333 3628 529 3682 damus
557 3627 868 3683 Nemesium
889 3669 903 3693 ,
945 3645 1063 3698 cap.
1089 3630 1125 3683 2
1156 3647 1169 3686 :
1195 3631 1454 3696 Εἰπόντος
1479 3633 1617 3705 γὰρ,
1666 3636 1751 3689 in-

180 3720 313 3786 quit,
358 3718 647 3783 Πλάτωνος
674 3720 774 3784 τὰς
810 3721 908 3791 μὲν
938 3721 1195 3793 θυμικάς,
1236 3724 1329 3776 καὶ
1361 3725 1629 3796 ὀργίλους,
1659 3729 1752 3782 καὶ

177 3807 523 3878 ἁρπακτικάς
542 3809 739 3880 ψυχὰς,
782 3810 960 3864 λύκων
990 3813 1083 3864 καὶ
1111 3812 1335 3867 λεόντων
1369 3814 1595 3885 σώματα
1622 3834 1752 3887 μετ-

178 3898 577 3967 αμφιέννυσθαι
597 3918 610 3933 ο
638 3901 738 3965 τὰς
760 3902 816 3954 δὲ
845 3905 973 3975 περὶ
1016 3905 1113 3976 τὴν
1143 3906 1437 3959 ἀκολασίαν
1457 3908 1753 3981 ἡσχολημέ-

178 4007 272 4055 νας
285 4018 305 4057 -,
336 3993 473 4047 ὄνων
513 3995 606 4047 καὶ
637 3994 744 4047 τῶν
784 3996 1037 4050 τοιούτων
1071 3998 1472 4068 ἀναλαμϐάνειν
1504 4001 1749 4071 σώματα,

177 4084 226 4137 oi
262 4087 355 4155 μὲν
383 4088 584 4157 κυρίως
610 4088 846 4157 ἥκουσαν
869 4090 993 4153 τοὺς
1022 4090 1238 4154 λέοντας
1271 4093 1364 4145 καὶ
1387 4094 1514 4155 τοὺς
1535 4093 1747 4159 λύκους,

180 4177 271 4229 καὶ
298 4179 423 4240 τοὺς
450 4179 604 4240 ὅνους
623 4193 637 4206 °
663 4180 713 4231 οἱ
750 4180 807 4232 δὲ
841 4181 1116 4251 τροπικῶς
1152 4183 1311 4236 αὑτὸν
1346 4186 1622 4255 εἰρηκέναι
1647 4186 1751 4239 διέ-

178 4282 411 4334 γνωσαν,
451 4268 522 4320 τά
554 4267 658 4339 ἢθη
705 4269 941 4323 διά·τῶν
980 4271 1133 4336 ζώων
1174 4276 1642 4346 παρεμφαίνοντα.
1690 4279 1751 4331 Et

178 4370 300 4409 mox
335 4377 349 4411 :
397 4359 698 4430 Ἰάμϐλιχος
734 4361 790 4413 δὲ
831 4362 929 4432 τὴν
979 4365 1228 4418 ἐναντίαν
1255 4366 1463 4431 τούτοις
1503 4368 1745 4440 δραμὼν,

176 4447 292 4498 κατ’
320 4441 459 4509 εἶδος
485 4445 638 4510 ζώων
676 4448 853 4518 ψυχῆς
885 4446 1024 4513 εἶδος
1065 4447 1203 4507 εἶναι
1240 4454 1408 4523 λέγει,
1443 4456 1607 4526 ἤγουν
1634 4459 1745 4530 εἴδη
1779 4450 1827 4508 D

174 4535 431 4608 διάφορα²
473 4540 782 4610 γέγραπται
816 4541 947 4609 γοῦν
991 4544 1140 4615 αύτῷ
1173 4548 1484 4616 μονόϐιϐλον
1514 4551 1744 4622 ἐπίγρα-

176 4645 292 4698 φον,
331 4631 459 4684 Ὅτι
487 4634 596 4684 οὐκ
625 4632 722 4684 ἀπ’
758 4632 1082 4702 ἀνθρώπων
1112 4640 1198 4703 εὶς
1222 4638 1429 4710 ἄλογα,
1459 4642 1599 4695 οὐδὲ
1627 4642 1743 4697 ἀπὸ

175 4718 327 4780 ζώων
357 4724 593 4792 ἀλόγων
616 4726 702 4789 εἰς
731 4725 1081 4795 ἀνθρώπους
1109 4733 1747 4803 αϊμετενσωματὼσεις

174 4814 455 4882 γίνονται,
504 4816 665 4869 ἀλλά
716 4816 835 4870 ἀπὸ
868 4817 1021 4878 ζώω-ν
1050 4823 1135 4887 εὶς
1171 4821 1301 4888 ζῶα,
1340 4827 1435 4879 καὶ
1489 4828 1602 4880 ἀπὸ
1638 4829 1745 4881 ἀν-

174 4906 416 4973 ﬂabat/ur
453 4911 537 4974 εἰς
582 4906 950 4976 ἀνθρώπους.
986 4913 1095 4964 Καί
1130 4931 1219 4984 μοι
1248 4914 1396 4968 δοκεῖ
1428 4918 1625 4987 μᾶλλον
1655 4911 1747 4971 οὗ-

172 5014 261 5061 τος
285 4998 448 5054 ’ἑνεκα
468 5002 658 5057 τούτου
691 5006 872 5070 καλῶς
899 5006 1325 5077 κατεστοχᾶσθαι
1364 5009 1438 5081 μὴ
1471 5010 1627 5081 μόνον
1651 5014 1750 5083 τῆς

173 5092 454 5160 Πλάτωνος
499 5096 756 5171 γνώμης,
807 5099 943 5154 ἀλλά
992 5101 1087 5153 καὶ
1128 5102 1226 5171 τῆς
1258 5102 1514 5175 ἀληθείας
1557 5106 1745 5175 αὐτῆς.

179 5200 199 5234 ι
224 5185 356 5239 Cum
390 5188 534 5241 enim
564 5190 762 5246 dixerit
800 5190 954 5246 Plato
1009 5192 1336 5259 iracundas,
1385 5205 1439 5249 et
1489 5195 1745 5262 furiosus,

173 5285 224 5327 et
254 5291 477 5345 rapaces
510 5281 743 5347 animas,
790 5282 1038 5350 luporum
1068 5295 1123 5340 et
1153 5284 1369 5341 leonum
1402 5300 1630 5355 corpora
1663 5287 1747 5340 in-

174 5365 358 5431 duere,
404 5384 524 5439 quae
556 5385 687 5427 vero
741 5372 1168 5441 intemperanter
1220 5376 1502 5442 vixissent,
1560 5377 1743 5433 asino-

174 5471 311 5526 rum,
370 5469 465 5516 aut
528 5463 759 5519 aliorum
815 5465 1084 5534 ejusmodi
1137 5483 1367 5538 corpora
1432 5482 1739 5534 assumere;

173 5552 414 5607 nonnulli
444 5556 660 5627 proprie
695 5556 1083 5613 intellexerunt
1129 5558 1335 5625 leones,
1387 5569 1440 5614 et
1468 5559 1643 5629 lupos,
1689 5568 1745 5615 et

173 5644 399 5701 asinos:
446 5648 537 5703 alii
584 5663 718 5706 vero
764 5651 994 5722 ﬁgurate
1031 5651 1145 5706 haec
1195 5652 1370 5722 ipsum
1410 5652 1611 5708 dixisse
1653 5652 1743 5723 ju-

175 5733 443 5811 dicarunt,
500 5756 677 5802 mores
734 5742 1167 5826 perh_ani_n_ialia'
1211 5744 1558 5823 indicantem.
1600 5764 1621 5799 ι
1672 5743 1741 5803 Et

1859 3179 1982 3241 post
2016 3183 2246 3240 tempus.
2284 3187 2303 3221 ι
2341 3167 2398 3223 ln
2441 3181 2550 3237 quo
2593 3166 2875 3222 Platonem
2925 3183 3159 3239 quoque,
3208 3169 3434 3226 dimisso

1856 3262 2185 3335 Pythagora,
2210 3260 2565 3317 Adamantius
2590 3260 2856 3329 sequitur.
2878 3259 2949 3314 At
2969 3261 3434 3332 PaganinusGau-

1856 3356 2075 3412 dentius
2107 3370 2228 3424 cap.
2259 3354 2324 3409 51
2364 3354 2417 3408 in
2467 3352 2646 3408 libello
2688 3350 2765 3406 De
2796 3356 3186 3423 comparatione
3213 3356 3433 3427 dogma-

1857 3455 1967 3500 tum
1993 3444 2236 3514 Origenis
2261 3461 2379 3499 cum
2408 3444 2743 3513 philosOphia
2778 3444 3017 3500 Platonis
3044 3488 3058 3511 ,
3089 3448 3155 3503 de
3181 3446 3434 3518 Origeuis

1854 3541 2308 3613 metempsychosi
2352 3540 2657 3605 disserens,
2700 3540 2754 3594 in
2787 3554 2852 3595 eo
2897 3539 3116 3595 dill'erre
3174 3540 3250 3593 ait
3306 3543 3433 3610 opi-

1853 3637 2071 3692 nionem
2120 3636 2289 3705 ipsius
2328 3649 2358 3688 a
2409 3632 2790 3703 Pythagorica,
2842 3633 2983 3701 quod
3021 3632 3109 3686 ille
3154 3648 3342 3702 poenas
3376 3635 3430 3689 in

1854 3728 2229 3783 subterraneis
2270 3725 2405 3781 locis
2456 3724 2681 3779 luendas
2737 3723 2807 3778 ob
2856 3723 3064 3778 scelera
3124 3734 3430 3794 agnoscat;

1853 3820 2188 3890 Pythagoras
2224 3834 2353 3873 vero
2388 3818 2611 3884 inferos,
2641 3818 3047 3886 inferorumque
3082 3830 3270 3885 pmnas
3301 3833 3426 3873 sus-

1855 3912 2063 3974 tulerit,
2097 3910 2239 3979 quod
2297 3910 2493 3964 falsum
2530 3918 2657 3963 est:
2708 3909 2868 3962 Ἀλλά
2911 3908 3007 3962 καὶ
3048 3908 3208 3972 αὐτὸς
3251 3910 3311 3962 ὲν
3359 3909 3428 3980 τῇ

1852 4004 2035 4073 γραφῇ
2066 4020 2197 4073 φησι
2226 4001 2292 4054 δι’
2329 4002 2468 4055 ἑπτὰ
2496 4002 2591 4054 καὶ
2631 4000 2918 4054 διακοσίων
2962 3999 3126 4052 ἐτέων
3164 3998 3225 4064 ὲξ
3266 3999 3431 4053 ἀΐδεω

1854 4094 2333 4167 παραγεγενῆσθαι
2374 4095 2431 4158 ὲς
2469 4094 2807 4166 ἀνθρώπους.
2847 4112 2866 4144 ί
2892 4093 2961 4145 At
2997 4092 3115 4161 ipse
3160 4092 3351 4153 etiam.
3374 4093 3430 4145 in

1850 4187 2073 4256 scriptis
2121 4188 2196 4239 ait
2234 4195 2357 4256 post
2397 4197 2602 4255 septem
2650 4195 2704 4239 et
2745 4186 3010 4241 ducentos
3054 4197 3226 4236 annos
3260 4196 3319 4236 se
3361 4196 3429 4237 ex

1852 4276 2044 4330 inferis
2074 4277 2141 4330 ad
2168 4276 2415 4330 homines
2448 4277 2654 4341 venire,
2689 4294 2707 4326 ι
2745 4275 2919 4344 inquit
2942 4273 3193 4329 Laertius
3225 4272 3277 4326 in
3313 4271 3428 4343 Py-

1853 4372 2096 4443 thagora.
2132 4370 2215 4426 Ab
2244 4370 2519 4441 Egyptiis
2561 4382 2743 4426 autem
2781 4369 3060 4440 magistris
3090 4383 3291 4424 vesana
3325 4368 3430 4422 hac

1852 4465 2387 4535 metempsychoseos
2409 4464 2657 4517 doctrina
2689 4460 2878 4516 imbuti
2912 4462 3131 4516 fuerant
3154 4460 3429 4531 Pythago-

1853 4573 1945 4612 ras
1972 4566 2029 4611 et
2056 4554 2244 4619 Plato;
2277 4555 2403 4609 hinc
2433 4554 2573 4607 enim
2620 4567 2868 4607 manasse
2902 4552 3048 4605 illam
3096 4565 3430 4607 commemo-

1854 4661 1940 4704 rat
1965 4648 2161 4703 ibidem
2187 4646 2435 4711 Servius,
2467 4655 2521 4699 et
2545 4644 2795 4701 Clemens
2819 4643 3219 4699 Alexandrinus
3246 4643 3342 4699 lib.
3369 4659 3427 4701 v1

1854 4742 2110 4796 Stromal.
2174 4736 2325 4792 Hanc
2383 4737 2648 4805 hodieque
2702 4735 3131 4805 pertinacissime
3190 4736 3429 4791 retinent

1852 4827 2159 4882 Americani
2216 4825 2481 4890 nonnulli,
2549 4828 2785 4880 retinent
2841 4825 3101 4880 Sinenses
3157 4825 3423 4896 plerique,

1851 4928 1907 4971 et
1932 4933 1998 4973 ex
2026 4916 2170 4971 Indis
2197 4926 2459 4987 quotquot
2482 4916 2861 4971 Muhammedo
2890 4931 3085 4972 nomen
3112 4932 3219 4971 non
3255 4918 3424 4973 dede-

1847 5020 2008 5073 runt;
2044 5009 2230 5077 itaque
2269 5008 2337 5062 ab
2377 5008 2744 5063 animatorum
2787 5024 2884 5064 esu
2927 5019 3085 5064 caute
3128 5010 3423 5065 abstinent.

1846 5101 1927 5155 An
1966 5102 2033 5155 ab
2074 5101 2218 5156 ludis
2239 5116 2367 5156 vero
2396 5103 2463 5156 ad
2483 5100 2766 5173 Egyptios
2807 5102 3108 5167 transierit,
3144 5118 3209 5156 an
3239 5103 3424 5158 abhis

1848 5195 1916 5248 ad
1943 5194 2096 5261 illos,
2131 5209 2218 5249 res
2251 5204 2335 5249 est
2366 5210 2471 5252 non
2516 5210 2696 5266 parvae
2727 5195 3143 5265 disquisitionis.
3176 5196 3274 5251 His
3299 5204 3419 5251 sata

1851 5289 2162 5344 auctoribus
2201 5289 2663 5356 Simonianorum,
2709 5289 3180 5357 Basilidianorum,
3218 5290 3417 5345 Valen-

1852 5377 2206 5444 tinianorum,
2237 5378 2704 5445 Marcionitarum,
2730 5379 3116 5437 Gnostieorum
3145 5390 3200 5436 et
3249 5378 3423 5435 Mani-

1850 5468 2122 5524 chaeorum
2173 5479 2381 5526 mentes
2423 5470 2633 5538 infecit,
2686 5472 2739 5526 in
2788 5473 2961 5539 iisque
3008 5482 3120 5528 tum
3162 5473 3230 5528 ab
3268 5474 3415 5540 aliis,

1851 5566 1964 5613 tum
1995 5561 2063 5615 ah
2086 5560 2317 5631 Origene
2353 5577 2495 5631 saepe
2531 5562 2780 5619 confossa
2807 5573 2909 5620 est.
2944 5561 3153 5619 Placuit
3183 5578 3248 5619 ea
3282 5579 3419 5635 quo-

1848 5664 1954 5719 que
1991 5653 2268 5709 veteribus
2293 5653 2466 5710 Gallis
2508 5665 2570 5709 ut
2602 5672 2631 5710 a
2664 5654 2881 5712 Caesare
2918 5656 3191 5727 proditum
3224 5666 3309 5713 est
3338 5657 3419 5713 De

1850 5744 1981 5803 bello
2026 5742 2229 5802 Gallico
2271 5744 2366 5804 lib.
2414 5762 2492 5807 vr.
2541 5745 2621 5807 Ne
2666 5749 2953 5821 postremis
2996 5749 3217 5822 quidem
3260 5750 3416 5808 hisee
