3860 6230
438 316 541 370 819

1754 317 1815 374 Ρ.
1854 316 2171 372 DANIELIS
2209 316 2442 373 IIUL'TII

3590 315 3706 363 9T.)

437 432 771 501 temporibus
830 437 1154 505 temperavit
1220 435 1324 491 sibi
1389 435 1755 508 Hieronymus
1806 437 2011 493 Carda-
2042 443 2087 498 Δ
2115 435 2370 499 arbitrio,
2395 433 2651 491 facultate
2683 429 2936 486 videlicet
2962 428 3192 499 quadam
3217 425 3300 482 vel
3328 426 3701 496 prosequens-.i

436 540 557 589 nus,
577 527 662 580 vir
684 527 1023 583 immoderati
1053 529 1273 600 ingenii,
1294 530 1424 598 qniu
1454 531 1700 585 iteratam
1721 531 2008 598 quamdam

435 627 489 673 et
519 619 802 687 repetitam
836 620 1257 692 παλιγγενεσίαν
1289 623 1656 680 introduceret
1692 623 1746 677 in
1784 621 2011 693 Dialogo

433 712 498 765 de
542 728 728 769 morte.

980 807 1305 876 QLUESTIO
1346 810 1457 865 VII.

470 887 539 927 DE
572 891 763 932 [ΔΒΕΒο
789 894 1045 935 ARIITRIO
1067 921 1079 944 ,
1117 897 1312 936 GRA'I‘IA
1345 899 1414 936 ET
1443 898 1971 941 PREDESTINA'I'IONE.

433 965 470 1019 Ι.
519 967 790 1042 Sententia
829 972 1074 1042 Origenis
1106 978 1171 1030 de
1213 977 1379 1030 libero
1420 976 1644 1029 arbitrio
1685 989 1891 1031 natum
1917 995 2007 1031 ra-

501 1040 762 1115 tionali”
788 1054 843 1115 et
875 1040 1048 1111 gratia
1085 1046 1177 1099 Dei
1209 1048 1509 1100 summatim
1552 1048 1883 1115 proponitur.
1942 1048 2006 1102 II.

502 1106 907 1187 Eadem-fusius
942 1116 1500 1187 explanatur.__I_II._In
1529 1106 1885 1187 quo'positam
1919 1136 2010 1170 ar-

504 1181 649 1233 bitrii
676 1180 964 1235 libertatem
991 1187 1239 1239 voluerit.
1286 1185 1374 1238 ιν.
1406 1180 1615 1240 Statum
1646 1180 1848 1239 natura?
1870 1189 2007 1240 inte-

502 1265 612 1318 grte
642 1267 671 1303 a
702 1261 846 1305 statu
873 1262 1078 1309 natum
1110 1258 1275 1322 lapsa!
1304 1273 1407 1323 non
1432 1257 1698 1309 distinxit.
1730 1257 1791 1310 V.
1820 1256 2008 1310 Utrum

500 1329 549 1372 et
580 1325 842 1389 quomodo
867 1323 1090 1379 liberum
1125 1328 1405 1379 arbitrium
1433 1342 1606 1394 regere
1629 1329 1887 1392 putaverit
1921 1328 2010 1379 ba—

501 1406 595 1460 tios
648 1401 694 1443 et
749 1408 939 1460 pravos
993 1404 1164 1448 motus
1216 1397 1271 1449 in
1322 1397 1499 1449 animo
1555 1397 1856 1449 suscitatus.
1919 1395 2005 1453 VI.

503 1458 818 1534 Ecquisnam
855 1464 921 1515 sit
967 1463 1055 1517 ille
1097 1466 1314 1533 spiritus
1349 1469 1593 1519 adversus
1624 1482 1771 1534 quem
1805 1465 2007 1521 Paulus

498 1544 707 1583 carnem
735 1531 808 1584 ait
836 1531 1223 1600 concupiscere.
1265 1535 1371 1589 VII.
1411 1534 1601 1588 Utrum
1630 1531 1809 1589 anima
1832 1538 2007 1591 media

496 1600 637 1653 inter
660 1602 904 1674 spiritum
928 1616 972 1658 et
997 1620 1205 1659 carnem
1232 1608 1337 1663 dici
1363 1606 1549 1674 possit.
1584 1604 1712 1659 VIII.
1739 1604 2009 1670 Qumritur

500 1682 678 1723 utrum
723 1672 946 1739 aﬂ‘ectus
997 1674 1161 1740 aliqui
1214 1677 1335 1730 boni
1364 1672 1441 1729 ea:
1487 1692 1642 1728 carne
1691 1676 2007 1730 naturaliter

494 1742 784 1811 prodeant;
816 1754 861 1795 et
895 1744 959 1795 de
997 1744 1105 1811 lege
1137 1756 1360 1799 natura}.
1415 1745 1505 1799 IX.
1547 1744 1733 1797 Patres
1764 1747 1914 1799 multi
1941 1764 2005 1799 ex

496 1810 548 1884 vj
585 1822 791 1884 natura:
839 1812 961 1884 boni
1001 1810 1199 1883 aliquid
1239 1817 1369 1867 oriri
1412 1832 1561 1884 posse
1597 1825 1892 1884 senserunt.
1933 1817 2000 1872 X.

498 1876 748 1951 0rigenes
776 1883 877 1951 legi
921 1876 1128 1938 natura:
1173 1876 1641 1939 nimium'tribuit.
1693 1883 1779 1938 XI.
1811 1884 2005 1950 Quem-

496 1949 781 2025 admodum
818 1949 875 2025 _et
924 1954 1023 2021 legi
1056 1954 1277 2024 Moysis.
1328 1955 1441 2009 XII.
1489 1949 1844 2023 lnvesligatur
1884 1958 2005 2025 ejus

493 2021 749 2095 sententia
794 2022 859 2095 de
906 2026 1092 2091 gratim
1144 2021 1379 2086 auxilio,
1429 2041 1585 2095 quam
1630 2021 1927 2079 hominibus
1971 2044 2003 2080 α

494 2087 605 2141 Deo
654 2087 924 2163 impertiri
957 2096 1190 2157 censuit,
1244 2087 1455 2163 propter
1499 2105 1633 2149 recte
1682 2104 1803 2146 ante
1845 2098 2001 2149 vitam

492 2172 662 2225 gesta.
702 2160 838 2215 XIII.
868 2162 939 2215 Et
963 2163 1017 2215 in
1045 2163 1142 2217 hac
1177 2160 1281 2219 vita
1318 2166 1549 2217 mortali.
1590 2162 1729 2217 XIV.
1760 2163 2001 2220 Gratiam

491 2228 807 2304 agitantem
850 2248 953 2304 non
989 2235 1222 2304 agnovit.
1265 2233 1378 2289 XV.
1416 2234 1699 2303 Perperam
1745 2236 2000 2304 interpre-

492 2298 616 2369 tatis
662 2302 977 2369 quibusdam
1020 2302 1313 2366 Scriptura:
1360 2305 1489 2358 locis
1521 2298 1585 2356 'in
1635 2321 1745 2357 eaut
1798 2298 2003 2359 senten-

489 2368 619 2440 tiam
636 2368 895 2440 adductus
922 2383 1020 2425 est.
1052 2372 1186 2426 XVI.
1213 2374 1343 2440 Quae
1370 2376 1556 2428 merito
1584 2374 1997 2437 reprehenditur.

494 2437 652 2514 XVII.
698 2436 1319 2514 Pauaillaqutrdam—in
1356 2443 1603 2514 Origenis
1638 2436 1868 2512 favorem
1901 2448 2002 2499 col-

490 2508 750 2584 liguntur.
798 2508 996 2567 XVIII;
1020 2512 1205 2568 Utrunt
1238 2523 1287 2568 et
1325 2508 1584 2584 quomodo
1624 2508 1879 2584 perfectos
1914 2517 2001 2569 lto-

492 2581 653 2656 mines
699 2597 847 2656 posse
897 2599 1001 2637 non
1043 2581 1443 2656 peccare_rattt_s
1492 2586 1580 2638 sit.
1625 2581 1775 2638 'XIX.
1823 2584 1996 2656 Hujus

491 2649 753 2723 dogmatis
781 2666 941 2704 causa
980 2649 1209 2721 vapulat.
1232 2653 1353 2708 XX.
1378 2653 1567 2707 Utrum
1593 2664 1705 2723 post
1730 2649 1997 2720 acceptam

488 2721 710 2785 gratiam
735 2720 938 2789 iterata:
964 2725 1281 2789 pcenitentia'
1298 2728 1468 2777 locum
1494 2720 1599 2778 non
1625 2740 1892 2789 superesse
1906 2743 1999 2779 au-

487 2791 727 2842 tumarit.
760 2788 897 2844 XXI.
932 2788 1117 2847 Utrum
1144 2795 1412 2863 prwcejuis
1442 2795 1634 2848 divinis
1666 2788 1859 2849 morem
1888 2798 1997 2863 geri

489 2874 605 2933 non
633 2864 1062 2933 pgs_s_q__sen_serit.
1116 2863 1280 2917 XXII.
1318 2862 1581 2930 Suppetire
1612 2865 1857 2933 feruntur
1881 2862 1998 2919 Ori-

490 2932 629 3003 geni.
876 2929 1070 3003 Utrum
1099 2927 1437 3003 aﬁirmaverit
1469 2927 1703 2987 homines
1735 2936 1848 2988 sola
1893 2936 1997 3002 [ide

478 2999 661 3067 justas
696 3000 862 3074 eﬁici.
902 3000 1112 3074 Χχνιν,
1135 2999 1497 3072 investigatur
1522 3004 1658 3074 ejus
1700 2999 1902 3074 dogma
1930 3008 1995 3060 de

486 3079 702 3143 peccato
727 3072 970 3143 originis,
1003 3082 1050 3126 et
1078 3073 1183 3141 ﬁne
1220 3074 1487 3143 baptismi.
1519 3072 1687 3128 XXV.
1717 3072 1856 3143 Quid
1895 3076 1993 3143 ipsi

485 3134 559 3211 de
592 3134 1057 3208 praedestinatione
1078 3134 1377 3210 'placuerit,
1428 3134 1757 3211 disputatur:
1798 3134 1989 3201 XXVI.
2020 3134 2062 3191 (ἶ

485 3206 822 3331 [:ic‘quoque
852 3206 1120 3265 nonnullis
1150 3229 1326 3282 poenas
1356 3213 1444 3265 dat
1470 3255 1485 3280 ,
1514 3206 1613 3267 sed
1645 3216 1699 3268 in
1727 3215 1991 3283 aliquibus

486 3293 504 3331 ι
548 3294 606 3331 va
636 3295 717 3331 ur.

476 3293 717 3346 Juvatur.

487 3369 529 3423 I.
570 3369 725 3425 Nunc
757 3385 885 3427 vero
910 3373 976 3428 de
1002 3373 1174 3429 libero
1218 3375 1468 3443 arbitrio,
1493 3377 1635 3446 quod
1668 3378 1861 3431 animat
1892 3378 1992 3448 ipsi

416 3462 659 3517 innatum
691 3469 812 3529 est;
848 3465 1022 3533 deque
1047 3465 1220 3535 gratia
1251 3466 1366 3534 Dei,
1403 3481 1525 3537 qua:
1559 3468 1610 3521 in
1637 3467 1873 3522 animant
1912 3470 1994 3524 in-

415 3553 682 3620 funditur,
724 3556 854 3626 quid
880 3556 1099 3626 Origeni
1130 3557 1414 3627 placuerit,
1445 3558 1839 3629 explorandum
1868 3570 1986 3627 est;

414 3661 517 3703 nec
542 3661 661 3702 eam
686 3648 828 3703 enim
871 3651 1228 3719 quaestionem
1258 3650 1524 3707 inoffenso
1559 3652 1803 3709 decurrit
1831 3655 1987 3722 pede,

413 3740 611 3796 mentis
656 3741 937 3798 rationalis
977 3743 1205 3798 arbitrio
1238 3743 1462 3798 nimium
1504 3744 1772 3810 tribuens,
1803 3746 1991 3816 gratia;

411 3845 542 3886 vero
579 3833 776 3889 divinae
826 3835 1127 3907 infringens
1159 3836 1419 3890 auxilium
1452 3854 1464 3890 :
1494 3837 1631 3891 adeo
1661 3847 1719 3891 ut
1754 3852 1822 3891 ex
1871 3838 1988 3906 ejus

411 3924 629 3993 scriptis
682 3925 932 3981 haeresim
991 3942 1143 3981 suam
1198 3927 1447 3983 hausisse
1508 3928 1638 3983 dicti
1687 3929 1796 3983 sint
1836 3929 1989 3985 Pela-

410 4015 579 4083 giani,
604 4030 900 4086 eorumque
923 4017 1198 4072 fraterculi
1223 4017 1610 4074 Massilienses.
1641 4017 1776 4073 Hinc
1801 4020 1989 4075 Hiero-

410 4121 610 4176 nymus
647 4109 702 4161 in
735 4108 974 4178 Epistola
1007 4109 1072 4165 ad
1106 4110 1535 4181 Ctesiphontem,
1574 4126 1696 4181 cap.
1729 4112 1786 4176 2,
1826 4112 1984 4167 Pela-

408 4198 481 4269 gii
518 4199 819 4254 doctrinam
868 4202 1122 4273 Origenis
1171 4202 1535 4258 ramusculum
1584 4217 1705 4258 esse
1751 4218 1989 4272 pronun-

409 4290 545 4357 tiat;
585 4301 638 4347 et
672 4293 764 4346 lib.
798 4310 811 4348 l
839 4297 1041 4352 advers.
1087 4292 1383 4364 Pelagium,
1417 4310 1538 4363 cap.
1581 4296 1637 4362 7,
1666 4294 1983 4367 Pelagiano-

407 4399 526 4438 rum
564 4387 882 4455 magistrum
927 4402 1048 4443 esse
1096 4388 1230 4442 dicit
1277 4387 1365 4441 τὸν
1405 4388 1662 4459 ἀρχαῖον,
1708 4399 1984 4444 auctorem

2114 527 2265 591 vitii,
2322 524 2410 580 vel
2467 521 2858 595 amplectenda
2913 519 3175 574 virtutis:
3208 532 3314 587 qua
3362 526 3529 586 prout
3584 533 3702 572 usa!

2112 626 2276 683 sunt,
2330 617 2406 671 ita
2447 616 2535 671 vel
2569 615 2636 670 ad
2678 611 2989 674 superiores
3036 609 3274 665 evasisse
3316 608 3539 663 ordines
3565 648 3581 673 ,
3613 608 3700 661 vel

2111 710 2178 762 ad
2209 706 2494 762 inferiores
2527 720 2647 763 esse
2687 702 3004 760 deturbatas
3035 718 3049 755 :
3079 714 3459 770 quemcunque
3511 709 3699 753 autem

2110 798 2319 865 adeptas
2364 797 2474 853 sint
2511 807 2710 852 statum
2734 836 2749 862 ,
2787 794 2957 849 nihilo
2998 792 3176 847 secius
3220 797 3407 846 eadem
3450 789 3701 845 fruentes

2111 898 2414 958 potestate,
2447 889 2533 945 vel
2580 899 2728 945 recte
2761 888 2847 944 vel
2879 885 3020 941 male
3062 900 3159 955 pro
3203 883 3354 940 libitu
3384 897 3589 952 agere,
3636 897 3701 937 ac

2114 983 2270 1037 novis
2312 981 2535 1050 proinde
2573 981 2659 1036 vel
2691 975 3220 1034 remunerationibus
3248 974 3330 1029 vel
3368 974 3550 1045 poenis
3581 988 3699 1029 esse

2110 1072 2409 1137 obnoxias;
2476 1086 2575 1127 nec
2630 1071 2869 1126 futurum
2913 1082 3153 1138 unquam
3212 1075 3272 1122 ut
3324 1066 3412 1120 vel
3465 1066 3700 1121 facultas

2111 1166 2227 1232 illa,
2261 1166 2347 1221 vel
2395 1163 2669 1220 facultatis
2711 1177 2843 1218 usus
2884 1162 2937 1216 in
2984 1160 3182 1216 animis
3222 1159 3537 1225 intercidat,
3574 1158 3699 1213 licet

2110 1256 2200 1312 vel
2230 1256 2499 1311 charitate
2540 1254 2627 1308 vel
2686 1253 2988 1323 pertinacia
3030 1267 3061 1307 a
3106 1250 3264 1306 malis
3294 1250 3524 1305 bonisve
3568 1266 3697 1305 non-

2110 1363 2392 1419 nunquam
2434 1346 2848 1403 abstrahamur.

2181 1439 2313 1507 Qum
2375 1454 2499 1494 cum
2568 1435 2941 1508 perfunctorie
3009 1449 3171 1503 supra
3245 1433 3696 1495 delibaverimus,

2110 1546 2255 1587 nunc
2302 1530 2644 1587 enucleatius
2698 1527 2991 1584 reseranda
3045 1526 3307 1591 veniunt,
3355 1534 3413 1581 et
3467 1525 3697 1579 attentis

2111 1623 2283 1680 oculis
2349 1621 2810 1691 introspicienda;
2879 1618 3339 1688 quaerendumque
3391 1629 3584 1672 utrum
3636 1617 3695 1671 li-

2110 1717 2371 1774 bertatem
2422 1723 2628 1768 naturae
2676 1712 2962 1767 rationalis
3002 1713 3291 1782 integram,
3334 1725 3400 1765 an
3436 1711 3694 1765 imminu-

2038 1780 2077 1836 Β
2109 1814 2254 1873 tam;
2309 1813 2494 1859 utrum
2546 1802 2669 1858 ullis
2705 1804 2899 1857 divinas
2948 1780 3135 1871 gratiai
3184 1800 3402 1855 auxiliis
3446 1800 3697 1871 indigere

2106 1897 2276 1965 illam,
2304 1908 2359 1955 et
2382 1896 2602 1967 juvari;
2633 1910 2852 1966 quoque
2882 1895 3041 1950 modo
3072 1895 3386 1964 contingere
3411 1892 3520 1947 hoc
3549 1892 3693 1946 arbi-

2106 1997 2279 2043 tratus
2324 1988 2415 2044 sit.
2446 1986 2651 2051 .Sensit
2678 1986 2790 2057 ,ille
2836 1986 3019 2055 itaque
3047 1985 3255 2039 arbitrii
3289 1984 3610 2040 libertatem
3643 1985 3694 2038 in

2107 2078 2441 2135 indillerenti
2470 2079 2705 2149 quadam
2741 2080 2879 2133 bene
2908 2077 2991 2131 vel
3027 2077 3165 2132 male
3193 2076 3383 2146 agendi
3430 2075 3691 2132 facultate

2103 2173 2297 2235 sitam,
2332 2181 2389 2225 et
2422 2170 2729 2234 mentibus,
2768 2183 2893 2223 mox
2920 2178 2978 2222 ut
3015 2174 3331 2223 crearentur
3362 2181 3389 2219 a
3426 2166 3563 2231 Deo,
3612 2165 3691 2219 in-

2104 2263 2309 2328 ditam,
2355 2260 2622 2331 integram
2650 2274 2865 2328 semper
2902 2268 2956 2313 et
2996 2267 3244 2328 vegetam
3290 2271 3689 2327 perseverare;

2102 2368 2204 2410 nec
2252 2354 2361 2409 ulla
2427 2368 2487 2410 re
2540 2351 2711 2409 fuisse
2764 2352 3130 2415 imminutam,
3188 2349 3515 2421 plenumque
3570 2349 3689 2419 ejus

2102 2462 2258 2501 usum
2318 2447 2369 2501 in
2431 2445 2606 2501 beatis
2655 2443 2741 2499 vel
2782 2442 3054 2498 damnatis
3100 2456 3429 2513 superesse;
3480 2442 3687 2510 impelli

2100 2539 2318 2607 quidem
2372 2537 2608 2591 animam
2656 2551 2687 2590 a
2740 2536 2899 2591 bonis
2947 2534 3175 2590 malisve
3217 2533 3583 2603 potestatibus
3618 2535 3687 2588 ad

2098 2630 2325 2684 virtutes
2351 2626 2435 2681 vel
2468 2626 2536 2681 ad
2578 2626 2740 2691 vitia;
2787 2624 2904 2694 cogi
2936 2638 3065 2678 vero
3094 2622 3433 2691 neutiquam,
3467 2620 3549 2675 vel
3584 2636 3684 2676 ne—

2097 2718 2337 2774 cessitati
2396 2717 2557 2771 alicui
2607 2716 2823 2786 subjici.
2872 2714 3073 2785 Sparsa
3131 2714 3246 2767 haec
3290 2712 3533 2781 reperies
3589 2718 3686 2768 do-

2097 2820 2277 2883 gmata
2327 2808 2695 2879 compluribus
2752 2808 2926 2873 locis,
2986 2806 3081 2861 sed
3146 2806 3319 2873 capite
3373 2805 3683 2874 prassertim

2098 2904 2279 2973 priore
2306 2901 2401 2957 lib.
2430 2916 2492 2955 ιιι
2522 2899 2597 2955 De
2627 2900 2878 2970 priurip.,
2902 2898 2955 2951 in
2988 2912 3095 2967 quo
3124 2897 3390 2968 praecipua
3418 2898 3685 2951 doctrina:

2098 3011 2210 3051 suae
2244 2996 2311 3051 de
2339 2995 2591 3050 libertate
2619 2992 2832 3047 arbitrii
2860 2989 3211 3046 fundamenta
3246 2989 3557 3044 collocavit.
3605 2990 3680 3043 lbi

2098 3089 2298 3159 quippe
2348 3087 2530 3143 causis
2585 3084 2806 3154 quidem
2858 3083 3097 3137 externis
3135 3082 3283 3136 varie
3328 3081 3532 3151 impelli
3582 3098 3681 3137 nos

2096 3194 2150 3237 et
2181 3180 2447 3236 concitari
2480 3179 2678 3243 docet;
2711 3190 2992 3232 assensum
3018 3191 3145 3232 vero
3177 3191 3206 3230 a
3252 3176 3463 3229 ratione
3491 3186 3679 3231 nostra

2094 3289 2159 3331 ac
2198 3273 2479 3328 voluntate
2521 3272 2780 3342 pendere.
2824 3269 2879 3324 Id
2926 3279 3216 3341 postquam
3262 3277 3477 3323 natura:
3512 3271 3679 3339 ipsius

2094 3365 2419 3422 auctoritate
2458 3363 2876 3428 demonstravit,
2928 3362 3225 3431 Scriptura:
3273 3371 3479 3416 sanctae
3533 3362 3677 3417 loco-

2093 3473 2212 3514 rum
2241 3458 2496 3526 congerie
2529 3454 2809 3523 multiplici
2838 3454 3143 3508 confirmat.
3173 3453 3307 3507 Tum
3339 3454 3510 3523 petita
3539 3454 3678 3509 indi-

2094 3553 2210 3607 dem
2241 3549 2308 3605 ad
2336 3548 2757 3619 impugnandam
2785 3546 2999 3602 arbitrii
3030 3545 3331 3602 libertatem
3361 3547 3678 3602 testimonia

2096 3643 2298 3708 solvit,
2335 3640 2575 3711 explosis
2622 3638 3163 3706 Valentinianorum,
3219 3637 3682 3695 Basilidianorum

2093 3748 2148 3793 et
2180 3734 2620 3790 Marcionitarum
2669 3734 2911 3799 deliriis,
2962 3736 3058 3804 qui
3100 3734 3346 3790 diversas
3389 3735 3680 3790 hominum

2101 3839 2351 3893 naturas,
2383 3827 2517 3889 alias
2539 3827 2682 3890 vitae,
2707 3827 2843 3881 alias
2867 3827 3025 3880 morti
3054 3826 3373 3891 destinatas,
3399 3841 3465 3880 ac
3497 3827 3673 3882 Deum

2093 3920 2279 3976 mundi
2315 3918 2584 3989 opiﬁcem,
2630 3919 2821 3974 durum
2852 3933 2917 3974 ac
2947 3933 3224 3984 severum,
3268 3917 3432 3971 alium
3467 3920 3676 3973 bonum

2093 4012 2294 4067 Christi
2338 4021 2548 4082 patrem
2594 4010 3195 4066 comminiscebantur:
3239 4019 3295 4065 et
3343 4010 3539 4081 gratiae
3586 4012 3682 4064 de-

2092 4118 2239 4157 mum
2283 4103 2480 4157 divinae
2530 4102 2902 4168 Operationem
2948 4101 3068 4157 fuse
3117 4102 3396 4165 describit,
3445 4118 3555 4171 qua
3612 4106 3679 4158 de

2089 4206 2208 4267 post
2248 4196 2447 4251 dicturi
2496 4210 2706 4251 sumus.
2749 4196 2937 4265 Capite
2978 4210 3109 4251 vero
3149 4198 3393 4266 sequenti
3436 4212 3594 4252 num.
3639 4198 3679 4254 ι

2086 4289 2347 4357 ostendit,
2375 4288 2513 4344 mala
2538 4289 2694 4345 nobis
2721 4288 3133 4359 suggerentibus
3148 4291 3513 4358 potestatibus
3542 4305 3678 4347 cou—

2090 4380 2294 4443 trariis,
2328 4379 2413 4434 vel
2446 4380 2513 4435 ad
2540 4390 2743 4435 rectum
2773 4378 3071 4436 inclinante
3094 4395 3194 4436 nos
3228 4380 3428 4436 virtute
3455 4383 3674 4446 divina.

405 4493 598 4548 nempe
622 4480 801 4549 operis
830 4480 968 4549 Περὶ
1003 4478 1209 4549 ἀρχῶν
1232 4520 1247 4547 ,
1292 4488 1343 4535 εγ
1372 4479 1469 4537 lib.
1499 4496 1559 4536 ιη
1592 4482 1983 4538 lucubrationis
2014 4483 2058 4540 ι)
2088 4472 2270 4540 vigere
2298 4470 2657 4526 nihilominus
2678 4470 2903 4525 liberam
2928 4470 3140 4526 arbitrii
3165 4479 3514 4540 potestatem.
3538 4474 3675 4542 Quae

404 4565 682 4635 ejusdem,
726 4569 778 4622 in
830 4569 935 4625 fine
982 4569 1238 4639 postremi
1284 4569 1510 4639 capitis,
1562 4570 1977 4639 Pelagianorum

404 4662 667 4715 amaSium
696 4660 983 4733 Origenem
1010 4662 1262 4731 appellat.
1296 4661 1435 4717 Hinc
1462 4662 1629 4716 etiam
1661 4661 1978 4716 Theodorus

402 4750 573 4815 Beza,
611 4742 1143 4823 capitalis'Origenis
1174 4754 1552 4819 adversarius,
1589 4754 1643 4807 in
1673 4752 1870 4808 Adnot.
1905 4753 1975 4807 ad

403 4839 630 4897 Roman.
666 4858 717 4910 l,
755 4844 808 4907 l,
863 4844 1133 4899 neminem
1178 4844 1255 4899 ait
1303 4844 1543 4916 Origene
1579 4846 1807 4916 gratiam
1856 4847 1973 4911 Dei,

402 4934 700 4989 secundum
725 4934 1023 5005 Pelagium,
1052 4939 1227 5009 magis
1260 4953 1383 4993 esse
1419 4939 1783 4993 adversatum.
1818 4938 1971 5007 Quod

402 5026 531 5082 totis
577 5027 804 5083 subinde
826 5030 1095 5098 capitibus
1143 5032 1504 5101 comprobare
1553 5046 1841 5103 aggressus
1890 5042 1975 5087 est

400 5115 682 5173 Cornelius
709 5117 995 5175 Jansenius
1011 5120 1270 5192 Yprensis
1312 5122 1616 5192 episcopus,
1650 5123 1971 5193 Origeniana

399 5207 563 5262 verba
593 5211 897 5265 acdecreta
930 5226 1052 5267 cum
1093 5211 1397 5282 Pelagianis
1432 5221 1488 5267 et
1523 5211 1971 5283 Semipelagianis

398 5313 657 5359 accurate
700 5302 1032 5375 conﬂigens,
1089 5314 1143 5360 et
1179 5315 1533 5375 utrorumque
1577 5305 1967 5363 connexionem

397 5394 542 5451 inter
567 5411 626 5452 se
654 5398 870 5466 copiose
897 5399 1296 5454 demonstrans.

464 5489 529 5543 II.
569 5491 746 5561 Atque
773 5491 887 5546 haec
919 5492 1232 5562 priusquam
1268 5490 1333 5545 ad
1363 5491 1622 5546 trutinam
1653 5505 1970 5547 revocemus

396 5591 659 5649 nostram,
690 5594 817 5638 ante
856 5584 1039 5638 omnia
1076 5583 1430 5652 repetendum
1458 5582 1549 5637 hic
1580 5592 1665 5639 est
1697 5584 1968 5654 quidpiam

396 5668 585 5725 hviter
625 5686 654 5725 a
686 5673 844 5729 nobis
880 5687 1046 5743 supra
1092 5672 1438 5742 perstrictum
1472 5690 1488 5727 :
1540 5682 1749 5729 mentes
1777 5688 1969 5744 nempe

396 5778 516 5818 cum
561 5778 591 5818 a
636 5763 746 5823 Deo
779 5774 1235 5835 procrearentur,
1265 5764 1437 5835 libero,
1465 5764 1637 5824 fuisse
1678 5765 1969 5824 instructas

2089 4562 2219 4616 alibi
2250 4563 2447 4632 repetit
2469 4577 2612 4634 saepe
2641 4574 2700 4618 et
2727 4563 2983 4620 inculcat.
3020 4563 3230 4632 Quibus
3260 4575 3444 4619 autem
3473 4570 3674 4633 probat

2087 4653 2219 4708 locis
2252 4654 2461 4708 animas
2496 4655 2549 4707 in
2581 4666 2958 4725 quemcunque
2986 4653 3300 4709 devenerint
3322 4664 3553 4719 statum,
3579 4670 3671 4709 ar-

2086 4745 2234 4800 bitrii
2269 4745 2353 4799 sui
2385 4745 2634 4801 libertate
2673 4747 2790 4811 uti,
2833 4757 3029 4815 praeter
3096 4746 3186 4802 illa
3222 4761 3339 4817 qum
3379 4748 3672 4805 attulimus

2086 4849 2267 4903 supra,
2296 4849 2419 4889 cum
2455 4834 2521 4891 de
2551 4824 2862 4905 angelorum
2898 4836 3145 4892 libertate
3172 4852 3491 4907 ageremus,
3517 4855 3667 4908 qua:-

2083 4941 2189 4994 que
2227 4926 2419 4980 iterum
2458 4927 2669 4982 consuli
2698 4928 2877 4993 velim,
2909 4940 2972 4981 ea
2998 4928 3267 4998 praecipue
3296 4939 3427 4984 sunt
3454 4947 3469 4984 :
3505 4931 3599 4985 lib.
3625 4946 3665 4986 ιι

2081 5019 2222 5088 Περὶ
2259 5017 2484 5089 ἀρχῶν,
2524 5033 2643 5090 cap.
2674 5020 2708 5074 5
2731 5061 2747 5087 ,
2782 5036 2933 5076 nunt.
2964 5018 3035 5076 ὃς
3066 5039 3085 5072 ι
3112 5020 3374 5077 Possibile
3400 5023 3551 5077 enim
3578 5025 3663 5077 vi-

2080 5113 2236 5167 detur
2263 5153 2278 5176 ,
2315 5123 2373 5168 ut
2414 5115 2759 5171 rationabiles
2788 5125 3027 5181 naturas,
3078 5130 3110 5170 a
3145 5114 3341 5184 quibus
3378 5131 3662 5187 nunquam

2080 5203 2327 5259 aufertur
2362 5204 2517 5261 liberi
2543 5205 2775 5261 facultas
2804 5206 3039 5270 arbitrii,
3072 5208 3283 5277 possint
3326 5207 3530 5262 iterum
3561 5212 3663 5264 ali.

2076 5295 2275 5364 quibus
2321 5296 2555 5352 motibus
2608 5298 2922 5367 subiacere,
2966 5298 3278 5371 indulgente
3319 5301 3428 5359 hoc
3480 5304 3660 5372 ipsum

2079 5388 2349 5456 Domino,
2396 5404 2465 5446 ne
2512 5389 2652 5445 forte
2700 5390 2743 5445 si
2793 5391 3124 5447 immobilem
3174 5409 3388 5465 semper
3436 5403 3661 5452 teneant

2077 5491 2303 5549 statum,
2333 5484 2583 5553 ignorent
2629 5498 2688 5540 se
2730 5482 2824 5538 Dei
2869 5485 3043 5555 gratia
3074 5496 3131 5541 et.
3175 5502 3278 5543 non
3326 5504 3423 5542 sua
3454 5491 3660 5547 virtute

2074 5574 2129 5630 in
2189 5575 2282 5632 illo
2322 5576 2432 5633 line
2476 5578 2829 5633 beatitudinis
2877 5581 3229 5648 constitisse;
3263 5601 3284 5634 ι
3334 5594 3390 5638 et
3437 5585 3537 5641 lib.
3572 5602 3656 5651 ιιι.

2075 5683 2194 5740 cap.
2220 5671 2241 5724 l
2270 5710 2285 5736 ,
2326 5686 2478 5726 num.
2498 5671 2597 5737 2f,
2639 5687 2758 5744 pag.
2794 5674 2939 5729 136:
2995 5694 3013 5726 ι
3044 5673 3125 5729 Ex
3176 5693 3285 5748 quo
3334 5678 3650 5750 Opinamur,

2076 5760 2327 5833 quoniam
2366 5764 2609 5836 quidem,
2630 5765 2771 5823 sicut
2799 5766 3114 5838 frequenter
3141 5771 3399 5839 diximus,
3430 5771 3656 5831 immor-
