3860 6230
257 276 366 335 ωε

1071 278 1651 336 ORIGENIANORUM
1694 276 1820 332 LIB.
1862 274 1928 341 ll,
1967 275 2119 334 CAP.
2160 277 2226 340 ll,
2266 276 2544 345 QUASST.
2584 275 2698 333 VII.

3419 275 3523 333 92?.

258 391 388 447 talis
407 397 489 446 est
509 390 688 445 anima
720 399 775 447 et
804 400 1027 459 aeterna,
1044 396 1189 464 quod
1223 396 1274 451 in
1309 395 1494 451 multis
1515 406 1570 450 et
1590 396 1709 450 sine
1737 394 1841 448 ﬁne
1870 397 1917 455 Α
1951 393 2144 462 pedem
2177 394 2412 459 confert,
2450 408 2628 464 neque
2654 394 2724 450 ab
2762 394 2829 449 iis
2858 408 2979 450 sese
3009 395 3076 450 de
3126 393 3278 452 liberi
3310 395 3519 450 arbitrii

260 485 454 553 spatiis
483 498 580 552 per
609 484 870 539 immensa
901 495 963 561 et
990 486 1204 543 diversa
1244 488 1437 544 saecula
1475 487 1729 557 possibile
1757 496 1842 542 est

261 584 324 629 ut
370 574 511 629 vela
556 590 777 631 summo
823 575 964 632 bono
1002 578 1066 631 ad
1117 579 1301 635 inﬁma
1348 581 1487 635 mala
1530 582 1839 648 descendat,

260 666 347 720 vel
392 667 462 722 ab
502 667 711 722 ultimis
745 667 904 723 malis
933 672 999 724 ad
1048 684 1258 726 summa
1301 673 1439 727 bona
1488 685 1834 743 repareturp

257 766 316 811 et
363 771 485 823 cap.
522 756 560 811 3
592 758 709 812 libri
752 758 1018 829 ejusdem,
1054 777 1205 818 num.
1231 763 1265 819 5
1294 781 1309 817 ε
1352 783 1371 816 r
1396 764 1577 822 Liberi
1608 780 1841 835 namque

257 847 472 903 arbitrii
513 863 729 918 semper
775 860 858 906 est
890 853 1102 918 anima,
1146 856 1312 909 etiam
1348 872 1469 913 cum
1512 858 1565 911 in
1609 872 1839 926 corpore

258 939 385 1005 hoc,
431 940 595 995 etiam
629 958 751 996 eum
783 953 937 998 extra
976 960 1173 1015 corpus
1223 957 1346 1014 est;
1397 956 1452 1003 et
1494 948 1713 1005 libertas
1752 966 1839 1004 ar-

255 1029 406 1085 bitrii
448 1031 536 1086 vel
582 1033 648 1087 ad
696 1034 832 1088 bona
872 1049 1109 1103 semper,
1147 1037 1230 1092 vel
1272 1040 1339 1092 ad
1386 1038 1525 1093 mala
1558 1051 1834 1107 movetur;

256 1138 361 1178 nec
404 1140 642 1194 unquam
691 1127 1032 1183 rationabilis
1084 1143 1296 1194 sensus,
1340 1130 1395 1185 id
1443 1139 1544 1198 est,
1576 1148 1729 1187 mens
1753 1135 1836 1188 vel

256 1216 461 1282 anima,
506 1218 625 1273 sine
670 1230 818 1273 motu
866 1221 1048 1290 aliquo
1096 1223 1179 1278 vel
1225 1224 1365 1278 bono
1405 1224 1486 1280 vel
1533 1225 1673 1281 malo
1713 1241 1836 1282 esse

253 1318 451 1378 potest.
484 1327 504 1361 ι
551 1309 783 1366 Homilia
836 1325 1096 1381 prmterea
1128 1316 1196 1370 15
1242 1315 1303 1381 in.
1341 1314 1543 1381 Num.,
1603 1333 1752 1373 num.
1803 1318 1835 1371 7

254 1401 596 1458 daemonibus
625 1405 950 1474 permissum
984 1405 1141 1462 liberi
1173 1409 1386 1463 arbitrii
1418 1411 1497 1465 sui
1529 1426 1687 1467 usum
1719 1428 1835 1467 ver-

252 1492 339 1551 bis
364 1498 643 1566 conceptis
675 1500 861 1566 tradit,
895 1514 1002 1569 quo
1037 1500 1081 1556 si
1132 1501 1429 1557 diminutus
1466 1513 1608 1558 esset
1637 1520 1666 1558 a
1702 1505 1829 1571 Deo,

252 1586 357 1642 hoc
377 1588 495 1656 ipso
526 1605 657 1645 vero
681 1590 797 1660 jam
826 1592 1141 1646 damnatum
1169 1593 1319 1648 illum
1352 1595 1501 1664 fore;
1536 1608 1592 1651 at
1621 1598 1672 1653 id
1700 1614 1833 1653 non-

252 1679 379 1733 dum
416 1681 709 1751 contigisse
737 1684 1111 1753 existimabat,
1143 1697 1203 1742 ut
1231 1689 1484 1744 vidimus.
1513 1690 1687 1760 Atque
1715 1692 1829 1746 haec

1942 497 2137 539 natura
2196 484 2492 541 dissentire
2538 486 2710 553 dicit;
2769 501 2947 556 neque
2998 487 3217 559 prolata
3279 489 3517 559 ipsorum

1941 578 2130 643 verba,
2163 580 2360 647 quibus
2399 580 2451 633 in
2482 579 2607 633 boni
2633 579 2827 635 malive
2857 580 3088 650 eligendi
3124 590 3391 651 potestate
3421 597 3518 649 po-

1941 669 2105 723 situm
2148 669 2280 723 illud
2317 684 2438 724 esse
2482 670 2885 733 demonstrant,
2920 669 3059 723 hanc
3085 669 3258 738 carpit
3284 669 3353 722 ob
3384 684 3516 723 cau-

1939 774 2077 823 Sam,
2108 759 2234 814 licet
2278 762 2349 816 ob
2377 762 2514 816 alias
2542 762 2893 817 vehementer
2921 762 3160 832 exagitet
3191 772 3246 816 et
3280 759 3514 816 refellat.

1940 849 2153 906 Passim
2184 867 2401 922 quoque
2437 853 2750 908 necessitati
2786 855 3091 907 libertatem
3122 855 3384 924 opponit:
3421 854 3515 907 sed

1939 945 2145 1014 absque
2178 945 2284 1000 ulla
2315 947 2667 1011 circuitione,
2698 948 2823 1016 quia
2858 947 2995 1001 bene
3026 947 3108 1001 vel
3154 948 3292 1000 male
3332 949 3517 1002 vivere

1938 1046 2118 1105 potest
2167 1038 2353 1102 homo,
2409 1038 2612 1094 idcirco
2663 1039 2746 1093 sui
2790 1039 2930 1108 juris
2960 1054 3102 1103 esse,
3151 1053 3214 1093 ac
3268 1038 3517 1092 libertate

1937 1127 2143 1196 pollere
2171 1129 2363 1183 statuit
2390 1129 2485 1185 lib.
2523 1146 2559 1185 ll
2589 1140 2773 1184 contra
2802 1127 3065 1183 Faustum
3102 1126 3361 1191 Maniclt.,
3382 1143 3506 1197 cap.

1936 1216 1971 1270 5
1999 1234 2013 1270 :
2055 1235 2074 1269 ι
2108 1216 2176 1270 Ει
2209 1233 2307 1273 nos
2343 1218 2564 1288 quidem
2599 1220 2700 1273 sub
2740 1218 2853 1272 lato
2884 1218 3161 1272 stellarum
3190 1217 3386 1271 nullius
3419 1218 3515 1271 ho-

1937 1310 2100 1367 minis
2129 1313 2368 1383 genesim
2402 1314 2676 1383 ponimus,
2710 1323 2785 1375 ut,
2817 1314 3047 1368 liberum
3083 1312 3369 1367 arbitrium
3419 1328 3515 1366 vo-

1934 1405 2181 1469 luntatis,
2214 1419 2324 1474 quo
2356 1404 2439 1459 vel
2475 1404 2611 1459 bene
2639 1405 2724 1460 vel
2753 1403 2891 1458 male
2927 1404 3151 1469 vivitur,
3185 1413 3403 1474 propter
3425 1402 3513 1471 jn-

1932 1510 2075 1553 stum
2121 1498 2384 1567 judicium
2440 1497 2535 1551 Dei
2580 1499 2647 1551 ab
2700 1498 2850 1553 omni
2904 1497 3247 1552 necessitatis
3296 1496 3510 1572 vinculo

1931 1590 2297 1645 vindicetnus.
2336 1609 2354 1641 ›
2386 1588 2497 1645 Nec
2543 1591 2728 1646 minus
2762 1592 2828 1646 ad
2875 1591 2926 1645 id
2978 1591 3109 1644 facit
3155 1591 3296 1659 quod
3348 1590 3511 1645 habet

1931 1696 2048 1753 cap.
2083 1680 2118 1735 2
2151 1682 2274 1737 libri
2308 1681 2386 1736 De
2407 1683 2582 1753 gratia
2620 1694 2669 1737 et
2698 1684 2859 1738 libero
2901 1684 3119 1738 arbitrio
3154 1684 3219 1737 ad
3270 1682 3508 1737 Valenti-

250 1769 589 1841 Origeniana:
625 1780 690 1829 de
730 1776 980 1834 libertate
1006 1778 1270 1836 doctrina!
1299 1784 1563 1854 principia
1598 1785 1713 1840 suis
1746 1784 1827 1839 la--
1861 1765 1902 1820 Β
1933 1790 2095 1839 “um:
2132 1775 2225 1829 ubi
2279 1784 2565 1845 POSlquam
2607 1777 2915 1831 δειΓιιθηάω
2972 1776 3207 1830 hominis
3248 1774 3505 1839 libella“.

248 1865 449 1919 borant
494 1866 661 1931 vitiis,
697 1882 815 1937 qua:
854 1884 952 1925 nos
981 1871 1375 1929 collocabimus
1408 1875 1462 1929 in
1508 1877 1822 1946 propatulo;

248 1957 344 2011 sed
397 1964 454 2012 et
502 1958 763 2027 impactas
805 1960 874 2015 ab
924 1962 1048 2018 aliis
1096 1980 1460 2035 proponemus
1494 1970 1826 2024 criminatio-

248 2061 366 2110 nes,
396 2055 471 2112 et,
505 2047 550 2101 si
596 2049 666 2101 ita
695 2065 783 2103 res
824 2048 979 2118 feret,
1026 2052 1317 2120 diluemus,
1349 2065 1408 2110 ut
1440 2072 1594 2127 tequo
1621 2060 1743 2126 jure
1772 2060 1823 2113 in

246 2139 499 2194 omnibus
540 2155 661 2195 cum
703 2140 1024 2198 Adamantio
1069 2159 1292 2215 agamus
1336 2158 1544 2213 nostro,
1592 2164 1659 2204 ne
1706 2151 1824 2221 plus

247 2231 334 2286 vel
384 2230 583 2297 favori,
660 2233 746 2288 vel
795 2234 1208 2302 malevolentiae,
1260 2254 1421 2308 quam
1473 2242 1680 2296 veritati
1723 2244 1822 2298 tri-

246 2322 413 2379 buere
450 2325 747 2379 videamur.
799 2326 906 2381 Sed
940 2326 1198 2383 lectorem
1229 2345 1544 2387 moneamus
1582 2334 1820 2400 interim,

244 2416 671 2487 quotiescunque
706 2419 772 2473 de
801 2416 1128 2489 Origeniana
1188 2419 1439 2477 libertate
1493 2429 1823 2481 memorabi-

247 2522 390 2572 mus,
430 2524 537 2563 non
571 2524 692 2564 eam
735 2510 999 2565 duntaxat
1039 2512 1238 2568 debere
1273 2514 1521 2588 intelligi,
1550 2534 1653 2587 qua
1686 2536 1819 2587 gau-

244 2598 375 2655 dent
403 2602 679 2668 bomines;
732 2603 827 2657 sed
869 2601 1017 2657 illam
1060 2604 1226 2659 etiam
1258 2620 1364 2676 qua
1408 2608 1582 2679 angeli
1628 2621 1681 2665 et
1713 2611 1819 2665 da:-

246 2708 433 2749 ntones
473 2693 728 2749 fruuntur
758 2712 773 2749 :
807 2710 930 2748 nam
978 2710 1078 2765 par
1118 2712 1239 2753 esse
1286 2701 1427 2769 apud
1478 2716 1667 2758 omnes
1702 2703 1820 2759 illos

243 2783 398 2838 liberi
429 2784 518 2852 jus
546 2794 601 2840 et
636 2800 789 2840 usum
827 2785 1038 2842 arbitrii
1077 2793 1392 2848 sexcenties
1422 2798 1778 2851 asseveravit.

314 2875 403 2934 Ill.
436 2877 723 2933 Cornelius
752 2878 1062 2952 Jansenius,
1108 2885 1160 2938 in
1196 2885 1337 2939 libro
1380 2886 1465 2940 cui
1497 2886 1684 2943 titulus
1710 2890 1819 2941 Au-

242 2972 507 3038 gustinus,
542 2982 829 3043 postquam
878 2976 1017 3031 libro
1056 2978 1295 3032 secundo
1338 2980 1468 3033 ιοιηί
1521 2982 1721 3049 prioris
1751 3000 1815 3037 ex

241 3060 441 3132 Pelagii
474 3061 1001 3135 Pelagianorumque
1024 3068 1205 3123 verbis
1230 3071 1308 3125 sic
1337 3070 1482 3139 ipsos
1509 3073 1816 3128 decrevisse

242 3154 426 3210 multis
456 3159 729 3225 probavit,
779 3158 992 3214 arbitrii
1038 3160 1261 3215 humani
1307 3160 1613 3217 libertatem
1658 3164 1816 3219 indif-

240 3244 437 3299 ferenti
472 3247 704 3316 quadam
756 3257 1024 3319 potestate
1055 3260 1344 3319 constare,
1386 3253 1715 3309 aseiseendte
1764 3265 1817 3311 et

238 3338 502 3410 eligendae
550 3341 629 3395 rei
677 3342 839 3397 unius
870 3343 938 3398 de
992 3344 1260 3415 pluribus,
1303 3362 1466 3416 quam
1500 3365 1606 3402 uno
1652 3350 1818 3404 verbo

236 3434 638 3502 possibilitatem
675 3436 1048 3505 appellarunt,
1099 3438 1239 3495 libro
1282 3440 1477 3495 deinde
1528 3451 1682 3497 sexto
1732 3457 1816 3497 se—

238 3524 447 3593 quenti,
482 3540 605 3595 cap.
642 3526 710 3581 l3
740 3536 793 3582 et
820 3526 907 3592 l5,
935 3527 1285 3599 Pelagianam
1316 3532 1562 3587 haeresim
1598 3534 1665 3588 ab
1699 3531 1817 3588 Orit-

239 3632 378 3686 gene
419 3618 822 3685 przeformatam
864 3618 1030 3677 fuisse
1082 3637 1145 3677 ac
1197 3622 1525 3677 delineatam
1579 3624 1810 3691 scribit;

238 3707 487 3776 hancque
514 3707 648 3763 adeo
692 3708 964 3765 libertatis
995 3710 1361 3767 deﬁnitionem
1393 3728 1458 3768 ex
1503 3711 1619 3781 ejus
1647 3714 1811 3768 fonti-

236 3797 340 3851 bus
370 3798 422 3850 in
458 3795 660 3866 Pelagii
702 3798 925 3855 lacunas
964 3800 1303 3869 proﬂuxisse,
1353 3810 1514 3870 atque
1560 3802 1683 3856 inde
1733 3811 1814 3857 te—

239 3898 351 3944 tam
382 3889 588 3964 Pelagii
620 3892 870 3948 ba-resim
913 3895 1170 3964 pendere.
1209 3893 1331 3949 Veri
1363 3896 1582 3966 quidem
1636 3895 1813 3950 simile

236 3979 365 4035 illud
395 3991 562 4048 esset,
600 3982 645 4037 si
679 3993 806 4038 ante
852 3982 1128 4053 Pelagium
1162 4000 1301 4039 unus
1331 3985 1489 4051 lmjus
1537 3986 1810 4055 opinionis

234 4072 568 4127 architectus
613 4073 807 4128 fuisset
856 4084 912 4129 et
961 4083 1326 4144 prepugnator
1370 4073 1673 4146 Origenes;
1722 4092 1811 4130 ve-

231 4179 354 4219 rum
388 4173 445 4217 ut
472 4162 678 4218 claram
712 4173 919 4219 natura;
968 4181 1156 4221 vocem
1206 4168 1637 4235 prietennittam,
1688 4182 1810 4237 qua:

232 4264 347 4309 tum
380 4269 478 4310 nos
510 4255 712 4310 liberos
741 4270 862 4311 esse
894 4258 1106 4322 suadet,
1132 4273 1255 4312 cum
1287 4258 1370 4313 vel
1399 4274 1563 4329 agere
1584 4258 1669 4313 vel
1701 4275 1806 4314 nou

233 4363 418 4419 agere,
446 4358 502 4403 et
526 4364 643 4419 quae
671 4351 872 4417 optima
912 4350 979 4405 de
1014 4350 1197 4405 multis
1229 4350 1411 4405 animo
1445 4351 1805 4417 decrevimus,

231 4439 481 4510 amplecti
536 4455 864 4510 possumus;
920 4450 978 4495 ut
1020 4441 1320 4510 priscorum
1366 4441 1805 4511 philosophorum
1842 4465 1885 4520 ο

233 4532 613 4586 auctoritatem
657 4532 945 4602 negligam,
979 4534 1071 4602 qui
1105 4534 1399 4601 diligenter
1435 4534 1708 4603 exquisita
1740 4534 1806 4589 li-

231 4625 457 4678 bertatis
489 4634 703 4691 natura,
760 4626 899 4679 hanc
946 4625 999 4678 in
1043 4639 1108 4680 eo
1162 4627 1302 4696 ipso,
1355 4628 1497 4696 quod
1549 4628 1803 4695 diximus,

229 4715 461 4782 positam
496 4714 875 4780 declararunt;
913 4713 1251 4787 Origeniana:
1281 4720 1562 4773 sententiae
1592 4730 1806 4789 poterat

229 4818 350 4857 esse
379 4808 651 4874 prmsidio,
687 4824 789 4860 non
818 4808 1067 4878 Gregorii
1111 4810 1283 4864 solum
1316 4810 1639 4865 Nazianzeni
1672 4826 1804 4866 con-

227 4910 445 4958 sensus,
480 4913 584 4952 non
616 4898 886 4954 Ambrosii
940 4911 990 4954 et
1050 4900 1259 4967 llilarii,
1316 4901 1652 4972 aliorumque
1704 4904 1803 4959 Pa-

230 4996 371 5043 trum
397 5006 633 5060 quorum
662 4995 969 5047 testimonia
999 4994 1333 5063 collegerunt
1354 4996 1479 5061 alii;
1507 5012 1611 5050 non
1630 4997 1803 5051 Arau—

227 5082 397 5137 sicani
448 5084 687 5149 concilii,
763 5099 867 5138 non
927 5083 1230 5139 Tridentini
1300 5101 1570 5154 canones;
1621 5093 1713 5143 sed
1758 5090 1802 5145 is

225 5175 415 5240 etiam,
445 5191 606 5245 quem
635 5191 799 5231 unum
830 5191 953 5233 esse
977 5177 1089 5231 vult
1120 5175 1412 5232 Jansenius
1438 5180 1803 5235 concertatio-

225 5268 312 5322 nis
353 5268 510 5337 hujus
564 5268 853 5337 arbitrum,
908 5270 1277 5341 Augustinus,
1328 5286 1600 5341 quemque
1653 5272 1796 5327 nulla

224 5361 498 5429 opinionis
533 5361 695 5430 hujus
731 5364 960 5434 vestigia
1010 5364 1299 5434 reliquisse
1348 5365 1567 5420 disertis
1618 5366 1800 5421 verbis

225 5453 423 5507 asserit
454 5463 585 5508 tom.
633 5452 720 5517 lll,
756 5455 847 5510 lib.
883 5469 955 5517 VI,
993 5471 1113 5525 cap.
1153 5457 1185 5511 8
1217 5466 1272 5511 et
1313 5456 1365 5512 9.
1396 5455 1530 5511 Nam
1563 5458 1803 5526 quoties-

230 5558 443 5613 cunque
494 5544 579 5600 vel
617 5543 897 5611 Pelagium
947 5555 1242 5618 oppugnat,
1284 5547 1367 5605 vel
1414 5563 1533 5604 cum
1589 5545 1801 5607 Juliano

297 5725 343 5758 "
371 5725 505 5798 Cap.
550 5741 638 5793 xv,
676 5728 741 5783 14
786 5743 907 5800 seq.

1931 1864 2203 1933 insignem
2236 1863 2381 1918 bune
2417 1863 2599 1918 attulit
2622 1864 2991 1919 Ecclesiastici
3020 1865 3195 1918 locum
3220 1864 3263 1895 ⁵⁷
3290 1882 3303 1919 :
3341 1882 3360 1915 ι
3391 1863 3507 1933 Ipse

1928 1957 1995 2011 ab
2027 1956 2182 2011 initio
2209 1955 2341 2011 fecit
2372 1956 2545 2023 illum,
2583 1967 2635 2011 et
2675 1957 2895 2026 reliquit
2926 1956 3073 2011 illum
3107 1958 3158 2010 in
3188 1971 3346 2011 manu
3378 1972 3508 2011 con-

1929 2047 2035 2104 silii
2075 2049 2180 2102 Sui.
2220 2048 2276 2102 Si
2322 2047 2580 2113 volueris,
2622 2047 2972 2103 conservabis
3018 2050 3295 2113 mandata,
3338 2056 3394 2104 et
3442 2049 3507 2102 ﬁ-

1927 2140 2046 2196 dem
2087 2140 2286 2195 bonam
2312 2140 2517 2211 placiti.
2553 2141 2801 2209 Apponet
2836 2142 2929 2197 tibi
2968 2142 3143 2211 ignem
3175 2150 3233 2196 et
3261 2156 3501 2210 aquam:

1924 2233 1990 2287 ad
2025 2233 2387 2302 quodcunque
2428 2235 2668 2289 volueris
2705 2236 2936 2289 extende
2982 2250 3200 2288 manum
3234 2244 3400 2290 tuam.
3444 2232 3501 2288 In

1926 2335 2217 2393 conspectu
2269 2327 2509 2382 hominis
2548 2327 2656 2383 vita
2711 2338 2766 2382 et
2817 2343 2997 2394 mors;
3040 2336 3098 2383 et
3144 2329 3504 2397 quodcunque

1924 2414 2207 2485 placuerit,
2265 2417 2484 2472 dabitur
2532 2417 2614 2482 ei,
2653 2436 2672 2470 ι
2726 2420 2984 2473 continuo
3033 2419 3147 2474 base
3190 2420 3499 2475 subnectit:

1928 2523 1947 2557 ι
1983 2506 2121 2562 Ecce
2155 2507 2497 2577 apertissime
2524 2509 2771 2565 videmus
2796 2523 3112 2579 expressum
3145 2508 3375 2565 liberum
3405 2509 3506 2563 bu-

1920 2611 2094 2651 mana:
2137 2598 2431 2653 voluntatis
2477 2600 2796 2655 arbitrium.
2834 2620 2855 2652 ›
2911 2599 3151 2669 Longam
3192 2600 3388 2656 deinde
3435 2601 3502 2654 ad

1923 2689 2064 2743 idem
2110 2690 2574 2758 comprobandum
2624 2691 2894 2760 depromit
2937 2707 2969 2746 e
3014 2690 3166 2746 Novo
3212 2706 3276 2746 ac
3322 2690 3501 2746 Veteri

1923 2781 2276 2836 Testamento
2328 2781 2762 2837 testimoniorum
2810 2781 3030 2847 seriem,
3078 2783 3131 2837 in
3179 2783 3374 2852 quibus
3406 2784 3502 2837 ho-

1922 2875 2051 2929 mini
2083 2875 2251 2929 edicit
2286 2875 2449 2939 Deus,
2480 2885 2540 2930 ιιι
2574 2876 2712 2932 nolit
2747 2876 2812 2950 ad
2856 2878 2983 2930 vitia
3017 2878 3296 2942 converti;
3338 2886 3501 2946 atque

1919 2982 1981 3021 ea
2014 2970 2229 3022 tlentutn
2277 2968 2364 3023 his
2409 2969 2588 3023 verbis
2632 2969 2863 3024 claudit:
2906 2986 2926 3020 ι
2978 2969 3183 3040 Nempe
3224 2970 3313 3025 ubi
3361 2971 3498 3025 dici-

1923 3068 2041 3124 tur,
2088 3058 2215 3112 Noli
2244 3060 2364 3124 Itoc,
2413 3067 2468 3113 ct
2495 3060 2603 3113 noli
2631 3060 2792 3127 illud,
2832 3069 2887 3117 et
2928 3061 3019 3115 ttbi
3050 3063 3117 3115 ad
3164 3061 3368 3130 aliquid
3414 3061 3498 3115 fa-

1923 3150 2199 3215 ciendum,
2228 3159 2283 3205 et
2318 3165 2423 3205 non
2455 3150 2763 3205 faciendum
2800 3153 2851 3206 in
2887 3152 3086 3206 divinis
3118 3152 3337 3208 monitis
3364 3168 3506 3221 opus

1924 3242 2224 3298 voluntatis
2250 3242 2506 3313 exigitur,
2540 3246 2673 3299 satis
2702 3242 2931 3299 liberum
2966 3244 3379 3301 demonstratur
3409 3259 3501 3299 ar-

1920 3335 2160 3390 bitrium.
2202 3352 2221 3387 ι

1990 3425 2171 3480 Mirari
2204 3441 2370 3493 porro
2398 3426 2548 3483 subit
2574 3426 2870 3497 quomodo,
2902 3426 3103 3482 oblitus
3126 3426 3493 3498 superiorum,

1920 3514 2209 3572 Jansenius
2258 3517 2503 3586 ejusdem
2558 3517 2807 3589 Origenis
2872 3518 3196 3573 auctoritate
3262 3519 3503 3587 probare

1917 3608 2254 3664 contenderit
2288 3621 2421 3664 tom.
2454 3608 2541 3675 Ill,
2576 3610 2667 3664 lib.
2702 3627 2776 3676 vt,
2808 3624 2930 3679 cap.
2976 3610 3062 3674 l2,
3098 3610 3485 3665 necessitatem

1915 3699 2152 3755 libertati
2182 3717 2285 3756 non
2320 3716 2643 3773 repugnare,
2673 3704 2766 3757 sed
2798 3702 2965 3757 solam
3004 3704 3348 3756 coactionetn
3373 3740 3386 3755 .
3412 3701 3501 3756 Eo

1919 3808 2111 3861 nempe
2134 3794 2304 3848 utitur
2326 3794 2443 3849 loco
2467 3811 2497 3848 c
2522 3796 2786 3864 prowmio
2813 3795 3075 3849 librorum
3101 3795 3243 3863 Περὶ
3267 3793 3497 3863 ἀρχῶν,

1915 3886 2161 3941 num.5:
2203 3903 2222 3937 ι
2272 3886 2367 3941 Est
2406 3896 2462 3942 et
2504 3886 2633 3942 illud
2683 3886 2965 3943 deﬁnitum
3024 3889 3076 3942 in
3119 3888 3492 3943 ecclesiastica

1912 3979 2323 4047 praedicatione,
2369 3995 2585 4035 omnem
2649 3980 2883 4033 animam
2940 3979 3317 4036 rationabilem
3369 3995 3499 4035 esse

1911 4071 2067 4127 liberi
2108 4074 2317 4128 arbitrii
2356 4084 2411 4129 et
2461 4072 2790 4130 voluntatis:
2822 4088 2941 4128 esse
2980 4088 3195 4144 quoque
3231 4075 3278 4128 ei
3314 4084 3499 4128 certa-

1912 4178 2034 4217 men
2077 4167 2338 4220 adversus
2391 4166 2688 4234 diabolum,
2740 4178 2792 4221 et
2830 4166 3051 4237 angelos
3096 4167 3233 4236 ejus,
3268 4178 3497 4227 contra-

1862 4286 1865 4289 -
1914 4254 2132 4325 riasque
2172 4256 2426 4324 virtutes,
2461 4272 2526 4311 ex
2559 4272 2625 4313 eo
2652 4261 2795 4327 quod
2830 4259 2902 4312 illi
2942 4258 3183 4328 peccatis
3209 4273 3328 4313 eam
3361 4273 3497 4311 one-

1911 4362 2037 4401 rare
2087 4349 2459 4403 contendant:
2518 4365 2618 4404 nos
2668 4364 2797 4405 vero
2845 4351 2891 4405 si
2940 4361 3085 4405 recte
3133 4349 3501 4419 consulteque

1911 4436 2174 4503 vivamus,
2207 4439 2274 4491 ab
2297 4437 2601 4505 hujusmodi
2633 4454 2799 4494 onere
2839 4456 2935 4495 nos
2971 4454 3169 4495 exuere
3206 4454 3495 4493 conentur.

1919 4524 2071 4581 Unde
2099 4536 2155 4580 et
2178 4542 2523 4598 consequens
2547 4540 2630 4585 est
2673 4530 2994 4601 intelligere,
3028 4545 3133 4586 non
3165 4544 3265 4585 nos
3300 4546 3499 4584 neces-

1916 4618 2062 4671 sitati
2091 4632 2212 4674 esse
2259 4621 2553 4691 subjectos,
2600 4631 2658 4675 ut
2695 4624 2843 4677 omni
2884 4624 3067 4688 modo,
3105 4621 3315 4677 etiamsi
3351 4621 3492 4675 noli-

1915 4728 2056 4779 tnus,
2100 4714 2185 4767 vel
2220 4715 2357 4768 mala
2392 4715 2473 4769 vel
2525 4719 2663 4771 bona
2718 4732 2876 4787 agere
2918 4732 3197 4786 cogamur.
3236 4715 3293 4769 Si
3343 4716 3499 4770 enim

1913 4806 2085 4861 nostri
2116 4808 2326 4862 arbitrii
2369 4822 2582 4875 sumus,
2628 4809 2946 4879 impugnare
2973 4825 3072 4865 nos
3102 4808 3334 4865 fortasse
3365 4825 3497 4880 pos-

1911 4910 2037 4955 sunt
2082 4901 2276 4971 aliqua:
2305 4902 2531 4957 virtutes
2578 4901 2644 4956 ad
2693 4914 2997 4973 peccatum,
3037 4914 3092 4958 et
3140 4904 3261 4958 aliae
3294 4903 3499 4971 juvare

1910 4994 1976 5047 ad
2030 4994 2301 5049 salutem.
2364 5010 2469 5049 non
2504 5004 2680 5051 tamen
2739 4998 3077 5067 necessitate
3102 4997 3348 5069 cogimur
3400 4998 3493 5054 vel

1908 5100 2069 5156 agere
2098 5097 2263 5150 recte,
2318 5086 2400 5141 vel
2452 5087 2631 5143 male:
2679 5089 2823 5158 quod
2854 5089 2972 5145 ﬁeri
3001 5091 3358 5155 arbitrantur,
3393 5091 3491 5161 qui.

1908 5178 2185 5234 stellarum
2226 5194 2447 5235 cursum
2481 5192 2537 5236 et
2570 5193 2771 5249 m0tus,
2820 5198 3040 5239 causam
3074 5185 3265 5240 dicunt
3294 5186 3488 5240 huma-

1908 5286 2102 5325 llOl'llllI
2151 5287 2272 5328 esse
2323 5284 2599 5341 ςθδιονυιιι
2648 5292 2754 5330 11011
2796 5277 2970 5332 solum
3020 5291 3207 5332 eorum
3239 5292 3358 5347 (ιυω
3386 5293 3486 5332 ex-

1907 5371 1988 5416 tra
2026 5365 2236 5419 arbitrii
2288 5367 2543 5421 accidunt
2590 5368 2899 5425 libertatem
2929 5412 2944 5437 ,
2991 5371 3085 5425 sed
3131 5385 3316 5425 eorum
3362 5385 3490 5438 quae

1910 5457 1962 5512 in
2003 5467 2182 5511 nostra
2224 5467 2355 5512 sunt
2398 5460 2575 5527 posita
2611 5470 2899 5531 potestate.
2936 5481 2955 5513 ι
2990 5463 3103 5519 liae
3137 5462 3487 5518 necessitatis

1911 5552 2153 5622 cogentis
2187 5567 2315 5610 voce
2348 5553 2641 5624 signiﬁcari
2675 5566 2827 5627 putat
2856 5553 3143 5613 Janscnius
3170 5555 3283 5611 vim
3310 5555 3483 5624 il-atne
