3860 6230
401 325 509 383 9‘23
1699 317 1762 374 P.
1806 317 2118 374 DANIELIS
2153 315 2386 374 HUETH

406 453 528 513 qua:
552 439 665 497 sola
698 440 1002 496 libertatem
1041 436 1319 508 infringat,
1355 451 1478 492 cum
1517 450 1634 495 eam
1683 446 1859 491 tamen
1890 436 1973 490 in-
2001 442 2046 499 Α
2074 396 2232 491 cuum
2270 437 2364 492 tit:
2397 434 2546 491 addit
2578 441 2633 491 et
2660 434 2805 490 aliud
2832 448 2863 491 ο
2889 433 2983 491 lib.
3006 448 3059 490 v1
3089 436 3145 490 in
3169 432 3335 505 Epist.
3374 434 3444 487 ad
3480 434 3651 488 Rosa.

401 532 668 589 tellexerit
724 531 1000 600 Origenes
1059 528 1477 593 necessitatem,
1535 542 1698 597 quam
1756 537 1971 582 tuentur

408 643 429 677 ί
465 624 553 693 qui
583 622 857 677 stellarum
908 636 1146 683 cursum,
1190 630 1245 675 et
1282 630 1479 686 motus,
1515 635 1731 674 causam
1781 620 1971 675 dicunt

405 718 765 772 humanorum
802 728 923 769 esse
944 723 1216 783 gestorum
1244 728 1257 764 2
1303 732 1321 765 ι
1356 728 1460 767 non
1486 723 1765 781 cOgentem
1790 722 1967 766 autem

402 810 800 871 necessitatem,
834 807 927 861 sed
953 806 1252 875 simplicem
1284 814 1340 860 et
1373 805 1727 860 voluntariam
1756 806 1969 861 actibus

402 898 655 952 humanis
717 896 1022 950 inferebant
1057 896 1352 964 astrologi;
1415 897 1791 949 necessitatem
1840 910 1970 965 ergo

401 990 702 1059 simplicem
738 1000 791 1042 et
826 988 1189 1042 voluntariam
1225 989 1326 1041 hoc
1362 986 1480 1041 loco
1508 985 1769 1056 Origenes
1803 987 1968 1040 liber-

405 1082 503 1134 tati
537 1081 809 1149 opposnit.
848 1080 967 1133 Pari
1004 1081 1357 1148 responsione
1393 1096 1582 1149 parem
1619 1078 1863 1145 Origenis
1895 1078 1979 1130 lo»

408 1187 531 1227 cum
567 1186 690 1226 cum
716 1169 1039 1241 praecedenti
1062 1170 1329 1239 objectum
1365 1170 1674 1225 sustinebis.
1704 1168 1780 1221 En
1818 1166 1967 1221 illum

400 1278 433 1318 e
472 1264 609 1317 libro
647 1278 698 1315 vt
731 1264 783 1315 in
821 1260 988 1328 Epist.
1034 1261 1102 1312 ad
1176 1260 1352 1327 Rom.,
1393 1276 1537 1313 num.
1576 1259 1646 1314 ὃς
1689 1278 1708 1311 ‹
1747 1258 1969 1313 Constat

402 1370 531 1425 ergo
560 1370 625 1408 ex
663 1355 747 1408 his
777 1353 974 1415 verbis,
1010 1353 1206 1419 quibus
1247 1351 1444 1406 Paulus
1482 1352 1611 1407 dicit
1650 1369 1663 1404 :
1702 1350 1837 1415 Quia
1881 1350 1968 1403 cui

401 1442 655 1497 exhibetis
702 1457 789 1495 vos
821 1458 996 1494 servos
1042 1441 1107 1493 ad
1147 1441 1512 1505 obedientium,
1548 1442 1679 1495 servi
1714 1442 1838 1493 estis
1883 1440 1969 1493 cui

403 1534 674 1597 obedistis,
710 1535 815 1587 sive
844 1536 1064 1602 peccati,
1108 1534 1211 1587 sive
1246 1533 1471 1602 justitite
1505 1534 1572 1600 ⁵⁸,
1619 1533 1743 1602 quia
1779 1542 1969 1601 sponte

402 1638 588 1681 nostra
633 1626 733 1695 ipsi
801 1642 900 1681 nos
943 1626 1300 1689 exhibemus,
1366 1626 1510 1680 nullo
1569 1635 1835 1696 cogente,
1883 1626 1967 1681 vel

400 1727 629 1788 peccato
675 1718 902 1783 servire,
955 1718 1036 1773 vel
1065 1717 1289 1786 justitiaa
1340 1733 1437 1787 per
1474 1719 1836 1773 obedientiam
1867 1733 1966 1773 no-

404 1818 575 1863 stram
603 1826 617 1861 :
658 1817 714 1862 et
746 1807 867 1863 ideo
893 1822 1106 1877 semper
1134 1810 1326 1863 horum
1353 1810 1665 1864 meminisse
1690 1809 1965 1876 debemus,

404 1913 473 1952 ne
503 1899 691 1953 inanes
724 1898 970 1968 querelas
1002 1899 1053 1952 in
1096 1900 1301 1968 peccati
1341 1902 1693 1954 excusatione
1722 1901 1967 1968 profera-

401 2005 561 2055 mus,
607 1992 749 2061 quod
802 1990 1047 2045 diabolus
1086 1991 1291 2070 fecerit
1337 2002 1394 2046 ut
1445 2008 1822 2059 peccaremus,
1877 2005 1970 2048 aut

402 2092 609 2137 naturae
638 2082 956 2150 necessitas,
998 2092 1092 2137 aut
1134 2084 1313 2138 fatalis
1354 2086 1612 2150 conditio,
1650 2096 1741 2140 aut
1778 2101 1969 2144 cursus

403 2185 672 2229 astrorum
708 2173 929 2229 eﬂiciat.
968 2192 989 2226 ν
1036 2172 1258 2230 Coactio
1293 2176 1478 2231 itidem
1514 2191 1576 2230 ea
1627 2176 1967 2247 intelligenda

404 2266 493 2321 hic
538 2276 640 2330 est,
668 2281 828 2335 quam
863 2265 1040 2320 fatalis
1088 2265 1353 2331 conditio,
1389 2277 1729 2323 astrorumve
1776 2284 1968 2324 cursus

403 2355 605 2419 edicit;
646 2371 764 2425 quae
792 2356 925 2410 nihil
957 2371 1087 2411 sane
1125 2357 1269 2411 aliud
1313 2366 1417 2421 est,
1464 2373 1623 2427 quam
1674 2361 1969 2415 necessitas

403 2446 657 2515 simplex,
694 2457 748 2501 et
776 2448 1056 2503 voluntate
1098 2449 1411 2517 conjuncta.
1458 2450 1608 2505 Hanc
1660 2452 1970 2520 responsio-

401 2553 524 2592 nem
560 2552 590 2591 a
629 2538 885 2609 Dionysio
916 2538 1137 2593 Petavio
1167 2540 1268 2595 lib.
1301 2556 1361 2595 ιιι
1392 2540 1469 2595 De
1501 2542 1675 2611 opiﬁc.
1705 2558 1796 2597 sea:
1831 2545 1965 2599 dier.

404 2629 665 2684 adversus
694 2628 932 2685 Jansenii
963 2632 1258 2701 petitiones
1285 2634 1582 2701 oppositam
1622 2648 1687 2687 eo
1716 2634 1970 2689 libentius

403 2733 751 2788 usurpamus,
790 2722 932 2791 quod
978 2737 1313 2792 quaecunque
1358 2722 1473 2778 fere
1513 2724 1581 2778 de
1622 2723 1794 2779 libero
1820 2724 1969 2779 arbi-

406 2810 515 2865 trio
563 2813 793 2880 sparsim
847 2814 1070 2868 tradidit
1111 2814 1407 2885 Origenes,
1450 2828 1514 2868 ea
1559 2814 1669 2870 fere
1713 2816 1971 2871 adversus

404 2902 844 2971 Valentinianos,
900 2904 1281 2974 Marcionitas,
1351 2905 1592 2975 aliosque
1655 2907 1967 2975 hereticos,

402 2994 596 3060 fatum,
634 3006 925 3067 aptamque
956 3011 1022 3051 ex
1055 2998 1327 3053 sideribus
1363 2999 1745 3053 necessitatem
1773 3014 1970 3069 propu-

2075 526 2281 593 Quibus
2307 537 2609 582 attexemus
2635 536 2690 582 et
2737 525 2865 581 illud
2909 541 2940 581 e
2984 525 3081 580 lib.
3133 540 3188 581 ιιι
3237 525 3376 594 Περὶ
3407 525 3646 594 ἀρχῶν,

2075 633 2194 687 cap.
2233 620 2288 683 3,
2328 635 2475 673 num.
2509 619 2582 674 ιε
2618 635 2641 672 ι
2682 618 2816 673 Boni
2855 631 2985 672 vero
3014 618 3238 688 spiritus
3281 618 3489 686 recepit
3517 619 3649 687 quis

2086 709 2381 779 energiam,
2405 709 2458 763 id
2511 717 2595 764 est
2630 708 3077 778 in0perationem,
3125 723 3246 763 cum
3303 718 3560 762 movetur
3587 718 3647 760 et

2069 812 2390 869 provocatur
2417 804 2481 855 ad
2518 803 2677 866 bona,
2725 812 2778 858 et
2822 802 3112 870 inspiratur
3167 801 3232 855 ad
3269 800 3517 858 cmlestia
3556 802 3647 853 vel

2069 894 2245 947 divina
2277 912 2290 949 :
2323 895 2465 949 sicut
2494 896 2663 949 sancti
2699 894 2871 963 angeli
2905 904 2957 949 et
2993 896 3106 963 ipse
3140 894 3280 949 Deus
3322 894 3646 963 imperatus

2068 995 2149 1039 est
2199 984 2250 1039 in
2298 984 2591 1055 prophetis,
2634 986 3061 1056 suggestionibus
3088 986 3287 1040 sanctis
3320 987 3388 1039 ad
3412 986 3640 1041 meliora

2069 1090 2371 1145 provocans
2398 1086 2451 1132 et
2480 1077 2805 1141 cohortaris;
2841 1078 2913 1131 ita
2944 1092 3074 1132 sane
3102 1088 3159 1131 ut
3190 1087 3436 1132 maneret
3467 1080 3522 1131 in
3553 1093 3646 1131 ar-

2069 1168 2233 1222 bitrio
2273 1167 2511 1223 hominis
2552 1184 2616 1223 ac
2638 1168 2866 1235 judicio,
2914 1171 2959 1224 si
2999 1170 3155 1241 sequi
3200 1170 3329 1225 velit
3363 1179 3461 1223 aut
3505 1170 3644 1225 nolit

2068 1260 2135 1314 ad
2170 1259 2412 1314 cwlesda
2443 1270 2497 1314 et
2526 1259 2708 1314 divina
2743 1270 3151 1330 provocantem.
3189 1280 3208 1313 ι
3244 1260 3349 1315 Sed
3387 1262 3522 1330 quid
3558 1263 3643 1317 his

2072 1350 2391 1420 colligendis
2432 1353 2807 1419 immoramdr,
2842 1368 2962 1407 cum
2997 1353 3149 1422 plura
3195 1353 3355 1407 etiam
3400 1368 3643 1424 conges-

2067 1444 2201 1497 serit
2236 1443 2523 1499 Jansenius
2559 1455 2692 1499 tom.
2725 1443 2777 1511 l,
2806 1444 2899 1498 lib.
2940 1460 3016 1509 vi,
3053 1460 3175 1515 cap.
3214 1445 3300 1508 15,
3344 1454 3405 1499 ιιι
3448 1454 3644 1499 osten-

2068 1535 2221 1589 deret
2258 1534 2310 1588 in
2357 1532 2719 1589 inditferentia
2750 1535 2816 1589 ad
2865 1537 3065 1590 bonum
3109 1544 3164 1591 et
3218 1536 3444 1603 malum,
3500 1538 3640 1593 citra

2069 1626 2230 1680 ullam
2260 1627 2670 1690 necessitatem,
2706 1625 2862 1681 liberi
2893 1627 3103 1681 arbitrii
3130 1636 3378 1682 naturam
3414 1628 3487 1683 ab
3516 1627 3641 1685 Ori-

2069 1731 2205 1788 gene
2234 1716 2400 1772 fuisse
2418 1716 2746 1773 collocatam
2768 1718 2792 1771 ?
2820 1736 2838 1768 ι
2865 1716 3216 1786 Gravissime,
3242 1720 3438 1789 inquit,
3467 1719 3645 1775 fuisse

2072 1811 2431 1879 reprehensos
2470 1810 2538 1863 ab
2570 1808 2874 1880 Augustino
2925 1808 3238 1881 Pelagianos
3291 1820 3525 1881 propter
3574 1812 3641 1865 il-

2069 1900 2173 1955 lam
2229 1900 2639 1956 inamissibilem
2697 1911 2751 1956 et
2796 1902 2949 1971 quasi
2996 1902 3335 1958 essentialem
3386 1904 3441 1957 in
3483 1903 3642 1958 omni

2071 2002 2211 2049 statu
2265 1993 2418 2048 liberi
2478 1995 2691 2048 arbitrii
2750 1994 3167 2063 indiﬂ‘erentiam
3215 1995 3279 2049 ad
3328 1995 3535 2051 bonum
3586 2004 3644 2050 et

2071 2086 2293 2151 malum,
2343 2086 2731 2156 exclusamque
2767 2086 2990 2142 alterius
3029 2087 3200 2156 partis
3230 2086 3640 2149 necessitatem,

2069 2192 2134 2233 ex
2170 2180 2235 2233 iis
2262 2193 2384 2247 qua:
2418 2178 2560 2233 libro
2596 2176 2835 2233 secundo
2875 2177 3112 2232 dicimus
3143 2176 3363 2246 intelligi
3410 2184 3640 2245 potest:

2069 2271 2182 2324 haec
2239 2280 2324 2325 est
2372 2269 2518 2325 enim
2565 2270 2729 2324 todus
2780 2267 3090 2336 Pelagiana
3148 2276 3436 2323 structuras
3486 2267 3643 2323 basis

2069 2376 2207 2430 pene
2249 2362 2542 2431 praecipua.
2583 2360 2685 2415 Sed
2733 2359 2877 2414 illam
2927 2358 3187 2429 Origenes
3233 2358 3481 2413 omnibus
3537 2374 3643 2411 nu-

2070 2452 2236 2506 meris
2264 2451 2565 2507 absolutam
2596 2449 2836 2506 tradidit.
2868 2449 3053 2518 Usque
3083 2450 3216 2504 adeo
3239 2464 3471 2519 namque
3510 2450 3639 2518 phi-

2072 2543 2362 2614 losophica:
2410 2544 2565 2600 istius
2594 2543 2863 2598 libertatis
2902 2542 3205 2595 admirator
3231 2552 3286 2595 et
3323 2541 3642 2595 indifferen-

2072 2636 2162 2690 tia:
2206 2636 2273 2690 ad
2319 2635 2521 2690 bonum
2568 2643 2623 2689 et
2681 2632 2881 2688 malum
2930 2642 3193 2701 patronus
3248 2632 3384 2699 fuit,
3439 2641 3499 2686 ut
3548 2631 3639 2687 illa

2070 2724 2286 2780 sublata
2336 2723 2512 2779 brutis
2556 2731 2648 2776 aut
2692 2720 2960 2792 lapidibus
3007 2720 3280 2777 hominem
3331 2735 3639 2777 accenseo-

2069 2815 2196 2870 dum
2242 2828 2365 2871 esse
2408 2815 2745 2870 decerneret.
2788 2830 2808 2865 ι
2840 2811 2979 2867 Idem
3009 2827 3227 2884 quoque
3269 2811 3487 2883 Origeni
3545 2828 3643 2867 su-

2072 2905 2253 2974 perius
2297 2904 2722 2975 exprobraverat
2756 2910 2887 2957 tom.
2929 2902 2972 2968 l,
3005 2901 3101 2957 lib.
3135 2917 3197 2965 ιι.
3245 2917 3364 2971 cap.
3408 2901 3446 2955 4
3475 2910 3530 2956 et
3584 2902 3639 2956 5.

2073 2995 2227 3061 Quod
2274 2995 2319 3049 si
2366 2995 2531 3066 igitur
2559 2993 2626 3049 ab
2666 3007 2731 3049 eo
2776 2992 3019 3063 profecta
3051 3000 3135 3048 est
3176 2991 3291 3047 haec
3341 2990 3528 3059 opinio
3576 2990 3645 3045 de

409 3094 639 3154 gnantes
682 3087 1044 3155 proposuerit.
1102 3087 1159 3142 In
1206 3102 1360 3143 suam
1399 3103 1615 3157 quoque
1649 3090 1967 3143 sententiam
1995 3106 2039 3166 α
2075 3097 2267 3141 natura
2299 3085 2567 3140 libertatis
2595 3083 2769 3153 posita
2817 3083 2872 3137 in
2928 3080 3286 3136 indifferentia
3316 3081 3381 3135 ad
3433 3080 3640 3135 bonum

406 3176 626 3231 trahere
660 3186 867 3245 poterat
908 3176 1195 3232 Jansenius
1239 3180 1367 3231 nlud
1400 3177 1647 3249 Origenis
1679 3194 1711 3234 e
1750 3178 1843 3234 lib.
1874 3195 1890 3234 ι
1916 3180 1971 3234 in

405 3266 579 3336 Epist.
621 3269 689 3322 ad
727 3266 875 3322 Rom.
923 3284 1071 3322 num.
1121 3268 1223 3336 i8,
1256 3269 1344 3323 ubi
1391 3270 1560 3338 posita
1606 3270 1785 3325 anima
1817 3272 1969 3342 quasi

403 3357 458 3412 in
506 3358 650 3412 bivio
690 3374 907 3413 carnem
964 3358 1107 3413 inter
1152 3370 1206 3414 et
1244 3360 1494 3429 spiritum
1521 3399 1537 3425 ,
1589 3371 1642 3415 et
1693 3362 1972 3431 utriusque

403 3447 505 3501 viae
544 3447 782 3503 fautores
810 3448 1050 3517 angelos,
1084 3449 1201 3504 ait:
1256 3469 1275 3502 ι
1319 3449 1435 3504 Non
1464 3450 1609 3505 enim
1646 3452 1696 3505 vi
1742 3466 1829 3506 res
1857 3452 1970 3518 agi-

404 3546 524 3603 tur,
570 3553 741 3606 neque
789 3540 1111 3594 necessitate
1161 3540 1213 3593 in
1255 3539 1479 3594 alteram
1526 3550 1732 3610 partem
1789 3541 1968 3595 anima

404 3628 739 3683 declinatur:
784 3650 804 3683 ι
840 3633 933 3685 sed
967 3632 1191 3701 pulchre
1226 3631 1560 3702 intelligebat
1592 3631 1877 3688 Jansenius
1901 3649 1970 3689 ex

406 3721 761 3789 sequentibus
797 3722 1209 3790 explicationem
1247 3736 1398 3776 suam
1446 3720 1826 3777 labefactatum
1877 3724 1964 3777 iri.

403 3811 555 3867 Talia
592 3814 706 3867 haec
746 3823 906 3867 sunt:
946 3830 966 3864 ‹
1006 3811 1259 3880 Alioquin
1287 3826 1388 3865 nec
1426 3811 1580 3869 culoa
1625 3812 1696 3876 ei,
1728 3827 1827 3867 nec
1858 3815 1966 3867 vir-

403 3908 489 3954 tns
516 3913 698 3969 posset
726 3901 924 3956 ascribi
952 3918 965 3967 ;
1013 3916 1112 3956 nec
1151 3902 1276 3956 boni
1304 3902 1504 3956 electio
1536 3904 1835 3972 praemium,
1869 3918 1970 3959 nec

403 3989 694 4043 declinatio
725 3992 851 4043 mali
888 3990 1208 4059 supplicium
1252 4001 1596 4047 mereretur:
1644 3993 1735 4047 sed
1782 4006 1967 4047 serva-

405 4088 496 4133 tur
530 4081 576 4134 ei
609 4080 661 4133 in
696 4083 949 4136 onmihus
977 4081 1199 4138 libertas
1229 4086 1310 4139 sui
1344 4084 1579 4147 arbitrii,
1611 4093 1670 4137 ut
1714 4084 1766 4137 in
1800 4084 1969 4151 quod.

402 4187 619 4240 cunque
646 4172 876 4227 voluerit
908 4174 1019 4241 ipsa
1043 4174 1296 4239 declinet,
1326 4175 1747 4243 sicutscriptum
1778 4174 1924 4228 est"
1950 4192 1963 4228 :

401 4262 541 4316 Ecce
570 4264 722 4331 posui
755 4272 880 4316 ante
916 4262 1109 4317 faciem
1160 4274 1305 4318 tuam
1334 4266 1500 4319 vitam
1538 4276 1593 4320 et
1623 4274 1884 4331 mortem,
1915 4274 1969 4320 et

401 4353 579 4423 ignem
637 4364 692 4407 et
746 4369 985 4424 aquam:
1039 4374 1058 4407 ι
1109 4371 1231 4410 nam
1288 4357 1333 4411 si
1399 4356 1713 4412 alterutram
1767 4358 1968 4427 eligere

2070 3178 2154 3233 vel
2183 3177 2403 3243 malum,
2430 3174 2649 3230 exclusa
2681 3174 2902 3229 alterius
2929 3172 3101 3243 partis
3127 3174 3470 3237 necessitate,
3501 3186 3643 3240 quo-

2071 3271 2230 3325 modo
2255 3269 2395 3325 idem
2446 3267 2537 3322 ille
2567 3267 2828 3336 Origenes
2872 3266 3241 3322 necessitatem
3272 3262 3642 3320 voluntariam

2068 3369 2120 3416 et
2154 3359 2449 3427 simplicem
2482 3373 2604 3413 cum
2632 3358 2877 3412 libertate
2912 3356 3234 3427 conjungere
3262 3354 3480 3426 potuit?

2140 3449 2231 3505 IV.
2262 3447 2460 3504 Verum
2494 3458 2548 3503 ut
2598 3449 2651 3503 in
2693 3447 2996 3503 definienda
3041 3447 3255 3502 arbitrii
3307 3446 3531 3502 humani
3572 3445 3640 3501 li-

2073 3541 2285 3595 bertate
2319 3548 2527 3593 rectum
2561 3538 2666 3591 iter
2700 3536 2873 3591 tenuit
2903 3536 3183 3605 Origenes,
3215 3550 3320 3590 non
3352 3535 3543 3589 itidem
3581 3535 3637 3589 in

2071 3631 2450 3699 distinguenda
2485 3638 2693 3685 naturae
2724 3629 2971 3697 integrae,
2999 3642 3063 3683 ac
3108 3635 3315 3681 natura:
3360 3626 3523 3695 lapsa
3572 3625 3643 3679 lio

2070 3726 2281 3782 bertate
2322 3725 2456 3780 satis
2485 3723 2729 3779 adhibuit
2761 3720 3028 3776 examinis
3067 3728 3121 3774 et
3165 3718 3437 3774 cautionis
3466 3734 3482 3782 ;
3516 3717 3640 3772 nul-

2070 3814 2163 3870 libi
2195 3815 2393 3885 quippe
2424 3816 2714 3870 discrimen
2748 3813 2913 3867 ullum
2958 3812 3099 3866 inter
3142 3819 3428 3879 utramque
3474 3809 3641 3864 liber-

2071 3915 2233 3961 tatem
2273 3907 2341 3960 ab
2375 3921 2440 3961 eo
2475 3906 2779 3961 adhibitum
2834 3902 3095 3973 reperias,
3136 3911 3189 3955 et
3238 3914 3380 3969 saepe
3424 3910 3642 3955 natura

2068 3996 2308 4061 cuilibet,
2339 4011 2458 4066 quae
2508 3996 2735 4050 rationis
2765 4007 2985 4062 compos
3006 3992 3096 4057 sit,
3131 4004 3509 4060 quemcunque
3535 3991 3639 4045 de-

2068 4098 2216 4137 mum
2256 4084 2501 4137 ordinem
2548 4085 2743 4156 adepta
2791 4084 2896 4147 sit,
2938 4080 3195 4150 aequalem
3248 4078 3436 4133 tribuit
3477 4079 3643 4135 liberi

2069 4174 2280 4228 arbitrii
2310 4173 2639 4239 facultatem,
2682 4184 2736 4229 et
2765 4188 2944 4239 usum,
2993 4180 3048 4224 ut
3077 4185 3238 4239 supra
3281 4171 3487 4226 dictum
3526 4181 3639 4227 est.

2067 4267 2245 4335 Atque
2280 4264 2328 4320 is
2364 4281 2502 4320 unus
2534 4264 2636 4319 fuit
2679 4279 2735 4323 e_
2761 4263 3046 4335 praecipuis
3088 4260 3502 4332 Pelagianorum
3548 4278 3644 4317 er-

2068 4357 2305 4421 roribus,
2353 4357 2575 4427 paribus
2618 4356 2777 4412 liberi
2827 4357 3037 4412 arbitrii
3078 4353 3288 4411 viribus
3337 4354 3642 4417 pollentem

398 4452 576 4512 potest
612 4454 818 4511 partem
850 4445 1029 4499 anima
1050 4484 1065 4510 ,
1105 4447 1278 4499 neutri
1310 4456 1460 4503 certe
1498 4447 1605 4501 ulla
1643 4449 1966 4503 necessitate
1996 4455 2041 4511 1)
2068 4449 2290 4503 tinxisse
2318 4448 2594 4503 hominem
2642 4447 2805 4502 hodie
2837 4458 3173 4514 nascentem,
3206 4448 3433 4518 parique
3469 4445 3643 4518 justi-

398 4535 687 4589 addicitur.
736 4534 1121 4605 Responsionis
1164 4551 1273 4591 suae
1313 4538 1711 4605 confirmandae,
1743 4548 1801 4595 et
1844 4541 1965 4595 Ori-

399 4626 644 4695 geniana:
673 4628 957 4681 sententia:
998 4629 1241 4697 apertius
1266 4630 1429 4683 etiam
1466 4629 1798 4686 declaranda:
1836 4646 1961 4701 gra-

397 4719 491 4781 tia,
527 4717 733 4785 aliquot
760 4719 904 4771 addit
940 4716 1192 4773 Petavius
1221 4717 1338 4785 eius
1377 4720 1681 4774 testimonia
1715 4736 1783 4775 ex
1810 4720 1958 4775 hom.

393 4809 465 4865 20
498 4812 551 4863 in
578 4808 765 4874 Num.,
799 4810 994 4879 quibus
1022 4818 1247 4865 vocante
1280 4810 1404 4865 licet
1445 4819 1501 4866 et
1537 4811 1842 4881 pelliciente
1874 4813 1959 4867 in-

400 4904 597 4957 teriore
627 4905 799 4972 gratia
851 4903 1051 4957 nullam
1087 4902 1242 4958 nobis
1290 4904 1493 4971 imponi
1545 4906 1957 4970 necessitatem,

395 4995 489 5050 sed
542 4996 593 5049 in
651 4998 928 5051 contraria
977 4995 1111 5048 ferri
1162 4994 1500 5050 voluntatem
1555 5010 1717 5065 posse
1759 4995 1964 5065 perspi-

460 5112 508 5145 ³⁸
544 5112 695 5167 Rom.
735 5112 919 5175 vt,16.
995 5111 1040 5143 ”
1072 5110 1235 5166 Eccli.
1263 5126 1351 5177 xv,
1383 5111 1465 5174 17,
1493 5112 1579 5167 18.

467 5228 578 5298 (40)
630 5230 871 5280 Attamen
919 5229 964 5281 si
1017 5229 1307 5297 perfricare
1362 5228 1575 5282 velimus
1620 5227 1865 5298 frontem,
1918 5236 1967 5281 et

400 5297 675 5367 Origenem
719 5301 897 5366 quovis
933 5301 1162 5362 periculo
1193 5299 1469 5367 defendere
1493 5336 1507 5361 ,
1548 5297 1682 5350 hanc
1720 5299 1968 5351 adhibere

397 5371 679 5436 poterimus
739 5369 1119 5434 exceptionem,
1161 5379 1267 5422 etc.
1319 5367 1437 5421 Non
1471 5383 1812 5436 magnopere
1864 5368 1968 5421 sibi

400 5434 741 5505 perfricanda
782 5435 932 5490 frons
960 5450 1036 5489 est
1067 5455 1080 5491 :
1127 5438 1240 5507 ipse
1271 5437 1410 5489 enim
1452 5434 1718 5507 Origenes
1748 5452 1971 5503 expres-

399 5508 476 5560 sis
521 5508 700 5561 verbis
746 5507 1113 5575 exceptiOnem
1152 5506 1311 5561 hanc
1354 5508 1577 5559 adhibet
1630 5506 1725 5560 ιιι».
1778 5523 1869 5571 ιιι,
1916 5507 1969 5559 in

403 5576 573 5643 Epist.
607 5579 675 5630 ad
715 5575 890 5638 Rom.,
919 5593 1040 5645 cap.
1076 5577 1131 5643 ὃ,
1157 5579 1223 5631 ad
1261 5579 1373 5630 haec
1406 5580 1566 5629 verba
1593 5591 1607 5630 :
1660 5577 1848 5631 Omnes
1881 5576 1971 5629 de-

401 5648 759 5717 clinaverunt,
797 5647 954 5700 simul
993 5647 1203 5701 inutiles
1245 5647 1372 5717 facti
1421 5655 1539 5701 sunt
1611 5645 1800 5717 (Psal.
1847 5662 1965 5711 xm,

399 5713 480 5783 ὃ).
536 5734 555 5768 ι
603 5716 730 5772 Mihi
780 5717 1009 5784 videtur,
1055 5713 1261 5784 inquit,
1314 5718 1452 5785 quod
1494 5713 1843 5773 non'dicitur
1876 5717 1969 5773 dc-

2067 4540 2165 4606 tia,
2202 4539 2487 4609 sapientia,
2519 4538 2749 4609 aliisque
2786 4538 3108 4595 instructum
3157 4541 3405 4604 dotibus,
3455 4542 3640 4610 qualis

2064 4644 2095 4682 a
2135 4630 2242 4684 Deo
2265 4630 2512 4686 conditus
2549 4629 2648 4684 fuit
2681 4628 2942 4689 Adamus.
2993 4628 3102 4701 (40)
3141 4630 3387 4685 Attamen
3430 4632 3475 4687 si
3512 4646 3638 4699 per-

2064 4718 2261 4774 fricare
2319 4720 2544 4774 velimus
2586 4717 2850 4782 frontem,
2916 4728 2971 4773 et
3015 4718 3305 4788 Origenem
3388 4720 3637 4789 periculo

2063 4811 2255 4881 quovis
2285 4809 2594 4875 defendere,
2658 4811 2793 4865 hanc
2849 4808 3104 4863 adhibere
3168 4809 3466 4879 poterimus
3535 4827 3633 4867 ex-

2066 4901 2399 4970 ceptionem;
2445 4900 2689 4968 quamvis
2729 4896 3153 4952 humanae-vires
3208 4896 3483 4954 libertatis
3536 4915 3638 4971 per

2068 4992 2257 5047 Adami
2288 4990 2494 5059 lapsum
2546 4988 2793 5044 infractae
2841 5003 2907 5044 ac
2947 4988 3246 5045 debilitata:
3286 4989 3418 5055 sint,
3471 5002 3637 5045 natu-

2073 5225 2329 5289 clinasse,
2365 5222 2464 5277 nisi
2512 5221 2558 5275 is
2589 5220 2678 5288 qui
2709 5220 2999 5289 aliquando
3046 5221 3098 5276 in
3137 5223 3219 5275 via
3266 5230 3411 5275 recta
3457 5224 3636 5275 stetit'

2075 5295 2229 5350 Unde
2294 5302 2515 5363 apparet
2566 5292 2793 5363 primum
2851 5291 2976 5345 illud
3020 5300 3232 5363 natura:
3294 5291 3636 5346 rationabilis

2072 5380 2229 5433 opus,
2260 5360 2399 5431 quod
2435 5379 2461 5415 a
2499 5360 2845 5433 Deo‘factum
2873 5371 2977 5423 est,
3012 5360 3177 5415 fuisse
3197 5371 3449 5433 rectum,
3492 5373 3559 5433 et
3582 5365 3632 5433 iu

2074 5430 2157 5487 via
2190 5430 2332 5487 recta
2370 5432 2641 5487 Creatoris
2671 5431 2840 5498 ipsius
2872 5446 3095 5485 munere
3130 5430 3478 5485 collocatum.
3528 5431 3634 5485 Sed

2073 5504 2201 5572 quia
2229 5503 2297 5555 ab
2326 5504 2425 5557 hac
2459 5504 2524 5556 ad
2568 5502 2749 5555 laevam
2785 5502 2987 5568 peccati
3025 5500 3127 5554 iter
3153 5501 3403 5572 detorsit,
3435 5502 3635 5553 merito

2075 5570 2216 5628 nunc
2249 5574 2447 5626 dicitur
2476 5572 2808 5627 declinasse:
2844 5573 2987 5624 sicut
3022 5570 3269 5639 exemplo
3307 5580 3388 5622 est
3423 5571 3634 5637 primus

2076 5643 2234 5696 homo
2274 5643 2460 5706 Adam,
2493 5643 2581 5707 qui
2612 5643 2677 5693 de
2704 5640 2939 5708 paradisi
2968 5641 3050 5693 via
3091 5650 3231 5694 recta
3268 5642 3406 5694 male
3436 5655 3634 5693 snasus

2076 5711 2261 5769 fraude
2300 5714 2566 5781 serpentis
2613 5711 2679 5766 ad
2729 5723 2923 5780 pravas
2968 5719 3023 5768 et
3074 5718 3348 5769 tortuosas
3384 5711 3632 5765 mortalis

3536 311 3657 370 ρει
3778 97 3818 361 l

3536 452 3651 488 om.
3798 372 3818 691 ἱ

3536 543 3646 586 ων,

3536 633 3649 687 [uls

3815 702 3817 761 1
