3836 6236
235 297 348 354 925

1047 301 1624 364 ORIGENIANORUM
1664 308 1795 364 ΗΒ.
1832 307 1894 373 ll,
1934 307 2086 365 CAP.
2125 308 2192 374 ll,
2237 308 2510 376 QUEST.
2553 309 2664 365 Vl}.

3368 317 3476 374 926

233 432 359 471 ram
405 425 589 471 tamen
645 415 818 486 ipsam
867 417 1131 475 libertatis
1181 422 1326 478 illius
1360 439 1510 478 suam
1557 441 1806 481 servasse
1834 433 1878 490 Α
1908 425 2028 488 bus,
2063 425 2148 479 vel
2182 427 2248 480 ad
2287 427 2457 481 bonos
2509 441 2567 481 se
2615 425 2808 498 erigit,
2849 428 3036 498 gratiae
3079 431 3272 488 divina
3321 438 3475 505 adju-

231 507 632 575 integrita-tem;
684 522 783 562 nec
817 507 981 562 ullam
1019 511 1246 580 proinde
1286 515 1552 583 signatam
1588 531 1708 572 esse
1738 517 1805 571 ab

229 594 469 666 Origene
498 599 902 653 distinctionem
934 597 1075 656 inter
1111 603 1412 659 libertatem
1460 623 1578 677 qua:
1614 610 1803 666 Adami

231 689 513 757 praecessit
548 689 780 759 lapsum,
816 701 869 744 et
905 708 1024 760 quae
1052 708 1340 752 consecuta
1384 709 1500 766 est,
1550 702 1691 770 quod
1737 704 1802 757 ad

231 793 426 846 puram
481 780 774 847 respiceret
822 782 1088 839 libertatis
1129 795 1410 856 naturam,
1454 805 1559 844 non
1604 791 1670 844 ad
1717 807 1803 846 ro-

227 870 339 923 bur
381 870 551 937 ipsius
585 881 638 924 et
678 881 1022 940 potestatem.

306 961 369 1017 ν.
409 962 488 1016 Ex
523 963 626 1016 hac
655 964 904 1033 Origenis
936 968 1204 1022 sententia
1237 970 1303 1025 de
1336 971 1667 1029 indill'erenti
1698 976 1797 1029 bo-

225 1054 397 1109 minis
434 1057 497 1109 ad
534 1054 733 1109 bonum
768 1056 850 1110 vel
881 1056 1078 1111 malum
1127 1064 1488 1130 propensione
1521 1076 1702 1135 aptum
1735 1067 1800 1120 ilo

225 1148 321 1200 lud
354 1158 437 1201 est
462 1157 516 1201 et
540 1162 898 1218 consequens,
934 1152 1206 1207 hominem
1237 1155 1338 1209 hac
1372 1156 1690 1212 instructum
1720 1159 1798 1213 fa-

224 1239 461 1302 cultate,
512 1247 706 1308 gratiae
759 1241 921 1296 modo
974 1252 1206 1312 ponatur
1269 1245 1565 1314 auxilium,
1619 1251 1798 1318 pravis

221 1329 616 1397 cupiditatibus
652 1345 811 1399 posse
843 1334 1134 1400 obsistere,
1177 1336 1260 1390 vel
1293 1352 1504 1405 parere,
1542 1351 1596 1394 et
1624 1341 1796 1395 virtu-

222 1429 336 1474 tem
369 1421 452 1475 vel
499 1437 795 1490 respuere,
835 1424 919 1480 vel
969 1425 1239 1495 amplecti.
1297 1446 1315 1478 σ
1354 1431 1585 1486 Evidens
1634 1434 1796 1502 igitur

222 1512 367 1566 ratio
398 1520 498 1576 est,
531 1531 551 1565 ι
585 1513 760 1583 inquit
785 1514 879 1570 lib.
912 1531 975 1569 Ill
997 1517 1138 1585 Περὶ
1164 1517 1383 1588 ἀρχῶν,
1409 1535 1529 1589 cap.
1555 1523 1611 1588 2,
1645 1540 1791 1578 num.

217 1605 289 1678 2,λ
332 1623 354 1667 ε
395 1607 520 1684 quia
562 1606 702 1661 sicut
737 1607 788 1661 in
819 1607 975 1663 bonis
1004 1611 1162 1664 rebus
1210 1611 1502 1666 humanum
1545 1617 1793 1685 proposi-

215 1716 333 1760 tum
373 1707 547 1762 solum
592 1723 690 1777 per
719 1702 961 1777 seipsum
1003 1702 1382 1777 imperfectum
1420 1717 1505 1762 est
1555 1710 1621 1761 ad
1663 1724 1792 1762 con-

1905 518 2105 572 mentis
2139 519 2415 574 roborata.
2465 517 2658 574 Utrum
2689 534 2816 574 vero
2846 524 3076 577 senserit
3109 523 3390 595 Origenes,
3427 532 3470 584 si

1903 608 2024 677 quis
2057 623 2125 663 ex
2156 625 2241 663 me
2277 618 2502 678 quaerat,
2537 607 2678 663 bona
2727 609 2832 664 ﬁde
2875 616 3244 681 responderim
3286 619 3474 685 gratias

1903 699 2166 752 auxilium
2199 700 2486 754 admisisse
2521 699 2696 764 illum,
2735 715 2840 753 non
2885 716 3013 755 vero
3049 705 3302 771 praevium
3337 706 3473 760 inci-

1903 795 2228 852 tamentum,
2260 798 2320 842 ut
2352 788 2599 857 pluribus
2634 788 2772 843 infra
2806 790 3106 845 disseram:
3151 811 3168 844 ι
3216 795 3271 848 ln
3310 799 3470 851 rebus

1899 875 2076 941 bonis,
2112 878 2308 946 inquit,
2345 879 2640 932 lnnuanum
2677 881 3008 949 propositum
3054 884 3222 937 solum
3259 901 3356 954 per
3385 903 3473 944 se-

1901 969 2074 1038 ipsum
2107 967 2482 1038 imperfectum
2521 980 2602 1023 est
2631 972 2696 1024 ad
2738 976 3256 1030 consummationem
3299 979 3460 1044 boui;

1900 1059 2170 1126 adjutorio
2216 1075 2448 1128 namque
2486 1061 2665 1114 divino
2713 1063 2777 1115 ad
2808 1063 3041 1131 perfecta
3077 1083 3299 1136 qnque
3349 1087 3466 1138 per-

1900 1153 2136 1207 ducitur.
2180 1171 2198 1202 ι
2237 1151 2566 1215 Addidisset,
2602 1164 2650 1205 et
2687 1155 2972 1220 excitatur,
3005 1156 3139 1210 bene
3188 1175 3273 1214 res
3299 1162 3466 1216 habe-

1899 1251 2022 1296 ret:
2073 1257 2194 1294 cum
2235 1257 2299 1294 ex
2354 1242 2560 1309 liquido
2613 1247 2798 1313 synodi
2857 1246 3186 1302 Tridentinte
3231 1254 3468 1319 decreto,

1898 1348 2033 1387 sess.
2067 1333 2116 1398 6,
2154 1348 2275 1399 cap.
2305 1333 2358 1398 5,
2388 1345 2440 1388 et
2474 1352 2595 1390 can.
2631 1336 2685 1402 4,
2719 1346 2890 1390 ratum
2920 1339 2989 1392 sit
3020 1341 3276 1394 excitanti
3307 1353 3469 1410 atque

1899 1423 2170 1492 adjuvanti
2224 1426 2409 1492 gratiae
2467 1425 2557 1478 Dei
2615 1424 2781 1479 libere
2828 1427 3098 1482 hominem
3137 1434 3383 1486 assentiri
3413 1447 3470 1488 et

1896 1512 2203 1580 cooperari,
2242 1528 2340 1566 nec
2393 1513 2567 1581 ipsum
2605 1515 2740 1568 nihil
2767 1530 2948 1585 agere,
2987 1532 3108 1572 cum
3158 1521 3467 1591 inspiratio-

1899 1615 2020 1654 nem
2077 1601 2220 1654 illam
2293 1602 2521 1672 recipit,
2574 1604 2770 1673 quippe
2819 1607 2912 1674 qui
2959 1606 3102 1662 illam
3145 1619 3199 1666 et
3232 1611 3468 1682 abjicere

1902 1691 2085 1759 possit.

214 1773 642 1854 summationem
693 1773 853 1864 boni;
909 1799 1175 1867 adjutorio
1229 1813 1468 1867 namque
1512 1801 1692 1854 divino
1723 1802 1786 1854 ad

1971 1780 2054 1834 Vl.
2086 1781 2272 1849 Capite
2303 1796 2515 1851 quoque
2546 1784 2733 1851 quinto
2777 1784 2896 1840 libri
2927 1791 3144 1843 secundi
3178 1790 3251 1844 De
3285 1791 3464 1862 Pelag.

208 1889 458 1957 perfecta
504 1905 730 1959 quisque
762 1890 1112 1958 perducitur:
1157 1891 1236 1944 ita
1269 1885 1435 1945 etiam
1477 1889 1530 1941 in
1577 1901 1789 1942 contra-

217 1980 316 2035 riis
350 1981 500 2035 initia
531 1982 797 2050 quaedam,
835 1990 890 2034 et
936 1981 1085 2035 velut
1117 1984 1362 2052 quaedam
1408 1981 1617 2038 semina
1663 1997 1790 2052 pec-

217 2079 465 2125 calorum
505 2074 571 2125 ab
602 2071 687 2124 his
723 2071 887 2125 rebus
929 2085 1048 2140 quae
1089 2071 1140 2124 in
1184 2086 1282 2127 usu
1325 2072 1650 2126 naturaliter
1695 2071 1788 2123 ha-

217 2159 433 2225 bentur,
470 2159 798 2228 accipimus,
837 2179 855 2211 ι
906 2167 1016 2215 etc.
1063 2159 1200 2214 Tum
1252 2161 1352 2215 sub
1384 2162 1543 2216 fiiiem
1594 2162 1786 2232 capitis

215 2266 368 2304 num.
397 2251 460 2304 τις
498 2269 516 2302 ‹
554 2250 695 2305 Nihil
727 2251 867 2306 aliud
895 2251 1189 2320 putandum
1227 2261 1310 2306 est
1340 2253 1589 2308 accidere
1625 2255 1784 2308 nobis

215 2359 284 2396 ex
324 2343 456 2411 ipsis
505 2358 622 2412 quae
657 2343 805 2398 cordi
859 2354 1045 2398 nostro
1082 2355 1445 2413 suggeruntur
1493 2344 1650 2399 bonis
1702 2346 1786 2399 vel

215 2432 397 2497 malis,
433 2433 535 2486 nisi
585 2433 1000 2487 commOtionem
1045 2433 1237 2497 solam,
1279 2443 1333 2488 et
1379 2435 1786 2488 incitamentum

215 2539 520 2595 provocans
561 2538 658 2578 nos
702 2523 788 2578 vel
830 2527 896 2578 ad
929 2526 1068 2579 bona
1098 2525 1183 2578 vel
1219 2525 1284 2579 ad
1332 2525 1490 2578 mala.
1525 2523 1785 2580 Possibile

214 2624 398 2669 autem
436 2613 602 2668 nobls'
633 2621 748 2677 est,
786 2628 906 2666 cum
957 2613 1191 2683 maligna
1250 2614 1420 2668 virtus
1467 2629 1564 2670 nos
1606 2630 1786 2685 ctepe-

214 2707 288 2762 rit
317 2706 384 2759 ad
419 2704 619 2759 malum
655 2705 904 2768 incitare,
931 2703 1165 2770 abjicere
1195 2720 1222 2756 a
1255 2705 1410 2759 nobis
1436 2721 1633 2775 pravas
1656 2721 1783 2776 sug-

213 2799 508 2866 gestiones,
537 2807 591 2851 et
623 2796 881 2851 resistere
917 2795 1269 2851 suasionibus
1315 2798 1584 2866 pessimis,
1619 2807 1675 2850 et
1703 2798 1784 2851 ui-

215 2890 293 2944 hil
321 2904 545 2958 prorsus
574 2889 910 2958 culpabiliter
940 2901 1149 2957 gerere.
1184 2886 1249 2940 Et
1283 2903 1498 2942 rursum
1528 2891 1783 2959 possibile

214 2994 320 3047 est,
353 2993 410 3037 ut
456 2998 576 3037 cum
611 2996 710 3036 nos
746 2981 924 3035 divina
957 2982 1133 3036 virtus
1162 2984 1228 3036 ad
1270 2981 1488 3036 meliora
1521 2997 1781 3052 provoca-

215 3077 390 3141 verit,
434 3091 538 3129 non
582 3090 902 3144 sequamur,
957 3075 1112 3130 liberi
1162 3075 1374 3129 arbitrii
1415 3085 1684 3145 potestate
1725 3077 1777 3130 in

215 3179 446 3236 utraque
495 3167 651 3222 nobis
700 3176 933 3220 servata.
973 3185 992 3218 ι
1050 3166 1104 3220 In
1152 3167 1266 3222 haec
1311 3167 1510 3222 acriter
1557 3169 1784 3238 insurgit

217 3257 477 3327 Yprensis
535 3257 762 3312 antistes
791 3258 886 3311 lib.
914 3273 950 3310 ll
979 3258 1054 3310 De
1086 3256 1269 3326 Pelag.
1302 3259 1457 3322 tuen,
1487 3273 1606 3326 cap.
1648 3259 1700 3322 4,
1731 3267 1785 3312 et

213 3351 310 3404 lib.
351 3366 423 3413 IV,
456 3365 574 3416 cap.
627 3350 679 3412 7,
709 3361 763 3404 et
790 3351 882 3404 lib.
919 3365 992 3414 γι,
1025 3364 1144 3418 cap.
1188 3349 1242 3414 4,
1272 3349 1360 3403 ubi
1391 3351 1634 3419 queritur
1660 3365 1783 3403 cen-

216 3443 391 3498 Suisse
435 3441 721 3508 Origenem
757 3462 774 3494 ε
824 3443 988 3496 animi
1033 3443 1266 3497 motibus
1303 3443 1366 3496 ad
1414 3443 1612 3497 bonum
1666 3460 1781 3497 ma-

215 3536 394 3589 lumve
419 3551 516 3589 nos
552 3536 951 3589 comitantibus
989 3543 1123 3589 nutu
1167 3534 1394 3588 rationis
1439 3551 1538 3590 nos
1587 3539 1780 3590 adver-

220 3629 351 3687 sari,
383 3637 545 3694 atque
576 3642 668 3680 eos
700 3627 764 3679 ad
793 3627 927 3680 bona
961 3627 1042 3678 ve!
1091 3625 1230 3679 mala
1266 3627 1581 3694 gubernari,
1619 3646 1636 3678 ι
1672 3645 1783 3681 me-

225 3732 453 3785 rumque
501 3717 575 3770 ait
622 3717 921 3780 doctrinam
967 3718 1107 3770 hanc
1151 3730 1271 3769 esse
1307 3715 1778 3787 Pelagianisninm.

221 3807 276 3862 Si
304 3809 387 3861 vel
413 3807 649 3861 animum
682 3821 840 3876 posse
871 3808 933 3859 ad
967 3807 1162 3859 bonum
1192 3819 1286 3873 per
1314 3819 1372 3858 se
1401 3807 1625 3870 moveri,
1655 3806 1781 3860 abs-

218 3915 324 3970 que
367 3901 564 3968 praevio
629 3900 816 3969 gratia:
861 3899 952 3951 Dei
1017 3898 1396 3962 incitamento;
1467 3898 1550 3950 vel
1597 3898 1782 3966 impel-

221 3991 348 4045 lenti
381 4005 476 4044 nos
514 3991 578 4043 ad
610 3991 806 4044 malum
844 3989 1048 4043 libidini
1076 4006 1172 4059 per
1212 4005 1270 4044 se
1311 4004 1466 4059 posse
1497 3992 1779 4058 obsistere,

221 4085 383 4137 etiam
415 4083 602 4148 gratiae
637 4082 874 4150 juvantis
922 4097 1021 4151 ope
1064 4085 1375 4138 destitutum
1405 4083 1570 4136 voluit
1597 4082 1783 4154 Orige-

220 4189 316 4228 nes
349 4193 360 4226 :
425 4174 760 4228 damnandus
801 4175 1019 4243 quidem
1059 4191 1214 4229 error
1251 4175 1337 4227 ille
1378 4187 1479 4230 est.
1531 4175 1623 4229 Sin
1656 4191 1783 4230 vero

219 4267 408 4336 gratiae
450 4266 737 4334 impulsum
788 4267 1032 4337 adjunxit
1077 4277 1130 4322 et
1175 4267 1456 4334 auxilium,
1497 4267 1783 4336 utrobique

219 4359 371 4426 culpa
410 4371 592 4423 caret;
629 4376 749 4412 nam
777 4360 828 4413 in
869 4372 1043 4415 motus
1070 4362 1232 4416 animi
1278 4362 1466 4427 malos,
1495 4375 1628 4430 quos
1659 4374 1782 4412 con-

1891 1873 2046 1938 lta’r.,
2069 1876 2179 1930 haec
2208 1876 2455 1943 Origenis
2482 1875 2608 1928 lib.t
2643 1880 2696 1930 in
2722 1877 2887 1946 Epist.
2911 1883 2976 1933 ad
2996 1880 3169 1946 Ram.,
3196 1900 3343 1939 num.
3375 1887 3462 1948 18.

1892 1967 2170 2036 impugnat
2203 1966 2493 2024 Jansenins
2523 1985 2538 2022 :
2580 1991 2597 2018 ι
2631 1969 2963 2040 Frequenter
2994 1974 3045 2027 in
3072 1972 3365 2046 Scripturis
3390 1980 3466 2033 in-

1893 2061 2156 2125 venimus,
2189 2069 2244 2114 et
2272 2075 2300 2112 a
2334 2061 2489 2116 nobis
2519 2078 2661 2131 szrpe
2691 2066 2976 2118 dissertqu
3010 2078 3112 2131 est,
3140 2071 3280 2136 quod
3305 2071 3464 2126 homo

1889 2151 2131 2217 spiritus,
2167 2160 2223 2204 et
2259 2167 2474 2220 corpus,
2518 2163 2571 2207 et
2600 2157 2781 2210 anima
2817 2171 2936 2211 esse
2977 2158 3192 2214 dicatur
3223 2177 3236 2213 :
3277 2178 3462 2216 verum

1888 2253 2009 2293 cum
2055 2241 2251 2294 dicitur
2277 2243 2401 2310 quia
2430 2260 2552 2296 caro
2577 2247 2897 2314 concupiscit
2927 2248 3172 2303 adversus
3197 2252 3461 2319 spiritum,

1887 2332 2100 2400 spiritus
2129 2342 2308 2385 autem
2332 2335 2576 2390 adversus
2595 2353 2802 2391 carnem
2819 2338 2886 2402 ⁸ο,
2925 2342 3097 2394 media
3138 2342 3326 2409 procul
3364 2344 3463 2396 du-

1887 2424 1975 2477 bio
2018 2423 2233 2491 penitur
2289 2427 2513 2493 anima,
2559 2443 2684 2496 qua:
2759 2428 2842 2483 vel
2903 2431 3188 2486 desideriis
3242 2433 3464 2502 spiritus

1888 2515 2235 2582 acquiescat,
2275 2517 2360 2572 vel
2393 2519 2458 2571 ad
2511 2521 2692 2574 carnis
2737 2522 3203 2591 concupiscentias
3243 2525 3464 2580 incline-

1891 2613 1995 2660 tur.
2037 2625 2055 2660 ›
2101 2606 2256 2661 Dolet
2287 2607 2546 2664 Jansenio
2578 2611 2722 2682 quod
2767 2612 3017 2682 spiritum
3054 2613 3238 2681 illum,
3271 2617 3463 2670 adver-

1888 2713 1979 2751 sus
2011 2712 2170 2766 quem
2213 2699 2550 2767 concupiscit
2589 2715 2742 2762 caro,
2781 2719 2801 2752 ς
2839 2713 3028 2768 vocet,
3058 2718 3162 2758 non
3193 2720 3342 2760 more
3370 2721 3463 2760 ca-

1894 2789 2092 2843 tholico
2124 2790 2388 2858 Spiritum
2424 2802 2696 2859 sanctum,
2729 2795 2821 2848 sed
2843 2794 3135 2864 Pelagiauo
3164 2796 3333 2867 legem
3360 2815 3459 2852 na-

1899 2888 2051 2944 turre,
2083 2895 2243 2949 quam
2285 2883 2558 2937 mentibus
2599 2883 2804 2952 Spiritu
2841 2886 2934 2940 Dei
2971 2888 3076 2941 vivi
3123 2903 3188 2942 ex
3247 2890 3464 2944 institu-

1897 2976 2060 3040 tione,
2120 2986 2177 3031 ut
2227 2977 2342 3046 ipse
2382 2977 2528 3046 loqui
2585 2979 2747 3043 solet,
2805 2981 3079 3036 Creatoris
3145 2983 3458 3052 impressam

1897 3069 2132 3136 gerimus
2169 3087 2188 3120 ›
2219 3070 2401 3137 (verba
2429 3070 2595 3139 ipsius
2635 3073 2779 3141 sunt)
2817 3091 2834 3123 ι
2887 3083 2942 3128 et
2972 3089 3092 3143 qua:
3116 3074 3301 3145 (verba
3335 3085 3462 3132 sunt

1888 3157 2139 3227 Origenis
2191 3160 2284 3216 lib.
2321 3177 2360 3214 ll
2409 3161 2463 3214 in
2500 3161 2676 3231 Epist.
2725 3163 2794 3215 ad
2855 3162 3031 3230 Rom.,
3083 3182 3231 3223 num.
3293 3167 3350 3232 9,
3407 3177 3462 3223 et

1883 3250 1976 3304 lib.
2009 3266 2084 3317 vr,
2117 3266 2265 3305 num.
2303 3253 2359 3322 8)
2395 3253 2448 3306 iu
2499 3254 2777 3308 hominum
2828 3256 3079 3310 cordibus
3119 3257 3319 3328 scripta
3354 3270 3458 3322 est,

1887 3361 1994 3401 non
2037 3355 2362 3412 atramento,
2406 3348 2498 3402 sed
2551 3348 2757 3419 Spiritu
2811 3350 2905 3405 Dei
2947 3351 3089 3416 vivi;
3138 3367 3256 3421 qua).
3306 3353 3462 3408 docet

1886 3451 2322 3507 unumquemque
2352 3438 2480 3506 quid
2524 3438 2789 3508 agendum
2835 3439 2924 3502 sit,
2959 3439 3086 3508 quid
3133 3441 3457 3505 cavendum,

1882 3537 1936 3582 et
1967 3544 2059 3598 per
2089 3544 2250 3599 quam
2273 3531 2551 3600 cognoscit
2590 3531 2750 3584 homo
2778 3541 3060 3600 peccatum
3094 3546 3285 3595 suum;
3315 3546 3460 3600 qua:-

1883 3636 1987 3690 que
2017 3622 2331 3676 hominibus
2361 3624 2552 3678 suadet
2578 3666 2592 3690 ,
2623 3641 2689 3680 ne
2724 3625 3106 3690 homicidium,
3151 3639 3218 3677 ne
3244 3623 3458 3676 adulte-

1885 3713 2022 3766 rium
2058 3713 2294 3780 faciant,
2330 3730 2396 3769 ne
2434 3715 2711 3782 furentur,
2751 3731 2818 3770 ne
2851 3716 3042 3770 falsum
3090 3715 3457 3770 testiinonium

1884 3808 2103 3874 dicant,
2142 3817 2199 3861 ut
2231 3809 2502 3863 honorent
2541 3819 2745 3878 patrem
2777 3818 2830 3862 et
2887 3818 3148 3874 matrem,
3179 3816 3235 3860 et
3265 3808 3454 3860 horum

1886 3898 2112 3966 similia;
2154 3898 2404 3954 fortassis
2454 3910 2508 3955 et
2559 3900 2701 3969 quod
2762 3899 2901 3953 Deus
2943 3914 3081 3953 unus
3128 3909 3343 3952 creator
3388 3899 3460 3951 sit

1882 3991 2160 4056 omnium;
2192 4010 2209 4042 i
2241 3992 2394 4062 juxta
2421 3992 2546 4049 illud
2575 3992 2724 4046 Pauli
2758 3991 2915 4046 Rom.
2944 4008 3004 4058 ιι,
3034 3992 3118 4061 14,
3143 3992 3242 4046 15ε
3269 4011 3287 4043 ι
3325 3990 3457 4045 Cum

1882 4083 2024 4134 enim
2080 4094 2266 4152 gentes
2315 4101 2434 4154 quae
2476 4086 2646 4156 legem
2695 4100 2799 4138 non
2854 4086 3086 4151 habent,
3134 4085 3457 4139 naturaliter

1881 4188 1999 4242 qua:
2050 4174 2182 4245 legis
2237 4184 2362 4230 sunt
2406 4177 2645 4242 faciunt,
2687 4178 2740 4232 hi
2793 4178 2964 4247 legem
3017 4193 3118 4232 non
3173 4179 3456 4241 habentes,

1885 4265 1986 4334 ipsi
2020 4267 2121 4321 sibi
2150 4279 2273 4322 sunt
2304 4268 2390 4321 lex
2441 4287 2454 4322 :
2499 4270 2588 4337 qui
2634 4271 2930 4324 ostendunt
2962 4284 3094 4337 opus
3146 4268 3280 4337 legis
3326 4269 3458 4322 scri-

1884 4367 2036 4426 ptum
2070 4359 2121 4411 in
2158 4361 2411 4414 cordibus
2438 4360 2585 4427 suis,
2622 4362 2988 4416 testimonium
3035 4361 3292 4416 reddente
3347 4360 3452 4413 illis

224 4451 553 4518 cupiscentia
593 4451 784 4520 gignit,
826 4459 880 4502 et
929 4454 1119 4516 bonos,
1169 4467 1303 4520 quos
1354 4451 1533 4503 educit
1580 4449 1772 4517 gratia,
1811 4462 1854 4515 ι)
1885 4450 2217 4504 conscientia
2259 4452 2518 4520 ipsorum,
2552 4463 2604 4508 et
2638 4455 2776 4508 inter
2809 4468 2868 4508 se
2895 4453 3125 4507 invicem
3169 4451 3452 4521 cogitatio-

219 4543 500 4610 imperiuui
546 4552 688 4595 tenet
741 4542 909 4595 libera
953 4542 1221 4608 voluntas,
1269 4550 1321 4597 et
1371 4541 1454 4595 vel
1495 4542 1647 4596 malis
1679 4541 1775 4595 ob-

220 4639 496 4696 temperat,
550 4631 778 4700 propriis
818 4632 941 4686 illuc
990 4644 1041 4686 et
1088 4633 1281 4686 nativis
1335 4631 1590 4685 inclinata
1632 4631 1777 4684 nuti-

285 4726 328 4756 ⁶⁰
360 4725 531 4780 Galat.
555 4743 606 4792 v,
639 4728 721 4781 l7.

215 4822 336 4875 vita:
371 4823 592 4875 semitas
629 4822 936 4875 declinavit.
986 4821 1392 4892 Consequenter
1421 4839 1550 4890 ergo
1586 4839 1785 4878 omnes

217 4894 304 4960 qui
356 4907 416 4945 ex
477 4892 640 4957 ipsius
699 4894 1038 4946 snccessione
1087 4894 1136 4946 in
1198 4898 1337 4948 hunc
1385 4896 1640 4947 mundum
1696 4909 1786 4948 ve-

219 4963 403 5032 niunt,
441 4962 879 5023 declinaverunt,
921 4976 974 5016 et
1029 4963 1185 5016 simul
1230 4981 1350 5017 cum
1389 4965 1504 5032 ipso
1561 4964 1782 5018 inutiles

217 5030 339 5082 facti
390 5039 531 5104 sunt.
574 5049 591 5081 ι
631 5032 785 5084 Vides
826 5042 1027 5104 statum
1078 5045 1283 5088 naturae
1317 5030 1536 5104 integra:
1569 5050 1596 5086 a
1643 5043 1782 5087 statu

219 5111 422 5152 natura;
460 5101 622 5166 lapsze
658 5113 910 5153 accurate
939 5103 1275 5156 distinctum.
1313 5101 1658 5157 Luculentior
1690 5107 1784 5156 ad-

219 5169 321 5221 huc
356 5180 533 5221 exstat
562 5170 711 5222 locus
738 5171 873 5223 alter
910 5173 960 5221 in
1005 5173 1095 5225 lib.
1133 5190 1182 5225 Iv
1211 5171 1500 5226 Comment.
1535 5176 1586 5225 in
1622 5174 1778 5227 Cant.

217 5242 490 5302 canticum,
529 5255 645 5306 pag.
690 5241 779 5301 88,
831 5242 895 5292 ad
922 5241 1030 5293 liu-c
1084 5244 1283 5295 verba:
1343 5241 1513 5295 Vinea:
1544 5244 1784 5310 ﬂorentes

215 5311 465 5361 dederunt
509 5310 717 5360 odorem
767 5327 914 5361 suum
939 5326 956 5373 ;
985 5311 1173 5371 (Cant.
1201 5329 1258 5371 ll,
1290 5313 1408 5368 l5).
1462 5330 1478 5361 ι
1522 5312 1631 5364 [\on
1669 5313 1785 5366 sine

216 5394 395 5439 causa,
429 5379 624 5445 inquit,
663 5390 791 5446 puto
829 5383 967 5446 quod
1022 5397 1123 5434 non
1156 5383 1385 5435 dixerit:
1426 5381 1650 5433 Odorem
1699 5385 1787 5433 de-

217 5451 400 5499 derunt
440 5451 598 5509 :sed,
647 5453 858 5501 adorent
912 5467 1108 5513 suum;
1159 5463 1214 5503 ut
1250 5455 1557 5506 ostenderet
1607 5453 1786 5503 inesse

215 5518 408 5584 cuique
455 5518 648 5571 animae
685 5522 792 5570 vim
841 5520 1219 5586 possibilitatis
1261 5532 1315 5574 et
1367 5521 1577 5573 arbitrii
1621 5520 1785 5574 liber-

221 5596 404 5658 tatein,
437 5603 559 5658 qua
611 5589 775 5655 possit
828 5605 989 5658 agere
1041 5604 1201 5644 omne
1251 5592 1390 5658 quod
1424 5592 1620 5644 bonum
1676 5601 1779 5646 est.

224 5656 326 5729 Sed
360 5656 506 5729 quia
540 5657 640 5710 hoc
684 5656 890 5711 naturai.
935 5660 1136 5713 bonum
1185 5656 1646 5729 praevaricationis
1694 5675 1779 5715 oc—

222 5726 436 5785 casionc
477 5727 813 5796 decerptum,
865 5729 945 5785 vel
977 5730 1043 5785 ad
1088 5726 1457 5800 ignotiiiniain,
1494 5733 1575 5787 vel
1614 5731 1774 5787 lasci-

1885 4541 2042 4593 nibus
2073 4543 2477 4609 accusantibus,
2515 4556 2607 4598 aut
2633 4546 2794 4599 etiam
2825 4543 3263 4599 defendentibus.
3294 4561 3314 4595 ι
3349 4543 3450 4596 Se-

1887 4634 2030 4688 mina
2083 4647 2340 4704 prtetcrea
2406 4636 2496 4692 illa
2559 4637 2819 4693 bonitatis
2853 4652 2880 4690 a
2925 4645 3120 4691 natura
3173 4635 3451 4690 hominum

1889 4823 2028 4875 viain
2070 4822 2242 4874 fuerat
2275 4822 2525 4894 inﬂexum
2551 4864 2564 4885 ,
2602 4824 2689 4877 ubi
2741 4838 2837 4892 per
2864 4824 3094 4894 gratiam
3141 4829 3449 4894 reparatur,

1889 4903 1940 4945 et
1977 4908 2071 4961 per
2099 4894 2402 4945 doctrinam
2440 4893 2595 4948 Verbi
2628 4894 2719 4948 Dei
2746 4891 3074 4957 restituitur,
3099 4893 3317 4946 odoretu
3346 4891 3460 4944 red-

1889 4963 1965 5033 dit
1995 4964 2108 5016 sine
2155 4963 2316 5016 dubio
2364 4963 2509 5016 illum
2563 4978 2720 5033 quem
2762 4968 2970 5032 primus
3018 4963 3266 5018 conditor
3295 4961 3458 5033 _Dens

1892 5032 2195 5109 indiderat,
2247 5033 2343 5086 sed
2373 5029 2597 5102 peccati
2627 5029 2780 5109 culpa
2818 5034 3182 5109 subtraxerat.
3222 5048 3241 5081 ι
3294 5029 3455 5109 Eam:

1890 5103 2008 5154 deni
2055 5117 2182 5170 ergo
2239 5112 2365 5156 ante
2422 5112 2474 5156 et
2529 5111 2649 5171 post
2705 5103 2896 5156 Adami
2955 5103 3164 5171 lapsum
3213 5103 3457 5171 agnoscit

1889 5172 2151 5239 Origenes
2183 5172 2334 5225 liberi
2389 5170 2610 5248 arbitrii
2646 5185 2926 5248 naturain,
2954 5170 3048 5226 sed
3100 5186 3200 5248 non
3238 5170 3454 5248 easdem

1892 5237 2044 5317 vires
2078 5256 2175 5294 nec
2198 5258 2316 5317 _par
2353 5243 2518 5317 robur
2549 5243 2620 5317 ad»
2646 5245 2840 5317 bonum
2867 5242 3283 5317 assumendum.
3317 5237 3454 5317 Hinc

1897 5313 2139 5379 sequitur
2198 5312 2368 5379 ipsum
2420 5313 2653 5367 hominis
2703 5312 2833 5381 lapsi
2889 5311 3204 5381 libertatein
3237 5325 3340 5362 non
3400 5311 3453 5381 in

1899 5376 2325 5456 indiliere:1ti_ad
2361 5385 2554 5456 bonurn
2587 5383 2673 5436 vel
2710 5376 2912 5456 malum
2962 5379 3312 5456 propensione
3342 5376 3456 5456 col:

1895 5451 2122 5514 locasse,
2157 5452 2252 5525 sed
2277 5451 2347 5525 _in
2375 5452 2720 5525 indiﬂ'erenti
2768 5453 2901 5525 bene
2949 5446 3030 5525 vel
3061 5446 3217 5502 vllltlle
3241 5446 3454 5525 .agendi

1893 5529 2183 5587 potestate.
2227 5520 2383 5573 Aliud
2413 5532 2494 5575 est
2522 5532 2768 5590 potestas,
2821 5521 2961 5590 aliud
3015 5520 3322 5590 propensio;
3356 5529 3453 5590 ea:

1891 5583 2010 5642 deni
2044 5600 2124 5642 est
2157 5591 2209 5642 in
2245 5590 2483 5656 quolibet
2522 5583 2670 5646 'statu
2701 5592 2852 5658 juxta
2886 5583 3167 5657 Origene’m
3198 5587 3333 5638 bene
3365 5583 3456 5658 vel

1888 5660 2027 5730 male
2077 5654 2273 5725 agendi
2301 5669 2563 5730 potestas,
2615 5654 2715 5718 sed
2741 5676 2847 5718 non
2894 5654 3077 5716 eadem
3133 5669 3336 5727 parque
3385 5654 3456 5709 ad

1885 5728 2079 5784 bonum
2123 5729 2431 5798 [il'Oj‘CllSl0.
