3860 6230
390 301 495 360 927

1686 291 1748 349 P.
1783 287 2099 346 DANIELIS
2130 284 2364 345 HUETH

3517 272 3653 331 ηε
3770 95 3808 352 l

391 421 667 480 mentibus
721 420 902 485 insita,
946 434 1064 487 quae
1105 417 1352 487 proxime
1399 416 1577 469 allatis
1626 414 1823 468 astruit
1878 423 1962 466 te-
1994 419 2035 472 Α
2067 421 2151 464 tor
2181 406 2574 476 cogitationum
2617 410 2670 458 et
2702 398 3060 455 intentionum
3086 395 3286 451 cordis.
3324 412 3342 447 ι
3388 394 3452 449 In
3499 395 3649 463 qni-

391 514 663 572 stimouiis
705 512 1002 581 Origenes,
1052 512 1209 583 plane
1264 510 1437 579 reiicit
1493 507 1781 563 Jansenius
1827 505 1961 560 locis

391 622 549 678 supra
601 606 889 671 indicatis,
942 604 1036 660 sed
1094 604 1365 674 przncipue
1438 610 1570 657 tom.
1623 599 1681 666 l,
1737 598 1832 653 lib.
1885 613 1960 662 IV,

392 716 512 770 cap.
548 698 599 753 7.

464 791 683 844 Certum
731 797 815 843 est
857 788 971 842 hmo
1018 786 1171 842 Pauli
1222 787 1385 839 verba
1420 783 1539 841 Gal.
1567 799 1624 847 v,
1653 783 1739 845 l7,
1774 800 1793 833 ι
1823 779 1965 835 Caro

394 882 538 936 enim
561 880 900 949 concupiscit
930 880 1191 934 adversus
1217 879 1467 948 spiritum
1493 892 1507 939 ;
1537 874 1761 942 spiritus
1782 879 1964 924 autem

398 974 660 1027 adversus
694 986 934 1032 carnem,
962 989 981 1021 ι
1013 970 1077 1024 ad
1110 969 1371 1038 Spiritum
1416 974 1663 1020 sanctum
1710 978 1740 1017 a
1784 960 1966 1015 Patri—

395 1063 499 1116 hus
525 1059 801 1129 plerisque
831 1058 1059 1121 referri;
1091 1067 1146 1109 at
1175 1064 1380 1110 certum
1409 1068 1629 1123 quoque
1672 1062 1755 1106 est
1785 1050 1966 1121 plures

395 1151 562 1205 etiam
592 1148 933 1216 superiorem
968 1147 1111 1201 illam
1157 1146 1349 1199 animae
1384 1153 1614 1211 partem,
1657 1156 1818 1211 quam
1848 1141 1967 1210 ἠγε-

398 1240 619 1313 μονικόν
646 1240 932 1309 appellant,
965 1239 1188 1305 spiritus
1228 1235 1589 1305 appellatione
1628 1233 1714 1287 hic
1761 1231 1967 1300 signiti—

395 1343 572 1388 catam
607 1332 863 1386 voluisse.
905 1330 1100 1384 Multos
1140 1326 1475 1395 proferrem,
1505 1324 1548 1378 si
1599 1336 1825 1377 numero
1869 1335 1970 1391 pu-

395 1426 668 1495 gnandum
703 1432 881 1488 esset,
911 1420 1005 1475 sed
1040 1435 1177 1473 unus
1220 1417 1369 1471 omni
1418 1415 1743 1483 exceptione
1794 1416 1969 1480 major

396 1515 699 1569 adducetur
731 1515 1085 1584 Augustinus.
1144 1511 1192 1565 Is
1230 1509 1326 1564 lib.
1361 1524 1398 1562 ιι
1439 1508 1511 1561 De
1556 1504 1743 1561 Genesi
1787 1513 1969 1558 contra

398 1605 742 1671 Maniehteos,
778 1622 900 1675 cap.
934 1606 1021 1667 11.
1051 1601 1354 1671 coniugium
1389 1600 1576 1655 Adami
1599 1608 1653 1653 et
1684 1599 1807 1652 [ivre
1836 1598 1970 1651 ima-

398 1702 578 1768 ginem
609 1714 732 1753 esse
757 1699 895 1751 dicit
927 1697 1227 1765 spiritualis
1258 1695 1402 1748 illius
1422 1692 1680 1761 coniugii,
1712 1690 1852 1757 quod
1885 1703 1970 1742 ra-

402 1788 655 1842 tionalem
685 1787 918 1841 hominis
948 1796 1156 1855 partem
1183 1783 1401 1839 animali
1434 1781 1685 1850 colligat;
1720 1788 1831 1831 tum
1858 1778 1964 1831 ait:

408 1899 427 1930 s
462 1878 662 1932 Deinde
689 1887 744 1931 ut
773 1879 1002 1946 quisque
1029 1876 1151 1930 huic
1185 1891 1297 1931 suae
1336 1873 1475 1944 parti
1530 1882 1680 1926 recte
1730 1871 1971 1924 domine-

402 1976 524 2031 tur,
567 1976 623 2020 et
659 1966 752 2019 fiat
776 1968 934 2035 quasi
961 1963 1258 2033 coniugalis
1293 1964 1345 2015 in
1377 1962 1579 2029 seipso,
1613 1970 1673 2013 ut
1702 1974 1831 2014 caro
1865 1974 1971 2012 non

403 2057 760 2124 concupiscat
793 2057 1054 2112 adversus
1076 2057 1363 2125 spiritum,
1396 2056 1487 2111 sed
1520 2053 1736 2122 spiritui
1786 2050 1969 2120 subiu-

404 2155 585 2216 getur,
618 2146 669 2199 id
698 2155 805 2211 est,
839 2144 1275 2214 concupiscentia
1306 2144 1549 2199 carnalis
1571 2157 1677 2197 non
1716 2143 1972 2195 adverse-

407 2245 495 2288 tur
520 2233 741 2298 rationi,
774 2234 866 2287 sed
903 2237 1079 2302 potius
1124 2233 1551 2302 obtemperando
1597 2230 1806 2284 desinat
1852 2243 1974 2283 esse

406 2325 666 2390 carnalis,
720 2340 855 2393 opus
902 2325 1066 2379 habet
1117 2322 1354 2391 perfecta
1389 2321 1676 2391 sapientia.
1720 2338 1739 2372 ι
1788 2319 1977 2373 Trahit

408 2419 522 2471 haec
558 2417 609 2470 in
646 2419 894 2472 eumdem
922 2432 1137 2471 sensum
1169 2415 1260 2469 lib.
1294 2430 1310 2469 ι
1359 2413 1433 2467 De
1480 2414 1725 2466 doctrina
1758 2409 1973 2473 Christi,

409 2524 532 2579 cap.
566 2509 657 2571 24,
691 2519 745 2563 et
784 2508 879 2563 lib.
912 2524 946 2563 x
999 2507 1075 2561 De
1114 2506 1300 2561 Genesi
1355 2508 1423 2559 ad
1475 2504 1661 2567 litter.,
1715 2518 1837 2569 cap.
1885 2501 1971 2556 12.

410 2597 588 2653 Verba
644 2607 863 2667 propter
914 2597 1280 2667 prolixitatem
1336 2610 1443 2649 non
1494 2602 1699 2662 repeto.
1745 2591 1977 2646 Prorsus

411 2705 537 2745 vero
580 2690 948 2761 Ὧριγενικῶς,
976 2691 1027 2744 in
1050 2704 1257 2745 Lxxxtu
1286 2684 1641 2756 quwstionib.,
1663 2691 1853 2752 quaest.
1879 2681 1974 2734 70:

415 2797 437 2832 α
470 2779 610 2834 Caro
661 2781 997 2849 concupiscit
1037 2782 1300 2833 adversus
1344 2778 1623 2845 spiritum,
1658 2785 1712 2829 et
1758 2764 1979 2840 spiritus

413 2869 677 2923 adversus
703 2883 946 2923 carnem.
981 2866 1108 2922 llaec
1145 2868 1288 2922 enim
1321 2867 1548 2920 invicem
1581 2864 1679 2917 sibi
1723 2863 1981 2918 resistunt

414 2972 469 3015 et
504 2962 883 3023 adversantur,
919 2970 976 3012 ut
1012 2975 1116 3013 non
1150 2971 1484 3026 quaecunque
1528 2955 1690 3008 vultis
1713 2995 1730 3018 ,
1780 2953 1865 3007 illa
1898 2952 1980 3007 fa-

413 3053 591 3107 ciatis.
648 3051 736 3106 Fit
782 3065 911 3120 ergo
965 3065 1059 3117 per
1112 3047 1600 3102 sanctificationem
1658 3042 1978 3113 perfectam,

415 3153 471 3197 ut
500 3143 680 3199 omnis
706 3142 941 3196 carnalis
972 3140 1240 3210 appetitus
1277 3137 1487 3209 spiritui
1546 3144 1732 3188 nostro
1780 3133 1979 3187 illumi-

415 3245 546 3290 nato
600 3244 654 3288 et
689 3235 978 3300 virilieato,
1020 3232 1072 3287 id
1111 3240 1215 3297 est,
1243 3231 1396 3286 bonae
1428 3227 1692 3283 voluntati
1724 3225 1978 3296 subiicia-

416 3336 527 3381 tur.
569 3345 589 3380 ι

489 3421 594 3475 Sed
628 3420 757 3489 quid
788 3413 1073 3489 Augustini
1109 3419 1489 3474 auctoritatem
1522 3412 1898 3485 praeteximus,
1922 3423 1982 3468 ut

418 3509 669 3577 spiritum
703 3507 851 3561 illum
876 3506 1061 3562 carnis
1090 3506 1458 3562 adversarium
1500 3522 1640 3576 saepe
1669 3523 1766 3578 pro
1792 3506 1984 3560 animae

417 3599 749 3671 ἡγεμονικῷ,
783 3598 862 3652 vel
893 3598 1008 3668 ipsa
1047 3608 1192 3653 certe
1247 3599 1427 3652 anima
1478 3601 1617 3653 sumi
1671 3602 1982 3668 probemus,

419 3707 539 3744 cum
575 3691 623 3745 id
658 3701 735 3745 tot
773 3690 1074 3759 Scriptura:
1102 3689 1233 3744 locis
1255 3690 1446 3745 confici
1478 3691 1685 3760 possit?
1722 3692 1869 3746 velut
1894 3692 1984 3745 illo

419 3782 612 3837 Matth.
645 3799 792 3849 xxvi,
822 3782 887 3835 41
918 3799 933 3837 :
975 3800 993 3832 ι
1028 3782 1264 3851 Spiritus
1291 3783 1512 3849 quidem
1564 3794 1847 3853 promptus
1879 3794 1987 3847 est,

419 3887 546 3927 caro
587 3883 768 3927 autem
811 3873 1060 3936 infirma;
1096 3891 1115 3924 ι
1161 3882 1215 3925 et
1251 3872 1343 3925 illo
1387 3872 1403 3926 Ι
1434 3872 1561 3930 Cor.
1596 3888 1653 3937 v,
1680 3874 1712 3927 5
1746 3889 1761 3926 :
1821 3892 1840 3925 ι
1879 3874 1989 3942 Ego

419 3963 661 4033 iudicavi
713 3964 931 4017 tradere
977 3963 1287 4030 hujusmodi
1346 3964 1562 4018 Satanae
1606 3967 1657 4018 iu
1715 3966 1989 4019 interitum

422 4054 627 4116 carnis,
661 4062 721 4105 ut
753 4052 978 4120 spiritus
1007 4052 1189 4106 salvus
1233 4054 1304 4107 sit
1351 4055 1405 4106 in
1438 4055 1523 4108 die
1554 4054 1767 4107 Domini
1817 4055 1991 4109 nostri

422 4142 549 4198 Jesu
571 4144 809 4209 Christi;
850 4164 868 4195 ι
914 4154 969 4197 et
1002 4144 1090 4198 illo
1119 4145 1157 4198 ll
1198 4144 1325 4199 Cor.
1371 4161 1466 4210 \'ll,
1514 4147 1581 4201 1;
1625 4165 1644 4198 ι
1677 4147 1995 4201 Mundenius

424 4250 526 4289 nos
555 4236 621 4288 ab
653 4236 801 4288 omni
846 4235 1255 4303 inquinamento
1282 4236 1464 4291 carnis
1504 4245 1559 4291 et
1587 4236 1842 4305 spiritus;
1880 4255 1899 4288 ι
1942 4245 1997 4291 et

425 4329 517 4382 illo
541 4327 739 4396 Ephcs.
763 4342 836 4392 IV,
867 4326 1039 4380 20-23
1066 4345 1078 4379 :
1114 4345 1132 4378 ι
1165 4324 1273 4380 Vos
1296 4337 1603 4381 autemnon
1631 4327 1705 4380 ita
1728 4326 1998 4382 didicistis

2064 502 2161 556 bus
2236 514 2338 554 non
2398 498 2554 552 aliter
2588 496 2726 550 sumi
2776 493 2999 564 spiritus
3053 498 3257 560 potest,
3301 503 3467 556 quam
3527 502 3653 556 pro

2062 592 2267 656 anima,
2299 591 2384 645 vel
2411 590 2605 643 anima:
2636 588 2965 657 ήγεμονικῳ,
3005 598 3113 652 quo
3152 581 3310 636 modo
3360 579 3653 650 Origenes

2066 680 2353 736 intellexit.

2144 773 2253 828 Vll.
2280 773 2356 828 Ex
2393 772 2478 827 his
2523 769 2748 826 edicitur
2783 766 3089 823 inferiorem
3144 763 3339 818 animm
3387 770 3649 830 partem,

2066 881 2187 935 quas
2252 866 2431 919 anima
2488 862 2808 932 simpliciter
2862 858 3162 930 appellatur
3216 856 3297 925 (ut
3352 853 3647 922 superior,

2065 958 2331 1027 spiritus),
2367 955 2597 1009 mediam
2625 968 2743 1007 esse
2762 950 3155 1020 quodammodo
3200 946 3458 1016 spiritum
3492 944 3653 997 inter

2064 1060 2118 1103 et
2148 1062 2368 1103 carnem
2396 1063 2410 1111 ;
2442 1046 2543 1099 hoc
2576 1054 2653 1098 est
2676 1043 2897 1111 spiritus
2928 1042 3067 1093 inter
3091 1038 3397 1095 suasiones,
3427 1042 3487 1087 et
3516 1047 3649 1086 ear-

2066 1138 2153 1191 nis
2205 1136 2494 1190 incentiva.
2555 1152 2573 1184 ι
2609 1133 2741 1187 Cum
2789 1131 3027 1197 dicitur,
3087 1148 3105 1181 ι
3159 1129 3333 1199 inquit
3365 1127 3652 1196 Origenes

2068 1226 2162 1283 lib.
2198 1245 2214 1283 ι
2246 1228 2302 1280 in
2328 1224 2501 1293 Epist.
2532 1224 2600 1276 ad
2634 1222 2815 1287 Rom.,
2848 1236 2998 1275 num.
3025 1220 3111 1282 18.
3152 1240 3170 1273 ι
3205 1220 3329 1289 quia
3362 1235 3496 1272 coro
3516 1234 3650 1271 cou-

2068 1318 2288 1387 cupiscit
2318 1316 2567 1370 adversus
2597 1314 2837 1380 spiritum
2856 1351 2872 1375 ,
2903 1311 3117 1379 spiritus
3160 1319 3336 1362 autem
3378 1309 3650 1361 adversus

2068 1426 2278 1465 carnem
2310 1409 2377 1473 σί,
2411 1408 2585 1463 media
2613 1404 2797 1476 procul
2829 1404 2991 1459 dubio
3022 1403 3241 1472 ponitur
3269 1401 3454 1455 anima
3474 1443 3490 1467 ,
3523 1418 3651 1471 qua!

2068 1501 2152 1555 vel
2200 1499 2484 1555 desideriis
2534 1498 2758 1566 spiritus
2802 1495 3147 1563 acquiescat,
3194 1492 3283 1547 vel
3332 1492 3401 1546 ad
3452 1494 3653 1547 carnis

2069 1587 2533 1656 concupiscentias
2570 1585 2875 1659 inclinetur.
2916 1602 2936 1637 ι
2968 1583 3171 1650 Quibus
3198 1582 3345 1635 addit
3379 1622 3395 1647 ,
3433 1596 3507 1636 ac
3551 1598 3653 1635 va-

2071 1683 2167 1735 riis
2217 1679 2512 1749 Scripturae
2558 1679 2689 1734 locis
2729 1680 2952 1749 probat,
2998 1677 3280 1746 utriusque
3327 1677 3469 1739 viae,
3532 1686 3649 1730 tum

2070 1774 2183 1841 eius
2210 1788 2328 1841 qua:
2356 1773 2534 1826 carnis
2566 1781 2670 1837 est,
2700 1780 2809 1826 tum
2842 1770 2959 1837 eius
3004 1785 3122 1839 quae
3163 1769 3422 1838 spiritus,
3482 1783 3650 1821 mon-

2070 1874 2333 1919 stratores
2377 1874 2432 1919 et
2467 1862 2709 1917 fautores
2756 1861 2976 1930 angelos
3007 1860 3261 1915 assistere
3298 1859 3648 1925 hominibus,

2073 1954 2459 2023 Christumque
2491 1954 2663 2020 ipsum
2692 1953 2832 2005 viam
2860 1952 3081 2020 spiritus
3124 1951 3435 2007 hominibus
3478 1953 3647 2023 quasi

2071 2056 2317 2099 sternere
2356 2060 2369 2096 :
2418 2062 2437 2094 ‹
2473 2042 2636 2097 Favet
2660 2052 2712 2096 et
2738 2042 2851 2108 ipse
2890 2040 3180 2106 Dominus,
3213 2042 3411 2109 inquit,
3439 2043 3651 2110 quippe

2073 2137 2162 2206 qui
2191 2138 2352 2191 etiam
2383 2136 2618 2189 animam
2651 2150 2802 2189 suam
2832 2134 2985 2201 ponit
3011 2148 3108 2203 pro
3143 2133 3333 2189 ovibus
3361 2134 3504 2186 suis.
3539 2134 3651 2187 Sed

2071 2241 2137 2280 ex
2169 2235 2396 2296 utraque
2443 2231 2597 2293 parte
2634 2222 2834 2278 favoris
2868 2222 3151 2291 disciplina
3196 2231 3471 2276 servatur.
3526 2222 3650 2276 Non

2074 2318 2217 2371 enim
2269 2316 2318 2370 vi
2362 2329 2450 2371 res
2486 2316 2685 2385 agitur,
2739 2329 2916 2383 neque
2961 2314 3283 2369 necessitate
3327 2313 3381 2367 in
3412 2313 3651 2368 alteram

2074 2416 2283 2476 partem
2336 2405 2514 2458 anima
2549 2404 2853 2459 declinatur
2886 2420 2900 2457 :
2937 2403 3173 2473 alioquin
3214 2418 3311 2458 nec
3355 2403 3522 2473 culpa
3572 2404 3650 2467 ei,

2086 2513 2186 2552 nec
2232 2498 2403 2551 virtus
2434 2505 2618 2567 posset
2663 2496 2899 2559 ascribi;
2950 2508 3049 2550 nec
3075 2495 3199 2549 boni
3252 2494 3450 2549 electio
3493 2510 3649 2564 pra-

2082 2590 2246 2644 mium
2274 2627 2289 2653 ,
2326 2603 2426 2645 nec
2478 2588 2764 2645 declinatio
2787 2587 2910 2641 mali
2940 2587 3254 2657 supplicium
3292 2597 3647 2652 mereretur;

2079 2681 2169 2735 sed
2208 2668 2457 2736 servatur
2495 2680 2541 2734 ei
2574 2681 2625 2734 in
2655 2679 2907 2734 omnibus
2935 2678 3160 2734 libertas
3184 2678 3434 2742 arbitrii,
3481 2688 3548 2731 ut
3594 2679 3650 2732 in

2082 2778 2225 2840 quod
2256 2772 2485 2828 voluerit
2513 2773 2627 2842 ipsa
2659 2771 2917 2837 declinet,
2945 2772 3087 2827 sicut
3126 2774 3385 2842 scriptum
3433 2784 3521 2828 est
3551 2773 3601 2804 ⁸⁸
3634 2790 3648 2826 :

2081 2864 2223 2919 Ecce
2248 2864 2401 2933 posui
2442 2874 2567 2919 ante
2592 2863 2786 2919 faciem
2819 2874 2963 2917 tuam
3006 2866 3174 2918 vitam
3215 2873 3261 2919 et
3294 2873 3563 2929 mortem,
3596 2876 3654 2920 et

2083 2958 2261 3026 ignem
2295 2966 2350 3011 et
2378 2971 2599 3025 aquam.
2644 2974 2664 3008 ι
2702 2955 2810 3010 Nec
2840 2956 3019 3009 minus
3050 2956 3193 3011 clare
3221 2956 3360 3011 idem
3389 2959 3653 3027 exprimit

2007 3091 2049 3147 ο
2092 3048 2183 3102 lib.
2214 3064 2272 3102 ιιι
2300 3048 2437 3118 Περὶ
2466 3047 2689 3118 ἀρχῶν,
2721 3063 2843 3118 cap.
2874 3049 2931 3114 4,
2956 3063 3105 3102 num.
3129 3048 3185 3102 2.

2152 3139 2344 3209 Arguit
2396 3139 2508 3192 haec
2554 3152 2767 3207 quoque
2814 3138 3017 3192 erroris
3066 3135 3354 3192 Jansenius
3415 3146 3552 3193 tom.
3609 3139 3648 3203 l,

2086 3232 2180 3286 lib.
2205 3247 2266 3295 il,
2297 3246 2417 3300 cap.
2450 3231 2484 3286 5
2515 3247 2529 3285 :
2564 3249 2581 3283 ι
2619 3229 2803 3299 Neque
2840 3244 2995 3291 vero,
3038 3229 3229 3298 inquit,
3263 3230 3470 3299 Pelagii
3528 3242 3654 3285 tan-

2083 3332 2217 3387 tum,
2251 3322 2496 3377 Cassiani
2545 3333 2706 3393 atque
2730 3322 2984 3393 Origenis
3016 3323 3120 3376 fuit
3145 3322 3248 3376 ista
3274 3322 3339 3376 de
3365 3321 3652 3376 affectibus

2082 3413 2422 3469 naturalibus
2446 3413 2605 3469 bonis
2638 3430 2702 3471 ac
2740 3415 2895 3470 malis
2930 3430 2995 3469 ex
3039 3415 3160 3485 lege
3207 3414 3442 3469 naturali
3488 3424 3651 3483 atque

2085 3521 2247 3561 carne
2272 3506 2663 3575 prodeuntibus
2681 3522 2789 3573 ,ac
2846 3508 2912 3562 de
2965 3507 3146 3561 anima
3200 3508 3341 3561 inter
3385 3515 3653 3574 utrosque

2084 3599 2258 3654 media
2284 3599 2438 3655 istius
2475 3598 2755 3668 apostolici
2802 3599 2905 3653 loci
2939 3600 3208 3668 expositio
3233 3640 3249 3664 ,
3283 3599 3376 3654 sed
3408 3600 3650 3654 omnium

2084 3692 2306 3746 omnino
2337 3691 2747 3761 Pelagianorum
2768 3731 2785 3757 ,
2817 3706 3045 3759 quorum
3082 3691 3279 3759 scripta
3322 3690 3508 3743 videre
3551 3706 3652 3759 po-

2090 3782 2186 3835 tui.
2231 3801 2249 3834 ι
2291 3782 2382 3837 Sic
2416 3792 2591 3836 tamen
2640 3781 2994 3852 Hieronymus
3030 3782 3084 3835 in
3114 3779 3282 3847 Epist.
3326 3782 3394 3832 ad
3439 3777 3560 3835 Gal.
3598 3795 3655 3844 v,

2091 3873 2155 3925 17
2194 3890 2206 3927 :
2255 3891 2274 3923 ‹
2309 3872 2449 3927 Caro
2492 3872 2853 3941 praesentibus
2907 3871 3209 3926 delectatur
3263 3880 3317 3925 et
3365 3871 3652 3936 brevibus;

2092 3964 2315 4032 spiritus
2343 3964 2617 4033 perpetuis
2646 3973 2700 4017 et
2725 3962 2943 4018 futuris.
2973 3961 3118 4016 inter
3146 3963 3249 4016 hoc
3273 3961 3514 4031 iurgium
3542 3976 3655 4017 me-

2096 4054 2180 4108 dia
2217 4054 2395 4108 anima
2424 4054 2692 4116 consistit,
2720 4054 2926 4109 habens
2949 4053 3164 4123 quidem
3190 4053 3242 4107 in
3270 4066 3365 4106 sua
3389 4061 3657 4120 potestate

2096 4146 2294 4201 bonum
2322 4156 2377 4201 et
2403 4146 2633 4213 malum;
2672 4146 2806 4201 velle
2836 4155 2888 4200 et
2930 4146 3106 4211 nolle;
3144 4164 3163 4197 ι
3206 4153 3259 4199 et
3285 4146 3445 4214 paulo
3490 4155 3656 4214 post:

2104 4256 2123 4289 ι
2157 4238 2308 4303 Quod
2338 4246 2396 4292 ut
2425 4238 2759 4292 manifestius
2788 4237 2898 4303 fiat,
2931 4237 3146 4307 aliquod
3176 4251 3451 4292 sumamus
3476 4250 3665 4291 exem-

2099 4330 2243 4400 plum
2281 4347 2294 4383 :
2326 4346 2486 4395 caro,
2517 4341 2695 4397 terra;
2722 4331 2923 4394 anima,
2954 4345 3178 4395 aurum;
3213 4329 3441 4399 spiritus
3465 4369 3481 4394 ,
3522 4329 3667 4398 ignis

424 4416 724 4480 Christum,
761 4419 803 4471 si
838 4428 1015 4470 tamen
1046 4417 1192 4469 illum
1218 4417 1463 4483 audistis,
1508 4418 1639 4471 etin
1671 4416 1788 4487 ipso
1819 4417 1995 4472 edocti
2028 4436 2071 4493 ι)
2100 4431 2339 4478 vocetur.
2374 4422 2621 4489 Quandiu
2653 4436 2845 4477 aurum
2875 4421 3040 4476 fuerit
3067 4422 3120 4476 in
3160 4432 3301 4477 terra
3331 4421 3509 4492 perdit
3561 4436 3662 4475 vo-

424 4509 584 4577 estis,
620 4511 761 4563 sicut
788 4519 869 4563 est
893 4509 1097 4563 veritas
1129 4508 1181 4561 in
1229 4507 1378 4563 Jesu.
1430 4508 1711 4578 Deponcre
1761 4524 1855 4563 vos
1906 4524 1995 4563 se-

428 4600 661 4654 cundum
686 4600 974 4668 pristinam
1012 4600 1484 4654 conversationem
1527 4610 1769 4655 veterem
1815 4601 1994 4655 homi-

431 4706 576 4754 nem,
602 4692 690 4758 qui
722 4691 1093 4759 corrumpitur
1126 4691 1423 4746 secundum
1455 4692 1723 4746 desideria
1767 4694 1992 4747 erroris.

434 4779 785 4834 Renovamini
811 4792 988 4834 autem
1018 4782 1209 4850 spiritu
1240 4782 1436 4836 mentis
1459 4791 1673 4847 vestrae,
1707 4797 1761 4837 et
1792 4784 1998 4839 induite

434 4887 633 4927 norum
670 4873 977 4937 hominem;
1017 4890 1035 4922 ι
1071 4881 1124 4925 et
1158 4872 1249 4925 illo
1291 4871 1309 4925 Ι
1340 4872 1651 4937 Thessal.v,
1681 4873 1781 4928 23:
1808 4891 1826 4925 ι
1882 4873 1999 4943 Ipse

435 4971 616 5017 autem
643 4962 783 5017 Deus
813 4964 959 5032 pacis
986 4963 1293 5018 sanctificet
1320 4978 1414 5019 vos
1441 4978 1538 5033 per
1566 4966 1748 5020 omnia
1783 4988 1795 5021 :
1830 4976 1886 5019 ut
1918 4966 2001 5019 in-

434 5065 588 5124 teger
619 5055 847 5124 Spiritus
880 5066 1079 5120 vester,
1107 5066 1161 5109 et
1189 5056 1391 5121 anima,
1425 5065 1478 5110 et
1505 5071 1701 5125 corpus
1730 5058 1849 5111 sine
1877 5072 2004 5125 que-

438 5145 549 5200 rela
584 5145 636 5197 in
668 5145 903 5199 adventu
931 5146 1143 5199 Domini
1167 5146 1339 5199 nostri
1386 5145 1513 5201 Jesu
1565 5147 1764 5203 Christi
1816 5162 2000 5203 serve-

441 5245 560 5297 tur;
585 5254 604 5288 ι
644 5246 697 5290 et
723 5236 815 5290 illo
849 5236 1012 5291 Hebr.
1047 5252 1123 5301 Iv,
1156 5237 1222 5291 12
1254 5254 1266 5290 :
1307 5255 1325 5288 ι
1353 5237 1518 5293 Vivus
1553 5249 1638 5293 est
1658 5240 1802 5293 enim
1828 5254 2008 5293 sermo

445 5327 543 5381 Dei
569 5334 624 5381 et
644 5324 852 5390 efficax,
877 5336 932 5381 et
953 5327 1343 5395 penetrabilior
1362 5329 1507 5381 omni
1537 5329 1716 5397 gladio
1738 5329 1962 5397 ancipiti
1988 5344 2002 5381 :

444 5430 501 5476 et
529 5421 844 5492 pertingens
872 5434 1041 5490 usque
1067 5420 1135 5474 ad
1166 5420 1491 5475 divisionem
1526 5421 1719 5475 animae
1747 5430 1803 5475 et
1844 5422 2008 5491 spiri-

443 5523 557 5580 tus,
592 5528 911 5584 compagum
936 5528 1152 5584 quoque
1174 5528 1237 5569 ac
1272 5513 1663 5581 medullarum,
1714 5522 1769 5570 et
1798 5513 2008 5571 discre-

556 5696 600 5729 “
626 5694 801 5752 Galat.
836 5713 887 5764 ν,
920 5696 1004 5752 17.
1079 5698 1122 5730 ⁶²
1145 5695 1309 5753 Eccli.
1340 5710 1427 5764 xv,
1460 5694 1543 5751 l7.

2099 4514 2348 4568 cabulum
2379 4529 2557 4577 suum,
2591 4523 2646 4568 et
2679 4528 2708 4567 a
2744 4522 2887 4568 terra
2919 4513 3005 4567 cui
3044 4513 3385 4567 commislum
3410 4522 3537 4576 est,
3567 4526 3664 4582 ap-

2099 4604 2345 4673 pellatur.
2395 4603 2528 4657 Cum
2578 4618 2706 4657 vero
2758 4611 3066 4671 separatum
3120 4603 3186 4656 ab
3234 4602 3432 4664 humo,
3464 4603 3582 4655 auri
3612 4614 3664 4655 et

2100 4694 2330 4760 speciem
2363 4702 2417 4747 et
2441 4706 2632 4748 nomen
2664 4691 2954 4760 acceperit,
2988 4705 3174 4743 aurum
3200 4690 3416 4759 quidem
3444 4690 3662 4753 dicitur,

2101 4787 2195 4841 sed
2234 4787 2459 4841 necdum
2506 4785 2812 4853 probatum.
2855 4782 2911 4837 Si
2966 4793 3147 4837 autem
3201 4796 3296 4847 per
3349 4782 3528 4847 ignem
3573 4796 3663 4835 ex-

2101 4885 2316 4931 coctum
2360 4875 2527 4929 fuerit
2548 4882 2601 4929 et
2627 4874 2947 4943 probatum,
2976 4882 3103 4926 tunc
3142 4872 3259 4925 auri
3300 4870 3661 4939 splendorem.

2102 4978 2157 5022 et
2185 4976 2412 5023 ornatus
2452 4967 2534 5022 sui
2568 4965 2765 5035 accipit
2802 4964 3140 5034 dignitatem.
3180 4962 3257 5017 lta
3290 4972 3345 5016 et
3376 4962 3560 5016 anima
3586 4963 3666 5016 in-

2107 5066 2189 5112 ter
2220 5058 2511 5111 humanum
2547 5067 2604 5111 et
2639 5056 2837 5125 ignem,
2871 5056 2971 5110 hoc
2998 5063 3081 5109 est
3113 5055 3251 5107 inter
3303 5068 3525 5107 carnem
3561 5053 3667 5120 spi-

2106 5146 2380 5216 ritumque
2426 5147 2761 5212 consistens,
2801 5145 3019 5216 quando
3062 5158 3121 5199 se
3170 5143 3455 5197 tradiderit
3499 5141 3666 5206 carni,

2108 5254 2239 5294 caro
2265 5239 2501 5304 dicitur;
2532 5239 2750 5308 quando
2777 5237 3012 5306 spiritui,
3045 5235 3273 5303 spiritus
3295 5233 3612 5304 appellatur.
3644 5251 3662 5285 ι

2110 5331 2203 5385 Sic
2255 5339 2309 5384 et
2386 5331 2718 5400 Augustinus
2774 5328 2867 5383 lib.
2913 5343 2949 5381 x
2996 5325 3073 5379 De
3127 5322 3312 5380 Cenes.
3362 5326 3433 5377 ad
3489 5324 3665 5388 tum,

2110 5437 2231 5492 cap.
2272 5421 2359 5486 12,
2392 5424 2625 5475 animam
2658 5431 2906 5491 tanquam
2943 5421 2996 5475 in
3037 5418 3211 5473 medio
3236 5417 3506 5487 positam,
3540 5429 3664 5469 non-

2113 5529 2388 5584 nunquam
2425 5530 2452 5568 a
2484 5502 2646 5569 carne
2682 5513 2749 5568 ad
2779 5513 2906 5569 vitia
2940 5510 3200 5582 deprimi,
3234 5518 3666 5579 nonnunquam:
