3836 6236
192 307 294 363 920

1003 304 1578 363 ORIGENIANORUM
1622 305 1750 362 LIB.
1795 304 1860 371 ll,
1901 304 2058 362 CAP.
2100 303 2165 369 ll,
2205 302 2483 371 QUIEST.
2524 302 2638 358 VII.

3332 300 3438 359 950

196 424 389 497 spiritu
435 425 501 480 ad
539 426 792 481 virtutem
841 428 980 497 erigi
1029 430 1237 486 scribit.
1288 429 1440 486 Sicut
1478 438 1655 484 autem
1693 427 1758 481 ad
1787 432 1833 488 Α
1862 427 2006 481 disse
2035 426 2240 481 homini
2273 442 2465 482 omnes
2501 426 2748 494 allectus,
2775 438 3076 497 omnesque
3109 434 3290 481 motus
3316 428 3443 495 qui-

198 526 479 585 utramque
504 525 709 584 partem
733 557 749 583 ,
783 520 1041 572 virtutem
1069 528 1124 574 et
1154 521 1379 585 vitium,
1415 521 1633 575 allicere
1664 536 1761 575 nos

196 608 362 665 honos
421 625 483 665 ac
533 611 706 667 malos
764 612 987 682 angelos
1038 613 1172 667 dixit
1217 613 1481 685 Origenes
1535 615 1630 670 lib.
1663 632 1677 669 ι
1707 616 1762 669 εκ

195 699 362 769 Epist.
404 705 473 756 ad
516 703 696 770 Rom.,
731 720 880 758 num.
915 705 1004 772 i8,
1037 706 1180 761 hunc
1209 707 1571 777 interpretans
1611 707 1760 762 Pauli

192 786 365 844 locum
392 790 483 859 qui
520 792 751 847 habetur
779 793 900 849 Gal.
937 810 992 860 v,
1025 795 1113 859 17,
1155 798 1228 851 ita
1262 810 1542 868 postquam
1590 799 1640 852 in
1673 814 1763 852 ea-

188 884 306 938 dem
332 882 479 938 Pauli
508 886 670 939 verba
696 886 1031 957 Augustinus
1060 904 1123 943 ea
1150 890 1405 945 disseruit
1437 906 1557 960 qua!
1596 906 1759 959 supra

187 975 462 1032 attulimus
489 993 519 1032 e
546 994 750 1034 Lxxxm
789 979 1180 1046 Quaestionibus
1200 1024 1214 1047 ,
1248 993 1440 1051 qmest.
1471 983 1562 1048 70,
1610 983 1762 1039 addit

188 1067 381 1122 deinde
415 1086 429 1123 :
477 1087 498 1121 ι
532 1068 686 1126 Nunc
718 1074 956 1140 quandiu
991 1084 1074 1128 est
1106 1075 1156 1129 iu
1182 1075 1336 1131 nobis
1356 1078 1499 1145 quod
1542 1079 1762 1132 resistat

190 1159 337 1214 bona:
364 1160 626 1216 voluntati
654 1202 670 1227 ,
700 1164 901 1219 auxilio
937 1166 1030 1219 Dei
1080 1181 1174 1235 per
1219 1168 1389 1222 bonos
1421 1168 1667 1222 homines
1710 1176 1764 1223 et

186 1253 354 1309 honos
384 1255 604 1326 angelos
634 1256 963 1325 indigemus,
1000 1267 1057 1311 ut
1084 1260 1255 1313 donec
1301 1271 1522 1313 sanetur
1566 1260 1761 1315 vulnus

189 1357 452 1411 nostrum,
489 1363 594 1402 non
628 1349 698 1402 ita
719 1350 985 1417 molestet,
1022 1361 1083 1405 ιιι
1108 1351 1337 1420 perimat
1362 1352 1529 1408 etiam
1557 1353 1757 1407 bonam

185 1437 537 1494 voluntatem.
578 1459 597 1493 ι
635 1440 811 1510 Atque
834 1443 951 1497 haec
985 1452 1093 1497 tam
1141 1443 1345 1499 diserte
1383 1445 1524 1514 apud
1579 1446 1763 1514 Augu-

186 1533 384 1587 stimun
426 1549 679 1603 expressa
704 1550 803 1589 cur
838 1535 889 1589 in
928 1534 1164 1605 Origene
1207 1534 1586 1607 Pelagianismi
1625 1537 1759 1591 Insi-

184 1624 470 1680 mnlaverit
492 1625 801 1689 Jansenius,
830 1634 908 1681 tot
930 1641 1104 1682 annos
1133 1627 1186 1681 in
1213 1627 1501 1697 Augustini
1527 1627 1760 1683 lectione

184 1725 471 1781 tractatus,
506 1717 700 1770 mirum
732 1732 863 1771 sane
893 1726 999 1773 est.

255 1803 389 1861 Vlll.
425 1807 577 1864 Nunc
609 1824 737 1864 vero
772 1818 988 1879 propter
1031 1818 1268 1864 assertos
1317 1810 1543 1865 aﬂ‘ectus
1590 1811 1758 1866 bonos

180 1909 237 1952 et
264 1901 437 1954 malos
461 1914 527 1955 ex
573 1915 740 1956 carne
790 1901 1110 1956 naturaliter
1158 1903 1522 1971 prodeuntes,
1564 1904 1757 1972 jurene

182 1995 395 2048 venerit
448 1994 501 2048 in
566 1995 770 2049 crimen
807 1992 1094 2066 Origenes,
1143 1998 1515 2066 auquiramus.
1567 1999 1644 2052 Ac
1692 1998 1758 2053 de

181 2084 339 2139 malis
389 2084 606 2152 quidem
658 2087 1031 2141 controversia
1084 2087 1231 2141 nulla
1291 2096 1408 2152 est;
1476 2088 1543 2143 de
1601 2090 1757 2144 bonis

179 2183 392 2229 tantum
414 2176 777 2231 contenditur.
819 2176 971 2244 Quod
1003 2187 1293 2247 antequam
1341 2179 1620 2249 disputare
1666 2196 1758 2234 or-

179 2261 415 2328 diamur,
460 2262 747 2319 dicendum
782 2276 866 2320 est
915 2264 1254 2333 Jauseninm,
1302 2282 1407 2321 non
1449 2270 1550 2323 hoc
1580 2269 1754 2324 solmn

180 2350 298 2408 loco
330 2368 492 2423 quem
534 2354 809 2418 diximus,
862 2358 958 2412 sed
1005 2360 1309 2430 signantius
1353 2362 1516 2414 etiam
1548 2369 1682 2416 tom.
1711 2361 1753 2430 l,

181 2443 272 2498 lib.
303 2461 379 2509 vr,
408 2460 527 2515 cap.
561 2446 647 2511 M,
675 2448 783 2502 vim
832 2447 1001 2511 illam,
1052 2451 1168 2505 sive
1219 2460 1278 2504 ut
1332 2451 1444 2520 ipse
1493 2451 1753 2523 loquitur,

179 2533 559 2590 suﬂicienliam
601 2537 738 2607 legis
779 2540 1043 2594 naturalis
1089 2540 1447 2611 impugnare;
1484 2558 1647 2613 quam
1698 2554 1756 2598 ut

180 2627 246 2680 ab
269 2626 507 2697 Orlgene
536 2631 796 2685 creditam
826 2642 879 2684 et
909 2632 1185 2687 defensam
1218 2633 1384 2687 fuisse
1409 2635 1608 2689 clarius
1633 2652 1756 2705 pro-

179 2717 285 2784 het,
305 2721 423 2775 haec
438 2720 556 2790 ejus
574 2724 737 2776 verba
770 2723 963 2779 recitat
982 2739 1012 2778 e
1032 2724 1126 2778 lib.
1160 2741 1193 2779 ιι
1217 2726 1270 2778 in
1292 2725 1464 2794 Epist.
1483 2730 1550 2782 ad
1577 2728 1752 2795 Rom.,

179 2828 326 2866 num.
359 2815 427 2878 7,
466 2830 589 2885 pag.
631 2816 737 2871 684
779 2835 792 2871 :
841 2835 859 2867 ι
901 2816 1086 2872 Potest
1117 2818 1228 2872 ﬁeri
1254 2860 1269 2885 ,
1322 2829 1379 2874 ut
1429 2821 1511 2875 vel
1550 2837 1613 2875 ex
1669 2823 1753 2877 his

178 2900 268 2967 qui
307 2901 359 2954 in
396 2900 513 2971 lege
536 2913 684 2968 sunt,
724 2904 770 2957 si
794 2906 918 2972 quis
954 2907 1303 2973 persuasione
1342 2910 1559 2977 quidem
1602 2926 1753 2965 com-

180 2994 327 3047 muni
360 2994 578 3050 Cbristo
610 3010 717 3051 non
750 2998 946 3062 credit,
976 3009 1231 3066 Operetur
1262 3009 1439 3055 tamen
1475 3004 1615 3070 quod
1659 3003 1753 3056 bo-

179 3096 303 3135 num
333 3094 443 3147 est,
475 3084 741 3154 justitiam
779 3094 994 3153 teneat,
1058 3089 1486 3144 misericordiam
1540 3091 1744 3161 diligat,

1863 518 1964 571 bus
1992 518 2058 570 ad
2095 518 2349 572 virtutem
2408 517 2508 572 niti
2560 518 2730 585 possit
2777 525 2833 573 et
2882 517 3132 587 progredi
3167 533 3182 570 :
3216 518 3443 589 insuper

1862 608 2024 661 etiam
2063 608 2168 661 vim
2199 608 2423 662 rationis
2462 608 2790 673 inseruisse,
2816 624 2919 678 qua
2956 618 3281 679 agnosceret
3310 610 3439 680 quid

1863 701 2083 755 deberet
2138 713 2319 771 agere,
2372 701 2501 770 quid
2548 716 2763 757 cavere.
2824 702 2948 756 llmc
2998 717 3130 774 ergo
3161 705 3442 759 invenitur

1864 790 2008 845 Deus
2036 793 2398 846 communiter
2437 793 2691 846 omnibus
2740 791 3054 848 hominibus
3096 794 3440 862 praestitisse.

1864 884 1968 937 Sed
2000 885 2043 936 si
2079 885 2161 938 bis
2202 885 2441 952 acceptis
2491 884 2653 938 homo
2708 886 3013 949 neglexerit
3062 886 3166 941 iter
3218 886 3441 940 virtutis

1863 977 2143 1041 incedere,
2199 979 2285 1031 cui
2332 992 2398 1031 ex
2435 977 2541 1030 Deo
2600 978 2732 1031 nihil
2769 977 2971 1040 deluit,
3019 978 3292 1033 invenitur
3324 981 3441 1047 ipse

1862 1070 2099 1125 defuisse
2134 1070 2201 1125 iis
2232 1086 2352 1141 qua?
2382 1086 2410 1123 a
2447 1071 2554 1124 Deo
2581 1070 2702 1123 data
2736 1079 2864 1123 sunt
2885 1071 3010 1125 sibi.
3044 1090 3063 1121 ι
3100 1069 3223 1125 llaec
3249 1086 3442 1142 qnam-

1864 1164 1943 1216 vis
1984 1163 2439 1233 Pelagianismum
2477 1164 2713 1233 sapiant,
2745 1164 3033 1233 genuinam
3062 1173 3240 1219 tamen
3268 1180 3437 1233 expo-

1862 1256 2151 1319 sitionem,
2206 1270 2432 1324 eamque
2480 1255 2835 1309 orthodoxam
2898 1256 3138 1324 recipere
3190 1265 3437 1325 possunt,

1863 1347 1943 1401 vel
1976 1346 2333 1415 intelligendo
2366 1347 2595 1416 gratiam
2625 1346 2829 1401 homini
2861 1348 3041 1401 datam
3067 1363 3097 1400 a
3131 1347 3275 1412 Deo,
3317 1363 3434 1417 quas

1862 1438 2032 1506 gratia
2064 1438 2130 1492 ad
2161 1438 2387 1493 salutem
2421 1438 2823 1508 adipiscendam
2856 1437 3119 1505 sulliciat;
3154 1440 3238 1493 vel
3270 1440 3433 1495 intel-

1862 1529 2077 1598 ligendo
2124 1530 2294 1600 legem
2325 1539 2556 1595 naturae,
2599 1529 2754 1597 cujus
2796 1545 2899 1598 0pc
2925 1530 3088 1585 etiam
3135 1531 3334 1586 ethnici
3365 1532 3434 1586 ad

1860 1625 2086 1679 virtutes
2126 1623 2360 1678 morales
2411 1623 2506 1677 niti
2580 1632 2845 1691 possunt;
2897 1639 3003 1679 non
3044 1625 3111 1677 ad
3164 1638 3257 1679 eas
3313 1640 3436 1695 quae

1861 1717 2152 1786 quidquam
2186 1717 2565 1771 eonl‘erantad
2609 1717 2838 1771 salutem
2874 1730 2889 1770 :
2930 1717 3018 1772 hic
3062 1716 3207 1773 enim
3256 1719 3440 1787 gravis

1791 1799 1831 1854 Β
1860 1818 1999 1865 esset
2028 1826 2201 1876 error,
2231 1811 2317 1864 cui
2377 1810 2497 1864 sine
2537 1810 2773 1867 crimine
2823 1810 3156 1882 patrocinarl
3205 1825 3311 1865 non
3366 1811 3433 1866 li-

1857 1913 2028 1959 ceret.

1928 1994 2019 2049 IX.
2057 1994 2214 2050 Certe
2249 1994 2461 2063 aliquod
2489 1994 2613 2048 boui
2646 2009 2815 2065 genus
2846 2009 2914 2049 ex
2961 1996 3012 2049 vi
3048 2004 3258 2050 natura:
3300 1996 3437 2052 oriri

1856 2100 2015 2155 posse
2041 2096 2349 2140 sanctorum
2383 2084 2605 2140 Patrum
2651 2102 2841 2155 magna
2890 2101 3015 2155 pars
3064 2087 3282 2157 opinata
3326 2101 3431 2156 est,

1856 2176 1950 2229 sed
1981 2177 2308 2245 Augustinus
2334 2177 2659 2245 prtesertim,
2686 2176 2840 2244 cujus
2868 2178 2919 2230 in
2946 2177 3254 2246 hujusmodi
3284 2195 3433 2247 quas-

1857 2267 2122 2321 stionibus
2161 2268 2430 2336 praecipua
2472 2268 2772 2321 auctoritas
2803 2280 2905 2322 est.
2938 2268 3029 2322 Sic
3070 2269 3159 2321 ille
3184 2267 3324 2322 libro
3356 2268 3435 2323 De

1855 2360 2042 2426 spiritu
2078 2370 2124 2412 et
2153 2360 2329 2413 littera
2349 2398 2366 2423 ,
2398 2374 2521 2429 cap.
2549 2358 2618 2414 27
2651 2378 2665 2414 :
2704 2377 2722 2411 t
2767 2359 2823 2415 Si
2850 2371 3027 2416 autem
3073 2361 3124 2415 hi
3155 2362 3244 2431 qui
3273 2373 3431 2415 natu-

1857 2450 2046 2505 raliter
2066 2466 2186 2520 qure
2207 2451 2343 2520 legis
2372 2462 2497 2505 sunt
2523 2449 2754 2515 faciunt,
2782 2454 3020 2505 nondum
3048 2461 3175 2506 sunt
3199 2452 3432 2507 habendi

1858 2545 1910 2598 in
1945 2556 2172 2599 numero
2203 2559 2390 2598 eorum
2424 2559 2559 2614 quos
2585 2544 2789 2599 Christi
2817 2542 3079 2614 justiticat
3106 2545 3301 2615 gratia,
3337 2547 3434 2599 sed

1856 2636 2127 2691 ineorum
2163 2636 2371 2705 potius,
2439 2650 2671 2705 quorum
2734 2635 2899 2688 etiam
2949 2635 3280 2703 impiorum,
3334 2651 3436 2690 nec

1858 2729 2024 2783 Deum
2069 2743 2255 2782 verum
2278 2728 2550 2782 veraciter
2568 2728 2822 2797 justeque
2844 2727 3156 2791 colentium,
3180 2728 3427 2797 quasdam

1859 2831 2035 2875 tamen
2069 2820 2208 2875 facta
2240 2820 2321 2874 vel
2354 2820 2599 2891 legimus,
2626 2820 2709 2873 vel
2746 2821 3014 2885 novimus,
3041 2826 3123 2874 vel
3161 2821 3435 2885 audimus,

1854 2926 1975 2981 qum
2017 2912 2311 2967 secundum
2350 2910 2575 2977 iustitiae
2623 2910 2863 2978 regulam
2917 2925 3022 2965 non
3076 2909 3248 2964 solum
3288 2911 3435 2965 vitu-

1855 3021 2048 3076 perare
2092 3020 2198 3059 non
2230 3018 2536 3072 possumus,
2570 3018 2758 3058 verum
2809 3003 2975 3058 etiam
3012 3004 3210 3058 merito
3264 3014 3439 3059 recte-

1856 3111 1961 3165 que
2003 3096 2283 3150 laudamus
2318 3114 2331 3148 :
2368 3110 2677 3164 quanquam
2722 3094 2766 3149 si
2819 3095 3135 3151 discutiatur
3176 3111 3284 3165 quo
3330 3095 3438 3151 tiae

180 3175 489 3228 castitatem
522 3185 577 3230 et
604 3178 1000 3232 continentiam
1026 3189 1225 3243 servet,
1261 3182 1578 3235 modestiam
1611 3183 1742 3237 leni-
1779 3159 1821 3216 ο
1858 3189 2011 3252 tiant,
2053 3189 2140 3240 vix
2168 3187 2540 3251 inveniuntur,
2570 3202 2687 3255 qua:
2714 3185 2941 3254 justitiaa
2964 3186 3198 3240 debitam
3222 3186 3435 3241 laudem

177 3270 456 3335 talemque
491 3267 781 3330 custodiat,
812 3277 975 3337 atque
1000 3284 1161 3323 omne
1207 3286 1345 3339 opus
1387 3270 1585 3325 bonum
1621 3287 1752 3341 Ope-

175 3365 359 3422 mtur;
428 3356 553 3420 hic,
616 3358 829 3412 etiamsi
883 3359 1042 3411 vitam
1093 3375 1199 3414 non
1247 3360 1411 3415 habet
1453 3370 1749 3427 aeternam,

175 3450 300 3515 quia
330 3449 560 3503 credens
590 3449 691 3503 soli
722 3464 846 3503 vero
882 3450 987 3505 Deo
1010 3490 1024 3512 ,
1076 3467 1182 3505 non
1238 3450 1467 3506 credidit
1513 3462 1569 3507 et
1617 3453 1753 3509 Filio

172 3538 289 3606 ejus
316 3537 448 3595 Iesu
488 3539 725 3605 Christo,
766 3557 923 3611 quem
958 3543 1135 3607 misit;
1180 3552 1360 3597 tamen
1403 3543 1574 3614 gloria
1624 3560 1753 3613 ope-

176 3646 290 3685 rum
338 3634 479 3703 ejus,
532 3644 586 3688 et
635 3649 737 3703 pax
781 3645 834 3689 et
876 3635 1049 3689 honor
1098 3637 1297 3704 poterit
1339 3652 1442 3691 non
1486 3639 1685 3705 perire.
1723 3657 1742 3690 ι

174 3723 350 3795 Atque
378 3741 442 3780 ea
474 3742 604 3781 sane
644 3728 885 3796 nuspiam
911 3728 976 3780 ad
1005 3742 1099 3781 eos
1135 3729 1462 3793 referuntur,
1499 3731 1590 3800 qui
1628 3740 1755 3786 sunt

176 3820 273 3869 sub
326 3819 444 3888 lege
498 3831 735 3883 naturte,
790 3820 882 3873 sed
934 3818 1235 3875 adJndmos
1276 3821 1366 3890 qui
1418 3823 1754 3891 regebantur

174 3909 432 3965 Mosaicis
457 3911 699 3981 legibus,
730 3927 758 3965 a
790 3913 986 3981 quibus
1033 3916 1474 3968 absterrebantur
1522 3929 1549 3966 a
1582 3915 1748 3980 vitiis,

172 4001 238 4053 ad
261 4002 519 4056 virtutem
541 4003 983 4056 incendebantur.
1002 4000 1296 4072 Sequentia
1329 4018 1461 4057 vero
1489 4005 1553 4058 ad
1575 4005 1751 4058 etimi-

171 4106 267 4148 cos
295 4105 507 4148 naturae
535 4094 705 4148 solum
738 4095 905 4164 legem
939 4105 1217 4149 servantes
1246 4097 1550 4164 pertinent:
1588 4114 1607 4146 ί
1644 4095 1750 4150 Sed

173 4192 227 4237 et
247 4181 496 4246 Graecus,
520 4184 569 4238 id
595 4193 677 4238 est
727 4185 959 4252 gentilis,
983 4186 1027 4239 si
1058 4201 1177 4239 cum
1205 4186 1372 4254 legem
1404 4200 1507 4239 non
1536 4186 1751 4251 habeat,

174 4276 289 4346 ipse
318 4277 422 4330 sibi
453 4285 535 4330 est
579 4276 685 4341 lex,
726 4278 1018 4331 ostendens
1052 4292 1186 4346 Optts
1218 4278 1351 4347 legis
1378 4278 1430 4331 in
1457 4279 1615 4332 corde
1651 4294 1753 4333 suo

172 4377 223 4421 et
246 4369 484 4423 naturali
527 4369 737 4424 ratione
765 4370 1042 4434 immotus,
1077 4371 1215 4423 sicut
1241 4370 1485 4424 videmus
1524 4370 1753 4424 nonnul—

172 4460 251 4515 los
276 4478 328 4515 tn
358 4461 644 4530 gentibus,
683 4461 764 4515 vel
791 4462 1059 4530 justitiam
1090 4469 1294 4525 teneat,
1334 4460 1416 4514 vel
1442 4461 1749 4514 castitatem

172 4566 389 4619 servet,
427 4554 508 4606 vel
539 4553 898 4622 prudentiam,
937 4554 1372 4622 temperantiam,
1403 4552 1752 4606 modestiam-

172 4659 275 4714 que
324 4646 635 4711 custodiat;
692 4646 794 4700 iste
845 4646 970 4698 licet
1028 4644 1238 4698 alienus
1273 4658 1301 4696 a
1348 4644 1455 4696 vita
1505 4643 1752 4698 videatur

172 4745 403 4799 eterna,
435 4736 560 4804 quia
587 4750 692 4790 non
720 4736 895 4789 credit
918 4733 1159 4799 Christo,
1187 4744 1241 4788 et
1265 4734 1468 4801 intrare
1495 4746 1597 4786 non
1624 4746 1752 4800 pos-

170 4827 243 4880 sit
289 4827 343 4879 in
400 4840 626 4893 regnum
674 4828 935 4882 caelorum
972 4826 1096 4894 quia
1151 4834 1369 4879 renatus
1405 4839 1510 4878 non
1558 4834 1639 4878 est
1682 4837 1749 4877 ex

172 4931 313 4987 aqua
343 4927 404 4972 et
437 4919 650 4986 spiritu,
689 4919 901 4972 videtur
938 4928 1114 4971 tamen
1164 4916 1305 4985 quod
1341 4931 1434 4983 per
1476 4916 1589 4971 haec
1628 4930 1749 4985 qua:

170 5011 431 5065 dicuntur
460 5013 529 5064 ab
560 5010 851 5079 Apostolo,
898 5010 1163 5064 bonorum
1213 5022 1442 5077 operum
1497 5007 1750 5075 gloriam,

169 5116 221 5157 et
252 5104 546 5166 honorem,
577 5114 628 5156 et
659 5117 844 5172 pacem
874 5105 1100 5171 perdere
1126 5101 1339 5170 penitus
1362 5115 1467 5153 non
1494 5100 1683 5168 possit.
1717 5116 1739 5152 ι

170 5192 431 5248 Pluribus
464 5194 657 5248 deinde
686 5202 1062 5263 argumentum
1090 5192 1228 5245 idem
1260 5191 1535 5259 expendit.
1570 5189 1751 5244 Refel-

171 5287 230 5339 lit
282 5300 502 5356 quoque
550 5283 837 5341 Jansenius
903 5298 1026 5339 cum
1090 5282 1458 5353 superioribus
1519 5282 1748 5335 alterum

171 5376 351 5432 locum
415 5378 759 5440 Adamantii,
819 5376 913 5447 qui
982 5390 1087 5431 non
1143 5377 1264 5430 sine
1329 5374 1579 5429 cautione
1620 5388 1752 5429 sane

172 5470 495 5526 tractandus
528 5481 628 5525 est.
667 5490 686 5523 ι
715 5472 1022 5526 Invenietur
1053 5469 1271 5540 quidem
1297 5468 1437 5523 Deus
1458 5509 1473 5535 ,
1511 5486 1529 5519 ι
1575 5468 1753 5539 inquit

172 5561 443 5633 Origenes
479 5562 567 5616 lib.
596 5578 652 5617 Ill
688 5565 742 5617 in
786 5563 958 5635 Epist.
988 5562 1056 5617 ad
1090 5561 1241 5618 Rom.
1269 5601 1285 5629 ,
1316 5576 1468 5615 num.
1503 5560 1556 5629 6,
1596 5579 1615 5613 ‹
1653 5562 1749 5617 de-

239 5744 287 5775 “
315 5744 480 5799 Rom.
506 5760 568 5809 ll,
593 5744 679 5800 13.

1854 3279 2293 3333 defensionemve
2328 3287 2661 3337 mereantur.
2695 3296 2713 3331 ι
2752 3279 2939 3347 Capite
2964 3279 3158 3333 deinde
3186 3278 3433 3348 sequenti

1854 3371 2044 3424 scribit
2070 3385 2175 3425 non
2212 3386 2385 3439 usque
2409 3372 2544 3425 adeo
2570 3380 2905 3425 terrenorutn
2936 3370 3224 3426 all‘ectuum
3260 3370 3431 3425 labem

1854 3462 2049 3514 animae
2075 3461 2325 3515 humana:
2358 3460 2687 3521 incubuisse,
2718 3470 2776 3513 ut
2809 3475 2916 3513 non
2945 3460 3208 3529 impressa
3238 3472 3430 3527 super-

1853 3550 1961 3605 sint
1997 3551 2252 3619 imaginis
2291 3550 2382 3604 Dei
2417 3551 2642 3619 vestigia
2666 3592 2681 3615 ,
2735 3551 2877 3602 umle
2926 3557 3192 3618 praecepta
3252 3549 3433 3620 aliqua

1852 3641 1985 3710 legis
2014 3641 2064 3694 in
2090 3642 2202 3709 ipsa
2233 3640 2392 3693 etiam
2420 3640 2690 3706 impietate
2712 3642 2941 3707 exsequi
2978 3643 3062 3693 vel
3093 3654 3284 3708 sapere
3313 3653 3427 3691 me-

1854 3732 1957 3784 ritu
1992 3730 2095 3783 dici
2124 3729 2311 3798 possit.
2342 3728 2507 3781 Addit
2530 3735 2720 3798 postea
2751 3728 2922 3797 legem
2958 3727 3055 3781 Dei
3088 3743 3193 3780 nun
3220 3728 3438 3796 penitus

1852 3836 1949 3891 per
1974 3830 2250 3891 peccatum
2290 3835 2320 3874 e
2348 3820 2602 3874 cordibus
2640 3820 2842 3874 nostris
2876 3834 3086 3873 erasam
3109 3859 3124 3882 ,
3164 3819 3420 3872 renovari

1852 3928 1947 3983 per
1980 3912 2229 3981 gratiam.
2269 3910 2336 3966 Et
2371 3912 2717 3980 postmodum
2744 3928 2757 3964 :
2790 3927 2808 3960 ι
2839 3908 2974 3963 Nam
2999 3918 3053 3963 et
3083 3909 3183 3978 ipsi
3219 3907 3434 3979 (Judaei)

1854 4006 2101 4061 homines
2155 4014 2341 4069 erant,
2374 4014 2430 4059 et
2477 4004 2559 4058 vis
2595 4003 2684 4057 illa
2732 4013 2936 4057 natura;
2980 4003 3158 4056 inerat
3185 4002 3301 4067 eis,
3328 4017 3433 4071 qua

1854 4097 2152 4166 legitimum
2181 4096 2385 4165 aliquid
2422 4094 2601 4148 anima
2638 4093 2921 4149 rationalis
2964 4103 3019 4147 et
3063 4093 3229 4147 sentit
3260 4100 3315 4146 et
3356 4091 3440 4145 fa-

1853 4191 1946 4245 cit.
1983 4210 2001 4243 ι
2039 4190 2173 4244 Tum
2218 4188 2375 4258 paulo
2399 4196 2553 4257 pust,
2608 4187 2683 4240 ait
2742 4201 2931 4255 parum
2987 4185 3330 4256 profuturum
3382 4185 3435 4238 in

1855 4282 2146 4353 diejudicii
2179 4282 2261 4336 his
2300 4290 2505 4334 natura:
2556 4278 2763 4348 legibus
2814 4278 3088 4346 paruisse,
3146 4276 3249 4331 nisi
3300 4274 3438 4328 forte

1855 4375 1921 4429 ad
1953 4373 2249 4444 mitiganda
2284 4371 2544 4441 supplicia
2579 4385 2637 4421 :t
2666 4368 2980 4423 Sicutenim
3006 4383 3112 4421 non
3137 4365 3438 4436 impediunt

1856 4479 1883 4518 a
1938 4466 2050 4517 vita
2102 4474 2305 4517 aeterna
2346 4462 2548 4530 justum
2602 4461 2848 4529 quaedam
2902 4466 3126 4526 peccata
3174 4455 3432 4520 venialia,

1857 4557 1973 4611 sine
2005 4556 2198 4624 quibus
2230 4555 2343 4608 hmc
2378 4554 2482 4607 vita
2535 4565 2639 4605 non
2680 4550 2898 4603 ducitur
2934 4564 2949 4604 :
2987 4548 3067 4603 sic
3097 4547 3164 4601 ad
3205 4546 3432 4601 salutem

1856 4660 2112 4703 aeternam
2146 4647 2275 4701 nilzil
2330 4652 2556 4714 prosunt
2607 4644 2770 4711 impio
2804 4640 2989 4709 aliqua
3042 4640 3185 4693 bona
3243 4653 3433 4707 opera,

1856 4742 1974 4795 sine
2001 4738 2196 4810 quibus
2222 4738 2538 4792 diliieillime
2578 4735 2685 4788 vita
2722 4733 3012 4803 cujuslibet
3060 4730 3283 4795 pessimi
3333 4732 3434 4785 ho-

1859 4831 2019 4885 minis
2075 4830 2367 4884 invenitur.
2410 4847 2429 4880 s
2493 4828 2558 4882 Et
2623 4829 2822 4881 iterum
2858 4842 2873 4879 ε
2903 4844 2921 4876 ‹
2962 4822 3104 4891 Quid
3145 4838 3274 4895 ergo
3310 4820 3435 4878 hinc

1856 4923 2149 4993 Apostolus
2186 4920 2399 4976 ellieere
2426 4920 2617 4986 voluit,
2656 4924 2796 4990 quod
2831 4917 3143 4989 iactantiam
3174 4917 3435 4971 cohibens

1852 5011 2183 5077 Judteorum,
2227 5025 2349 5065 cum
2382 5012 2612 5066 dixisset
2640 5026 2655 5063 :
2691 5009 2817 5064 Non
2848 5009 3121 5062 auditores
3150 5007 3279 5076 legis
3297 5006 3432 5074 juslt

1854 5110 1973 5153 sunt
1996 5099 2136 5163 apud
2156 5097 2344 5165 Deum,
2378 5098 2468 5153 sed
2495 5099 2728 5168 factores
2765 5099 2891 5168 legis
2909 5096 3347 5168 justi/imbuatur
3367 5095 3433 5157 ⁸³,

1856 5191 2115 5244 continuo
2146 5188 2375 5255 subjecit
2417 5190 2604 5244 dehis
2651 5190 2743 5259 qui
2796 5189 2967 5257 legem
3018 5204 3123 5242 non
3177 5187 3436 5241 habentes

1856 5278 2175 5334 naturaliter
2203 5293 2322 5349 qua:
2354 5278 2489 5349 legis
2523 5288 2650 5334 sunt
2681 5278 2924 5341 faciunt,
2978 5278 3021 5333 si
3056 5294 3160 5333 non
3190 5277 3264 5332 illi
3309 5284 3437 5331 sunt

1856 5372 2188 5442 intelligendi
2235 5373 2326 5442 qui
2359 5374 2633 5442 pertinent
2687 5374 2754 5427 ad
2810 5371 3038 5443 gratiam
3091 5367 3432 5430 mediatoris,

1857 5466 1953 5521 sed
1982 5465 2056 5520 illi
2091 5465 2288 5535 potius,
2316 5466 2407 5535 qui
2440 5480 2562 5521 cum
2609 5465 2777 5521 Deum
2833 5479 3018 5519 verum
3060 5474 3188 5515 vera
3234 5458 3435 5529 pietate

1857 5575 1964 5615 non
1991 5559 2171 5615 colant
2196 5598 2211 5626 ,
2263 5558 2465 5614 habent
2502 5568 2679 5614 tamen
2712 5556 2957 5628 quaedam
3004 5565 3168 5625 opera
3198 5550 3338 5605 bona
3371 5549 3430 5605 lu
