3836 6236
406 295 510 350 951

1631 295 1696 348 Ρ.
1743 296 2058 352 DANIELIS
2100 296 2329 352 llUETll

3553 299 3664 353 932

417 417 530 468 vita
555 413 760 483 impia?
802 433 822 466 ι
853 411 1064 480 Quibus
1091 412 1287 466 accinit
1311 411 1630 482 Fulgentius
1681 414 1733 468 in
1775 413 1868 467 lib.
1904 413 1965 467 De

2078 413 2211 465 Θεοῦ
2231 454 2245 475 ,
2277 414 2370 466 καὶ
2400 413 2460 466 τὸ
2489 412 2660 465 θέλειν
2703 411 2964 481 ἐλάϐομεν
3013 411 3120 464 ἀπὸ
3164 408 3254 463 τοῦ
3287 410 3655 482 δημιουργοῦ.

417 506 776 558 incarnatione
803 515 850 557 et
880 505 1055 573 gratia
1104 502 1321 568 Christi,
1367 519 1484 573 cap.
1517 505 1590 558 26
1634 521 1648 557 :
1700 524 1718 556 ι
1747 506 1897 573 Quod
1933 509 1976 561 si

417 596 738 664 quibusdam
770 596 1221 665 cognoscentibus
1255 597 1444 659 Deum,
1489 611 1589 650 nec
1640 598 1779 652 sicut
1812 599 1975 652 Deum

417 687 866 758 gloriﬁcantihus,
892 688 1126 757 cognitio
1157 688 1243 740 illa
1269 690 1400 742 nihil
1421 687 1624 756 proluit
1645 689 1710 740 ad
1726 689 1975 752 salutem,

419 780 690 848 quomodo
719 788 1004 849 potuerunt
1046 781 1098 833 hi
1137 779 1266 847 justi
1303 795 1422 834 esse
1465 781 1601 848 apud
1650 782 1844 843 Deum,
1887 784 1977 849 qui

417 872 497 926 sic
532 872 582 925 in
616 873 728 926 suis
755 872 993 925 moribus
1023 883 1184 940 atque
1214 873 1464 940 operibus
1496 872 1749 928 bonitatis
1776 875 1978 943 aliquid

419 974 653 1028 servant,
693 973 750 1016 ιιι
777 963 876 1016 hoc
898 964 964 1017 ad
999 965 1156 1017 linem
1189 965 1508 1019 Cbristianaa
1547 966 1665 1019 ﬁdei
1696 1004 1710 1028 ,
1745 966 1979 1019 cbarita-

419 1056 597 1124 tisque
633 1071 734 1109 non
761 1055 1038 1109 referant?
1081 1057 1278 1124 quibus
1324 1057 1502 1125 aliqua
1555 1059 1768 1125 quidem
1813 1059 1974 1123 bona,

418 1161 538 1213 qua:
582 1147 648 1199 ad
702 1148 981 1201 societatis
1029 1148 1277 1201 humanae
1326 1149 1597 1216 pertinent
1644 1149 1976 1215 aequitatem,

420 1237 598 1290 inesse
630 1249 890 1306 possunt;
923 1238 1015 1292 sed
1047 1241 1169 1307 quia
1200 1254 1304 1291 non
1347 1240 1609 1293 cbaritate
1663 1239 1757 1292 Dei
1821 1239 1974 1304 ﬁunt,

419 1331 672 1397 prodesse
721 1346 824 1383 non
882 1341 1123 1400 possunt.
1172 1349 1190 1382 ι
1256 1331 1614 1402 Hieronymus
1665 1347 1878 1401 quoque
1923 1335 1976 1385 in

418 1416 579 1472 Isairr
603 1436 750 1482 ιιιν,
791 1419 846 1481 5,
895 1421 1084 1474 scribit
1128 1423 1338 1490 praemia
1385 1422 1706 1490 adepturos,
1753 1423 1979 1490 quicun-

416 1526 519 1578 que
547 1511 712 1578 legem
748 1512 1050 1564 naturalem
1096 1515 1500 1567 observaverint
1541 1531 1553 1564 :
1586 1524 1640 1568 et
1682 1516 1738 1568 in
1784 1514 1973 1568 Ezeclt.

418 1619 570 1666 xxix,
606 1604 692 1665 l7,
726 1605 842 1655 ait-c
872 1605 1216 1658 condemnari
1242 1621 1336 1660 nos
1372 1609 1771 1676 comparatione
1801 1611 1977 1676 genti-

418 1695 570 1756 lium,
605 1697 648 1748 si
679 1695 752 1748 illi
785 1696 898 1763 lege
930 1695 1135 1749 faciant
1192 1698 1441 1761 naturali,
1471 1713 1589 1766 qua:
1633 1714 1730 1752 nos
1776 1699 1973 1766 scripta

416 1789 762 1856 negligimus.
817 1807 835 1838 ι
870 1787 1210 1842 Praetermitti
1258 1804 1387 1843 vero
1439 1805 1544 1843 non
1601 1791 1754 1844 decet
1802 1791 1974 1844 locum

416 1880 584 1944 ipsius
615 1877 846 1929 alterum
877 1879 929 1931 in
961 1876 1088 1931 Gal.
1124 1893 1211 1939 ιιι,
1239 1878 1293 1942 2,
1324 1880 1388 1932 ad
1438 1879 1539 1932 boc
1589 1890 1838 1948 spectans
1889 1893 1976 1931 ar-

414 1977 764 2035 gumentum,
808 1977 864 2022 et
901 1969 1292 2038 circumspecte
1341 1970 1732 2038 attingendum.
1796 1989 1816 2021 ι
1869 1970 1976 2024 Nos

415 2060 898 2128 respondebimus,
952 2061 1158 2129 inquit,
1222 2063 1496 2131 accepisse
1554 2062 1770 2130 quidem
1845 2077 1966 2115 eum

411 2149 740 2220 (Cornelium
784 2151 1175 2222 centurionem)
1211 2153 1467 2220 Spiritum
1519 2151 1613 2206 sed
1681 2169 1745 2206 ex
1789 2154 1972 2207 auditu

414 2241 536 2295 ﬁdei
585 2252 642 2294 et
687 2243 916 2296 naturali
962 2243 1096 2312 lege,
1148 2259 1269 2313 qua:
1331 2244 1570 2312 loquitur
1620 2246 1670 2298 in
1723 2246 1973 2300 cordibus

411 2333 631 2395 nostris,
692 2335 828 2387 bona
881 2349 1106 2402 quaeque
1158 2335 1496 2397 lacienda,et
1545 2337 1758 2389 vitanda
1809 2335 1968 2400 mala,

411 2438 509 2491 per
536 2438 694 2490 quam
717 2424 914 2477 dttdum
946 2440 1162 2494 quoque
1197 2426 1502 2491 Abraham,
1543 2425 1723 2479 Mosen
1779 2436 1831 2479 et
1865 2442 1969 2480 cae-

410 2523 559 2568 teros
584 2523 802 2569 sanctos
842 2514 1170 2582 justiﬁeatos
1220 2516 1504 2570 retulimus
1533 2534 1546 2570 :
1583 2532 1742 2584 quam
1774 2532 1971 2586 augere

409 2603 664 2674 deinceps
710 2613 883 2673 potest
925 2621 1148 2675 operum
1195 2608 1533 2674 observatio,
1579 2608 1710 2678 legis
1755 2625 1970 2678 quoque

409 2690 640 2760 justitia,
675 2709 781 2748 non
815 2705 993 2750 tamen
1056 2697 1294 2752 carnalis
1345 2697 1477 2768 legis
1526 2715 1643 2768 qua:
1687 2703 1966 2771 praeteriit,

409 2782 503 2836 sed
533 2783 849 2850 spiritualis,
882 2787 1004 2853 quia
1034 2789 1118 2839 tea:
1142 2788 1434 2854 spiritantia
1459 2798 1534 2841 est
1557 2788 1622 2841 “.
1655 2807 1674 2840 ›

477 2870 546 2925 X.
579 2873 708 2938 Qua:
729 2889 848 2928 cum
883 2875 950 2927 ita
981 2876 1110 2936 sint,
1139 2876 1414 2930 fatendum
1447 2887 1530 2931 est
1577 2888 1752 2934 tamen
1801 2882 1968 2936 nimio

408 2963 526 3034 plus
554 2964 841 3032 aliquando
877 2966 1130 3021 tribuisse
1179 2967 1462 3038 Origenem
1501 2969 1604 3038 legi
1647 2980 1880 3037 naturas;
1913 2983 1966 3027 et

405 3069 525 3122 quae
555 3054 808 3122 peculiari
855 3055 945 3108 Dei
980 3057 1178 3110 auxilio
1209 3057 1570 3122 debebantur,
1619 3060 1670 3113 in
1713 3063 1965 3130 generale
1991 3091 2031 3148 ε

405 3147 666 3200 auxilium
696 3147 1104 3216 transcripsisse
1135 3166 1150 3202 :
1187 3149 1329 3217 quod
1359 3150 1577 3203 omnino
1620 3149 1960 3220 Pelagiauum

404 3245 488 3288 est
513 3253 526 3287 :
561 3235 705 3288 velut
733 3247 884 3290 actus
916 3237 1155 3305 singulos
1185 3239 1499 3303 voluntatis,
1520 3253 1656 3307 quos
1688 3241 1955 3296 volitiones

407 3324 679 3392 appellant
706 3343 720 3378 :
743 3325 840 3379 bos
863 3327 1007 3379 enim
1042 3327 1113 3380 ita
1143 3341 1240 3380 nos
1266 3327 1466 3381 habere
1493 3343 1522 3381 a
1557 3329 1666 3382 Deo
1690 3331 1959 3397 censebat,

403 3424 669 3480 quatenus
703 3417 956 3470 virtutem
985 3416 1195 3470 volendi
1225 3418 1338 3472 sive
1376 3418 1685 3472 facultatem
1717 3420 1964 3476 volunta-

403 3504 474 3558 tis
505 3518 534 3556 a
569 3501 679 3558 Deo
706 3503 984 3559 habemus.
1016 3504 1090 3558 lta
1117 3507 1338 3575 exponit
1387 3507 1515 3562 illud
1545 3507 1730 3575 Pauli,
1761 3510 1958 3580 Philip.

401 3610 466 3659 λι,
496 3595 607 3647 l5:
652 3612 671 3645 ι
711 3594 852 3649 Deus
902 3608 986 3650 est
1021 3597 1164 3650 enim
1207 3597 1297 3666 qui
1336 3607 1590 3667 operatur
1635 3601 1687 3653 in
1729 3601 1880 3654 vobis
1909 3611 1964 3656 et

401 3684 567 3748 velle,
596 3694 650 3740 et
679 3684 973 3754 perﬁcere,
1004 3701 1102 3755 pro
1133 3688 1269 3742 bona
1313 3687 1625 3742 voluntate:
1669 3708 1688 3741 ι
1725 3704 1846 3744 cum
1894 3706 1960 3745 ex

400 3778 504 3833 boc
522 3778 664 3832 enim
694 3777 812 3830 loco
840 3777 1220 3832 concluderent
1248 3779 1487 3833 nonnulli
1532 3779 1703 3834 libero
1736 3796 1832 3834 nos
1870 3795 1962 3834 ca-

399 3883 521 3922 rere
553 3868 800 3931 arbitrio,
834 3868 1096 3936 siquidem
1127 3883 1188 3922 ex
1238 3869 1344 3922 Deo
1382 3871 1681 3938 penderent
1714 3870 1960 3923 volunta-

402 3963 470 4016 tis
500 3971 699 4015 nostrze
734 3971 933 4025 motus,
988 3960 1069 4014 sic
1127 3963 1411 4027 respondet
1453 3961 1715 4030 Origenes
1758 3961 1852 4014 lib.
1900 3978 1959 4016 ιιι

398 4051 476 4105 De
501 4053 745 4120 princip,
771 4066 890 4120 cap.
921 4052 973 4119 l,
1010 4068 1155 4107 num.
1191 4054 1256 4106 l9
1283 4053 1393 4123 (41)
1439 4070 1452 4106 :
1483 4054 1592 4106 Καὶ
1628 4053 1762 4124 πρὸς
1805 4053 1961 4106 τοῦτο

396 4143 453 4196 δὲ
484 4143 697 4196 λεκτέον
725 4143 804 4196 ὅτι
843 4146 876 4214 ἠ
926 4143 1016 4196 τοῦ
1060 4145 1378 4198 Ἀποστόλου
1413 4145 1555 4210 λέξις
1617 4147 1675 4197 οὐ
1716 4146 1849 4215 φησὶ
1901 4145 1961 4197 τὸ

397 4233 572 4286 θέλειν
619 4233 686 4287 τὰ
732 4234 876 4288 κακὰ
921 4236 983 4286 ὲκ
1030 4234 1123 4288 τοῦ
1161 4235 1292 4288 Θεοῦ
1342 4231 1560 4306 εἷναι,ἢ
1602 4237 1663 4288 τὸ
1695 4235 1866 4289 θέλειν
1895 4235 1961 4288 τὰ

396 4323 575 4392 ἀγαθὰ
608 4326 670 4376 ὲκ
699 4325 790 4378 τοῦ
821 4324 954 4377 Θεοῦ
982 4321 1119 4378 εἶναι
1139 4344 1151 4355 ·
1186 4327 1385 4396 ὁμοίως
1428 4344 1486 4378 τε
1533 4326 1592 4379 τὸ
1624 4329 1861 4396 ἐνεργεῖν
1892 4325 1958 4378 τὰ

2091 504 2279 573 Ἡμεῖς
2311 504 2365 556 δὲ
2389 503 2464 573 τῷ
2497 503 2666 556 θέλειν
2696 503 2786 555 ἐπὶ
2810 502 2878 554 τὰ
2898 501 3177 562 κάλλιστα,
3205 501 3236 571 ἢ
3272 500 3493 554 ἐναντία
3515 502 3660 572 χρώ-

2086 597 2484 667 μεθα,όμοὶως
2511 596 2565 649 δὲ
2607 595 2684 666 τῷ
2728 595 2986 666 ἐνεργεῖν.
3039 593 3277 659 Quorum
3319 595 3655 649 sententiam

2079 689 2209 743 satis
2240 689 2471 743 ﬁdeliter
2503 699 2698 756 praeter
2735 702 2935 741 morem
2964 701 3119 739 suum
3169 686 3351 739 retulit
3382 686 3674 778 Ruﬁnus,‘

2079 781 2199 848 quia
2233 779 2436 833 scilicet
2481 777 2762 846 Pelagiana
2817 785 2992 832 erant.
3045 776 3261 830 Notavit
3311 786 3491 829 autem
3560 777 3652 830 illa

2081 872 2136 924 S.
2174 870 2603 924 Tbomaslib.tu
2636 869 2833 924 Contra
2872 879 3067 939 gentes,
3090 884 3207 936 cap.
3245 868 3333 932 89,
3365 879 3421 922 et
3471 870 3651 922 variis

2080 963 2374 1031 Scriptura:
2420 962 2550 1016 locis
2593 962 2832 1015 obtrivit.
2868 961 3082 1015 Notavit
3123 970 3178 1014 et
3223 960 3551 1023 Janseuius,
3597 969 3652 1014 et

2082 1062 2332 1121 tanquam
2365 1053 2550 1120 gratiae
2589 1052 2790 1106 Christi
2834 1053 3104 1107 contraria
3147 1054 3339 1107 merito
3384 1056 3648 1122 repudia-

2079 1146 2171 1197 vit.
2201 1145 2366 1212 Quem
2395 1160 2521 1198 vero
2549 1145 2598 1198 in
2622 1145 2768 1200 calce
2791 1145 2981 1198 decimi
3016 1145 3156 1197 tertii
3187 1144 3378 1213 capitis
3400 1186 3414 1208 ,
3446 1145 3538 1198 lib.
3573 1162 3644 1212 vt,

2081 1245 2211 1290 tom.
2246 1237 2288 1300 l,
2331 1239 2519 1291 recitat
2546 1238 2744 1301 locum,
2773 1241 2860 1306 qui
2900 1237 2951 1290 in
2991 1237 3092 1289 ﬁne
3115 1238 3306 1304 capitis
3338 1238 3388 1300 l,
3428 1237 3550 1290 libri
3587 1255 3645 1293 ιιι

2077 1329 2216 1395 Περὶ
2246 1329 2445 1396 ἀρχῶν
2477 1330 2764 1397 reperitur,
2793 1329 2858 1382 de
2883 1344 2978 1382 sua
3002 1328 3380 1397 Pelagianismi
3429 1329 3645 1382 officina

2080 1421 2305 1489 largitus
2328 1430 2409 1475 est
2444 1419 2704 1485 Ruﬁnus;
2751 1420 2803 1474 in
2828 1418 3022 1473 Graeco
3057 1419 3318 1487 siquidem
3347 1419 3644 1489 exemplari

2081 1525 2182 1563 non
2219 1522 2516 1580 comparet.

2147 1602 2406 1657 Observet
2437 1602 2651 1656 interim
2685 1602 2854 1658 lector
2879 1616 3082 1672 aequus,
3120 1602 3312 1670 ecquid
3339 1601 3478 1655 ﬁdei
3511 1615 3642 1669 pos-

2078 1695 2247 1748 simus
2279 1693 2568 1761 adjungere
2599 1702 2677 1747 tot
2707 1693 2839 1746 locis
2869 1693 2959 1762 qui
2990 1710 3019 1746 e
3050 1693 3198 1744 libris
3238 1706 3265 1743 a
3310 1690 3510 1744 Ruﬁno
3538 1690 3642 1742 La-

2080 1789 2187 1840 tine
2229 1788 2449 1840 redditis
2480 1785 2777 1854 deprompti
2815 1787 3070 1839 adversus
3110 1783 3397 1853 Origenem
3444 1784 3642 1851 jactari

2073 1872 2245 1925 solent
2281 1890 2294 1924 :
2325 1873 2620 1937 cujusmodi
2660 1883 2739 1925 est
2791 1872 2876 1926 ille
2925 1887 3082 1941 quem
3131 1872 3266 1925 libro
3299 1888 3372 1934 vt,
3434 1882 3566 1925 tom.
3602 1871 3642 1935 l,

2071 1979 2188 2034 cap.
2221 1965 2306 2030 l5,
2342 1965 2558 2017 adducit
2601 1963 2887 2018 Jansenius
2920 1981 2950 2018 e
2992 1963 3130 2017 libro
3161 1980 3219 2018 ιιι
3256 1964 3394 2032 Περὶ
3415 1963 3643 2032 ἀρχῶν,

2071 2068 2188 2122 cap.
2217 2055 2275 2116 2,
2308 2070 2454 2108 num.
2489 2055 2544 2119 5,
2575 2063 2632 2106 ιιι
2659 2055 2778 2123 plus
2812 2070 2967 2124 aequo
2999 2055 3171 2124 legem
3203 2067 3409 2110 natura:
3453 2057 3647 2124 Orige-

2071 2160 2191 2197 nem
2223 2145 2478 2199 extulisse
2509 2147 2734 2213 probet:
2791 2164 2808 2196 ι
2843 2144 2956 2200 Νοιι
2982 2146 3127 2199 enim
3159 2146 3296 2198 idem
3328 2149 3412 2200 est
3443 2146 3652 2201 habere

2071 2235 2316 2289 vincendi
2352 2237 2627 2299 virtutem,
2669 2247 2722 2290 et
2756 2237 2990 2299 vincere,
3024 2236 3163 2290 sicut
3198 2236 3308 2301 ipse
3343 2237 3646 2305 Apostolus

2070 2326 2384 2380 cautissimo
2406 2341 2652 2381 sermone
2680 2327 3129 2394 signavit,dicens
3159 2328 3284 2395 quia
3315 2327 3465 2381 dabit
3501 2328 3645 2383 Deus

2069 2417 2264 2467 exitum
2310 2426 2365 2467 ut
2407 2417 2661 2469 sustinere
2711 2418 2921 2484 possitis
2948 2418 3013 2481 ",
3051 2434 3154 2472 non
3199 2428 3256 2472 ut
3298 2421 3640 2475 sustineatis.

2068 2503 2218 2558 idulti
2248 2508 2390 2559 enim
2432 2522 2535 2559 non
2568 2507 2854 2570 sustinent,
2882 2507 2974 2561 sed
3001 2509 3052 2562 in
3087 2509 3384 2563 tentatioue
3412 2511 3644 2565 vincun-

2071 2606 2176 2652 tur.
2213 2597 2254 2650 Δ
2294 2597 2403 2652 Deo
2426 2607 2605 2652 autem
2635 2600 2811 2663 datur,
2834 2615 2938 2653 non
2964 2606 3020 2652 ut
3058 2600 3457 2664 sustineamus;
3504 2601 3643 2655 alio-

2068 2690 2194 2758 quin
2221 2689 2422 2743 nullum
2468 2689 2578 2758 jam
2629 2690 2900 2744 videretur
2930 2704 3050 2744 esse
3094 2699 3390 2754 certamen,
3439 2691 3536 2746 sed
3580 2703 3644 2748 ut

2067 2780 2335 2834 sustinere
2377 2781 2663 2849 possimus.
2714 2780 2786 2835 Ea
2843 2790 3018 2835 autem
3063 2782 3282 2847 virtute,
3312 2796 3438 2851 qua:
3482 2784 3645 2839 nobis

2067 2872 2189 2924 data
2227 2881 2308 2924 est
2343 2880 2399 2923 ut
2427 2871 2644 2926 vincere
2684 2871 2970 2940 possimus,
3017 2873 3308 2926 secundum
3358 2872 3518 2927 liberi
3550 2889 3641 2928 ar-

2066 2961 2210 3015 bitrii
2235 2962 2569 3026 facultatem,
2594 2973 2684 3016 aut
2711 2963 2971 3017 industrie
2993 2965 3212 3027 utimur,
3242 2973 3296 3018 et
3325 2963 3640 3028 vincimus;

2067 3062 2158 3105 aut
2191 3055 2448 3122 segniter,
2484 3062 2538 3107 et
2565 3067 2908 3122 superamur,
2942 3071 2961 3105 ι
2999 3062 3107 3107 etc.
3136 3070 3151 3117 ;
3192 3063 3246 3108 et
3299 3054 3404 3108 iste
3436 3070 3469 3110 e
3499 3055 3643 3110 libro

2068 3160 2098 3196 ιι
2126 3147 2178 3197 in
2208 3143 2375 3211 Epist.
2411 3146 2478 3197 ad
2505 3144 2678 3208 Hann,
2713 3160 2857 3197 nttm.
2888 3144 2955 3198 38
2995 3159 3006 3192 :
3046 3162 3062 3194 ι
3088 3143 3269 3198 Gratia
3302 3146 3395 3200 Dei
3429 3158 3485 3200 et
3516 3163 3642 3216 gra-

2068 3237 2138 3288 tia
2177 3235 2382 3290 Domini
2421 3236 2585 3289 nostri
2638 3236 2766 3290 Jesu
2802 3235 3021 3300 Christi,
3079 3251 3182 3289 una
3234 3245 3400 3304 atque
3438 3240 3636 3292 eadem

2064 3328 2238 3396 gratia
2275 3328 2583 3396 accipienda
2627 3337 2727 3380 est.
2783 3328 2925 3381 Sicut
2964 3330 3102 3380 enim
3164 3327 3327 3380 Pater
3355 3344 3497 3396 quos
3524 3330 3638 3384 vult

2065 3421 2320 3487 ttivi/icat;
2353 3430 2402 3472 et
2424 3417 2599 3472 Filius
2629 3435 2759 3486 quos
2783 3419 2908 3481 vult,
2939 3419 3163 3486 viviﬁcat
3183 3434 3202 3472 :
3228 3429 3274 3471 et
3305 3420 3442 3472 sicut
3476 3419 3641 3472 Pater

2062 3510 2212 3562 habet
2245 3511 2400 3563 vitam
2423 3510 2477 3562 in
2505 3526 2579 3576 se,
2602 3519 2649 3563 et
2688 3507 2830 3561 Filio
2867 3510 3002 3562 dedit
3033 3509 3222 3561 habere
3255 3510 3308 3562 in
3359 3511 3640 3576 semetipso

2061 3602 2219 3653 vitam
2260 3602 2340 3664 ‘5;
2397 3602 2468 3654 ita
2516 3611 2569 3655 et
2599 3601 2824 3670 gratiam
2873 3616 3033 3668 quam
3069 3600 3162 3652 dat
3195 3599 3374 3661 Pater.
3414 3601 3557 3655 hanc
3582 3611 3640 3654 et

2063 3692 2228 3745 Filius
2244 3693 2354 3746 dat.
2374 3692 2660 3747 Sciendum
2677 3707 2806 3747 sane
2829 3702 2910 3746 est
2937 3692 3075 3760 quod
3095 3707 3250 3746 omne
3270 3693 3411 3759 quod
3433 3692 3639 3746 habent

2062 3781 2305 3838 homines
2325 3798 2351 3836 a
2367 3783 2495 3848 Deo,
2511 3784 2678 3849 gratia
2695 3793 2796 3848 est;
2813 3783 2945 3837 nihil
2962 3784 3104 3837 enim
3128 3798 3190 3836 ex
3212 3782 3637 3838 debitohabent.

2063 3875 2196 3940 Quit
2221 3879 2358 3929 enim
2391 3878 2535 3943 prior
2554 3877 2694 3929 dedit
2719 3877 2819 3939 illi,
2856 3886 2902 3928 et
2953 3877 3266 3930 retribuetur
3297 3879 3345 3930 ei
3376 3878 3455 3929 '7?
3498 3875 3639 3930 Gra-

2063 3968 2133 4020 tia
2161 3981 2292 4037 ergo
2332 3977 2416 4021 est
2447 3968 2706 4037 quidquid
2743 3969 2901 4022 habet
2930 3967 2974 4021 is
3009 3967 3098 4035 qui
3128 3982 3230 4021 non
3267 3967 3402 4032 fuit,
3432 3977 3490 4022 et
3528 3977 3635 4030 est,

2062 4054 2331 4123 accipiens
2360 4057 2429 4109 ab
2454 4070 2517 4110 eo
2544 4056 2633 4124 qui
2663 4071 2874 4125 semper
2896 4054 3022 4122 fuit;
3050 4075 3066 4107 ι
3104 4065 3268 4124 atque
3298 4057 3391 4111 ille
3413 4073 3444 4112 e
3468 4058 3638 4112 lib."

2061 4146 2115 4199 in
2153 4145 2322 4215 Epist.
2353 4149 2419 4198 ad
2460 4146 2632 4213 Rom.,
2667 4164 2817 4202 num.
2859 4149 2910 4214 l,
2945 4163 3063 4216 pag.
3105 4147 3249 4201 522:
3309 4166 3328 4199 ι
3370 4148 3480 4203 Sed
3534 4164 3638 4219 ego

2060 4250 2180 4289 cum
2209 4239 2492 4292 considero
2521 4239 2785 4292 sermonis
2811 4239 3181 4303 eminentiam,
3206 4253 3314 4307 quo
3331 4239 3471 4293 dicit
3501 4255 3635 4310 ope-

2062 4329 2200 4380 ranti
2255 4329 2546 4382 secundum
2603 4331 2837 4384 debitum
2893 4331 3064 4394 reddi,
3125 4330 3212 4383 vix
3249 4331 3380 4383 mibi
3429 4333 3636 4385 suadeo

395 4417 677 4489 κρείττονα
700 4417 794 4470 καὶ
827 4417 893 4469 τὰ
932 4418 1150 4489 χείρονα
1176 4434 1187 4446 ·
1216 4417 1348 4469 ἀλλὰ
1389 4417 1449 4468 τὸ
1495 4417 1722 4469 καθόλου
1767 4417 1958 4480 θέλειν,

2069 4418 2203 4486 quod
2240 4420 2407 4487 pOSsit
2431 4420 2594 4473 ullum
2627 4435 2762 4489 epus
2790 4435 2930 4485 esse,
2960 4422 3100 4490 quod
3131 4437 3195 4475 ex
3222 4421 3405 4475 debito
3445 4437 3636 4475 remu-

394 4512 488 4564 καὶ
529 4512 590 4563 τὸ
640 4510 866 4563 καθόλου
909 4511 1123 4580 τρέχειν
1147 4526 1159 4539 °
1205 4510 1278 4571 ὡς
1321 4509 1428 4579 γὰρ
1467 4509 1571 4562 ἀπὸ
1603 4510 1737 4562 Θεοῦ
1764 4510 1958 4580 ἔχομεν

393 4604 453 4656 τὺ
478 4601 612 4656 εἶναι
645 4602 776 4666 ζῶα,
812 4604 904 4655 καὶ
950 4604 1010 4656 τὸ
1051 4599 1187 4654 εἶναι
1237 4601 1505 4671 ἅνθρωποι
1533 4618 1546 4631 ·
1583 4601 1722 4654 οῦτω
1763 4602 1856 4654 καὶ
1899 4602 1959 4654 τὸ

393 4693 618 4746 καθόλου
653 4695 846 4757 θέλειν,
879 4693 953 4756 ὡς
986 4695 1034 4745 εἰ
1075 4692 1256 4760 ἔλεγον
1277 4733 1291 4756 ,
1323 4693 1415 4745 καὶ
1446 4693 1506 4745 τὸ
1536 4693 1762 4745 καθόλου
1789 4695 1956 4746 κινεῖ-

395 4785 517 4837 σθαι
543 4804 555 4816 ’
590 4784 776 4856 ὥσπερ
807 4786 862 4838 δὲ
887 4786 1100 4854 ἔχοντες
1127 4784 1185 4836 τὸ
1219 4783 1333 4847 ζῶα
1369 4779 1530 4848 εἶναι,
1577 4785 1635 4837 τὸ
1669 4784 1953 4849 κινεῖσθαι,

393 4877 485 4929 καὶ
518 4877 636 4946 φέρ’
658 4879 830 4930 εἰπεῖν
853 4878 976 4931 τάδε
1003 4877 1072 4928 τὰ
1106 4877 1239 4946 μέλη
1263 4880 1448 4938 κινεῖν,
1476 4879 1659 4947 χεῖρας
1707 4877 1738 4948 ἢ
1769 4877 1950 4938 πόδας.

391 4964 489 5015 οὐκ
519 4964 583 5016 ἂν
616 4965 850 5032 εὐλόγως
894 4966 1142 5036 λέγοιμεν
1181 4965 1321 5034 ἔχειν
1351 4965 1454 5018 ἀπὸ
1482 4966 1614 5018 Θεοῦ
1656 4965 1716 5018 τὸ
1759 4964 1953 5016 εἰδικὺν

392 5054 528 5118 τόδε,
554 5059 670 5127 ἢτοι
705 5058 765 5109 τὸ
797 5058 1059 5110 κινεῖσθαι
1091 5059 1226 5128 πρὸς
1242 5057 1302 5110 τὸ
1336 5058 1554 5110 τύπτειν
1581 5097 1593 5119 ,
1622 5057 1655 5127 ἥ
1687 5057 1950 5126 ἀναιρεῖν,

389 5148 424 5218 ἦ
452 5147 799 5218 ἀφαιρεῖσθαι
828 5147 896 5200 τὰ
933 5147 1187 5217 ἀλλότρια
1206 5164 1218 5177 ·
1257 5147 1391 5200 ἀλλὰ
1420 5147 1481 5199 τὸ
1527 5148 1622 5217 μὲν
1655 5145 1865 5214 γενικὺν
1894 5143 1954 5195 τὸ

390 5238 654 5293 κινεῖσθαι
685 5237 946 5307 ἐλάϐομεν
968 5238 1074 5290 ἀπὸ
1110 5237 1244 5290 Θεοῦ
1268 5255 1281 5270 ·
1319 5240 1475 5308 ἡμεῖς
1511 5238 1565 5289 δὲ
1592 5236 1850 5307 χρώμεθα
1874 5233 1953 5304 τῷ

391 5330 654 5385 κινεῖσθαι
685 5328 776 5381 ὲπὶ
827 5329 918 5381 τὰ·
937 5330 1233 5401 χείρονα,ἢ
1267 5329 1360 5382 ἐπὶ
1387 5327 1456 5381 τὰ
1502 5328 1742 5397 βελτίονα
1765 5345 1777 5356 ·
1811 5327 1952 5380 οὕτω

388 5421 450 5474 τὸ
485 5421 581 5492 μὲν
615 5422 852 5490 ἐνεργεῖν
976 5421 1092 5486 ζῶά
1138 5424 1337 5492 ἐσμεν,
1381 5420 1678 5491 εἰλήφαμεν
1713 5419 1819 5472 ἀπὸ
1858 5419 1950 5472 τοῦ

461 5607 504 5637 ⁸⁵
537 5606 690 5658 [ἶσαι.
722 5621 814 5668 vn,
843 5605 928 5660 Η.
1007 5610 1050 5640 ⁸⁸
1083 5608 1100 5660 1
1134 5607 1256 5661 Cor.
1279 5623 1332 5675 ιι,
1361 5607 1446 5662 15.
1525 5607 1568 5639 ⁸⁸
1597 5605 1750 5662 Joan.
1779 5623 1828 5674 ν,
1859 5611 1948 5676 2|,
1981 5608 2068 5662 26.

459 5699 574 5771 (Μ)
607 5699 861 5754 I’ltt'local.
904 5717 1020 5772 cap.
1049 5702 1138 5753 20.

2061 4512 2390 4564 nerationem
2447 4511 2536 4566 Dei
2575 4513 2850 4581 deposcat,
2903 4528 3024 4567 cum
3073 4514 3235 4567 etiam
3299 4513 3404 4567 hoc
3455 4514 3630 4582 ipsum

2059 4602 2197 4668 quod
2268 4615 2423 4672 agere
2461 4603 2661 4672 aliquid
2722 4619 3028 4672 possumus,
3070 4604 3156 4657 vel
3214 4605 3484 4673 cogitare,
3552 4606 3631 4658 vel

2057 4694 2325 4762 proloqui,
2353 4694 2520 4763 ipsius
2547 4695 2687 4760 dono
2723 4707 2776 4750 et
2816 4697 3106 4766 largitione
3143 4697 3430 4751 faciamus.
3477 4697 3630 4763 Quod

2055 4800 2181 4853 ergo
2211 4787 2312 4840 erit
2341 4786 2578 4840 debitum
2609 4788 2774 4853 illius,
2800 4788 2950 4855 cujus
3005 4804 3129 4858 erga
3168 4805 3264 4844 nos
3300 4789 3459 4844 fenus
3491 4805 3632 4858 prse-

2056 4876 2255 4929 cessit?
2280 4897 2298 4928 D
2326 4889 2376 4932 et
2397 4879 2527 4932 hice
2547 4880 2689 4934 lib.v
2711 4883 2762 4933 in
2789 4882 3037 4934 eamdem
3069 4880 3371 4948 epistolam,
3400 4897 3552 4936 num.
3576 4881 3628 4944 1,

2054 4981 2176 5033 pag.
2211 4967 2347 5024 550:
2384 4988 2402 5019 ι
2429 4969 2581 5036 Quod
2605 4985 2731 5039 ergo
2753 4971 2904 5034 dixit,
2934 4982 3047 5039 post
3074 4972 3181 5024 dies
3197 4971 3262 5037 ⁸⁸,
3304 4971 3407 5025 hoc
3447 4982 3628 5026 osten-

2063 5057 2155 5118 dit,
2213 5061 2337 5127 quia
2391 5061 2580 5128 primis
2613 5063 2825 5130 quidem
2875 5063 2999 5117 vita:
3030 5077 3138 5116 suze
3166 5062 3352 5116 diebus
3384 5072 3628 5131 paterna

2064 5149 2522 5213 praivaricationis
2570 5152 2996 5207 institutionibus
3053 5152 3333 5215 tenebatur
3388 5153 3622 5223 (Abel):

2056 5249 2176 5307 post
2210 5242 2327 5296 illos
2353 5257 2480 5298 vero
2511 5245 2628 5299 dies
2675 5245 2766 5299 ubi
2820 5245 3059 5313 resipuit,
3114 5246 3202 5298 ubi
3258 5249 3499 5313 respex-it
3550 5249 3619 5300 ad

2056 5329 2247 5397 Deum,
2278 5342 2485 5388 naturae
2517 5335 2633 5404 lege
2659 5337 3038 5402 commonitus,
3071 5335 3273 5392 dicitur
3303 5345 3434 5391 tunc
3461 5339 3624 5393 οδω.

2058 5420 2182 5476 lisse
2218 5423 2444 5480 bestiam
2478 5425 2608 5482 Deo.
2646 5443 2664 5476 ›

2169 5611 2209 5642 ⁸⁷
2235 5611 2385 5666 Rom.
2417 5627 2491 5675 XI,
2533 5609 2616 5664 55.
2698 5610 2740 5642 ⁸⁸
2760 5608 2892 5665 Gen.
2920 5625 2991 5674 Iv,
3031 5609 3084 5664 ’5.
