3860 6230
228 289 332 343 935

1046 287 1622 344 ORIGENIANORUM
1661 287 1788 342 LIB.
1831 288 1895 354 Il,
1939 290 2090 344 CAP.
2134 290 2197 354 ll,
2240 289 2514 356 QUAEST.
2556 291 2666 347 Vll.

3362 295 3468 350 931

301 403 388 458 Xl.
425 402 716 474 Postquam
751 403 816 458 de
854 401 970 472 lege
993 413 1204 472 natura:
1244 405 1383 458 male
1408 406 1641 459 sensisse
1673 404 1797 459 Ori-
1827 415 1874 465 Α
1902 405 2187 459 videantur
2210 420 2331 461 esse
2363 409 2524 472 bona,
2561 416 2739 461 tamen
2783 418 3123 477 operatorem
3183 424 3340 466 suum
3381 414 3468 483 ju-

230 510 413 566 gcnem
454 495 842 550 demonstravit
870 494 1156 550 Jansenius
1201 505 1328 550 tom.
1365 495 1405 560 Ι,
1439 497 1528 551 lib.
1568 512 1641 559 v1,
1670 513 1788 566 cap.

233 588 317 651 l4,
347 603 450 640 non
492 587 706 640 saniora
735 586 1013 656 opinatum
1068 586 1238 641 fuisse
1277 588 1340 641 de
1368 588 1480 658 lege
1505 587 1666 642 Musis
1698 605 1791 643 co-

231 690 387 734 natur
430 680 747 740 ostendere;
803 679 888 732 cui
944 679 1346 746 comprobanda
1401 681 1555 734 affert
1608 682 1734 734 illud
1767 697 1799 737 e

234 769 323 824 lib.
361 785 411 823 Iv
435 771 488 823 in
515 767 684 836 Epist.
713 771 782 823 ad
814 770 992 837 llom.,
1043 788 1190 826 num.
1220 772 1272 836 l,
1313 788 1430 842 pag.
1470 773 1613 826 525:
1645 792 1664 825 ι
1696 774 1800 827 Ιιιί-

230 864 360 916 titnn
393 877 626 932 namque
649 862 937 931 justiﬁcari
979 883 1006 916 a
1041 864 1171 929 Deo,
1205 864 1336 918 ﬁdes
1359 874 1440 918 est
1482 881 1599 935 qu:e
1628 868 1800 922 credit

231 956 280 1011 in
304 956 710 1025 jusﬁﬁcantem.
745 957 811 1010 Et
851 959 964 1012 haec
991 958 1122 1014 ﬁdes
1151 974 1268 1012 cum
1299 958 1589 1025 justiﬁcata
1615 960 1795 1027 fuerit,

231 1053 481 1114 tanquam
511 1045 666 1099 radix
697 1046 869 1100 imbre
891 1055 1144 1114 suscepto
1172 1047 1341 1100 lueret
1369 1046 1420 1098 in
1447 1047 1643 1100 animae
1660 1047 1797 1112 solo,

229 1147 283 1190 nt
313 1152 433 1191 cum
471 1152 563 1207 per
588 1137 758 1207 legem
794 1138 886 1192 Dei
917 1139 1088 1193 excoli
1117 1141 1364 1207 coeperit,
1398 1148 1621 1207 surgant
1659 1139 1709 1192 in
1735 1154 1796 1192 ea

227 1230 385 1293 rami,
411 1231 499 1298 qui
542 1231 749 1284 fructus
775 1246 996 1300 Opernm
1038 1231 1232 1285 ferant.
1284 1251 1303 1284 ι
1355 1229 1643 1300 Snbjungit
1671 1229 1800 1283 Jan—

229 1323 405 1376 senins
436 1340 449 1376 :
482 1341 502 1373 ‹
532 1323 669 1378 Ecce
690 1324 886 1394 dogma
909 1322 1109 1393 Pelagii
1131 1325 1195 1378 de
1215 1329 1485 1393 operanda
1514 1329 1796 1398 perlegem

223 1415 451 1482 justitia,
489 1416 778 1471 dummodo
828 1417 1075 1471 remissio
1125 1429 1470 1486 peccatorum
1508 1414 1602 1490 per
1639 1423 1795 1476 ﬁdem

228 1507 345 1559 ﬂata
375 1507 728 1575 praecesserit.
763 1525 780 1557 ι
816 1506 885 1559 At
912 1523 1014 1561 non
1066 1509 1181 1563 haec
1205 1509 1270 1561 ad
1311 1509 1478 1579 legem
1512 1511 1675 1566 Mosis
1709 1527 1798 1579 pe-

221 1595 504 1649 culiariter
533 1597 822 1664 pertinent,
863 1597 954 1650 sed
987 1597 1052 1651 ad
1079 1612 1242 1667 opera
1282 1607 1490 1652 tantum
1516 1599 1654 1653 bona
1685 1602 1797 1655 sive

225 1684 551 1747 Iudaeorum,
605 1687 719 1740 sive
751 1687 1117 1752 ethnicorum,
1173 1703 1289 1756 quae
1322 1690 1439 1743 sine
1471 1688 1574 1744 ﬁde
1619 1690 1794 1743 inania

223 1787 368 1831 sunt.
396 1778 484 1831 Ait
514 1793 642 1846 ergo
672 1778 880 1832 initium
905 1778 1304 1846 justiﬁcationis
1335 1781 1493 1833 tidem
1523 1795 1642 1835 esse
1678 1796 1798 1850 qua:

227 1870 398 1923 credit
438 1871 506 1934 ini,
534 1870 743 1937 Deum;
791 1885 909 1938 quae
948 1869 1099 1932 ﬁdes,
1161 1872 1314 1941 quasi
1387 1872 1675 1936 dispositio
1731 1873 1794 1926 ad

221 1962 663 2030 justiﬁcationem
719 1963 1127 2032 acquirendam,
1169 1980 1289 2017 cum
1319 1963 1580 2032 justitiam
1611 1979 1798 2033 appre-

225 2053 494 2116 henderit,
526 2062 582 2106 nt
611 2052 922 2122 loquuntur,
969 2063 1130 2121 atque
1166 2053 1234 2108 ita
1257 2053 1549 2120 iustiﬁcata
1584 2054 1796 2108 fuerita

228 2143 334 2197 Deo
360 2162 373 2209 ;
409 2160 640 2215 cumque
661 2146 883 2212 iustitia:
910 2146 1104 2209 imbre,
1130 2146 1206 2199 sic
1240 2155 1492 2215 tanquam
1521 2145 1672 2198 radix
1701 2145 1799 2198 ali-

224 2249 349 2302 qua,
384 2235 626 2304 perpluta
651 2237 831 2304 fuerit,
859 2247 986 2292 tunc
1014 2238 1125 2305 ipsa
1160 2238 1293 2290 fides
1314 2246 1473 2307 atque
1494 2237 1608 2306 ipsa
1638 2237 1800 2306 justi-

228 2325 300 2379 tia
329 2328 521 2380 animae
539 2327 652 2381 solo
689 2327 991 2393 inhaerent;
1046 2328 1125 2383 sic
1158 2337 1331 2381 tamen
1362 2337 1419 2381 ut
1449 2329 1643 2383 divinae
1667 2329 1797 2398 legis

223 2418 605 2472 observatione
641 2419 810 2474 foveri
863 2419 1010 2472 illam
1058 2429 1109 2472 et
1157 2420 1327 2474 excoli
1377 2434 1595 2474 necesse
1627 2419 1697 2474 sit
1731 2421 1798 2474 ad

227 2508 479 2563 ferendos
523 2523 746 2579 Operum
805 2507 1036 2573 fructus,
1089 2509 1178 2577 qui
1235 2509 1379 2563 velut
1417 2510 1612 2564 radicis
1642 2509 1799 2578 hujus

225 2600 425 2655 surculi
475 2600 833 2656 elllorescant.
877 2598 1006 2667 Quae
1053 2601 1174 2655 ﬁdei
1232 2600 1511 2655 catholica:
1564 2601 1798 2657 decretis

225 2706 612 2761 usquequaque
665 2700 982 2756 consonant,
1036 2691 1081 2746 si
1123 2693 1280 2745 modo
1319 2693 1573 2761 prmvium
1609 2693 1798 2762 gratiae

226 2784 517 2838 excltantis
542 2793 597 2838 et
629 2782 868 2852 juvantis
894 2783 1188 2837 subsidium
1220 2794 1565 2852 agnoscatur.
1600 2782 1796 2838 Verum

226 2893 330 2931 non
359 2877 410 2930 id
461 2877 704 2944 queritur
748 2875 1033 2932 Jansenius
1068 2891 1082 2929 :
1117 2886 1171 2930 at
1201 2877 1367 2930 latere
1416 2876 1505 2931 hic
1536 2886 1798 2930 causatur

226 2969 424 3038 dogma
458 2966 653 3037 Pelagii
681 2968 748 3022 de
782 2970 1049 3037 operanda
1077 2983 1171 3037 per
1198 2968 1364 3038 legem
1389 2966 1620 3035 iustitia,
1647 2968 1800 3022 dum-

225 3063 388 3117 modo
423 3062 669 3116 remissio
698 3071 1042 3129 peccatorum
1073 3077 1168 3130 per
1201 3062 1359 3115 ﬁdem
1394 3062 1516 3114 data
1565 3076 1797 3130 praeces-

227 3159 380 3208 serit.
415 3153 618 3209 Debere
650 3154 863 3222 quidem
904 3168 933 3207 a
971 3153 1074 3206 ﬁde
1118 3151 1556 3222 justiﬁcalionem
1597 3153 1795 3207 ducere

221 3246 535 3310 exordium;
577 3245 931 3314 eamdemque
963 3254 1180 3313 peccata
1235 3243 1433 3310 delere,
1500 3253 1552 3298 et
1595 3244 1681 3299 hic
1715 3245 1796 3298 di-

225 3338 372 3392 xisse
401 3337 627 3391 fatemur
653 3336 960 3405 Origenem,
1012 3346 1068 3389 et
1106 3343 1253 3390 recte
1284 3336 1488 3391 dixisse
1521 3336 1795 3405 pertendi-

227 3443 386 3480 mus:
421 3443 520 3481 nec
556 3428 607 3480 in
649 3443 713 3481 eo
756 3429 947 3495 Opinor
987 3426 1329 3496 Pelagianum
1364 3426 1491 3481 illud
1539 3427 1792 3495 placitum

223 3515 511 3570 Jansenius
565 3517 795 3584 positum
825 3531 944 3570 esse
977 3515 1164 3579 voluit,
1220 3515 1312 3569 sed
1372 3517 1422 3568 in
1459 3516 1708 3584 dogmate
1731 3516 1796 3570 de

224 3612 495 3678 operanda
533 3626 628 3678 per
656 3610 822 3677 legem
849 3609 1078 3679 justitia,
1123 3609 1262 3676 quod
1297 3607 1638 3678 Pelagiannm
1678 3621 1796 3664 esse

225 3701 593 3770 agnoscimus,
627 3701 718 3755 sed
755 3702 820 3755 ab
861 3702 960 3754 hoc
993 3700 1238 3769 Origenis
1275 3700 1391 3755 loco
1422 3699 1577 3768 longe
1613 3700 1795 3768 procul

224 3792 414 3845 abesse
446 3807 763 3861 pugnamus.
785 3792 1065 3858 Quomodo
1095 3792 1236 3845 enim
1258 3791 1584 3860 Operandam
1625 3792 1797 3846 sensit

226 3901 322 3952 per
357 3885 526 3955 legem
557 3885 842 3954 justitiam,
874 3885 961 3953 qui
981 3883 1423 3951 jnstiﬁcationem
1447 3884 1580 3952 legis
1606 3886 1796 3939 obser-

225 3979 426 4032 vationi
463 3986 788 4047 praevertere
833 3978 1029 4032 debere
1081 3976 1256 4030 dixit?
1315 3975 1416 4030 Per
1464 3976 1632 4045 legem
1676 3975 1791 4038 Dei,

230 4069 332 4122 hoc
377 4076 460 4119 est
491 4067 627 4121 bona
659 4082 842 4136 Opera,
881 4064 1147 4132 justitiam
1185 4065 1401 4134 quidem
1446 4064 1790 4120 excolendam

225 4163 429 4226 sanxit,
459 4161 768 4228 neutiquam
806 4173 934 4212 vero
993 4173 1086 4225 per
1123 4157 1293 4227 legem
1350 4157 1614 4223 justitiam
1648 4171 1796 4209 com-

226 4254 411 4321 parari
458 4253 705 4308 credidit.
753 4251 876 4304 Hmc
929 4250 1058 4303 licet
1111 4249 1410 4316 perspicua,
1459 4247 1577 4302 aliis
1619 4256 1791 4301 tamen

222 4343 479 4413 Origenis
505 4345 747 4413 ejusdem
790 4343 1110 4399 testimoniis
1152 4340 1350 4395 ﬁrmari
1381 4348 1621 4408 possunt.
1667 4357 1684 4389 ι
1716 4339 1792 4392 Ex

1908 496 2145 551 Stiﬁcare
2177 514 2280 551 non
2321 508 2568 566 possunt,
2595 498 2739 566 quod
2775 499 2854 553 eis
2888 499 3036 555 deest
3059 501 3209 566 ﬁdes,
3238 519 3356 572 qme
3385 514 3470 558 est

1908 588 2241 656 signaculum
2276 604 2462 643 eorum
2520 589 2612 658 qui
2662 589 3026 656 justiﬁcantur
3076 608 3104 645 a
3163 593 3300 659 Deo;
3353 612 3372 645 ι
3414 604 3469 650 et

1900 683 2039 750 quod
2066 683 2202 737 libro
2225 691 2504 751 sequente,
2533 699 2680 736 num.
2711 685 2766 747 l,
2797 699 2916 753 pag.
2941 684 3036 739 52l
3075 704 3088 740 :
3122 703 3141 737 ι
3179 689 3467 756 Propterea

1899 791 2028 845 ergo
2059 785 2112 829 et
2145 776 2196 828 in
2242 776 2349 831 alio
2390 776 2683 845 Scriptura:
2735 777 2851 830 loco
2885 778 2929 808 ⁷ο
2957 777 3154 830 dicitur
3204 780 3269 832 de
3298 780 3469 833 Abra-

1900 866 2044 930 ham,
2085 867 2223 934 quod
2258 883 2321 920 ex
2365 867 2616 935 operibus
2659 865 2779 919 ﬁdei
2825 865 3153 932 justiﬁcatns
3195 866 3306 933 sit;
3341 867 3466 935 quia

1899 969 2104 1013 certum
2129 969 2214 1014 est
2236 975 2356 1013 eum
2381 960 2469 1028 qui
2501 974 2624 1014 vere
2647 960 2838 1024 credit,
2853 974 2987 1026 opus
3012 958 3130 1011 ﬁdei
3153 959 3464 1024 etjustitize,

1898 1061 1952 1104 et
2004 1051 2170 1104 totius
2222 1050 2480 1105 bonitatis
2525 1051 2759 1118 operari.
2799 1070 2815 1100 ο
2881 1049 3052 1104 Caute
3094 1065 3218 1102 vero
3252 1051 3352 1103 ista
3386 1050 3467 1104 le-

1899 1144 2067 1210 genda
2104 1152 2249 1206 sunt,
2282 1157 2401 1212 quae
2433 1142 2648 1196 disserit
2685 1143 2735 1196 in
2767 1143 2858 1196 lib.
2888 1158 2970 1209 nt,
3017 1158 3164 1196 num.
3206 1145 3292 1206 ll),
3341 1160 3464 1214 pag.

1900 1231 2030 1286 5l9:
2075 1251 2093 1283 ι
2128 1233 2278 1298 Quod
2312 1233 2356 1286 si
2385 1233 2633 1302 requirat
2668 1234 2864 1301 aliquis
2889 1234 3174 1298 curiosius,
3216 1235 3248 1289 ii
3282 1237 3370 1304 qui
3399 1252 3466 1290 ex

1900 1327 2002 1381 ﬁde
2024 1326 2414 1393 justiﬁcantur.
2440 1341 2538 1396 per
2569 1342 2726 1397 quem
2756 1326 3219 1394 justiﬁcentur;et
3252 1343 3464 1382 rursum

1898 1417 1932 1471 ii
1959 1418 2048 1486 qui
2084 1434 2180 1487 per
2224 1419 2382 1472 ﬁdem
2412 1417 2800 1484 justilicantnr,
2829 1433 2894 1472 ex
2925 1433 3031 1486 quo
3057 1417 3465 1487 justiﬁcentur:

1898 1509 2023 1563 licet
2054 1508 2306 1564 fortassis
2337 1510 2502 1563 multa
2557 1511 2610 1563 in
2639 1510 2739 1565 ltoc
2774 1512 3064 1565 curiositas
3087 1511 3355 1575 videatur,
3386 1520 3467 1565 ta-

1897 1615 2017 1654 men
2041 1600 2422 1655 convenienter
2446 1600 2627 1656 dicere
2652 1615 2954 1670 possumus,
2983 1602 3121 1671 quod
3152 1603 3240 1670 qui
3273 1617 3333 1656 ex
3365 1602 3469 1657 fido

1892 1691 2279 1758 justiﬁcantur,
2329 1693 2486 1749 initio
2520 1709 2588 1747 ex
2623 1694 2724 1748 ﬁde
2778 1706 3013 1763 sumpto,
3082 1709 3175 1764 per
3203 1694 3468 1761 adimple-

1904 1785 2100 1836 tionem
2155 1785 2419 1838 bonorum
2479 1800 2700 1852 operum
2754 1797 3235 1848 consummantur;
3291 1796 3342 1838 ct
3376 1785 3465 1854 qni

1899 1888 1992 1940 per
2025 1873 2180 1928 ﬁdem
2215 1873 2601 1942 jnstiﬁcantur,
2627 1890 2656 1927 a
2685 1875 2837 1929 bonis
2863 1875 3116 1942 operibus
3143 1876 3344 1939 exorsi,
3374 1889 3468 1943 per

1900 1965 2058 2018 ﬁdem
2094 1981 2358 2018 summam
2416 1965 2768 2033 perfectionis
2819 1967 3110 2034 accipiunt.
3161 1985 3180 2018 ι
3221 1965 3350 2031 Qtne
3386 1975 3470 2018 ta-

1898 2073 2018 2110 men
2059 2055 2186 2110 ferri
2233 2064 2502 2126 poterunt,
2565 2057 2610 2110 si
2646 2057 2716 2110 ita
2751 2057 3147 2123 intelligantur,
3194 2057 3466 2122 justiflca-

1901 2149 2027 2203 lioni
2056 2148 2246 2217 prmire
2267 2149 2480 2218 quidem
2515 2164 2672 2219 posse
2696 2164 2861 2217 opera
2889 2151 3050 2212 bona,
3073 2150 3164 2203 sed
3193 2164 3298 2202 non
3323 2146 3468 2217 ejus-

1899 2241 2062 2304 modi,
2121 2257 2241 2310 quaa
2290 2241 2355 2293 ad
2413 2241 2553 2295 banc
2609 2241 3112 2310 apprcltendendam
3187 2239 3470 2294 conferant

1898 2330 2224 2398 quidquam;
2254 2329 2429 2393 qualia
2470 2339 2597 2383 sunt
2629 2345 2795 2400 opera
2825 2330 2912 2384 illa
2942 2344 3060 2398 qua:
3083 2330 3200 2400 lege
3235 2329 3466 2384 naturali

1899 2421 2161 2474 suadente
2194 2420 2568 2487 perﬁciuntur.

1967 2511 2150 2581 Pergit
2180 2512 2469 2565 ostendere
2489 2511 2775 2566 .lausenitts
2794 2519 2924 2566 tom.
2941 2511 2980 2573 l,
3007 2511 3102 2566 lib.
3128 2527 3204 2574 vt.
3229 2527 3348 2580 cap.
3375 2511 3466 2578 H,

1899 2618 2088 2673 parum
2120 2619 2252 2657 sana
2285 2602 2452 2657 fuisse
2478 2602 2729 2673 Origenis
2761 2605 2828 2658 de
2872 2603 2990 2673 lege
3026 2603 3221 2674 Moysis
3252 2604 3465 2672 placita,

1898 2696 2068 2764 utqui
2108 2709 2206 2763 per
2231 2710 2349 2749 eam
2401 2703 2676 2764 peccatum
2709 2695 2877 2751 fuisse
2919 2697 3260 2750 imminutum
3290 2712 3353 2751 ac
3386 2712 3470 2750 re-

1897 2785 2148 2839 strictum
2195 2785 2510 2848 crediderit,
2563 2794 2752 2839 contra
2804 2787 2905 2840 hoc
2938 2786 3180 2855 Apostoli
3234 2803 3470 2854 pronun-

1898 2876 2083 2929 tiatum
2118 2891 2130 2927 :
2176 2894 2193 2927 ι
2224 2875 2333 2929 Lex
2379 2882 2556 2928 autem
2584 2874 2930 2937 subintravit,
2952 2885 3009 2928 nt
3042 2876 3339 2931 abundaret
3371 2877 3468 2929 de-

1898 2964 2083 3019 lictum
2111 2966 2188 3032 ";
2234 2985 2253 3018 ι
2281 2975 2443 3033 atque
2472 2964 2586 3019 haec
2615 2965 2811 3035 placita
2835 2964 3033 3035 Pelagii
3063 2976 3118 3021 et
3141 2966 3336 3020 .lnliani
3374 2969 3470 3022 doc

1899 3058 2084 3111 ctrinae
2116 3057 2302 3112 scribit
2324 3072 2444 3112 esse
2479 3066 2866 3122 consentanea,
2910 3059 2959 3112 in
2989 3058 3162 3125 iisque
3191 3059 3358 3114 fuisse
3401 3061 3469 3113 ab

1896 3147 2197 3216 Augustino
2248 3147 2533 3217 proﬂigata
2579 3157 2633 3201 et
2685 3148 2956 3203 confossa.
3017 3147 3132 3203 Non
3183 3165 3283 3218 ego
3338 3165 3470 3204 sane

1897 3253 2066 3306 usque
2093 3237 2226 3292 adeo
2249 3236 2499 3306 Origenis
2531 3252 2708 3292 causa:
2734 3238 2908 3301 faveo,
2942 3249 2997 3292 nt
3046 3240 3308 3293 naturalis
3339 3239 3469 3308 legis

1895 3327 2039 3381 vires
2061 3335 2257 3396 praeter
2274 3341 2486 3396 aequum
2513 3328 2834 3397 praedicatus
2863 3330 2929 3382 ab
2959 3343 3023 3382 eo
3049 3328 3216 3382 fuisse
3252 3344 3465 3398 negem;

1896 3435 1960 3475 ac
1992 3420 2107 3474 illas
2153 3420 2335 3474 itidem
2369 3418 2618 3475 Mosaica:
2668 3420 2826 3489 legis,
2889 3436 3023 3489 quas
3058 3421 3131 3473 ita
3158 3419 3367 3482 extulit,
3404 3433 3468 3472 ac

1897 3511 1940 3566 si
1978 3526 2081 3565 non
2113 3520 2392 3579 peccatum
2439 3511 2699 3564 duntaxat
2734 3511 3074 3579 prohibuerit
3106 3527 3168 3564 ea
3207 3511 3319 3577 lex,
3370 3511 3464 3563 sed

1895 3603 2307 3672 gratiametiam
2345 3602 2652 3657 hominibus
2681 3605 2747 3656 ad
2776 3605 3095 3658 vincendum
3133 3603 3259 3657 illud
3282 3613 3470 3657 contu-

1897 3696 2049 3761 lerit,
2095 3713 2158 3751 ac
2186 3699 2229 3751 si
2267 3714 2361 3768 per
2406 3698 2549 3752 illam
2586 3713 2690 3751 non
2730 3696 2965 3766 cognitio
3015 3695 3186 3751 solum
3233 3695 3465 3765 peccati.

1896 3787 1989 3843 sed
2014 3789 2174 3842 etiam
2208 3789 2423 3843 sanatio
2467 3788 2788 3856 contigerit;
2840 3802 2903 3840 ac
2952 3786 2994 3840 si
3045 3801 3150 3839 non
3186 3787 3250 3840 ad
3284 3787 3465 3854 priora

1895 3887 2237 3947 peccatorum
2278 3893 2497 3948 genera,
2529 3893 2649 3947 quae
2681 3884 3071 3945 praecesserant
3109 3876 3296 3944 legem,
3331 3890 3467 3943 ιιι-αξη

1894 3971 2157 4025 varicatio
2191 3980 2450 4039 praeterea
2475 3969 2793 4032 accesserit,
2813 3983 2930 4037 quze
2956 3968 3334 4036 praevaricatio
3359 3966 3462 4021 nisi

1896 4059 2013 4130 lege
2061 4061 2168 4114 lata
2199 4075 2322 4116 esse
2363 4076 2466 4115 non
2496 4069 2709 4128 potest;
2757 4074 2820 4114 ac
2847 4060 2891 4114 si
2945 4074 3048 4111 non
3088 4057 3377 4111 nitentibus
3409 4058 3463 4111 in
3499 4072 3503 4074 '

1895 4154 2118 4206 vetitum
2153 4152 2481 4216 hominibus,
2506 4152 2939 4219 concupiscentia
2967 4151 3080 4218 lege
3111 4150 3315 4203 frenata
3346 4164 3467 4203 creo

1893 4245 2062 4299 verit:
2096 4259 2160 4299 ac
2192 4245 2237 4299 si
2271 4260 2374 4298 non
2404 4259 2664 4314 apparere
2697 4254 2904 4298 tantum
2945 4243 3190 4311 casperit,
3222 4253 3274 4296 et
3301 4243 3465 4311 depu-

1898 4336 1999 4389 tari
2028 4345 2326 4405 peccatum,
2360 4336 2454 4391 sed
2485 4337 2646 4390 etiam
2674 4335 2908 4390 ablatum
2939 4335 3118 4388 fuerit.
3139 4334 3246 4388 Dici
3285 4343 3462 4386 tamen

222 4436 422 4505 quibus
448 4437 718 4498 omnibus,
761 4452 780 4485 ι
822 4434 994 4503 inquit
1025 4433 1116 4487 lib.
1142 4449 1196 4486 ιιι
1223 4432 1277 4484 in
1311 4429 1484 4498 Epist.
1511 4430 1578 4482 ad
1611 4427 1790 4494 Rom.,
1823 4442 1871 4501 ι)
1896 4437 2070 4497 potest
2103 4429 2155 4482 in
2191 4429 2418 4495 gratiam
2451 4427 2721 4498 Origenis,
2785 4441 2888 4480 non
2918 4435 3138 4494 peccata
3171 4439 3266 4494 per
3294 4424 3463 4492 legem

225 4541 376 4577 num.
411 4524 464 4586 9,
498 4540 619 4592 pag.
651 4523 774 4587 517,
835 4541 852 4572 ι
899 4523 1066 4576 claret
1120 4522 1264 4591 quod
1317 4529 1464 4573 recte
1502 4519 1797 4571 arbitratur

221 4616 515 4684 Apostolus
561 4618 603 4647 ⁸⁸
648 4615 928 4682 justiﬁcari
981 4604 1252 4669 hominem
1307 4627 1402 4680 per
1460 4610 1619 4664 ﬁdem
1679 4610 1796 4664 sine

223 4710 482 4776 operibus
517 4707 671 4776 legis.
741 4707 844 4761 Sed
876 4706 1118 4760 fortassis
1169 4704 1283 4759 haec
1329 4705 1525 4773 aliquis
1569 4704 1795 4758 audiens

224 4801 550 4867 resolvatur,
589 4810 643 4855 et
679 4804 815 4855 bene
864 4795 1052 4867 agendi
1085 4797 1459 4866 negligentiam
1494 4796 1690 4865 capiat,
1723 4795 1796 4849 si-

228 4894 450 4960 quidem
506 4895 571 4947 ad
624 4891 1025 4962 justiﬁcandum
1076 4889 1207 4942 ﬁdes
1251 4888 1363 4942 sola
1410 4887 1652 4942 sufﬁciat.
1713 4887 1794 4939 Ad

223 5001 388 5054 quem
429 4987 669 5040 dicemus
700 4987 822 5054 quia
860 4995 980 5052 post
1027 4981 1464 5053 justiﬁcationem
1507 4982 1552 5034 si
1599 4981 1796 5047 injuste

225 5080 356 5147 quis
395 5089 539 5147 agat,
585 5079 704 5133 sine
750 5078 912 5132 dubio
943 5075 1343 5147 jnstiﬁcationis
1391 5072 1614 5142 gratiam
1642 5085 1794 5140 spreo

222 5171 328 5223 vit.
362 5189 380 5220 ι
403 5169 517 5223 Non
541 5184 701 5239 opera
740 5169 838 5238 ipsi
877 5170 1120 5238 justitize,
1151 5167 1243 5221 sed
1270 5150 1527 5234 justitiam
1548 5161 1798 5230 operibus

226 5263 538 5332 praeposuit.
574 5261 783 5315 Clarius
809 5261 970 5314 etiam
1013 5259 1153 5330 quod
1177 5259 1320 5327 jacet
1351 5256 1509 5326 paulo
1533 5254 1788 5310 inferius:

233 5375 253 5404 ι
298 5354 397 5410 Ubi
437 5371 566 5410 vero
608 5355 740 5410 ﬁdes
774 5371 876 5409 non
905 5364 988 5409 est
1015 5368 1133 5422 quae
1171 5354 1481 5407 credentem
1509 5349 1789 5416 justiﬁcet,

223 5448 390 5502 etiam
422 5447 466 5501 si
495 5463 656 5516 opera
692 5449 814 5517 quis
844 5447 1036 5501 habeat
1064 5461 1126 5498 ex
1156 5444 1291 5513 lege,
1325 5453 1500 5496 tamen
1529 5441 1656 5510 quia
1684 5454 1790 5493 non

226 5547 360 5594 sunt
399 5539 664 5594 aediﬁcata
709 5553 870 5607 supra
913 5537 1319 5590 fundamentum
1365 5531 1508 5596 ﬁdei,
1543 5529 1790 5599 quamvis

1902 4521 2143 4574 absolute
2169 4521 2387 4574 dimissa
2417 4521 2586 4588 ipsum
2616 4519 3012 4588 pronuntiasse,
3044 4516 3137 4572 sed
3172 4535 3190 4567 ι
3225 4532 3288 4569 ex
3315 4526 3466 4584 parte

1902 4611 2124 4680 aliqua;
2166 4630 2183 4662 ι
2229 4613 2356 4679 quia
2390 4610 2596 4680 Moyses
2641 4628 2659 4660 ι
2711 4625 2776 4663 ex
2829 4616 3096 4679 praecepto
3131 4607 3270 4676 regis
3305 4604 3464 4673 primi

1901 4703 2163 4757 sacriﬁcia
2212 4701 2462 4766 instituit,
2489 4701 2684 4770 quibus
2707 4694 2853 4754 certa
2898 4697 3237 4752 solemnitate
3268 4695 3465 4754 oblatis

1902 4794 2039 4847 sicut
2063 4794 2296 4856 deceret,
2353 4791 2725 4846 remitteretur
2754 4790 2832 4844 eis
2877 4798 3180 4858 peccatum.
3220 4805 3238 4838 ι
3292 4787 3463 4840 Verba

1900 4895 2025 4939 sunt
2056 4884 2307 4954 Origenis
2340 4884 2434 4938 lib.
2467 4898 2499 4936 v
2545 4885 2597 4936 in
2662 4881 2830 4948 Epist.
2877 4882 2947 4933 ad
2991 4881 3170 4942 Rom.,
3225 4893 3372 4941 num.
3406 4878 3458 4942 l,

1900 4992 2019 5047 pag.
2053 4977 2179 5039 550,
2213 4992 2276 5031 ex
2301 4993 2366 5032 eo
2395 4977 2508 5046 ipso
2547 4976 2664 5030 loco
2693 4991 2850 5043 quem
2909 4974 3117 5044 profert
3153 4972 3460 5028 Janseuius.

1903 5067 2024 5122 llrec
2067 5077 2244 5122 autem
2295 5067 2541 5122 remissio
2579 5076 2924 5136 peccatorum
2973 5066 3227 5136 quoniam
3266 5065 3466 5133 imper-

1900 5161 2038 5215 fecta
2063 5170 2199 5226 erat,
2245 5170 2298 5214 et
2352 5158 2495 5212 illius
2541 5157 2727 5212 umbra
2777 5172 2897 5227 qum
2953 5158 3145 5212 merito
3187 5154 3464 5224 sanguinis

1901 5253 2100 5307 Christi
2145 5251 2483 5320 impetratur.
2514 5249 2715 5304 idcirco
2755 5265 2859 5302 non
2908 5249 3066 5318 plene
3093 5258 3148 5301 et
3201 5247 3460 5316 perfecte,

1899 5345 1992 5398 sed
2020 5358 2083 5398 ex
2121 5354 2274 5413 parte
2300 5341 2477 5410 aliqua
2505 5341 2776 5411 tyrannidi
2813 5340 3003 5393 mortis
3044 5353 3106 5393 ac
3127 5337 3330 5408 peccati
3367 5350 3465 5403 per

1899 5434 2070 5505 legem
2111 5434 2302 5490 obsisti
2355 5432 2509 5487 dixit.
2577 5432 2632 5486 ld
2676 5434 2786 5500 ipse
2833 5432 3114 5501 perspicue
3171 5426 3461 5498 signiﬁcat,

1898 5544 2019 5584 cum
2049 5527 2199 5583 addit
2232 5526 2534 5584 obsistente
2557 5525 2958 5596 quantumlibet
2983 5524 3098 5596 lege
3119 5518 3462 5592 przet'aiuisse

306 5723 347 5752 ⁸⁸
375 5719 524 5775 Rom.
559 5735 638 5783 ιιι,
670 5718 758 5773 28.
835 5719 878 5749 7°
900 5715 1078 5771 Jacob.
1118 5729 1174 5779 ll,
1197 5712 1288 5779 ‘ll,
1317 5713 1406 5768 ‘29..
1478 5713 1519 5744 ⁷¹
1555 5711 1702 5766 Rom.
1729 5724 1779 5775 v,
1808 5707 1898 5800 βο.
