3860 6230
461 301 529 353 55
1660 294 1721 349 P.
1765 288 2083 347 DANIELIS
2124 287 2217 344 HU
2230 286 2365 343 ETII

3597 273 3707 325 93th

421 423 726 487 peccatum,
781 427 881 467 nec
923 411 1027 482 legi
1080 410 1512 466 succenturietos
1561 408 1858 480 prophetas
1896 405 2005 457 vim
2035 402 2275 465 Aeliam
2326 397 2797 471 praevaricatione,
2850 408 3099 467 peccare.
3154 411 3174 445 ι
3246 389 3307 446 S.
3344 388 3597 487 Thomas
3650 392 3708 445 ia

423 506 632 576 peccati
694 503 952 559 cohibere
1011 503 1278 572 potuisse.
1321 502 1417 558 sed
1478 501 1722 557 adfuisse
1786 501 2003 554 tandem

422 599 729 662 Christum,
785 612 848 650 ac
906 596 973 650 de
1023 605 1196 649 morte
1235 603 1290 649 et
1351 604 1573 663 peccato
1620 593 2003 662 triumphasse.

425 690 695 744 Praeterea
747 686 865 755 lege
917 684 1022 737 lata
1069 684 1254 753 aliquo
1282 698 1444 738 sensu
1477 697 1791 751 compressa
1844 680 2010 736 fuisse

426 783 531 837 dici
578 788 754 849 potest
795 776 1006 847 peccati
1046 776 1160 841 vis;
1198 794 1302 831 non
1334 777 1477 846 quod
1526 778 1667 832 hanc
1705 776 1884 844 reipsa
1923 775 2009 829 lex

426 874 838 946 compresserit,
870 873 963 927 sed
988 872 1127 940 quod
1157 870 1222 923 ad
1261 884 1379 925 eam
1409 869 1871 938 comprimendam
1901 868 2010 923 lata

428 972 532 1033 sit;
574 975 815 1037 spectato
845 964 1099 1027 consilio,
1128 978 1233 1015 non
1262 970 1496 1025 eventu;
1526 976 1673 1023 nam,
1710 962 2010 1014 secundum

428 1059 797 1122 Ambrosium,
857 1074 877 1107 ι
931 1054 1218 1126 Apostolus
1257 1052 1495 1106 ostendit
1529 1050 1661 1121 quid
1694 1049 2013 1118 provenerit

430 1154 557 1208 data
604 1152 741 1219 lege,
784 1164 886 1204 non
913 1148 1039 1218 quid
1072 1148 1156 1200 lex
1186 1144 1430 1198 fecerit.»
1470 1168 1543 1184 ——
1571 1162 1590 1195 ι
1632 1142 1749 1197 Non
1792 1142 1960 1207 enim,
1988 1160 2007 1193 ι

429 1255 491 1297 ιιι
534 1244 700 1297 habet
733 1242 791 1296 S.
825 1241 1061 1295 Thomas
1094 1240 1147 1291 in
1182 1236 1334 1289 Rom.
1364 1251 1415 1299 ν,
1454 1234 1547 1300 20,
1588 1252 1608 1286 ι
1642 1236 1707 1288 ad
1764 1234 1868 1289 hoc
1914 1232 2015 1286 fuit

432 1337 558 1388 data
593 1334 696 1393 lex.
738 1343 796 1385 ut
837 1340 1123 1401 peccatum
1169 1329 1504 1394 abundaret;
1545 1326 1673 1396 quin
1705 1327 1883 1396 potius
1907 1325 2014 1387 lex,

430 1435 692 1495 quantum
736 1425 789 1477 in
814 1438 873 1476 se
904 1422 1025 1486 fuit,
1064 1430 1348 1488 peccaturo
1383 1418 1681 1489 prohibuit,
1716 1420 2012 1473 secundum

434 1520 561 1572 illud
598 1517 732 1587 psal.
762 1531 949 1580 cxvnt,
985 1515 1070 1577 ιι,
1093 1512 1160 1565 1η
1191 1512 1348 1565 corde
1376 1526 1487 1564 meo
1513 1510 1768 1563 abscondi
1800 1510 2007 1580 eloquia

431 1618 547 1676 tua,
577 1621 632 1663 tu
665 1624 766 1661 non
803 1622 1004 1675 peccem
1035 1606 1150 1660 tibi.
1187 1621 1206 1656 ι
1266 1603 1370 1658 Sed
1404 1617 1502 1655 nee
1529 1603 1690 1656 aliter
1716 1616 1810 1671 per
1847 1602 2016 1672 legem

433 1700 829 1757 incrementum
889 1698 1169 1766 accepisse
1215 1704 1499 1764 peccatum
1556 1695 1777 1748 tradunt
1825 1690 2019 1747 Patres

432 1790 702 1856 nonnulli,
734 1806 895 1859 quam
926 1790 1054 1859 quia
1087 1804 1184 1858 per
1223 1788 1358 1856 legis
1396 1785 1889 1857 promulgationem
1922 1799 2017 1837 co-

433 1886 644 1956 gnitmn
697 1893 782 1940 est
832 1884 888 1937 id
941 1897 1065 1937 esse
1111 1890 1419 1951 peccatum,
1487 1880 1629 1947 quod
1663 1887 1817 1932 antea
1856 1878 2017 1948 vulgo

436 1976 835 2047 ignorabatur;
890 1974 1031 2027 unde
1090 1970 1468 2041 prmvaricatio
1527 1978 1583 2023 et
1634 1969 2015 2037 transgressio,

431 2068 584 2138 juxta
622 2066 750 2121 illud
780 2066 938 2119 Rom.
969 2079 1053 2125 ιιι,
1077 2062 1180 2117 2οε
1217 2082 1235 2113 ι
1274 2060 1374 2116 Per
1403 2061 1574 2130 legem
1601 2061 1744 2114 enim
1784 2058 2019 2127 cognitio

436 2158 665 2226 peccati.
689 2174 707 2208 ι
737 2155 1155 2225 Chrysostomns
1178 2152 1367 2207 homil.
1390 2149 1716 2218 l0inEpiu.
1744 2153 1813 2204 ad
1842 2150 2016 2204 Rom:

446 2246 663 2317 Ἐπειδὴ
698 2245 806 2316 γὰρ
842 2244 1098 2315 βάναυσοι
1122 2260 1270 2306 ,τινες
1302 2239 1441 2313 ἦσαν
1474 2243 1711 2296 Ἰουδαῖοι
1742 2244 1837 2296 καὶ
1863 2242 2017 2296 ἐκλε-

432 2339 677 2409 λυμένοι,
736 2339 1002 2410 καὶπρὸς
1051 2338 1223 2403 αὑτὰς
1281 2339 1380 2401 τὰς
1430 2338 1639 2407 δωρεὰς
1696 2337 2021 2390 ἀναπεπτω-

435 2431 593 2493 κότες
634 2446 647 2459 ·
693 2429 884 2482 τούτου
940 2432 1099 2501 χάριν
1149 2431 1177 2483 ὁ
1223 2430 1388 2499 νόμος
1446 2428 1623 2498 ἐδόθη,
1694 2429 1779 2481 ἵνα
1823 2430 2020 2492 αὐτοὺς

433 2522 631 2597 ἐλέγξῃ
668 2522 947 2593 μειζόνως,
988 2524 1082 2576 καὶ
1113 2522 1298 2594 διδάξῃ
1333 2521 1520 2591 σαφῶς
1559 2524 1617 2574 ὲν
1659 2516 1740 2585 οἷς
1772 2523 1899 2587 εἶσι,
1928 2524 2021 2577 καὶ

435 2618 534 2687 τὴν
565 2615 903 2687 κατηγορίαν
937 2613 1199 2685 αὐξήσας,
1226 2613 1523 2685 ὲπισφίγξῃ
1552 2614 1751 2684 μᾶλλον
1779 2613 1975 2679 αὐτούς
2002 2655 2017 2667 .

443 2724 465 2759 r
497 2706 766 2774 Quoniam
786 2707 929 2761 enim
959 2705 1253 2760 illiberales
1279 2705 1643 2770 erantJudaei,
1666 2715 1721 2759 et
1747 2706 2018 2770 dissoluti,

434 2807 494 2853 et
523 2799 587 2851 ad
619 2798 734 2865 ipsa
768 2798 905 2851 dona
936 2797 1141 2867 supini,
1181 2798 1385 2852 idcirco
1419 2796 1505 2851 lex
1535 2797 1657 2851 data
1687 2807 1789 2861 est,
1814 2807 1873 2851 ut
1898 2797 2021 2852 illos

438 2887 695 2941 videlicet
730 2889 1107 2941 vehementius
1139 2896 1485 2958 coargueret,
1536 2899 1828 2959 aperteque
1859 2889 2015 2944 doce-

439 2991 524 3035 ret
549 2996 658 3050 quo
689 2982 741 3033 in
772 2990 917 3035 statu
947 2988 1155 3044 essent,
1197 2990 1363 3050 atque
1392 2981 1793 3035 accusationem
1819 2996 2021 3050 angens

440 3071 589 3140 ipsos
618 3072 787 3141 magis
814 3070 1234 3139 constringeret.
1276 3087 1295 3120 ι
1358 3069 1723 3140 Hieronymus
1755 3070 1808 3124 in
1849 3071 2017 3139 Epist.

438 3164 511 3233 ad
545 3161 725 3217 Galat.
759 3177 841 3225 ιιι,
876 3163 970 3226 at,
1000 3162 1069 3214 ΞΕ
1092 3179 1103 3213 :
1125 3179 1143 3212 ι
1179 3160 1287 3215 Nec
1320 3176 1448 3215 vero
1474 3164 1843 3216 :estimandum
1873 3162 2021 3218 Scri-

440 3266 657 3324 pturant
696 3263 970 3308 auctorem
998 3267 1119 3307 esse
1158 3255 1387 3322 peccati,
1414 3255 1539 3322 quia
1568 3255 1749 3308 omnia
1769 3256 1867 3307 sub
1895 3270 2022 3325 pec-

439 3353 566 3397 cato
600 3343 935 3397 conclusisse
976 3342 1189 3396 dicatur
1228 3355 1243 3395 :
1272 3356 1396 3394 cum
1432 3344 1745 3397 mandatum
1779 3346 1921 3414 quod
1953 3361 2020 3400 ex

436 3433 560 3504 jure
600 3434 937 3504 praecipitur,
965 3434 1222 3489 ostendat
1270 3437 1469 3504 potius,
1499 3446 1800 3505 argnatque
1833 3452 2024 3507 pecca-

445 3534 576 3585 tum.
635 3540 797 3594 quam
831 3524 901 3579 sit
940 3538 1103 3578 causa
1155 3526 1384 3595 peccati.
1428 3544 1447 3578 ι
1481 3524 1815 3596 Augustinus
1858 3527 1952 3585 lib.
1982 3542 2022 3582 ιι

442 3625 628 3671 contra
658 3616 980 3683 'Julianum,
1014 3630 1134 3683 cap.
1193 3616 1299 3682 22,
1352 3634 1371 3667 ι
1410 3615 1689 3687 Originale
1742 3630 2022 3686 peccatum

444 3721 551 3761 non
587 3705 803 3775 quidem
826 3715 945 3776 post
976 3704 1146 3775 legem
1182 3705 1375 3770 crevit,
1408 3707 1501 3761 sed
1543 3716 1722 3762 tamen
1752 3708 1836 3764 lex
1860 3712 2021 3765 etiam

443 3799 662 3867 ipsum,
724 3798 880 3868 cujus
936 3796 1286 3852 abolitionem
1349 3799 1762 3854 circumcisione
1807 3800 2026 3856 infantis

444 3892 806 3961 significaret,
842 3891 1079 3956 invenit;
1132 3893 1274 3947 sicut
1338 3892 1549 3946 invenit
1593 3893 1758 3946 etiam
1804 3906 2026 3963 peccata

446 3983 791 4051 ignorantia},
846 3997 967 4051 quae
1024 3997 1124 4037 nec
1181 3984 1296 4053 ipsa
1345 3984 1468 4037 data
1522 3984 1639 4052 lege
1691 3992 2023 4039 creverunt:

446 4076 889 4144 quandoquidem
932 4076 1117 4146 potius
1148 4076 1261 4145 ipsa
1295 4076 1602 4146 ignorantia
1631 4077 1893 4133 diminuta
1923 4089 2025 4144 est,

448 4168 575 4236 quia
600 4168 826 4222 scientia
861 4168 994 4240 legis
1026 4170 1256 4224 accessit
1292 4184 1307 4222 :
1341 4169 1435 4223 sed
1466 4179 1746 4239 peccatum
1777 4170 1893 4225 sine
1922 4185 2029 4239 quo

450 4274 612 4313 nemo
645 4260 915 4325 nascitur,
949 4262 1125 4315 crevit
1170 4260 1465 4315 voluntatis
1491 4276 1745 4328 accessu,
1772 4261 2028 4330 originali

449 4352 896 4421 concupiscentia
933 4354 1185 4409 trahente
1239 4364 1526 4423 peccantes
1557 4368 1805 4409 assensu.
1840 4354 2029 4408 Abun-

2109 492 2259 547 Rom.
2284 508 2339 556 ν.
2362 492 2433 547 20
2463 510 2476 545 :
2513 510 2533 542 ι
2559 490 2812 545 Secundo
2841 500 3019 543 autem
3056 494 3233 556 potest
3262 483 3617 552 responderi,
3652 494 3709 537 nt

2109 585 2327 638 dicatur
2358 584 2503 652 quod
2552 582 2625 653 ly,
2654 592 2714 634 ut
2765 590 3015 634 teneatur
3039 576 3354 639 causaliter,
3407 574 3481 627 ita
3523 582 3708 625 tamen

2108 676 2254 746 quod
2303 675 2557 744 loquatur
2585 672 2875 742 Apostolus
2904 671 2969 726 de
2996 667 3328 723 abundantia
3371 664 3589 726 delicti,
3626 678 3710 717 se-

2111 768 2346 821 cundum
2374 766 2517 835 quod
2545 774 2629 820 est
2675 767 2730 818 in
2767 772 2953 819 nostra
2979 759 3320 830 cognitione;
3375 766 3437 809 ut
3476 755 3555 810 sit
3588 768 3711 809 sea-

2114 874 2227 924 sus,
2262 858 2343 912 lex
2379 856 2732 920 subintravit,
2769 865 2828 909 ut
2858 853 3160 908 abundaret
3203 849 3491 913 delictum,
3524 847 3580 900 id
3602 856 3706 908 est,

2115 958 2175 1003 ut
2208 947 2580 1003 abundantius
2620 946 2880 1001 delictum
2909 948 3356 1011 cognosceretur,
3402 935 3709 992 secundum

2117 1042 2338 1097 modum
2390 1039 2650 1109 loquendi
2687 1052 2794 1105 quo
2820 1036 3022 1090 dicitur
3048 1033 3253 1102 aliquid
3284 1030 3427 1095 fieri,
3460 1044 3593 1083 cum
3626 1029 3706 1081 in-

2116 1134 2366 1189 notescit.
2427 1131 2577 1187 Unde
2616 1146 2778 1200 supra
2813 1129 3017 1182 dictum
3049 1135 3154 1189 est,
3214 1125 3357 1193 quod
3406 1137 3508 1191 per
3538 1120 3709 1190 legem

2115 1237 2198 1282 est
2226 1226 2471 1296 cognitio
2498 1224 2728 1292 peccati.
2766 1240 2784 1272 ι
2815 1218 2976 1274 Juvat
2998 1232 3212 1287 quoque
3244 1215 3546 1284 Origenetn
3570 1212 3708 1282 quod

2119 1321 2284 1376 habet
2313 1318 2513 1373 ibidem
2539 1313 2873 1377 S.Thomas,
2906 1322 3026 1381 post
3052 1310 3187 1381 legis
3209 1306 3705 1377 promulgationem

2121 1412 2405 1468 ruentibus
2455 1406 2731 1465 nonnullis
2768 1405 2819 1458 in
2868 1405 3093 1458 vetitum
3144 1401 3316 1467 nefas,
3348 1398 3623 1469 quosdam
3648 1397 3707 1451 ad

2120 1504 2401 1560 meliorem
2460 1500 2671 1569 frugem
2716 1496 2983 1561 evasisse,
3052 1494 3105 1549 in
3160 1495 3337 1563 iisque
3392 1506 3705 1562 repressum

2122 1596 2293 1650 fuisse
2330 1602 2638 1662 peccatum.
2674 1608 2696 1641 ι
2742 1589 3033 1645 Sciendum
3068 1596 3269 1650 tamen,
3314 1586 3526 1655 inquit,
3551 1585 3707 1655 quod,

2122 1689 2260 1741 sicut
2290 1684 2650 1751 Philosophus
2686 1681 2816 1734 dicit
2848 1680 2899 1734 in
2926 1696 2955 1733 x
2992 1679 3189 1747 Ethic.,
3222 1676 3537 1747 prohibitio
3564 1677 3707 1745 legis,

2125 1782 2251 1834 licet
2290 1778 2409 1833 illos
2439 1778 2532 1846 qui
2564 1782 2688 1831 sunt
2717 1775 2857 1828 male
2880 1774 3125 1842 dispositi
3172 1771 3435 1827 cohibeat
3466 1772 3541 1825 ab
3565 1782 3709 1826 exte-

2123 1869 2359 1926 rioribus
2392 1868 2630 1939 peccatis
2654 1866 2770 1923 solo
2793 1880 2965 1935 poena:
2992 1866 3204 1931 timore,
3230 1867 3498 1935 quosdam
3536 1874 3711 1917 tamen

2124 1961 2263 2015 bene
2302 1959 2595 2030 dispositos
2647 1956 2858 2011 inducit
2906 1970 3003 2027 per
3039 1971 3278 2011 amorem
3318 1956 3580 2020 virtutis;
3628 1954 3713 2009 sed

2130 2056 2232 2109 ista
2277 2054 2417 2107 bona
2445 2052 2735 2122 dispositio
2772 2061 3031 2121 quantum
3062 2051 3129 2104 ad
3158 2050 3359 2119 aliquid
3389 2059 3576 2119 potest
3600 2064 3715 2105 esse

2126 2162 2155 2200 a
2198 2155 2415 2208 natura,
2464 2145 2559 2198 sed
2590 2142 2707 2211 ejus
2754 2142 3019 2213 perfectio
3055 2158 3159 2197 non
3190 2153 3275 2196 est
3326 2142 3431 2196 nisi
3465 2156 3567 2210 per
3592 2158 3714 2213 gra-

2129 2234 2281 2298 tiam,
2311 2250 2379 2289 ex
2413 2248 2518 2303 qua
2544 2234 2812 2305 contingit
2843 2235 2986 2304 quod
3016 2234 3175 2289 etiam
3203 2234 3319 2302 lege
3342 2233 3516 2287 veteri
3561 2235 3711 2298 data,

2129 2344 2233 2382 non
2264 2329 2317 2384 in
2343 2327 2602 2383 omnibus
2632 2339 2912 2397 peceatum
2942 2326 3201 2391 abundat,
3220 2327 3312 2381 sed
3343 2327 3395 2380 in
3435 2327 3714 2396 pluribus.

2127 2416 2360 2484 Quidam
2398 2432 2525 2472 vero
2555 2417 2674 2487 lege
2705 2418 3044 2485 prohibente,
3076 2426 3131 2470 et
3156 2416 3327 2487 gratia
3353 2416 3589 2471 ulterius
3621 2419 3721 2472 ad-

2118 2510 2365 2577 juvante,
2416 2510 2482 2563 ad
2528 2508 2916 2579 perfectionem
2960 2511 3220 2564 virtutum
3252 2511 3467 2564 tandem
3516 2526 3721 2578 perve-

2129 2610 2346 2664 nerunt,
2383 2602 2677 2655 secundum
2723 2601 2850 2656 illud
2886 2602 3092 2658 Eccles.
3128 2618 3271 2666 thv,
3309 2602 3374 2655 ιε
3409 2600 3721 2655 Laudent-ts

2125 2696 2264 2747 turos
2303 2693 2582 2762 gloriosos,
2622 2701 2752 2758 ete.,
2800 2703 2855 2747 et
2909 2692 3068 2757 infra,
3120 2694 3174 2759 5,
3215 2693 3447 2746 homines
3496 2708 3725 2762 magno:

2126 2791 2334 2844 virtute.
2377 2806 2395 2839 ι
2437 2786 2775 2858 Snll'ragatur
2811 2800 2867 2841 et
2895 2787 3023 2841 illud
3056 2785 3295 2849 Thomas,
3344 2796 3528 2840 nostro
3570 2785 3725 2839 Ada-

2128 2880 2355 2945 mantio,
2380 2895 2445 2935 ex
2489 2878 2610 2943 i-Q,
2642 2892 2830 2947 qua-st.
2867 2879 2957 2945 98,
3009 2894 3061 2944 a,
3100 2878 3124 2930 1
3174 2895 3189 2931 :
3236 2896 3255 2929 ι
3298 2876 3408 2931 Lex
3445 2886 3609 2932 vetus
3644 2893 3729 2932 rae

2131 2972 2259 3028 tioni
2293 2971 2649 3036 consonabat,
2682 2971 2808 3041 quia
2836 2969 3330 3040 concupiscentiam
3360 2970 3726 3039 reprimebat,

2127 3077 2248 3131 quae
2271 3062 2461 3117 rationi
2491 3064 2828 3127 adversatur,
2883 3071 2941 3114 ut
3001 3070 3147 3131 patet
3185 3060 3236 3115 in
3296 3060 3385 3115 illo
3410 3061 3683 3116 mandato
3712 3079 3725 3113 :

2126 3153 2249 3208 Non
2293 3155 2630 3222 concupisces
2690 3168 2795 3206 rem
2845 3153 3069 3220 proximi
3128 3153 3239 3221 tui,
3307 3153 3452 3222 quod
3504 3154 3727 3223 ponitur

2124 3244 2295 3299 Exod.
2322 3260 2410 3309 xx,
2449 3246 2537 3300 17.
2573 3244 2691 3315 Ipsa
2724 3247 2887 3301 etiam
2921 3245 3102 3299 omnia
3125 3256 3339 3313 peccata
3369 3244 3723 3325 prohibebat,

2123 3353 2245 3406 qua:
2284 3346 2631 3394 suntcontra
2673 3338 2956 3392 rationem.
3001 3354 3020 3388 ι
3073 3336 3136 3391 Et
3187 3334 3415 3391 articulo
3460 3350 3729 3406 sequente

2125 3432 2282 3483 docet
2354 3429 2528 3499 legem
2590 3439 2827 3484 veterem
2878 3436 2923 3495 δι
2978 3428 3224 3482 homines
3298 3427 3591 3481 ordinasse
3666 3430 3731 3482 ad

2124 3521 2406 3576 Christum
2456 3536 2554 3591 per
2593 3525 2815 3578 modum
2846 3520 3122 3589 cujusdam
3166 3521 3569 3589 dispositionis,
3600 3522 3732 3574 dum

2126 3615 2409 3670 retrahens
2453 3615 2699 3670 homines
2729 3630 2759 3668 a
2803 3615 2951 3671 cultu
2989 3614 3323 3678 idololatriae,
3364 3613 3733 3667 concludebat

2124 3720 2220 3760 eos
2250 3709 2348 3761 sub
2372 3705 2519 3762 cultu
2555 3707 2712 3761 unius
2744 3706 2861 3773 Dei,
2903 3722 2930 3760 a
2964 3721 3071 3776 quo
3116 3704 3431 3761 salvandutn
3466 3719 3591 3759 erat
3631 3705 3735 3759 hu-

2130 3813 2352 3852 manum
2380 3811 2553 3868 genus
2592 3811 2687 3868 per
2726 3798 3026 3853 Christum.
3059 3816 3079 3850 ι

2200 3891 2314 3946 XII.
2402 3894 2580 3958 Atque
2645 3891 2855 3944 utinam
2918 3890 3218 3945 commodis
3280 3903 3435 3960 teque
3513 3893 3735 3961 exposi-

2131 3985 2369 4041 tionibus
2419 3981 2753 4054 Origeniana
2833 3983 2898 4038 de
2982 3985 3169 4055 gratiae
3246 3983 3444 4039 divina:
3512 3984 3736 4038 auxiliis

2131 4078 2381 4147 dogmata
2418 4075 2588 4131 lenire
2633 4089 2914 4146 possemus
2946 4074 3060 4147 (42)
3094 4093 3107 4129 :
3144 4090 3328 4131 verum
3390 4085 3500 4130 tam
3542 4088 3737 4145 aperte

2134 4168 2394 4223 adversus
2428 4183 2547 4222 eam
2602 4176 2882 4238 grassatus
2930 4177 3035 4231 est,
3072 4166 3276 4223 frustra
3309 4178 3365 4222 ut
3418 4168 3605 4223 omnis
3636 4185 3736 4223 co-

2132 4261 2214 4315 lor
2243 4260 2486 4315 adhiberi
2530 4273 2694 4329 posse
2744 4259 3014 4314 videatur.
3083 4258 3373 4315 Manifesta
3423 4261 3632 4331 quippe
3664 4264 3733 4316 ab

2135 4355 2371 4407 humana
2406 4352 2704 4415 voluntate,
2741 4350 2966 4421 ejusque
3006 4351 3237 4407 arbitrio
3282 4352 3453 4407 divini
3512 4355 3733 4407 modum

449 4447 599 4501 davit
625 4456 805 4501 autem
837 4456 1143 4515 peccatum,
1180 4446 1230 4500 id
1263 4456 1366 4510 est,
1400 4446 1562 4501 nimis
1587 4447 1780 4510 crevit,
1818 4456 2032 4516 postea-
2060 4469 2107 4528 ο
2137 4458 2553 4512 mensuramque
2579 4442 2766 4496 auxilii
2800 4442 3035 4510 pendere
3065 4443 3250 4508 voluit,
3290 4443 3417 4497 licet
3457 4448 3529 4499 ad
3552 4448 3734 4516 operis

447 4537 608 4607 quam
639 4552 735 4606 per
757 4538 930 4607 legem
969 4536 1114 4591 facta
1147 4546 1234 4592 est
1259 4538 1495 4606 cognitio
1525 4538 1754 4606 peccati,
1781 4548 1831 4592 et
1858 4539 2024 4608 coepit

520 4714 634 4785 (42)
680 4711 869 4768 Verum
923 4723 1031 4767 tam
1084 4712 1261 4786 aperte
1315 4716 1563 4767 adversus
1604 4732 1719 4769 eam
1759 4726 2031 4786 grassatus

448 4797 549 4847 est,
573 4797 677 4838 etc.
716 4786 846 4838 Cum
886 4787 1175 4838 accusandi
1215 4785 1463 4854 Origenis
1498 4788 1725 4840 tuateria
1765 4785 1832 4838 θυι
1865 4803 1927 4841 ex
1969 4788 2033 4839 li-

452 4856 567 4907 bris
595 4870 623 4907 a
650 4854 844 4926 Rttlitto
876 4856 1269 4923 interpretatis,
1304 4855 1416 4924 qui,
1443 4865 1500 4908 ut
1532 4856 1645 4926 ipse
1672 4857 1749 4909 ait
1779 4855 2029 4919 Huetius,

451 4940 642 4994 parum
674 4923 889 4994 Origeni
921 4926 1272 4991 przeludicare
1304 4923 1521 4985 debent,
1550 4923 1610 4979 et
1638 4942 1703 4980 ex
1735 4927 2033 4982 Cathoiicis

452 4995 518 5047 de
546 4993 715 5047 libero
758 4993 982 5048 arbitrio
1034 4997 1318 5049 sententiis
1353 4996 1633 5065 desumpta
1693 4997 1783 5059 sit,
1846 4997 2031 5050 mirari

451 5065 586 5116 satis
629 5078 731 5117 non
769 5079 988 5133 possum
1017 5080 1107 5118 cur
1152 5064 1349 5120 eruditi
1378 5066 1479 5119 viri
1522 5064 1573 5119 in
1599 5066 1684 5120 his
1725 5066 1903 5121 Rufini
1948 5069 2031 5121 itt-

455 5134 934 5206 terpretatiouibus
1008 5135 1344 5199 inhaeserint,
1408 5146 1720 5191 contextum
1778 5137 2034 5206 Origenis

451 5203 640 5274 Graece
676 5213 979 5274 exstantem
1011 5207 1367 5274 neglexerint,
1416 5217 1467 5260 et
1497 5222 1616 5274 quae
1646 5208 1713 5259 ad
1751 5203 1905 5261 liberi
1946 5223 2033 5260 ar-

454 5273 602 5327 bitrii
648 5273 1013 5329 defensionem
1051 5273 1235 5329 centra
1284 5273 1625 5332 detestandas
1660 5278 1894 5331 haereses
1935 5294 2033 5331 ca-

455 5344 651 5417 tholico
679 5344 939 5417 disputat,
970 5360 1033 5399 ea
1094 5346 1160 5399 ad
1212 5348 1461 5402 haeresim
1512 5345 1882 5417 Pelagianam,
1938 5355 2033 5401 aut

455 5415 647 5470 saltem
668 5414 1164 5487 Semipelagianant
1196 5418 1551 5487 detorserint;
1584 5414 1706 5487 qua:
1743 5432 1875 5473 vero
1902 5432 2029 5472 sex-

453 5486 627 5560 centis
667 5484 901 5560 locis‘de
937 5484 1184 5560 gratuita:
1222 5498 1279 5542 et
1322 5485 1557 5560 ellicac'ts
1602 5484 1799 5560 gratiae
1845 5503 2033 5543 neces—

454 5556 615 5628 sitate
646 5555 1245 5628 magnifice’pmdicat,
1291 5571 1365 5628 ne
1427 5555 1636 5625 legisse'
1670 5560 1887 5628 quidem
1940 5569 2033 5612 aut

456 5626 905 5682 animadvertisse
923 5628 1239 5698 videantur.
1287 5627 1582 5681 Fatendum
1614 5626 1746 5683 sane
1775 5638 1859 5683 est
1890 5630 2032 5698 quod

453 5698 719 5767 Origenes
755 5710 821 5750 ex
844 5697 1148 5751 animarum
1176 5699 1603 5766 prmexsistentia
1646 5697 2028 5767 opinatuscst,

456 5766 511 5821 id
541 5767 584 5822 si
621 5766 999 5823 vehementius
1061 5777 1336 5836 urgeatur,
1374 5766 1790 5827 consecutiones
1830 5769 2029 5825 habere

2133 4534 2519 4605 perfectionem
2562 4534 2769 4590 caelesti
2821 4535 3092 4590 hominem
3152 4550 3345 4591 carere
3398 4553 3510 4592 non
3568 4555 3729 4607 pOSae

2144 4730 2269 4772 cum
2300 4714 2568 4769 catholico
2600 4716 2849 4784 dogmate
2874 4725 3192 4785 pugnantes.
3223 4714 3328 4769 Sed
3358 4731 3525 4771 nemo
3560 4718 3731 4772 nescit

2136 4788 2372 4857 optimos
2397 4788 2545 4839 viros
2574 4800 2720 4854 saepe
2753 4788 2804 4840 in
2838 4801 3018 4842 errato
3057 4787 3241 4857 aliquo
3284 4786 3357 4857 ita
3392 4790 3631 4846 versari.
3675 4798 3732 4837 ut

2136 4856 2257 4928 quae
2284 4872 2347 4908 ex
2378 4872 2441 4908 eo
2470 4870 2902 4928 consequuntur,
2948 4857 3174 4928 minime
3215 4856 3536 4928 defendant.
3575 4860 3727 4923 Quod

2138 4924 2180 4983 si
2214 4941 2443 4993 usquam
2486 4927 2621 4980 alias
2647 4942 2835 4980 verum
2881 4927 3002 4991 fuit,
3035 4936 3184 4982 certe
3218 4925 3271 4979 in
3305 4924 3548 4995 Origene
3575 4944 3726 4981 com-

2138 4998 2397 5067 probatur
2422 4997 2513 5064 qui
2545 5012 2699 5051 suam
2737 4998 2882 5049 illam
2910 4998 2977 5052 de
3001 4997 3305 5050 animarum
3336 4999 3727 5065 prteexsisten-

2142 5071 2212 5122 tia
2250 5067 2582 5135 opinionem,
2620 5078 2677 5120 ut
2729 5068 3061 5135 probabilem
3103 5067 3497 5134 conjecturam.
3525 5085 3588 5123 re
3622 5084 3724 5122 non

2138 5138 2343 5201 decisa,
2377 5139 2657 5203 proponit;
2680 5149 2737 5189 at
2763 5139 2906 5191 nulla
2930 5138 3113 5191 habita
3145 5138 3354 5190 ratione
3379 5136 3546 5204 hujus
3574 5154 3725 5192 com-

2139 5211 2327 5269 menti,
2353 5206 2553 5278 Christi
2585 5208 2837 5277 gratiam,
2885 5224 3139 5278 magnum
3170 5207 3296 5260 illud
3328 5208 3421 5278 Dei
3453 5209 3725 5263 incantati

2136 5291 2193 5332 et
2239 5276 2483 5331 cruciﬁxi
2529 5276 2726 5331 manna
2766 5278 2845 5332 sic
2874 5276 3112 5348 exponit,
3166 5279 3246 5331 sic
3278 5277 3546 5342 defendit,
3577 5290 3637 5332 ut
3661 5280 3725 5332 ab

2134 5365 2199 5402 eo
2222 5350 2334 5401 fieri
2370 5363 2467 5416 par
2484 5357 2600 5403 erat
2628 5348 2721 5416 qni
2748 5348 2797 5401 iu
2842 5349 2941 5403 hoc
2970 5349 3361 5419 lncarnationis
3382 5351 3658 5419 mysterio
3675 5359 3726 5403 et

2137 5419 2470 5482 meditando,
2500 5428 2556 5472 et
2578 5419 2936 5486 prtedicando,
2970 5428 3025 5474 et
3050 5429 3234 5473 contra
3266 5417 3506 5482 Iudaeos,
3537 5420 3723 5474 ethni-

2141 5505 2257 5553 cos,
2276 5501 2328 5543 et
2358 5488 2638 5543 haereticos
2659 5488 2997 5544 defendendo
3027 5488 3191 5542 vitam
3218 5490 3584 5557 consumpsit.

2213 5561 2263 5613 l.
2299 5559 2372 5612 lta
2405 5558 2679 5627 explorata
2719 5568 2836 5629 erat
2869 5558 3085 5629 Origeni
3140 5560 3407 5629 humanai
3430 5561 3717 5616 imbecilli-

2144 5640 2249 5707 tas,
2281 5640 2338 5682 ιιι
2364 5629 2458 5682 lib.
2482 5626 3028 5707 'vtt_co_nlru_Celttutit,
3074 5644 3227 5683 num.
3258 5629 3351 5707 Β,
3383 5628 3486 5684 Dei
3528 5637 3717 5707 cogat.

2141 5702 2339 5755 tionem
2383 5700 2886 5770 assequi__hotuines
2931 5714 3041 5770 pou
3096 5714 3255 5768 posse
3300 5703 3564 5755 decernat
3607 5700 3717 5770 sine

2138 5772 2321 5825 divino
2349 5763 2569 5827 auxilio.
2604 5767 2737 5825 Hinc
2785 5786 2883 5825 nec
2928 5763 3160 5837 Platoni,
3195 5771 3262 5825 ad
3307 5785 3467 5841 quem
3515 5763 3712 5841 pretio-
