3860 6230
254 239 366 307 9.15

1037 241 1617 332 omccmauoautt
1660 243 1790 314 Lm.
1831 241 1897 314 11,
1936 243 2088 314 cae.
2133 244 2195 314 u,
2233 243 2510 324 quam:
2555 239 2660 297 vn.

3398 243 3504 318 9,46

249 374 473 420 suorum
504 375 810 446 mensuram
833 362 1016 440 varios
1044 364 1332 444 variosque
1361 381 1390 418 a
1421 364 1530 444 Deo
1563 364 1834 442 recepisse
1862 371 1911 448 Α⁷
1940 366 2031 420 Dei
2061 365 2296 438 consilio
2325 365 2694 442 relinquatur;
2729 373 2891 435 atque
2921 365 2990 420 ita
3018 365 3192 434 nobis,
3227 373 3285 422 ut
3318 366 3391 421 ita
3419 368 3505 420 di-

249 459 440 526 gratia:
473 459 659 534 modos
691 475 706 525 ;
745 458 978 534 hincque
1001 458 1516 543 onmenrexstitisse
1546 458 1833 539 diversita-

254 561 384 622 tem,
414 566 536 620 quae
567 541 835 630 homines,
867 561 923 606 ut
953 551 1180 622 apostoli
1212 541 1360 607 more
1386 551 1609 622 loquar,
1635 553 1835 607 discer-

253 640 357 710 nit,
415 650 706 715 antequam
763 641 890 719 boni
937 641 1230 716 quidquam
1289 640 1374 696 vel
1435 640 1558 719 mali
1600 641 1829 711 egerim.

254 719 525 812 Doctrina:
559 733 732 820 hujus
775 717 1103 808 assertiones
1136 742 1198 814 et;
1244 717 1566 810 argumenta
1619 742 1835 789 exstant

253 824 352 900 lib.
384 809 398 879 t
426 807 823 898 Περὶιάῥχὶὖν,
847 807 966 896 cap.
1001 824 1054 897 '7,
1083 807 1233 899 1111111.
1266 807 1323 882 4.
1374 835 1425 877 et
1461 825 1555 879 lib.
1582 839 1665 890 111,
1700 839 1746 880 c.
1779 825 1831 888 1,

251 931 405 978 num.
436 915 528 986 20,
561 915 656 979 ‘21,
690 916 763 969 ‘22
829 913 1118 986 (Pliilocal.
1168 931 1286 984 cap.
1349 913 1464 983 21)).
1521 913 1651 968 ltetn
1710 913 1834 968 libri

252 1007 493 1080 ejusdem
524 1006 676 1086 tertii
720 1022 840 1076 cap.
874 1008 930 1073 3,
963 1023 1110 1061 num.
1158 1007 1211 1074 5,
1243 1019 1302 1086 et
1347 992 1441 1063 lib.
1477 1022 1548 1060 \‘tt
1577 1007 1632 1086 in
1662 995 1842 1078 Epist.

251 1100 324 1154 ad
373 1083 561 1176 Rana,
586 1083 736 1168 num.
788 1098 876 1174 l5,
909 1087 1000 1166 16,
1032 1099 1120 1162 17,
1165 1110 1218 1155 et
1271 1083 1367 1154 lib.
1398 1115 1476 1162 Ix,
1525 1084 1671 1176 num.
1696 1097 1830 1162 2,3.

248 1192 384 1270 Quae
410 1173 676 1270 quoniam.
697 1190 813 1246 fuse
831 1192 945 1261 jam
974 1207 1138 1263 supra
1173 1175 1523 1266 esposuimus
1550 1173 1746 1263 quaest.
1776 1189 1831 1254 6,

251 1271 451 1338 iterum
509 1282 713 1348 referre
764 1283 896 1337 nihil
928 1285 1144 1339 attinet.
1169 1283 1379 1338 Noaum
1405 1282 1565 1354 modo
1601 1281 1830 1352 secundi

248 1373 375 1428 libri
408 1371 484 1452 De
507 1373 778 1441 principiis
816 1384 978 1444 caput
1004 1374 1172 1446 relegi
1209 1373 1389 1450 velim,
1418 1373 1470 1427 in
1530 1373 1670 1450 quod
1725 1371 1833 1426 dis-

247 1451 445 1533 persas
474 1463 599 1518 alibi
623 1451 885 1531 doctrina:
915 1462 1076 1534 hujus
1123 1461 1417 1532 particulas
1463 1452 1622 1532 plena
1669 1475 1832 1515 manu

245 1559 530 1628 congessit
570 1573 584 1610 :
613 1571 738 1624 nam
779 1567 1065 1626 postquam
1099 1555 1342 1611 diversas
1372 1555 1494 1610 illas
1519 1563 1741 1628 naturas
1765 1552 1846 1626 ab

248 1649 522 1705 haereticis
576 1664 741 1728 supra
800 1648 1094 1728 nominatis
1166 1647 1426 1720 confictas
1475 1645 1832 1726 collectasque

243 1757 439 1826 eorum
495 1725 732 1808 rationes
781 1722 1124 1810 confutavit,
1189 1753 1300 1802 tum
1355 1745 1555 1828 dogma
1592 1723 1827 1812 explicat
1861 1722 1903 1782 Β

244 1850 428 1908 suum.
454 1836 941 1906 diversitatemque
973 1837 1276 1890 animarum
1313 1835 1523 1900 ratione
1575 1833 1826 1904 prtedita—

243 1931 369 1982 rum
396 1914 462 1986 ex
524 1927 736 1988 arbitrii
793 1927 1044 1982 libertate
1073 1925 1345 1997 proficisci
1393 1926 1575 1992 docet,
1603 1939 1668 1980 ex
1720 1938 1824 1993 qua

243 2003 559 2076 diversitate
588 2021 785 2078 cxitnia
812 2021 902 2074 illa
933 2020 1100 2075 totius
1135 2019 1321 2096 mundi
1363 2003 1714 2088 consonantia
1747 2016 1827 2071 di-

247 2111 422 2184 versis
452 2121 707 2174 constans
740 2112 985 2180 partibus
1010 2122 1201 2168 exorta
1235 2112 1326 2167 sit.
1383 2109 1519 2172 [line
1551 2109 1828 2177 iniustitia:

245 2209 376 2254 nota
413 2192 693 2255 absolvere
738 2201 902 2254 Deum
944 2209 1119 2270 putat,
1147 2201 1420 2256 inhzesura
1449 2198 1688 2268 alioquin
1729 2199 1823 2264 illi,

243 2291 430 2357 sinon
470 2307 565 2360 pro
615 2293 829 2346 meritis
869 2281 1342 2360 unumquemque,
1373 2290 1466 2354 sed
1521 2305 1619 2360 pro
1671 2290 1824 2345 libitu

242 2395 350 2456 suo
374 2392 601 2444 exornet
627 2398 640 2444 ;
668 2398 790 2451 quae
813 2383 1102 2437 continuat
1131 2365 1325 2438 deinde
1362 2383 1617 2452 exemplo
1639 2379 1823 2456 Jacobi

242 2453 310 2550 et
328 2468 493 2536 Esau,
533 2471 745 2541 aliaque
776 2472 828 2526 iu
856 2489 977 2527 eam
1013 2474 1336 2528 sententiam
1373 2473 1594 2542 colligit.
1659 2453 1662 2462 I

316 2549 618 2617 Adversum
674 2567 789 2620 haec
856 2579 1067 2634 aspere,
1101 2580 1200 2635 pro
1228 2579 1292 2620 eo
1345 2579 1408 2619 ac
1465 2564 1672 2630 debuit,
1705 2577 1826 2620 sese

245 2655 545 2734 commovit
569 2653 864 2712 Jausenius
895 2667 1026 2714 tom.
1061 2641 1104 2723 l,
1151 2657 1238 2712 lib.
1267 2673 1341 2722 Vl,
1371 2672 1491 2728 cap.
1521 2656 1608 2718 i5,
1659 2667 1715 2711 et
1768 2665 1828 2711 ut

253 2745 450 2817 divinat
482 2747 670 2817 gratia:
695 2748 909 2818 penitus
946 2748 1214 2805 contraria
1243 2750 1435 2803 merito
1485 2748 1691 2816 rejecit.
1723 2747 1828 2802 Re-

238 2838 373 2908 jecit
397 2848 451 2893 ct
482 2841 652 2895 multo
682 2851 807 2896 ante
836 2842 895 2897 S.
929 2841 1165 2898 Thomas
1189 2843 1280 2896 lib.
1325 2858 1360 2896 ll
1397 2840 1593 2897 Contra
1617 2840 1821 2911 gentil.,

245 2946 370 3002 cap.
397 2932 488 2986 41.
525 2931 841 3004 Pamphilus
867 2944 1045 2990 tamen
1074 2935 1127 2990 in
1171 2934 1428 3004 Apologia
1456 2951 1552 3004 pro
1577 2933 1824 3002 Origene,

244 3020 301 3074 in
327 3022 515 3092 eadem
545 3021 660 3092 fere
683 3039 847 3094 causa
876 3035 956 3080 est
983 3041 1086 3095 qua
1123 3024 1402 3096 Origenes,
1435 3025 1480 3080 si
1514 3039 1612 3079 nos
1643 3023 1821 3077 Rufini
1851 3062 1894 3120 ϐ

247 3113 730 3191 interpretatncuta
777 3131 884 3171 non
931 3117 1158 3180 fallunt;
1194 3133 1314 3170 nam
1354 3125 1412 3170 ut
1444 3116 1825 3185 Origeniauam

244 3205 500 3262 defendat
533 3208 837 3265 animarum
868 3207 1234 3284 προΰπαρξιν,
1265 3208 1501 3278 reliquas
1531 3201 1600 3264 de
1633 3207 1827 3263 animat

241 3297 460 3372 origine
499 3302 785 3372 opiniones
812 3303 1168 3357 absurditatis
1226 3300 1568 3366 insimulans,
1601 3308 1656 3356 et
1707 3315 1825 3355 eam

245 3404 460 3472 quoque
509 3393 908 3472 carpit,quam
969 3407 1111 3468 nunc
1177 3391 1416 3472 Ecclesia
1482 3402 1824 3462 propugnat,

223 3465 477 3552 quaeque
506 3467 754 3562 formatis
778 3471 1016 3562 in'utero
1041 3465 1365 3564 corporibus
1395 3484 1606 3537 animas
1640 3497 1828 3538 recens

244 3586 458 3634 creatas
484 3577 648 3633 inseri
701 3559 946 3634 decernit
987 3559 1002 3635 ξ
1041 3559 1093 3650 id
1124 3559 1186 3633 Isi
1237 3577 1330 3644 sit,
1381 3575 1638 3654 injustam
1702 3575 1820 3631 fore

250 3666 418 3748 Deum
469 3668 546 3722 ait
607 3655 943 3744 Pamphilus,
989 3669 1080 3744 qui
1129 3669 1323 3744 nullius
1371 3669 1543 3737 culpa:
1585 3668 1828 3722 insontes

249 3758 460 3838 altzimas
489 3758 573 3826 vel
598 3760 757 3836 caecis
787 3760 868 3830 vel
899 3759 1166 3816 debilibus
1195 3761 1514 3838 corporibus
1555 3759 1824 3836 infundat,

251 3833 337 3930 vel
374 3833 513 3934 apud
544 3833 808 3932 barbaras
835 3860 1024 3930 gentes
1052 3853 1219 3920 vitam
1248 3833 1448 3907 ducere
1479 3833 1696 3932 'jubeat.
1739 3833 1828 3908 Vi-

251 3941 346 4018 des
395 3941 786 4022 labefactatutn
825 3959 891 4034 ac
953 3954 1286 4036 peremptum
1349 3945 1538 4027 gratiae
1591 3945 1828 4018 ctelestis

253 4032 537 4110 auxilium.

320 4121 456 4204 Xlll.
483 4125 553 4206 At
574 4139 679 4179 non
715 4141 812 4198 pro
835 4125 901 4194 iis
935 4125 1218 4206 duntaxat,
1243 4143 1362 4196 quae
1400 4139 1548 4184 recte
1574 4128 1660 4188 vel
1688 4129 1827 4184 male

246 4201 475 4296 egerunt
515 4201 729 4296 anima:
767 4257 783 4283 ,
849 4201 1194 4290 priusquam.
1238 4222 1560 4288 corporibus
1627 4205 1826 4278 nostris

248 4297 617 4387 illaberentur,
673 4309 885 4386 diversa
942 4297 1035 4366 eas
1090 4325 1118 4364 a
1170 4309 1279 4386 Deo
1331 4312 1520 4381 gratia:
1565 4314 1824 4383 consequi

1939 445 2079 538 eam,
2105 459 2398 513 obnoxiam
2427 459 2518 538 Dei
2543 458 2773 530 gratiam
2807 457 2988 513 efficit.
3029 459 3212 530 Itaque
3239 459 3392 513 liberi
3415 475 3507 512 ar-

1935 531 2093 629 bitrii
2118 548 2258 603 vires
2323 531 2476 626 quasi
2537 550 2682 606 nullo
2706 560 2924 620 egentes
2952 545 3149 620 gratiae
3180 551 3506 606 adminicolo

1939 642 2008 694 ita
2035 641 2367 724 deprtedicat
2392 645 2536 718 hom.
2575 641 2608 698 9
2637 643 2691 698 in
2730 642 2912 710 Levib,
2964 660 3110 698 num.
3139 644 3194 699 11
3238 661 3254 699 :
3319 662 3340 695 1
3382 645 3506 699 Sive

1933 748 2065 812 ergo
2115 734 2382 808 spiritalis
2443 733 2668 800 ell‘eetus
2699 750 2838 791 unus
2866 751 2986 790 cum
3042 735 3266 812 Domino
3288 735 3507 807 spiritus

1933 811 2061 889 fiat;
2099 828 2212 882 sive
2241 842 2335 897 per
2372 827 2789 896 resurrectionis
2821 811 3044 906 gloriam
3108 829 3158 903 in
3193 829 3504 901 angelorum

1935 917 2180 972 ordinem
2231 927 2492 998 transeat,
2549 930 2693 1002 recte
2731 903 2987 994 1311111011
3031 922 3134 976 erit
3164 921 3324 994 homo
3359 939 3374 978 :
3409 923 3506 978 sed

1935 1008 2303 1078 unusquisque
2332 1010 2444 1080 ipse
2464 995 2574 1065 Sibi
2599 1011 2703 1067 hoc
2730 1022 2984 1090 praestat,
3029 1023 3088 1066 ut
3143 1014 3228 1090 vel
3281 1015 3508 1069 excedat

1936 1093 2178 1153 hominis
2206 1099 2640 1169 appellationem,
2668 1080 2749 1156 vel
2786 1080 2927 1155 intra
2954 1080 3318 1157 conditionem
3349 1102 3506 1170 hujus

1940 1189 2189 1243 vocabuli
2221 1179 2544 1259 censeatur;
2581 1212 2601 1244 1
2636 1203 2690 1246 et
2742 1193 2930 1268 homil.
2965 1193 2988 1248 1
3027 1177 3084 1247 in
3116 1191 3331 1268 ΕιεςΙιη
3363 1210 3412 1246 11.
3449 1193 3502 1257 5,

1940 1296 2062 1360 pag.
2097 1281 2201 1337 557
2231 1302 2244 1335 :
2287 1301 2310 1360 1
2338 1283 2418 1337 Τ11
2449 1298 2596 1348 vero,
2624 1265 2804 1348 homo,
2839 1300 3006 1354 quare
3030 1301 3132 1338 non
3168 1265 3256 1358 vis
3282 1284 3507 1340 arbitrio

1935 1371 1992 1425 t'e
2018 1381 2110 1454 tuo
2160 1361 2526 1454 derelictum?
2551 1374 2731 1441 Quare
2778 1390 2919 1447 agre
2950 1375 3058 1430 fers
3085 1375 3203 1440 niti,
3239 1375 3504 1442 laborare,

1934 1447 2367 1528 contenderenet
2395 1447 2491 1536 per
2511 1466 2649 1521 bona
2683 1481 2848 1537 opera
2881 1476 2931 1522 te
2953 1467 3124 1538 ipsum
3153 1481 3368 1520 causam
3401 1457 3507 1522 tua“:

1939 1557 2058 1612 fieri
2094 1545 2323 1613 salutis?
2370 1561 2452 1622 An
2503 1547 2674 1629 magis
2717 1568 2768 1614 te
2809 1545 3092 1616 delectabit
3127 1541 3501 1633 dormientem,

1936 1655 1990 1701 et
2019 1648 2080 1724 in
2109 1633 2600 1728 otio'constitutum
2658 1658 2854 1728 aeterna
2899 1648 3254 1717 proSperitate
3296 1631 3506 1718 requie-

1931 1739 2134 1794 scere?
2165 1725 2326 1810 Pater
2357 1755 2530 1804 meus,
2573 1740 2746 1810 inquit
2771 1725 3023 1816 Dominus
3048 1739 3204 1796 Jesus
3235 1739 3503 1805 Christus,

1931 1845 2099 1899 usque
2150 1830 2308 1904 modo
2359 1841 2634 1908 operatur,
2684 1844 2738 1887 et
2774 1849 2874 1906 ego
2918 1849 3111 1904 operor
3155 1835 3245 1882 7'r
3298 1844 3354 1889 et
3407 1833 3504 1889 tibi

1931 1921 2178 1990 displicet
2198 1924 2434 1993 operari,
2466 1926 2556 1994 qui
2586 1925 2649 1979 ad
2702 1940 2865 1993 opera
2901 1937 3058 1981 natus
3109 1926 3211 1981 es?
3264 1925 3378 1981 Non
3422 1927 3504 1981 vis

1929 2003 2066 2082 Opus
2106 2022 2257 2070 tuum
2293 2015 2413 2070 fieri
2439 2015 2740 2086 justitiam,
2772 2016 3114 2088 sapientiam,
3144 2019 3451 2073 castitatem
3479 2017 3505 2070 Ἰ

1936 2104 2052 2160 Non
2095 2107 2176 2162 vis
2201 2121 2340 2174 opus
2371 2116 2519 2162 tuum
2553 2121 2673 2162 esse
2703 2107 3097 2178 fortitudinem,
3133 2109 3372 2178 aliasque
3402 2109 3507 2163 vir-

1932 2181 2113 2251 tates?
2151 2216 2168 2249 1
2207 2195 2488 2252 Manifesta
2523 2177 2738 2267 quoque
2780 2187 2870 2252 illa
2901 2207 3026 2252 sunt
3053 2196 3145 2251 ltb.
3177 2213 3190 2251 1
3220 2177 3355 2266 Περὶ
3400 2195 3506 2266 ἀρ-

1929 2278 2073 2358 χῶνέ
2104 2271 2222 2357 cap.
2254 2287 2308 2356 5,
2342 2303 2493 2344 num.
2519 2287 2578 2354 5,
2603 2303 2729 2359 pag.
2751 2288 2819 2343 68
2855 2279 2874 2340 ε’
2920 2307 2940 2342 1
3001 2288 3103 2344 Per
3151 2289 3253 2344 hoc
3310 2303 3502 2364 conse-

1928 2395 2099 2460 quens
2118 2367 2200 2460 est
2223 2380 2276 2434 in
2305 2383 2459 2437 nobis
2482 2395 2624 2444 esse,
2661 2381 2899 2450 atquein
2935 2380 3137 2437 nostris
3162 2373 3419 2445 motibus,
3445 2389 3506 2434 ut

1930 2457 2014 2526 vel
2042 2457 2268 2529 beati'et
2297 2473 2472 2528 sancti
2509 2474 2703 2538 simus,
2732 2473 2814 2529 vel
2839 2488 2936 2544 per
2975 2472 3237 2529 desidiam
3282 2488 3346 2528 ac
3404 2487 3503 2529 ne-

1927 2549 2242 2632 gligentiam
2274 2579 2304 2616 a
2329 2563 2664 2618 beatitudine
2695 2565 2746 2618 111
2773 2565 3032 2618 malitiam
3057 2573 3112 2618 et
3149 2563 3504 2640 perditionem

1928 2669 2242 2724 vergantus;
2278 2673 2296 2706 1
2348 2661 2512 2723 atque
2552 2653 2734 2707 itidem
2792 2654 2895 2709 ista
2937 2653 3124 2709 ltomil.
3156 2643 3226 2708 35
3259 2653 3313 2707 in
3345 2639 3502 2718 Luc.,

1927 2763 2047 2818 pag.
2079 2746 2185 2824 974
2221 2761 2236 2796 1
2295 2768 2312 2799 1
2343 2747 2418 2802 Da
2451 2761 2583 2824 ergo
2613 2761 2836 2824 Operam
2861 2755 2917 2800 ut
2943 2745 3188 2801 libereris
3210 2762 3239 2801 a
3263 2746 3504 2815 principe

1927 2839 1993 2892 ad
2031 2821 2188 2918 quem
2213 2851 2266 2891 te
2293 2821 2467 2892 trahit
2507 2823 2866 2918 adversarius.
2917 2835 2989 2890 Da
3034 2850 3256 2905 operam
3290 2844 3345 2888 ut
3394 2834 3503 2914 ha-

1925 2935 2056 3016 beas
2119 2935 2437 3006 sapientiam
2466 2974 2483 3002 ,
2527 2918 2813 3016 justitiam
2849 2973 2864 2999 ,
2923 2932 3290 2986 fortitudinem
3344 2940 3506 3014 atque

1929 3014 2382 3110 temperantiam:
2411 3036 2468 3083 et
2510 3011 2636 3102 tunc
2667 3027 3031 3106 complebitur
3063 3044 3076 3078 :
3118 3023 3258 3082 Ecce
3318 3011 3503 3094 hoino,

1929 3134 2090 3189 opera
2121 3117 2236 3194 ejus
2263 3126 2391 3173 ante
2432 3115 2622 3173 faciem
2674 3115 2930 3180 suam";
2962 3134 2982 3168 1
3047 3124 3101 3170 et
3140 3117 3242 3170 hoc
3290 3126 3504 3184 quoque

1929 3195 2138 3286 libyvrt
2182 3193 2242 3286 in
2299 3206 2472 3280 Epist.
2505 3209 2574 3262 ad
2619 3207 2798 3272 Rom.,
2852 3205 3131 3286 num.16,
3199 3205 3498 3275 pag.6l5:

1933 3321 1952 3356 1
1991 3301 2059 3358 Ut
2105 3282 2228 3356 boni
2262 3303 2406 3359 enim
2439 3310 2532 3355 aut
2556 3299 2680 3356 tnali
2739 3282 2932 3365 simus,
2967 3308 3165 3354 nostra:
3210 3297 3505 3352 voluntatis

1927 3407 2047 3450 est:
2098 3394 2268 3448 malus
2293 3405 2473 3448 autem
2520 3393 2587 3447 ad
2615 3390 2919 3460 cujusmodi
2962 3389 3215 3455 verbera,
3247 3399 3300 3443 et
3329 3387 3504 3444 bonus

1928 3491 1994 3544 ad
2022 3471 2322 3558 cujusmodi
2375 3487 2599 3560 gloriam
2665 3485 3010 3551 destinetur,
3060 3483 3358 3538 voluntatis
3417 3469 3504 3556 est

1931 3561 2046 3654 Dei.
2085 3601 2105 3634 .
2165 3561 2344 3659 vigilis
2389 3569 2525 3656 vero
2559 3563 2763 3656 Ibuccis
2812 3580 2999 3632 eadem
3041 3576 3139 3631 illa
3179 3575 3502 3659 deblaterat,

1927 3687 2046 3742 cap.
2071 3674 2123 3739 l,
2163 3653 2280 3726 libri
2315 3687 2372 3726 111
2410 3653 2552 3740 Περὶ
2584 3653 2810 3740 ἀρχῶν,
2838 3685 2946 3740 quo
2967 3667 3146 3744 capite
3188 3653 3500 3720 libertatem

1929 3755 2138 3817 arbitrii
2159 3763 2509 3817 asserendam
2539 3769 2594 3815 et
2635 3749 3081 3830 pr0pugnaudam
3116 3756 3391 3827 suscepit:
3425 3751 3498 3812 ibi

1928 3837 2123 3926 quippe
2157 3835 2543 3909 tentationibus
2570 3852 2826 3921 obsequi,
2852 3850 2933 3905 vel
2972 3849 3272 3915 obsistere,
3305 3850 3358 3904 in
3405 3862 3502 3903 no-

1929 3927 2038 4001 stra
2073 3927 2310 4014 positum
2345 3959 2467 4018 esse
2491 3951 2762 4013 potestate
2800 3942 2954 4008 dicit,
2995 3955 3095 3995 nec
3136 3939 3500 3995 necessarium

1927 4035 1993 4089 ad
2022 4034 2072 4089 id
2097 4033 2284 4104 gratia:
2317 4031 2621 4088 subsidium
2652 4031 2897 4102 agnoscit
2931 4046 2949 4095 ;
2990 4030 3085 4084 sed
3119 4028 3352 4099 quadam
3385 4039 3503 4083 tan-

1929 4111 2040 4182 tum
2104 4117 2446 4187 eruditidue,
2485 4115 2628 4193 qua:
2701 4125 2940 4178 salubria
3023 4123 3180 4177 nobis
3252 4121 3498 4190 exempla

1926 4199 1982 4274 et
2034 4216 2327 4272 sanctioris
2400 4215 2667 4292 doctrinae
2715 4199 3003 4286 praecepta
3081 4228 3182 4292 pro
3261 4222 3502 4282 tempore

1925 4317 2196 4378 suggerat.
2444 4289 2449 4296 ’
2751 4301 2756 4306 ’

246 4377 500 4476 opinatus
550 4410 634 4453 est
679 4377 976 4472 ‘Origenes,
1023 4402 1117 4480 sed
1180 4377 1357 4471 prout.
1393 4405 1557 4458 etiam
1607 4391 1727 4459 sese
1750 4377 1820 4459 ’111
1854 4431 1900 4488 ι)
1999 4377 2136 4453 XIV.
2163 4397 2316 4466 Quod
2360 4399 2404 4451 si
2439 4397 2624 4467 gratiae
2649 4411 2749 4453 nos
2781 4409 2940 4478 egere
2979 4393 3200 4476 ausilils
3246 4401 3504 4488 agnoscat

247 4489 350 4568 hac
385 4491 489 4566 vita
524 4494 814 4568 gesserint,
864 4495 1019 4548 novis
1051 4493 1237 4562 gratia:
1266 4493 1612 4550 incrementis
1641 4511 1824 4550 cumu-

249 4565 351 4633 lari
397 4565 640 4661 censuit,
679 4582 815 4637 adeo
869 4568 929 4636 ut
969 4582 1228 4661 quidquid
1257 4584 1412 4638 nobis
1435 4585 1622 4661 gratiae
1653 4585 1818 4656 largi-

249 4677 339 4725 tur
395 4669 553 4753 Deus,
583 4659 640 4726 id"
676 4673 848 4754 libero
883 4659 1103 4726 “uestrae
1133 4666 1424 4748 voluntatis
1463 4659 1690 4754 arbitrio
1725 4691 1816 4730 ac-

247 4771 464 4830 ceptum
513 4748 866 4819 referendum
919 4766 1012 4830 sit,
1049 4782 1145 4836 per
1203 4765 1346 4836 quod
1405 4749 1600 4822 talibus
1659 4751 1821 4824 donis

248 4842 394 4922 digni
442 4853 620 4908 effecti
670 4870 890 4920 sumus;
955 4854 1088 4909 nihil
1139 4865 1319 4910 autem
1355 4855 1455 4912 soli
1489 4866 1544 4911 et
1571 4857 1820 4914 absoluto

316 4990 364 5026 '"
385 4991 543 5048 Joan.
582 4993 746 5060 v,l'1.
821 4993 869 5044 ’ἓ
909 4992 1011 5047 lsa.
1049 5008 1184 5062 uti,
1225 4996 1313 5052 11.

249 5137 317 5190 sit
346 5134 506 5189 etiam
535 5135 837 5205 perfectus,
865 5137 908 5190 si
936 5137 988 5196 in
1022 5137 1162 5190 bono
1185 5135 1360 5191 elatus
1389 5136 1568 5200 fuerit,
1597 5137 1818 5205 ejusque

247 5207 467 5277 Cattsmit
490 5204 592 5277 sibi
628 5211 870 5277 arroget,
907 5222 1006 5262 nec
1032 5207 1280 5277 debitam
1315 5204 1541 5277 gloriattl
1573 5209 1622 5261 ei
1674 5204 1816 5262 refe-

252 5288 334 5346 rat
356 5275 445 5344 qui
480 5275 647 5329 ntulto
674 5275 792 5346 plus
821 5282 887 5331 atl
917 5276 1045 5331 illud
1076 5275 1461 5345 acquiremlum
1489 5286 1542 5330 et
1583 5278 1819 5331 retinen-

249 5345 374 5401 dum
402 5346 651 5416 contulit.
676 5345 717 5400 ί1
757 5347 906 5410 lianc
943 5349 1191 5401 humana:
1237 5358 1442 5401 natura:
1473 5348 1816 5402 imbecillita-

253 5427 354 5467 lI‘Itt
383 5416 459 5470 sic
484 5417 754 5472 interdum
787 5417 1349 5485 praetlicatOrigeues,
1387 5427 1441 5470 111
1500 5419 1704 5473 sentire
1742 5419 1821 5485 vi-

253 5501 343 5538 S'la
369 5489 440 5538 sit
488 5485 677 5540 lluetio
706 5483 992 5558 praeceptis
1044 5483 1244 5542 divinis
1287 5502 1491 5540 morem
1546 5485 1660 5558 geri
1712 5483 1818 5542 non

253 5571 426 5628 posse.
480 5558 610 5622 Quae
661 5556 890 5628 quidenr
933 5557 1210 5628 accusatio
1261 5573 1422 5626 quam
1461 5556 1696 5612 absurda
1747 5562 1820 5614 sit

253 5627 564 5680 existimare
592 5626 713 5682 licet
739 5629 818 5682 vel
847 5643 910 5681 ex
949 5630 1050 5682 hoc
1090 5626 1340 5696 Origenis
1369 5628 1628 5696 praeclare
1677 5630 1822 5682 dicto

254 5711 359 5762 quo
392 5697 614 5755 lluetius
639 5697 708 5754 ad
730 5715 848 5755 eam
883 5698 1200 5754 firmandam
1229 5699 1414 5753 utitur.
1446 5717 1463 5751 1
1491 5697 1601 5755 Nos
1638 5714 1818 5766 vero,»

1929 4491 2246 4561 aliquando,
2272 4487 2500 4558 gratiam
2530 4486 2705 4542 solum
2739 4473 3034 4541 voluntatis
3067 4473 3270 4539 nostra)
3294 4483 3504 4552 pedise-

1928 4598 2112 4653 quam,
2143 4582 2211 4636 ad
2237 4581 2459 4651 ejusque
2494 4591 2698 4633 mutum
2728 4578 3106 4649 compositam,
3133 4585 3183 4646 et
3208 4591 3306 4646 pro
3336 4575 3504 4630 meri-

1931 4661 2194 4729 tisa’Deo
2250 4675 2302 4727 111
2353 4673 2605 4728 homines
2655 4681 2930 4742 crogatam
2960 4689 2976 4739 ;
3007 4685 3110 4725 non
3151 4670 3500 4736 excitantem,

1928 4783 2034 4823 non
2070 4768 2238 4838 gratis
2267 4767 2450 4820 datam
2483 4765 2741 4819 admittit.
2775 4763 2927 4819 Velut
2968 4765 3019 4817 in
3050 4779 3168 4834 cap.
3192 4763 3246 4827 9,
3272 4777 3420 4817 num.
3440 4761 3498 4823 2,

1929 4859 2022 4913 1111.
2061 4875 2098 4914 11
2141 4857 2282 4927 Περὶ
2343 4855 2565 4926 ἀρχῶν,
2596 4857 2670 4910 ait
2732 4874 2750 4906 1
2800 4843 3130 4920 voluntarios
3182 4866 3238 4910 et
3300 4853 3500 4942 liberos

1922 5134 2207 5206 inquitlib.
2240 5150 2273 5206 11
2305 5133 2361 5206 in
2408 5132 2684 5206 Ερῑειεᾳά
2711 5132 2886 5199 Rom.,
2920 5149 3066 5189 num.
3094 5133 3148 5206 6,
3187 5151 3206 5185 1
3243 5132 3346 5206 qui
3385 5132 3502 5206 haec

1922 5202 2101 5263 oniuia
2125 5205 2440 5273 spiritaliter
2472 5204 2815 5274 intelligenda
2838 5217 2960 5260 esse
2990 5205 3274 5269 sentimus,
3297 5202 3501 5258 idcirco

1924 5293 2028 5332 11011
2057 5276 2354 5337 auditores,
2377 5274 2470 5328 sed
2504 5273 2738 5330 factores
2776 5275 2911 5344 legis
2941 5275 3317 5342 justilicatnlos
3373 5290 3495 5328 cre-

1923 5351 2117 5405 dimus.
2161 5362 2266 5416 non
2325 5345 2457 5416 legis
2497 5347 2789 5400 secundum
2842 5347 3096 5411 litteram,
3152 5359 3272 5416 qua:
3313 5344 3498 5412 utique

1922 5434 2021 5488 pro
2045 5417 2125 5470 sui
2160 5415 2592 5488 impossibilitate
2627 5430 2730 5469 11011
2761 5425 2937 5484 pOIcst
2978 5415 3178 5488 habere
3205 5415 3492 5488 factorem,

1923 5485 2016 5542 aed
2046 5489 2336 5541 secundum
2373 5487 2643 5552 spiritum,
2688 5502 2784 5554 per
2811 5501 2971 5556 quem
3021 5487 3192 5541 solum
3254 5485 3337 5556 1ος
3392 5485 3495 5535 imo

1926 5559 2059 5626 pleri
2093 5558 2311 5626 poterit.
2347 5576 2366 5608 1
2406 5556 2534 5612 Vide
2578 5553 2741 5626 supra
2794 5553 2950 5628 hujus
2980 5567 3181 5615 nostra:
3237 5553 3497 5610 observa-

1932 5630 2091 5684 tionis
2133 5643 2416 5682 numerum
2446 5637 2714 5698 quartum.
