3860 6230
330 298 433 357 947

1608 304 1663 361 Ρ.
1705 304 2018 362 DANIELIS
2050 305 2287 362 HUETII

3482 264 3623 358 94s

332 428 515 474 motus
540 432 568 470 a
602 432 657 471 se
685 418 919 470 conditis
947 419 1219 473 mentibus
1245 418 1562 474 Creatorem
1596 420 1902 482 indulsisse.
1936 428 1982 485 Α
2011 422 2062 475 in
2104 423 2569 479 consummatione
2628 429 2896 475 servatam
2934 438 2950 474 :
3005 436 3025 470 ι
3069 419 3310 485 Scilicet,
3354 438 3377 471 ι
3412 419 3596 489 inquit

332 525 445 578 quo
472 508 685 563 scilicet
714 509 916 563 bonum
960 510 1015 563 in
1042 509 1122 565 eis
1159 511 1437 579 proprium
1480 511 1658 575 ﬁeret,
1687 528 1806 567 cum
1855 514 1907 568 id

334 601 609 654 voluntate
665 599 877 667 propria
920 610 1267 665 servaretur;
1320 620 1339 651 ι
1400 611 1454 657 et
1506 603 1685 671 capite
1732 604 1910 672 priore

333 696 426 751 lib.
464 712 525 751 ιιι
570 695 853 751 Paulinum
920 696 1047 748 illttd
1102 711 1380 765 exponens
1438 716 1450 751 :
1505 717 1525 748 ι
1570 698 1708 767 Ergo
1759 699 1909 768 cujus

336 788 449 841 vult
472 789 782 853 miseretur,
818 796 873 841 et
906 803 1064 857 quem
1104 789 1213 840 vult
1264 790 1476 843 indurat
1501 790 1572 854 τι,
1613 808 1631 840 ι
1687 790 1909 844 minime

335 880 387 933 id
419 880 635 949 quidem
684 881 792 934 Deo
828 882 1162 949 prepositum
1216 896 1335 934 esse
1386 884 1566 938 docet.
1628 891 1685 933 ttt
1723 897 1907 950 quem-

334 987 496 1035 quam
532 972 768 1035 induret,
798 973 892 1026 sed
923 987 1021 1041 per
1050 972 1252 1025 bonum
1289 974 1622 1041 pr0positnm
1657 974 1909 1027 indurare

333 1077 457 1114 enim
488 1062 591 1115 dici
635 1063 727 1131 qui
761 1062 1072 1123 induratur,
1101 1063 1224 1131 quia
1258 1078 1324 1117 ex
1360 1064 1461 1117 hoc
1495 1065 1663 1133 ipsius
1715 1081 1909 1134 propo-

335 1154 440 1207 sito
467 1155 733 1220 sequitur,
760 1166 813 1206 ιιι
841 1170 935 1223 per
963 1155 1310 1208 inhaerentem
1367 1156 1465 1210 sibi
1507 1156 1764 1208 malitiam
1819 1156 1910 1210 ille

336 1245 623 1299 iuduretur
658 1262 670 1297 :
709 1261 829 1312 quae
877 1245 953 1297 sic
1011 1260 1108 1312 pro
1156 1260 1249 1298 sua
1298 1247 1685 1299 consuetudine
1721 1245 1911 1299 dilata-

334 1337 416 1389 vit
439 1334 665 1390 Ruﬁnus
694 1352 840 1388 num.
873 1336 977 1388 10:
1020 1355 1037 1385 ι
1072 1334 1189 1389 Uno
1228 1338 1525 1405 eodemque
1552 1324 1715 1406 opere
1769 1338 1911 1391 Deus

338 1427 564 1483 alterius
602 1429 819 1496 quidem
854 1428 1167 1492 miseretur,
1191 1437 1248 1483 et
1292 1431 1457 1484 alium
1510 1432 1747 1493 indurat,
1800 1445 1927 1507 non

337 1532 507 1588 agens
544 1534 719 1587 neque
750 1519 938 1573 volens
970 1526 1030 1572 ut
1081 1517 1367 1573 iuduretur
1400 1520 1486 1573 ille
1546 1520 1636 1588 qui
1689 1521 1912 1574 indura-

340 1622 431 1664 tur
462 1629 474 1663 :
519 1613 609 1665 sed
633 1612 759 1665 dum
798 1612 886 1665 ille
917 1611 1247 1680 benignitate
1285 1627 1381 1666 sua
1423 1621 1478 1666 et
1508 1612 1766 1681 patientia
1806 1611 1912 1664 uti-

338 1714 445 1769 tur,
475 1703 559 1757 his
581 1704 799 1773 quidem
836 1703 926 1770 qui
958 1703 1075 1770 ejus
1101 1703 1490 1772 benignitatem
1518 1712 1574 1757 et
1595 1704 1907 1772 patientiam

2011 530 2163 568 num.
2211 514 2263 578 1,
2299 512 2577 583 pag.152.
2632 532 2649 563 ι
2694 522 2753 565 ιιι
2805 513 2920 583 ipse
2949 512 3049 567 sibi
3077 526 3197 566 eam
3245 512 3595 580 proprizein-

2009 605 2232 660 dustria:
2266 606 2459 659 studiis
2486 621 2553 660 ex
2587 604 2681 658 Dei
2707 603 3011 659 imitatione
3037 603 3427 668 conscisceret,
3460 618 3592 658 cum

2008 697 2365 765 possibilitate
2406 697 2507 750 sibi
2567 694 2921 764 perfectionis
2986 694 3041 747 in
3105 693 3276 747 initiis
3313 693 3441 747 data
3493 709 3594 761 per

2010 789 2260 859 imaginis
2285 790 2620 859 dignitatem,
2664 788 2716 841 in
2770 787 2877 841 ﬁne
2932 778 3309 857 demum‘Pper
3361 801 3591 855 operum

2010 876 2375 944 expletiouem
2409 874 2704 944 perfectam
2735 874 2839 929 sibi
2868 875 2986 943 ipse
3008 874 3420 929 similitudinem
3459 889 3593 927 con-

2010 978 2330 1022 summaret.
2368 986 2387 1017 ›
2451 967 2613 1021 Addit
2651 968 2886 1032 deinde,
2958 986 2976 1016 ι
3024 966 3428 1021 similitudinem
3492 965 3593 1020 Dei

2011 1055 2355 1123 sperandam,
2394 1071 2512 1123 quze
2559 1070 2661 1124 pro
2716 1056 3035 1109 meritorum
3066 1055 3399 1126 perfectione
3452 1070 3595 1124 pra-

2011 1147 2261 1200 stabitur.
2301 1164 2318 1196 ι
2352 1145 2461 1199 Nec
2503 1147 2601 1199 ista
2630 1147 3013 1208 tolerabiliora,
3043 1161 3162 1215 quae
3212 1147 3439 1215 legimus
3494 1147 3595 1201 bo-

2012 1240 2122 1291 tnil.
2157 1239 2216 1292 Η
2256 1239 2313 1289 in
2351 1222 2517 1291 Num.
2561 1256 2710 1293 nutu.
2744 1239 2799 1301 4,
2830 1255 2952 1306 pag.
2988 1238 3092 1292 508
3128 1257 3143 1291 :
3184 1258 3203 1290 ι
3235 1238 3594 1294 Ontuiaenitn

2011 1330 2151 1398 apud
2169 1331 2338 1383 Demn
2369 1331 2580 1385 ratione
2608 1344 2660 1384 et
2680 1331 2881 1398 judicio
2906 1332 3076 1397 ﬁunt;
3110 1345 3207 1385 nec
3237 1332 3304 1384 ad
3331 1331 3596 1400 gratiam,

2012 1421 2105 1474 sed
2136 1436 2233 1489 pro
2267 1423 2484 1488 merito,
2511 1442 2530 1473 ι
2563 1433 2692 1488 elc.,
2720 1423 2935 1491 penitus
2970 1436 3163 1492 nempe
3204 1423 3392 1493 gratia:
3427 1422 3596 1476 bene-

2013 1511 2194 1566 ﬁcium
2249 1512 2363 1567 hazc
2422 1514 2724 1580 perimunt;
2786 1515 3236 1581 quemadmodum
3303 1522 3359 1567 et
3416 1513 3507 1566 illa
3563 1531 3597 1566 e

2013 1614 2146 1657 tom.
2181 1620 2211 1656 Χ
2248 1606 2303 1657 in
2326 1604 2546 1666 Matt/1.,
2582 1620 2731 1657 num.
2760 1604 2847 1669 11,
2887 1622 3008 1673 pag.
3036 1605 3141 1659 454
3184 1624 3196 1657 :
3237 1603 3512 1659 Ἐνταῦθα
3539 1605 3596 1658 δὲ

2013 1698 2174 1766 ἡμεῖς
2207 1699 2372 1768 ἐσμεν
2403 1699 2453 1749 οἱ
2506 1700 2667 1751 αἴτιοι
2704 1697 2797 1749 τοῦ
2850 1695 2985 1750 εἶναι
3013 1697 3152 1752 καλὰ
3192 1699 3285 1750 καί
3329 1698 3457 1761 ἄξια
3487 1698 3597 1751 τῶν

339 1797 405 1846 ad
438 1804 803 1863 contemptum
832 1805 992 1862 atque
1033 1795 1377 1848 insolentiam
1414 1795 1640 1856 ducunt,
1688 1794 1909 1847 indura-

2016 1787 2316 1858 λεγομένων
2350 1787 2520 1855 ἁγίων
2547 1789 2699 1858 γένη,
2742 1789 2774 1858 ἢ
2828 1787 3012 1858 σαπρά
3068 1789 3161 1841 καὶ
3202 1788 3325 1855 ἄξια
3358 1788 3455 1841 τοῦ
3492 1790 3599 1855 ἕξω

340 1896 428 1937 tttr
455 1901 565 1945 cor,
602 1886 727 1937 dum
757 1886 1043 1938 criminum
1069 1898 1229 1953 poena
1256 1884 1506 1939 differtur
1538 1904 1553 1939 :
1584 1886 1634 1939 bi
1666 1900 1797 1939 vero
1820 1886 1910 1954 qui

336 1976 728 2042 benignitatem
788 1986 842 2029 et
897 1978 1209 2044 patientiam
1261 1978 1377 2045 ejus
1431 1979 1498 2031 ad
1571 1980 1911 2033 occasionem

272 2128 275 2135 η
340 2070 677 2138 ιιωιιίιθιιιίω
696 2086 805 2123 suae
834 2080 882 2122 et
916 2070 1317 2123 emendationis
1366 2071 1663 2139 accipiunt,
1702 2072 1913 2125 miseri-

339 2162 579 2215 cordiam
604 2172 1033 2229 consequuntur.
1068 2181 1085 2212 ι
1136 2161 1364 2217 Getnino
1405 2162 1597 2216 deinde
1659 2164 1911 2232 exemplo

339 2252 669 2306 luculentius
692 2254 740 2305 id
783 2255 1153 2317 demonstrat;
1196 2254 1378 2321 priore
1410 2255 1625 2322 quidem
1653 2256 1819 2324 petito
1846 2270 1909 2308 ex

339 2343 504 2397 Hebr.
544 2360 622 2407 vr,
653 2343 705 2409 7,
736 2343 789 2407 8,
826 2345 903 2396 ait
936 2345 1081 2399 enim
1115 2346 1352 2398 divinam
1409 2345 1639 2415 gratiam
1681 2347 1909 2401 similem

338 2451 457 2489 esse
499 2436 658 2489 imbri
701 2448 875 2491 terras
938 2437 1213 2506 irriganti,
1260 2453 1488 2507 quarum
1558 2439 1676 2493 alia:
1729 2440 1914 2509 spinas

338 2527 470 2580 dant
514 2537 569 2579 et
601 2527 870 2593 tribulos;
903 2536 1140 2597 segetem
1182 2527 1287 2582 illae
1327 2538 1383 2582 et
1440 2528 1653 2583 fructus
1701 2528 1901 2593 ferunt;

341 2632 439 2683 pro
493 2618 643 2671 varia
686 2618 893 2673 scilicet
946 2620 1181 2683 cultura,
1219 2622 1466 2688 quamvis
1518 2620 1758 2689 ejusdem
1804 2624 1915 2675 sint

342 2716 571 2761 naturae.
603 2707 799 2762 Terras
838 2711 1041 2779 itaque,
1080 2711 1185 2765 hoc
1210 2721 1293 2764 est
1322 2713 1560 2775 animus,
1601 2713 1667 2767 ad
1719 2713 1912 2769 volun-

343 2800 470 2853 tatis
498 2800 780 2854 arbitrium
812 2801 985 2855 σιροιί
1021 2814 1076 2855 et
1102 2804 1278 2871 parari
1315 2814 1505 2872 putat;
1529 2806 1753 2859 imbrem
1780 2821 1916 2861 vero

340 2893 684 2963 postmodum
722 2909 753 2947 a
804 2894 913 2948 Deo
962 2895 1191 2949 infundi.
1252 2895 1395 2950 Idem
1451 2898 1912 2969 probatexemplo

339 2981 492 3046 solis,
520 2984 613 3052 qui
650 3001 753 3038 una
782 2987 1079 3055 eademque
1127 2989 1243 3039 luce
1269 2995 1324 3040 et
1356 2988 1535 3041 calore
1589 2990 1772 3042 limum
1830 2990 1913 3042 iu-

341 3077 518 3138 durat,
548 3086 605 3129 et
627 3092 807 3131 ceram
843 3077 1117 3148 liquefacit
1144 3098 1156 3132 :
1195 3098 1213 3129 ‹
1242 3096 1345 3133 ιιοιι
1368 3080 1513 3149 quod
1546 3082 1715 3135 virtus
1739 3080 1906 3148 ejus,»

338 3168 491 3220 addit
545 3168 774 3223 Ruﬁntts
815 3186 966 3223 num.
1020 3172 1107 3233 H,
1154 3190 1170 3220 ι
1209 3172 1363 3224 aliter
1403 3173 1455 3223 in
1492 3172 1641 3237 limo,
1674 3182 1728 3227 et
1753 3172 1911 3227 aliter

342 3272 601 3331 operetur
632 3265 684 3315 in
715 3278 875 3325 cera;
903 3264 994 3316 sed
1050 3265 1193 3332 quod
1253 3264 1365 3318 limi
1401 3265 1532 3327 alia,
1564 3264 1666 3318 alia
1698 3280 1912 3335 quoque

340 3370 482 3408 certe
524 3355 596 3408 sit
642 3355 899 3422 qualitas,
930 3370 1051 3409 cum
1102 3356 1290 3425 utique
1333 3357 1629 3410 secundum
1660 3366 1909 3411 naturam

340 3463 507 3499 unum
555 3449 650 3512 sit,
688 3449 813 3516 quia
875 3457 1165 3516 utrumque
1195 3448 1262 3502 de
1313 3460 1458 3502 terra
1484 3458 1587 3505 est.
1626 3468 1648 3500 ι
1679 3449 1913 3519 Exponit

340 3538 537 3592 deinde
560 3539 832 3607 quomodo
859 3537 1070 3592 auferat
1094 3555 1124 3591 a
1152 3539 1305 3593 nobis
1334 3539 1478 3594 Deus
1505 3556 1597 3594 cor
1620 3540 1910 3610 lapideum,

340 3640 394 3681 et
426 3630 683 3684 immittat
711 3645 970 3684 carneum
1001 3650 1014 3684 :
1047 3645 1239 3700 nempe
1264 3631 1581 3686 subversum
1614 3633 1679 3686 iri
1728 3638 1909 3687 censet

340 3720 645 3775 libertatem
686 3722 917 3787 arbitrii,
952 3723 995 3775 si
1052 3724 1306 3790 potestati
1347 3724 1547 3777 divina:
1594 3725 1776 3779 cordis
1798 3740 1914 3778 mu-

340 3814 605 3867 tationem
628 3814 965 3868 tribuamus:
1008 3824 1117 3868 tum
1148 3817 1435 3870 sententia;
1468 3831 1579 3870 suae
1615 3816 1914 3886 explanan-

347 3904 430 3957 da:
460 3919 647 3966 causa,
676 3903 954 3958 indoctum
992 3905 1228 3972 aliquem
1285 3907 1451 3960 sumit
1497 3906 1551 3959 in
1582 3906 1911 3977 exemplum,

338 3994 429 4064 qui
466 3997 549 4049 vel
598 3994 827 4047 aliorum
859 3995 1350 4060 adhortationibus,
1373 3997 1455 4049 vel
1492 3997 1710 4051 aliunde
1744 3999 1912 4066 impe-

340 4088 522 4141 ritiam
549 4104 700 4142 suam
742 4089 1068 4159 intelligens,
1098 4092 1382 4145 erudiendi
1418 4106 1579 4145 causa
1610 4092 1819 4145 accedit
1849 4092 1913 4144 ad

343 4181 664 4246 doctorem;
713 4183 900 4236 doctor
922 4198 1075 4247 vero,
1132 4184 1415 4237 voluntate
1460 4181 1574 4250 ejus
1608 4193 1921 4251 perspecta,

340 4271 603 4323 doctrinm
658 4285 768 4323 suae
797 4280 1067 4339 pracepta
1096 4272 1420 4326 traditurum
1459 4287 1518 4326 se
1545 4272 1865 4341 polliceatur
1898 4292 1911 4328 :

341 4361 549 4427 Οὕτως,
587 4364 763 4431 inquit
792 4379 943 4418 num.
990 4362 1079 4429 15,
1112 4379 1234 4434 pag.
1295 4363 1422 4431 124,
1485 4366 1513 4416 ὁ
1569 4363 1710 4428 θεῖος
1762 4364 1917 4433 λόγος

2013 1877 2310 1947 βληθῆναι·
2348 1878 2407 1929 οὐ
2468 1877 2576 1949 γὰρ
2614 1878 2773 1947 φύσις
2820 1881 3032 1949 ὲνὴμῖν
3069 1880 3215 1931 αἰτία
3262 1879 3362 1949 τῆς
3422 1897 3597 1950 πονη-

2016 1969 2152 2037 ρίας,
2183 1968 2319 2021 ἀλλά
2348 1971 2684 2040 προαίρεσις,
2719 1969 2964 2033 ἑκούσιος
2990 1966 3123 2023 οὖσα
3170 1975 3595 2044 κακοποιητική.

2011 2059 2195 2122 Οὕτως
2238 2060 2294 2112 δὲ
2326 2060 2445 2113 οὐδὲ
2488 2060 2649 2129 φύσις
2694 2062 2841 2114 αἰτία
2886 2061 3259 2133 δικαιοσύνης,
3292 2063 3369 2126 ὡς
3399 2065 3600 2117 ἀνεπί-

2009 2154 2192 2216 δεκτος
2226 2154 2458 2217 ἀδικίας,
2488 2154 2619 2207 ἀλλὰ
2648 2154 2802 2223 λόγος
2831 2154 2889 2207 ὃν
2942 2155 3374 2226 παρεδεξάμεθα,
3416 2159 3445 2210 ὁ
3498 2174 3604 2210 κα-

2009 2247 2356 2312 τασκευάζων
2383 2248 2621 2311 δικαίους
2647 2264 2659 2276 ’
2696 2257 2750 2301 et
2782 2248 2879 2301 ista
2908 2257 2963 2300 et
2988 2258 3132 2301 tomo
3158 2264 3254 2311 xu,
3294 2264 3444 2301 num.
3481 2249 3587 2310 40,

2012 2357 2133 2408 pag.
2167 2338 2291 2396 561.
2341 2339 2433 2409 Μὴ
2467 2338 2714 2400 συνόντος
2770 2336 2849 2407 τῷ
2907 2339 3223 2409 ἀρνουμένῳ
3274 2339 3603 2408 Πνεύματος

2010 2430 2207 2502 ἐχθροῦ
2256 2429 2334 2500 τῷ
2366 2430 2626 2500 διδομένῳ
2676 2430 2953 2499 Πνεύματι
2988 2432 3082 2483 καὶ
3125 2431 3286 2501 σοφίᾳ
3311 2435 3424 2493 τοῖς

2009 2524 2070 2575 τὸ
2098 2523 2377 2594 ὁμολογεῖν
2411 2522 2549 2576 κατά
2573 2540 2695 2576 τινα
2724 2521 2878 2586 ἀξίαν
2910 2523 3087 2575 αὐτῶν
3137 2524 3242 2575 ὑπὸ
3268 2523 3405 2576 Θεοῦ
3468 2524 3603 2594 βοη-

2012 2616 2326 2688 θουμένοιςο
2365 2626 2417 2669 et
2468 2616 2581 2669 hanc
2618 2630 2835 2683 quoque
2880 2629 2910 2667 e
2973 2626 3102 2669 ιυιιι.
3147 2632 3265 2681 xvi,
3322 2632 3472 2668 num.
3538 2615 3597 2679 5,

2013 2728 2133 2780 pag.
2165 2710 2291 2772 717,
2322 2710 2379 2761 Ὀ
2407 2708 2461 2761 δὲ
2484 2708 2673 2778 Σωτὴρ
2708 2708 2996 2779 διελέγχων
3023 2708 3117 2760 καὶ
3132 2707 3229 2779 τὴν
3254 2706 3601 2777 τηλικαὺίεηψ

2018 2802 2392 2874 μεγαλόφωνον
2421 2802 2631 2872 μητέρα
2662 2802 2754 2854 τοῦ
2803 2800 3058 2854 Ἰακώϐου
3100 2800 3191 2852 καὶ
3233 2798 3601 2861 Ἰωάννου,ὡς

2013 2895 2308 2964 ἀγνοοῦσαν
2342 2895 2484 2954 τίνες
2508 2896 2557 2946 οἱ
2588 2895 2967 2965 ὑπερέχοντες,
2992 2895 3085 2947 καὶ
3116 2895 3197 2946 ὅτι
3225 2895 3257 2964 ἡ
3290 2893 3603 2963 τηλικαύτη

2013 2989 2188 3061 δωρεά
2213 2988 2372 3060 χάρις
2388 2989 2504 3042 ἐστὶ
2526 2988 2621 3041 τοῦ
2653 2988 2744 3039 ἐπὶ
2776 2988 2910 3040 πᾶσι
2946 2984 3080 3039 Θεοῦ
3100 2984 3467 3056 συμπνέοντος
3498 2986 3603 3037 καὶ

2019 3081 2401 3152 συνεργοῦντος
2429 3122 2443 3146 ,
2479 3082 2571 3133 καὶ
2607 3079 2875 3151 ἱδρύοντος
2899 3081 2957 3130 ἐν
3002 3081 3069 3149 τῇ
3102 3078 3323 3150 τοιαύτῃ
3344 3078 3595 3148 ὑπεροχῇ

2013 3172 2106 3235 οὓς
2137 3168 2276 3225 οἶδεν
2334 3173 2691 3243 ἐπιτηδείους,
2727 3183 2857 3233 etc...
2894 3188 3097 3225 necnon
3123 3181 3177 3225 et
3227 3170 3313 3223 illa
3362 3185 3393 3222 e
3446 3180 3599 3223 tutuo

2014 3280 2107 3318 xm
2142 3265 2194 3318 in
2220 3263 2408 3329 Joan.,
2441 3282 2588 3318 num.
2624 3266 2676 3324 1,
2714 3265 2866 3335 Τάχα
2892 3265 2999 3334 γὰρ
3028 3263 3203 3333 δόγμα
3231 3262 3283 3315 τί
3309 3266 3445 3325 ἐστι,
3484 3280 3599 3332 μη-

2013 3357 2138 3409 δένα
2170 3356 2464 3427 λαμϐάνειν
2490 3356 2728 3427 δωρεὰν,
2785 3355 2894 3407 τῶν
2932 3355 3006 3426 μὴ
3056 3354 3348 3429 αἰτούντων
3398 3354 3597 3424 αὑτήν.

2018 3449 2296 3503 Manil'este
2352 3465 2567 3517 quoque
2628 3450 2770 3503 hunc
2814 3448 3059 3518 Apostoli
3106 3449 3281 3502 locum
3338 3447 3390 3500 in
3438 3460 3601 3501 suam

2018 3542 2236 3596 trahens
2299 3541 2625 3596 sententiam
2692 3540 2952 3611 pervertit
3001 3540 3098 3594 lib.
3135 3555 3186 3593 ιχ
3218 3541 3271 3591 in
3306 3537 3479 3605 Epist.
3524 3539 3601 3589 ad

2017 3630 2195 3697 Rom.,
2233 3649 2386 3687 ttttm.
2422 3632 2476 3697 ‘5,
2512 3648 2636 3702 pag.
2664 3632 2767 3687 648
2804 3649 2818 3684 :
2848 3650 2867 3683 ι
2905 3631 3181 3686 Habentes
3212 3641 3389 3683 autem
3431 3630 3606 3681 dona-

2021 3726 2194 3779 tiones
2220 3728 2520 3779 secundum
2553 3725 2783 3794 gratiam
2814 3739 2934 3792 quae
2963 3722 3088 3777 data
3116 3733 3200 3776 est
3253 3721 3407 3776 nobis
3439 3720 3605 3775 diil‘e-

2021 3818 2349 3882 rentes,sive
2371 3818 2708 3887 prophetiam
2734 3816 3029 3871 secundum
3058 3815 3319 3869 rationem
3348 3813 3600 3879 ﬁdei“,»

2018 3918 2149 3972 etc.;
2183 3909 2308 3962 hinc
2337 3910 2534 3978 quippe
2567 3908 2775 3978 colligit
2808 3909 2997 3962 donari
3030 3909 3257 3978 gratiam
3285 3922 3315 3960 a
3352 3907 3465 3960 Deo
3511 3921 3608 3961 se-

2019 4000 2249 4053 cundum
2290 4001 2558 4054 rationem
2592 4000 2716 4053 ﬁdei
2757 4016 2770 4052 :
2811 4009 2921 4053 tum
2966 4015 3032 4053 ex
3067 4001 3255 4054 eodem
3290 3999 3411 4053 loco
3441 4009 3499 4052 et
3530 4015 3602 4054 ex

2020 4091 2129 4144 alio
2158 4092 2412 4160 Epistolze
2454 4091 2655 4161 prioris
2698 4091 2765 4144 ad
2804 4091 3117 4145 Corinthios
3148 4093 3226 4145 sic
3273 4090 3549 4144 concludit
3588 4110 3603 4145 :

2024 4202 2044 4234 ι
2087 4182 2242 4238 Unde
2273 4184 2402 4237 mihi
2464 4184 2683 4237 videtur
2738 4194 2844 4236 tam
2901 4184 2967 4235 ad
3030 4181 3302 4237 Romanos
3336 4196 3500 4251 quam
3530 4186 3603 4235 ad

2021 4274 2335 4329 Corinthios
2378 4276 2657 4339 scribens,
2711 4284 2820 4329 tres
2854 4276 3131 4344 capienda:
3184 4274 3375 4342 gratia}
3409 4275 3607 4330 modus

2023 4369 2236 4430 docere,
2271 4376 2329 4421 ut
2355 4382 2421 4421 ex
2448 4367 2603 4421 nobis
2632 4368 2683 4420 in
2707 4381 2773 4421 eo
2799 4368 2882 4437 agi
2921 4367 3124 4433 aliquid
3165 4369 3437 4431 ostendat,
3484 4368 3608 4436 pln-

337 4455 732 4525 ἐπαγγέλλεται
772 4456 880 4509 τῶν
914 4457 1248 4529 προσιόντων
1290 4457 1385 4528 τὴν
1433 4458 1630 4511 κακίαν
1661 4457 1911 4529 ἐξαιρεῖν,

2028 4462 2218 4512 rimutn
2272 4470 2450 4512 tamen
2501 4460 2554 4512 in
2588 4459 2675 4513 Dei
2724 4459 3008 4530 largitione
3062 4460 3382 4515 consistere.
3445 4460 3610 4515 Ponit

337 4547 406 4618 ῆν
432 4547 681 4618 ὠνόμασε
709 4548 931 4620 καρδίαν
958 4549 1189 4620 λιθίνην,
1219 4551 1338 4621 οὐχὶ
1371 4552 1593 4604 ἐκείνων
1625 4552 1699 4623 μὴ
1736 4552 1917 4621 βουλο-

340 4638 543 4710 μένων,
575 4640 687 4693 ἀλλ’
722 4641 945 4704 ἑαυτοὺς
974 4641 1052 4712 τῷ
1084 4640 1252 4711 ἰατρῷ
1284 4641 1393 4696 τῶν
1419 4642 1735 4712 καμνόντων
1770 4660 1912 4715 παρ-

336 4730 671 4801 εσχηκότων.
700 4731 861 4798 Quasi
899 4747 1004 4785 non
1051 4748 1080 4786 ιι
1110 4732 1223 4787 Deo
1252 4734 1553 4789 habeamus
1577 4735 1680 4791 hoc
1710 4737 1910 4805 ipsum,

339 4830 401 4872 ut
432 4823 709 4885 accedere,
743 4832 817 4889 ιιι¹
850 4823 1033 4876 sanari
1079 4823 1327 4878 velimus.
1388 4824 1594 4878 Similia
1627 4835 1754 4879 sunt
1792 4842 1912 4896 quae

339 4925 641 4982 sequuntur
674 4935 685 4969 :
739 4916 848 4968 Καὶ
874 4915 1006 4979 ἔστι,
1038 4917 1159 4986 φέρ’
1191 4918 1385 4979 εἰπεῖν,
1416 4918 1477 4971 τὸ
1504 4919 1635 4981 τοὺς
1680 4918 1914 4988 τυφλοὺς

338 5003 658 5073 ἀναϐλέψαι,
699 5004 879 5075 ἔργον,
907 5006 1047 5060 κατά
1078 5007 1175 5076 μὲν
1216 5008 1277 5061 τὸ
1312 5006 1623 5077 ἠξιωκέναι,
1664 5010 1771 5063 τῶν
1818 5027 1905 5062 m-

341 5097 635 5151 στευόντων
663 5096 921 5152 δύνασθαι
947 5099 1373 5171 θεραπεύεσθαι·
1407 5100 1547 5154 κατά
1567 5101 1623 5153 δὲ
1659 5102 1756 5173 τὴν
1782 5103 1918 5155 ἀπο-

339 5193 671 5247 κατάστασιν
708 5193 807 5263 τῆς
853 5194 1094 5265 ὁράσεως
1113 5196 1133 5258 ,’
1163 5194 1258 5249 τοῦ
1300 5196 1552 5267 Σωτῆρος
1602 5195 1778 5267 ἡμῶν.
1813 5195 1917 5250 Re-

339 5282 486 5351 liqua
521 5284 634 5351 pari
666 5283 795 5338 vitio
820 5284 1089 5340 laborant.
1120 5285 1300 5340 Nihilo
1339 5288 1557 5341 saniora
1612 5297 1739 5341 sunt
1795 5303 1914 5356 quae

341 5377 592 5447 leguntur
616 5377 737 5430 libri
765 5377 1003 5443 ejusdem
1033 5380 1208 5448 capite
1233 5379 1286 5443 6,
1331 5380 1383 5433 in
1420 5380 1613 5449 quibus
1642 5380 1911 5435 hominem

342 5468 537 5522 divina:
590 5466 837 5537 imaginis
895 5469 1234 5540 dignitatem,
1282 5485 1406 5524 cum
1462 5481 1840 5539 procrearetur
1887 5488 1914 5523 a

346 5559 474 5626 Deo,
503 5562 778 5631 accepisse
800 5562 904 5629 ait;
936 5562 1305 5617 similitudinis
1354 5578 1483 5619 vero
1518 5562 1909 5633 perfectionem

416 5740 461 5772 '"
492 5740 645 5799 Rom.
678 5759 754 5812 ιι,
790 5744 877 5803 18.
953 5746 1001 5779 ⁷⁸
1030 5746 1183 5803 Rom.
1216 5761 1313 5813 xu,
1342 5745 1393 5801 6-

2024 4569 2154 4623 ergo
2180 4562 2234 4606 et
2257 4568 2565 4608 mensuram
2599 4552 2721 4608 ﬁdei
2751 4567 2896 4616 esse,
2926 4567 3025 4621 per
3074 4568 3235 4621 quam
3292 4553 3412 4621 quis
3472 4569 3609 4623 gra-

2026 4646 2154 4698 tiam
2194 4646 2336 4714 capit
2368 4660 2381 4694 :
2417 4644 2569 4713 ponit
2592 4654 2646 4698 et
2677 4645 2743 4698 ad
2774 4644 2824 4697 id
2855 4645 2997 4714 quod
3036 4645 3284 4713 expedit;
3319 4655 3375 4698 et
3423 4643 3609 4714 Spiri—

2026 4747 2135 4790 tum
2164 4737 2406 4791 dividere
2436 4746 2597 4805 prout
2622 4737 2759 4792 vult.
2794 4735 2862 4791 Ut
2908 4752 3039 4806 ergo
3072 4747 3222 4790 tanta
3254 4738 3303 4790 in
3334 4738 3495 4793 nobis
3548 4738 3609 4791 ﬁ-

2024 4830 2118 4883 des
2147 4830 2475 4890 inveniatur,
2506 4841 2708 4899 quanta
2745 4831 2917 4899 possit
2965 4830 3333 4885 sublimiorem
3363 4832 3609 4899 gratiam

2027 4920 2129 4989 (sic
2151 4920 2293 4974 enim
2330 4920 2638 4991 legendum)
2685 4924 3004 4990 promereri,
3039 4923 3211 4977 nostri
3239 4923 3421 4991 operis
3455 4923 3611 4977 vide-

2025 5021 2112 5065 tur
2141 5021 2196 5064 et
2223 5013 2385 5065 studii
2426 5029 2439 5063 :
2484 5022 2544 5065 ut
2577 5022 2755 5066 autem
2785 5014 2851 5066 ad
2898 5013 2948 5066 id
2992 5013 3153 5067 detur
3185 5013 3325 5081 quod
3359 5015 3608 5083 expedit,

2022 5114 2076 5157 et
2103 5103 2231 5157 utile
2255 5104 2325 5157 sit
2367 5104 2675 5172 accipienti,
2710 5103 2800 5158 Dei
2826 5104 3089 5172 judicium
3121 5116 3244 5171 est;
3270 5104 3351 5158 vel
3381 5108 3617 5163 omnino

2024 5196 2068 5250 si
2102 5195 2217 5249 dari
2244 5194 2392 5261 velit,
2438 5195 2489 5248 in
2543 5196 2656 5263 ipso
2689 5205 2791 5248 est.
2832 5213 2851 5245 ι
2908 5194 3030 5249 Pari
3059 5195 3269 5249 insania
3304 5200 3621 5264 corrumpit

2022 5287 2219 5340 ibidem
2245 5288 2347 5342 hoc
2383 5286 2660 5341 alterume
2686 5286 2702 5339 Ι
2727 5286 2792 5339 ad
2823 5285 2949 5341 Cor.
2974 5301 3072 5347 xu,
3102 5286 3170 5340 l8
3204 5306 3219 5340 :
3274 5304 3292 5336 ι
3326 5285 3486 5341 Nunc
3517 5304 3621 5340 au-

2028 5389 2132 5432 tem
2170 5377 2511 5448 posuitDeus
2538 5378 2775 5432 membra
2798 5419 2813 5442 ,
2856 5378 3280 5447 unumquodque
3305 5392 3499 5432 eorum
3563 5380 3617 5432 in

2023 5484 2274 5539 corpore,
2309 5470 2450 5525 sicut
2506 5469 2695 5525 voluit.
2738 5468 2911 5524 Voluit
2966 5480 3173 5533 autem,
3224 5469 3423 5537 inquit,
3466 5470 3618 5524 Deus

2026 5562 2322 5619 secundum
2346 5562 2613 5618 rationem
2650 5561 2736 5617 vel
2766 5576 3079 5618 mensuram
3126 5560 3251 5617 ﬁdei
3282 5576 3404 5631 qua:
3429 5573 3521 5620 est
3558 5562 3615 5619 in
