3836 6236
232 214 343 269 049
1019 213 1591 273 ΟΒΙΟΕΝΙΑΝΟΒΗΜ
1631 217 1742 273 LIB

1968 217 2068 276 AP.
2110 218 2177 286 II,
2216 218 2492 286 QUIEST.
2530 219 2641 277 VII.
3382 219 3483 275 950

232 333 415 397 nobis,
445 333 528 387 vel
570 333 740 389 voluit
764 334 829 389 ad
880 334 931 389 id
982 336 1125 405 quod
1162 336 1403 406 expedit.
1442 336 1553 392 Nisi
1582 336 1719 393 forte
1742 338 1815 393 ita
1847 343 1892 400 Α
1920 347 2008 393 cet
2036 347 2373 394 commentus
2421 348 2528 403 est,
2567 350 2625 394 ut
2659 338 3060 409 aggressionem
3102 336 3424 405 bonio‘peris
3457 353 3487 391 a

234 424 438 495 aiiquis
466 435 519 481 et
547 427 648 480 hoc
679 426 810 481 velit
841 427 1148 497 intelligere
1180 446 1193 482 :
1220 428 1363 484 Deus
1401 430 1583 499 posuit
1617 430 1668 483 in
1697 446 1815 486 ror—
1916 431 2196 485 voluntate
2233 442 2420 485 nostra
2477 433 2864 501 suspettderet;
2912 444 3222 485 successum
3259 444 3390 483 vero
3435 436 3491 482 et

233 530 371 585 pore
394 517 815 586 unumquodque
849 517 1153 571 membrum
1178 529 1339 588 prout
1367 520 1561 586 voluit,
1605 532 1691 587 ut,
1724 535 1816 575 νο·
1917 521 2305 591 perfectionem
2343 537 2370 575 a
2416 522 2543 577 Deo.

235 609 363 675 luit,
400 611 467 664 ad
498 609 800 664 membrum
835 610 1007 680 magis
1036 609 1325 675 referatur,
1381 613 1485 668 hoc
1516 621 1620 677 est,
1657 624 1818 681 prout
1987 610 2107 667 Jam
2166 628 2298 667 vero
2358 615 2651 681 genuinum
2711 611 2964 683 Origenis
3007 628 3223 669 sensum
3271 611 3489 666 odorari

235 702 438 766 voluit,
460 712 621 773 prout
647 702 832 773 elegit,
858 712 1019 773 prout
1060 719 1281 773 operam
1306 704 1472 769 dedit,
1523 719 1590 758 ne
1622 706 1817 758 videa—
1917 716 2227 777 promptum
2264 716 2346 761 est
2398 708 2449 760 in
2496 706 2709 771 multis,
2745 707 2941 776 quibus
2969 706 3263 775 legitimam
3304 704 3488 774 gratiae

239 806 331 850 tur
356 797 421 850 de
470 795 691 850 homine
738 796 951 849 arbitrii
987 806 1230 865 potestas
1272 798 1495 851 auferri.
1530 817 1547 849 ι
1577 799 1817 868 Denique
1920 806 2023 853 vim
2056 801 2228 853 visum
2256 810 2338 854 est
2364 792 2681 870 praedicasse
2712 818 2725 854 :
2752 812 2811 854 ut
2854 814 2974 855 cum
3013 798 3107 854 lib.
3133 813 3191 852 Ill
3224 783 3364 864 Ιίερὶ
3394 796 3490 864 ἀρ-

238 886 294 939 ἰιι
333 887 540 940 catenis
590 888 641 939 in
701 884 947 940 Psalmos
1000 888 1125 941 talia
1180 888 1414 943 refertur
1444 887 1705 944 eﬁ‘utiisse
1749 891 1814 943 ad
1916 891 2063 961 χῶν,
2081 893 2271 963 cap.l,
2306 908 2455 949 num.
2482 892 2569 958 l8,
2597 893 2801 963 optime
2828 892 2932 946 dici
2964 891 3174 953 asserit,
3206 890 3487 945 aediﬁcium

236 977 431 1046 psalm.
457 994 585 1043 cxx,
618 979 671 1043 5,
702 994 821 1048 pag.
850 978 996 1033 820:
1052 978 1143 1051 Μὴ
1187 978 1329 1051 δῴης
1377 982 1456 1045 εἰς
1514 981 1671 1035 σάλον
1724 1000 1751 1034 τ

1976 1000 2022 1037 ιη
2051 983 2391 1049 aediﬁcantis,
2423 984 2517 1037 sed
2552 983 2643 1038 Dei
2668 997 2803 1053 opus
2851 997 3011 1049 esse;
3050 992 3105 1036 et
3151 981 3301 1035 urbis
3349 990 3491 1035 tute-

236 1070 376 1123 πόδα
425 1088 552 1123 cou'
588 1071 661 1142 μὴ
713 1073 1078 1143 περιτραπῇς,
1143 1072 1307 1142 φησὶ,
1345 1073 1479 1145 μηδὲ
1532 1075 1751 1128 σκανδα)

1976 1092 2045 1143 ιιι,
2073 1091 2178 1129 non
2218 1077 2534 1131 custodibus
2559 1087 2612 1131 et
2634 1076 2833 1145 vigiliis
2862 1074 3114 1135 militum,
3146 1074 3236 1128 sed
3269 1074 3377 1127 Deo
3406 1088 3491 1127 re-

237 1162 399 1232 σθῇς·
435 1163 529 1215 καὶ
560 1162 679 1215 τότε
705 1161 848 1227 ἕξεις
878 1162 1007 1215 Θεὸν
1031 1165 1187 1234 χεῖρα
1212 1163 1496 1236 ὀρέγοντα·
1528 1164 1667 1218 ὥστε
1685 1183 1752 1218 πα

1972 1182 2003 1222 e
2032 1168 2227 1222 ascribi
2263 1185 2277 1222 :
2322 1170 2403 1223 sic
2435 1167 2578 1222 enim
2614 1183 2726 1222 rem
2769 1165 3171 1236 intelligendam
3193 1179 3313 1218 esse
3349 1164 3487 1225 vult,

234 1251 397 1321 ἡμῶν
446 1251 524 1304 δεῖ
581 1248 715 1306 εἶναι
751 1252 848 1315 τὰς
892 1251 1086 1323 ἀρχὰς,
1112 1253 1206 1306 καὶ
1250 1255 1277 1306 ὁ
1318 1252 1451 1317 Θεὸς
1486 1253 1577 1307 τοῦ
1633 1253 1749 1325 ὁρέξ

1974 1262 2097 1315 teris
2119 1270 2486 1330 susceptorem
2519 1258 2683 1314 ﬁnisse
2703 1259 2996 1322 hominem,
3025 1259 3193 1312 Deum
3221 1254 3489 1325 perfecto-

237 1345 428 1415 χεῖρας
460 1343 701 1414 ἕτοιμος.

1981 1369 2029 1405 ιιι
2064 1370 2077 1417 ;
2110 1368 2207 1407 nec
2232 1350 2475 1406 suilicere
2500 1352 2830 1407 voluntatem
2877 1352 3164 1405 humanam
3201 1348 3267 1405 ad
3300 1362 3489 1402 conse-

313 1433 383 1489 Ut
430 1437 599 1505 magis
647 1440 812 1491 etiam
862 1444 1081 1506 pateant
1129 1438 1387 1493 doctrinae
1434 1440 1593 1509 hujus
1632 1440 1813 1511 adyta,
1917 1443 2184 1512 quendum
2225 1444 2405 1508 ﬁnem,
2457 1443 2558 1498 nisi
2609 1444 2749 1497 Deus
2784 1441 2850 1495 ad
2885 1441 2939 1496 id
2981 1440 3314 1511 opituletur;
3346 1438 3489 1506 quod

236 1526 637 1582 observandum
691 1539 776 1582 est
830 1530 1094 1600 duplicem
1150 1532 1203 1585 in
1259 1532 1416 1587 nobis
1469 1536 1536 1585 ah
1585 1534 1816 1601 Origene
1916 1551 1981 1591 eo
2008 1537 2228 1606 probari
2260 1546 2412 1606 putat
2444 1554 2456 1588 :
2493 1556 2511 1587 ι
2547 1534 2662 1590 Non
2697 1535 2948 1599 volentis,
2989 1547 3160 1601 neque
3196 1531 3486 1589 currentis.

239 1620 497 1672 constitui
530 1619 889 1686 ﬁdem,a|iam
924 1623 1239 1685 humanam,
1261 1639 1423 1693 quam
1456 1625 1659 1679 viribus
1690 1642 1815 1696 pro-
1847 1684 1886 1696 ﬁ
1918 1630 2009 1684 sed
2044 1628 2349 1684 miserentis
2389 1637 2470 1682 est
2499 1626 2589 1681 Dei
2621 1627 2688 1679 ⁸ο.
2732 1647 2750 1677 ι
2782 1626 2836 1679 In
2866 1640 3025 1693 quem
3079 1624 3255 1679 locum
3294 1622 3491 1691 repetit

235 1711 377 1779 priis
436 1709 582 1764 nullo
629 1712 878 1780 praesidio
913 1712 1139 1767 ﬁrmatis
1171 1715 1369 1768 habere
1406 1717 1699 1784 possimus,
1732 1716 1813 1769 di-
1846 1684 1889 1739 B
1914 1721 2101 1775 eadem
2136 1730 2187 1773 et
2213 1721 2451 1775 extendit
2490 1720 2582 1775 lib.
2620 1735 2692 1774 vit
2742 1721 2795 1772 in
2836 1718 3007 1786 Epist.
3035 1719 3103 1772 ad
3134 1716 3308 1783 Rom,
3336 1731 3486 1770 num.

235 1803 422 1855 vinam
459 1801 643 1869 aliam,
676 1819 795 1872 quae
827 1804 982 1859 nobis
1018 1803 1107 1858 Dei
1142 1803 1313 1874 gratia
1351 1804 1812 1861 infnndatur.Nec
1914 1814 2002 1878 16,
2035 1830 2086 1883 p,
2128 1813 2330 1877 6M,”
2365 1828 2539 1882 eoque
2578 1812 2935 1867 demonstrari
2973 1812 3068 1875 ait,
3100 1830 3117 1863 ι
3157 1810 3297 1877 quod
3328 1810 3489 1863 homo

236 1895 505 1965 duplicem
550 1895 725 1950 solum
770 1896 952 1960 ﬁdem,
989 1897 1083 1951 sed
1120 1898 1348 1951 virtutes
1387 1899 1549 1951 etiam
1574 1897 1811 1966 reliquas
1911 1907 2124 1975 quidem
2168 1898 2403 1960 laborem
2449 1905 2719 1973 impendat
2768 1912 2822 1959 et
2867 1903 3315 1964 sollicitudinem;
3347 1900 3489 1954 Deus

236 1987 295 2042 in
347 1990 502 2043 nobis
536 1988 773 2056 duplices
817 2004 937 2043 esse
982 1999 1163 2058 putat,
1208 2005 1432 2058 quarum
1487 1988 1605 2044 alia:
1644 1990 1750 2044 sint
1780 2005 1811 2043 a
1912 2006 2090 2049 autem
2116 2010 2420 2050 successum
2454 1994 2601 2062 operi
2636 1993 2839 2049 tribuat
2868 2005 2921 2047 et
2949 1991 3239 2053 eli‘ectum;
3285 2010 3303 2043 ι
3338 1991 3488 2043 ideo~

237 2082 418 2146 nobis,
450 2080 568 2135 aliae
598 2097 626 2134 a
662 2082 771 2135 Deo
806 2098 819 2134 :
854 2081 970 2137 illas
1016 2092 1195 2136 autem
1246 2083 1312 2137 ad
1358 2082 1581 2137 salutem
1621 2098 1812 2137 conse-
1912 2100 2016 2154 que
2041 2085 2223 2153 operis
2247 2099 2513 2138 suinmam
2552 2084 2660 2138 Deo
2699 2084 2876 2150 potius
2904 2097 3063 2152 quam
3113 2081 3317 2133 homini
3364 2094 3487 2135 esse

235 2171 505 2240 quendam
558 2171 691 2225 nihil
723 2171 1000 2241 prodesse,
1034 2172 1136 2225 nisi
1184 2172 1373 2231 harum
1418 2174 1693 2227 consortio
1720 2189 1809 2226 ro-
1913 2178 2293 2245 deputandum.
2354 2176 2650 2229 Conﬁrmat
2711 2174 2843 2230 illud
2889 2173 3038 2228 Pauli
3082 2173 3280 2236 verbis,
3324 2173 3343 2227 I
3386 2172 3489 2228 Co-

234 2264 517 2319 boreutur.
558 2264 869 2319 Pamluntur
918 2266 1032 2320 haec
1080 2266 1294 2320 oracula
1349 2276 1501 2320 tract.
1540 2282 1708 2321 χχχιιι
1754 2269 1811 2320 in
1912 2267 2080 2321 rinth.
2112 2282 2199 2329 ιιι,
2254 2266 2327 2320 6:
2374 2285 2392 2316 ι
2430 2264 2538 2335 Ego
2596 2264 2849 2332 plantavi,
2907 2264 3090 2333 Apollo
3136 2264 3306 2334 rigavi
3349 2305 3365 2330 ,
3396 2265 3487 2318 sed

237 2353 457 2419 Hau/tn
486 2371 633 2410 num.
672 2374 690 2407 ι
741 2354 852 2410 (i9:
906 2374 924 2407 ι
960 2355 1027 2411 Ut
1055 2366 1205 2426 puta,
1244 2357 1438 2425 inquit,
1502 2358 1655 2412 ﬁdem
1711 2358 1810 2412 ha-
1913 2359 2053 2413 Deus
2080 2357 2471 2412 incrementum
2515 2356 2697 2422 dedit;
2740 2375 2757 2407 ι
2800 2365 2910 2410 ιυιιι
2940 2356 3060 2411 ait:
3102 2374 3121 2407 ‹
3155 2356 3378 2411 Certum
3401 2366 3487 2411 est

234 2450 385 2505 henti
408 2464 529 2519 qua?
555 2460 722 2504 estex
754 2450 930 2517 nobis,
954 2452 1169 2505 dabitur
1196 2454 1365 2521 gratia
1412 2452 1556 2514 ﬁdei,
1584 2468 1701 2521 qua:
1728 2462 1811 2507 est
1914 2450 2076 2503 Deum
2111 2464 2214 2503 non
2246 2449 2416 2504 solum
2450 2448 2589 2503 scire
2618 2447 3039 2517 uniuscujusque
3066 2450 3397 2518 propositum
3423 2464 3486 2502 ac

232 2557 335 2611 per
380 2543 628 2611 spiritum
683 2542 825 2607 ﬁdei,
857 2554 912 2598 et
952 2544 1247 2598 abundabit
1278 2562 1293 2611 ;
1324 2554 1377 2598 et
1402 2545 1663 2613 quidquid
1709 2545 1808 2600 ha-
1913 2540 2266 2608 voluntatem,
2289 2541 2382 2596 sed
2412 2550 2463 2594 et
2513 2542 2786 2610 prmscire.
2834 2540 3025 2595 Sciens
3056 2551 3233 2593 autem
3265 2552 3319 2593 et
3345 2557 3485 2608 prae-

235 2635 416 2690 buerit
442 2635 565 2703 quis
599 2651 662 2690 ex
716 2634 949 2690 naturali
1005 2634 1303 2702 creatione,
1348 2651 1472 2689 cum
1507 2651 1750 2691 exercuei

1968 2646 2158 2693 iscens,
2182 2642 2434 2702 tanquam
2462 2638 2631 2687 bonus
2653 2632 2991 2701 dispensator
3014 2642 3066 2688 et
3084 2633 3280 2702 justus,
3300 2633 3483 2689 unius-

233 2741 381 2790 eum,
411 2729 609 2796 accipit
637 2728 689 2781 id
731 2733 899 2794 ipsum
932 2744 985 2780 et
1017 2742 1082 2782 ex
1113 2730 1283 2798 gratia
1324 2728 1441 2790 Dei,
1475 2738 1528 2782 υι
1574 2730 1811 2783 abundet
1912 2723 2169 2792 «cujusque
2198 2724 2428 2777 motibus
2453 2734 2506 2777 et
2529 2725 2799 2794 proposito
2817 2726 2985 2779 utitur
3008 2726 3073 2779 ad
3097 2740 3161 2780 ea
3187 2740 3349 2794 opera
3366 2724 3481 2780 elli-

236 2830 293 2871 et
326 2820 536 2873 ﬁrmior
561 2820 632 2873 sit
662 2820 713 2874 in
739 2836 805 2874 eo
830 2819 946 2887 ipso
966 2819 1108 2888 quod
1137 2821 1317 2886 habet,
1349 2822 1536 2891 {quod
1566 2821 1631 2875 de
1662 2821 1808 2875 omni
1912 2814 2125 2878 cicuda,
2156 2828 2274 2883 quze
2310 2814 2731 2883 uniuscujusque
2766 2815 2980 2869 animus
3012 2831 3076 2870 ac
3108 2816 3354 2872 voluntas
3387 2816 3484 2869 eli.

236 2909 421 2963 itidem
452 2911 652 2966 virtute
688 2911 1095 2980 intelligendum
1149 2926 1270 2967 esse
1326 2913 1532 2968 scribit.
1585 2915 1749 2970 Demu

1971 2918 2019 2974 t;
2061 2925 2080 2958 ι
2110 2916 2163 2960 et
2187 2918 2487 2977 postremo,
2516 2924 2640 2977 pag.
2669 2908 2772 2962 615
2806 2925 2820 2961 :
2875 2925 2894 2960 ι
2925 2908 2990 2963 Ut
3022 2909 3147 2963 boni
3180 2910 3357 2973 enim,
3403 2910 3486 2963 iu-

237 3001 513 3056 concludit
547 3017 561 3053 :
597 3022 615 3053 ‹
678 3002 969 3074 Propterea
1001 3005 1046 3058 si
1081 3003 1329 3059 volumus
1358 3015 1416 3058 ηι
1453 3007 1610 3061 detur
1654 3007 1809 3062 nobis
1838 3056 1876 3074 η
1912 3001 2049 3070 quit,
2084 3019 2102 3050 α
2152 3008 2241 3053 aut
2272 3000 2397 3054 mali
2429 3002 2599 3057 simus
2624 3012 2823 3059 nostra:
2844 3004 3138 3058 voluntatis
3163 3011 3282 3064 est;
3317 3001 3489 3054 malus

233 3091 413 3145 virtus
447 3092 766 3161 perfectior,
797 3104 852 3147 et
902 3093 1138 3149 abundet
1171 3095 1222 3149 in
1268 3096 1421 3150 nobis
1465 3098 1605 3167 quod
1634 3099 1809 3168 per-re-
1836 3091 1879 3113 υ
1913 3100 2089 3145 autem
2115 3094 2180 3144 ad
2215 3091 2511 3159 cuiusmodi
2541 3095 2865 3158 verbera,et
2894 3095 3066 3149 bonus
3092 3095 3157 3147 ad
3187 3092 3489 3158 cuiusmodi

235 3189 383 3235 ctum
407 3191 489 3236 est
525 3182 664 3235 inter
690 3184 953 3247 homines,
987 3198 1083 3253 per
1114 3184 1445 3255 diligentiam
1475 3188 1619 3240 omni
1653 3188 1810 3242 modo
1912 3181 2138 3251 gloriam
2170 3183 2487 3246 destinetur.
2518 3183 2816 3238 voluntatis
2863 3194 2946 3237 est
2978 3184 3090 3238 Dei.
3139 3204 3157 3234 ι
3194 3184 3308 3239 Non
3342 3184 3488 3237 aliud

234 3273 599 3341 acquiramus,
625 3286 679 3328 et
697 3284 979 3345 postquam
1010 3276 1449 3344 acquisierimns,
1475 3279 1628 3346 quasi
1655 3278 1812 3333 intel-
1912 3283 2108 3328 sonant
2144 3274 2303 3328 verba
2361 3278 2473 3329 haec
2502 3289 2533 3329 e
2560 3275 2653 3329 lib.
2700 3291 2758 3332 ιιι
2818 3275 2957 3343 Περὶ
3013 3275 3237 3345 ἀρχῶν,
3278 3291 3397 3343 cap.
3427 3275 3485 3335 Ξ.

234 3362 466 3432 ligentes
499 3368 754 3434 quoniam
808 3368 862 3422 in
899 3368 1126 3423 nihilum
1186 3371 1298 3424 haec
1337 3379 1655 3437 reputantur
1694 3371 1812 3424 sine
1913 3381 2062 3419 num.
2091 3363 2126 3417 2
2168 3382 2183 3419 =
2228 3384 2246 3415 ι
2290 3365 2521 3421 Et'idens
2575 3367 2743 3435 igitur
2793 3367 2934 3422 ratio
2966 3377 3071 3431 est,
3104 3368 3226 3436 Quia
3260 3366 3402 3422 sicut
3436 3368 3487 3422 iu

234 3455 409 3521 gratia
439 3457 554 3523 Dei,
585 3458 931 3515 humiliemus
961 3461 1327 3530 nosmetipsos
1356 3462 1456 3515 sub
1487 3476 1648 3517 manu
1673 3460 1811 3515 vali-
1911 3456 2068 3509 bonis
2114 3458 2276 3511 rebus
2327 3458 2619 3513 lmmanum
2673 3460 3010 3528 propositum
3056 3459 3227 3515 solum
3272 3474 3368 3528 per
3399 3474 3486 3513 se-

237 3544 304 3598 da
337 3544 428 3600 Dei
460 3547 526 3609 ⁷⁸,
551 3558 603 3603 et
637 3564 853 3606 oremus
882 3552 996 3607 sine
1026 3553 1103 3607 ira
1142 3554 1530 3623 disceptatione
1574 3552 1811 3608 levantes
1914 3546 2088 3615 ipsum
2127 3546 2496 3617 imperfectum
2544 3556 2630 3605 est
2671 3550 2737 3605 ad
2766 3552 3285 3606 consummationem
3310 3550 3431 3605 boni
3468 3567 3485 3614 ;

232 3654 397 3707 puras
436 3655 626 3697 manus
656 3643 725 3708 ττ,
754 3653 812 3697 ιιι
858 3646 1098 3700 omnium
1150 3648 1413 3701 honorum
1446 3661 1565 3717 quia
1606 3654 1730 3699 ευιη
1759 3647 1809 3701 in
1912 3635 2179 3704 adiutorio
2210 3652 2443 3707 namque
2469 3637 2651 3694 divino
2683 3641 2749 3694 ad
2776 3640 3012 3711 perfecta
3035 3656 3261 3711 quaeque
3292 3642 3489 3710 perdu-

234 3731 391 3787 nobis
418 3732 677 3804 perfectio
709 3736 868 3791 detur
895 3752 961 3791 ex
985 3737 1114 3803 Deo,
1144 3748 1196 3794 et
1222 3738 1386 3793 faciat
1416 3754 1512 3793 nos
1543 3739 1746 3807 perfect

1972 3737 2077 3794 tur,
2115 3747 2135 3781 ι
2175 3738 2281 3785 etc.
2316 3729 2368 3783 ln
2396 3730 2480 3785 his
2512 3730 2772 3801 Origenes
2815 3732 3093 3801 splendide
3124 3733 3487 3803 ήμιπελαγια-

232 3835 289 3878 et
318 3815 678 3893 acceptabiles
713 3822 848 3894 Deo,
879 3831 1034 3899 quasi
1067 3830 1209 3886 ﬁlios
1234 3831 1350 3885 Dei.
1385 3850 1403 3883 ι
1441 3830 1697 3885 Eamdem
1729 3848 1747 3884 r

1967 3821 2068 3887 ζει,
2098 3823 2484 3892 inceptionem,
2516 3824 2616 3879 hoc
2644 3835 2748 3890 est,
2782 3826 2930 3893 velle,
2958 3827 3162 3881 homini
3204 3828 3482 3893 tribuens;

233 3917 417 3986 coquit
451 3918 707 3973 crambcn
739 3919 832 3974 lib.
865 3935 918 3974 tv
957 3921 1012 3975 in
1053 3919 1227 3991 Epist.
1269 3922 1338 3975 ad
1370 3921 1541 3986 Rom,
1568 3938 1712 3975 num.
1752 3921 1808 3985 5,
1912 3916 2023 3969 Deo
2058 3928 2187 3969 vero
2212 3915 2491 3978 duntaxat,
2514 3916 3025 3984 perﬁcerekuﬁnus
3056 3932 3182 3972 vero
3214 3920 3367 3987 quasi
3394 3932 3487 3986 pa-

231 4016 395 4074 atque
445 4008 519 4064 ita
568 4010 737 4080 accipi
772 4011 888 4066 vult
929 4028 1117 4069 vocem
1167 4013 1307 4069 hanc
1339 4013 1702 4083 apostolorum
1742 4013 1809 4067 ad
1910 4023 2031 4061 rum
2050 4007 2133 4061 his
2161 4008 2365 4063 erroris
2396 4008 2613 4071 inesset,
2648 4010 2801 4063 novis
2825 4025 2886 4064 ea
2922 4010 3234 4064 deliriorum
3263 4025 3485 4064 suorum

232 4096 506 4154 Christum
551 4118 566 4156 :
604 4121 623 4153 ι
667 4105 817 4175 Auge
860 4106 1014 4160 nobis
1048 4106 1205 4161 ﬁdem
1246 4106 1293 4138 "
1328 4122 1343 4160 :
1380 4105 1552 4173 Quia,
1614 4105 1805 4176 inquit,
1910 4099 2640 4156 accessionibusinfuscavit.
2672 4101 2776 4156 Sed
2800 4100 3050 4173 Origenis
3074 4102 3313 4157 insanias
3333 4117 3483 4157 reve-

231 4193 395 4247 etiam
427 4194 558 4248 fides
582 4195 719 4265 ipsa,
752 4212 857 4266 qua
889 4197 1113 4253 credere
1135 4199 1385 4254 videmur
1418 4201 1549 4265 Deo,
1585 4200 1725 4253 dono
1756 4200 1805 4253 in
1910 4191 2024 4245 l‘are
2050 4193 2423 4261 pergamus.ls
2443 4193 2495 4247 in
2525 4192 2628 4247 ﬁne
2652 4194 2849 4262 prioris
2877 4194 3070 4263 capitis
3106 4193 3226 4248 libri
3263 4210 3323 4249 ιιι
3347 4194 3487 4261 Περι

230 4285 389 4337 nobis
439 4287 1036 4359 gratimgcouﬁrmatur.
1080 4308 1100 4341 ι
1158 4290 1334 4359 Atque
1392 4291 1534 4345 idem
1579 4292 1809 4346 suhimle
1912 4280 2133 4351 ἀρχῶν,
2168 4281 2436 4345 ῐιυῐιι.22,
2483 4294 2769 4352 postquam
2811 4282 3033 4352 pulchre
3081 4283 3228 4338 visus
3259 4293 3342 4338 est
3394 4286 3485 4338 Dei

230 4374 457 4441 replicat
483 4377 575 4433 lib.
607 4357 682 4445 nt,
730 4393 882 4433 num.
910 4379 966 4439 5.
1017 4395 1138 4450 pag.
1180 4357 1304 4447 649,
1346 4380 1510 4448 idque
1560 4395 1807 4450 compro-
1836 4403 1886 4463 ο
1911 4374 2195 4429 scientiam
2231 4390 2352 4429 cum
2399 4374 2647 4431 libertate
2676 4376 3017 4440 conciliasse,
3040 4376 3223 4429 omnia
3258 4376 3484 4431 conclu-

229 4465 361 4519 hare
392 4469 593 4537 satagit
642 4471 937 4539 apostolico
972 4472 1111 4527 isto:
1165 4472 1333 4527 Alteri
1372 4474 1503 4542 ﬁdes
1532 4474 1585 4527 in
1627 4474 1807 4527 eodem
1911 4467 2064 4521 sione
2088 4467 2320 4536 pessima
2343 4467 2620 4536 depravat,
2650 4484 2770 4523 cum
2804 4468 2876 4522 ait
2905 4467 3107 4522 nullum
3136 4471 3202 4523 ad
3226 4470 3484 4524 honorem

229 4559 419 4626 spiritu
441 4560 486 4591 ⁷³
522 4578 534 4613 :
566 4580 583 4613 ι
614 4559 764 4628 Quod
794 4562 948 4627 ﬁdes,
996 4564 1193 4634 inquit,
1240 4581 1360 4635 qua:
1402 4572 1583 4634 speret
1616 4575 1669 4621 et
1690 4580 1744 4619 cr

1970 4557 1996 4610 :l
2027 4558 2377 4628 ignominiam
2408 4573 2437 4611 a
2466 4558 2574 4614 Deo
2605 4560 2805 4628 parari,
2831 4560 2925 4614 ἐὰν
2964 4561 3038 4631 μὴ
3067 4559 3198 4631 ὕλην
3228 4561 3351 4615 τινὰ
3370 4561 3485 4616 δια-

230 4649 343 4713 dat,
371 4662 424 4705 et
460 4654 662 4723 absque
720 4656 822 4710 ulla
884 4655 1220 4710 dubitatione
1274 4656 1526 4719 conﬁdat,
1563 4657 1615 4710 in
1655 4658 1739 4711 nol

1971 4652 2085 4722 ιρᾶς
2131 4654 2230 4722 σχῇ
2278 4652 2375 4722 τὴν
2416 4652 2686 4722 ἡμετέραν
2712 4652 3049 4725 προαίρεσιν,
3073 4653 3358 4707 κλίνουσαν
3394 4655 3486 4707 ἐπὶ

229 4752 351 4810 est;
387 4747 527 4801 ratio
558 4763 686 4803 vero
717 4748 840 4804 ﬁdei
870 4750 1059 4819 ipsius,
1092 4758 1147 4804 et
1174 4750 1420 4817 scientia,
1446 4758 1502 4805 et
1532 4749 1744 4817 perfecti

1968 4744 2238 4815 ιχείρονα,
2272 4744 2305 4813 ἢ
2338 4745 2430 4797 ἐπὶ
2467 4744 2535 4797 τὰ
2570 4744 2880 4816 κρείττονα,
2911 4746 3053 4815 quod
3095 4748 3253 4801 iterat
3298 4747 3386 4800 lib.
3421 4764 3483 4809 ιι⁹

230 4851 416 4893 eorum
438 4855 558 4910 quae
588 4840 860 4895 credimus
882 4841 1187 4897 intellectus
1212 4842 1444 4896 donatur
1466 4856 1493 4894 a
1521 4840 1648 4895 Deo.
1677 4859 1698 4893 ι
1724 4841 1800 4895 Ac
1901 4848 2020 4901 Cap.
2045 4833 2098 4896 9,
2132 4849 2279 4887 num.
2301 4834 2359 4898 2,
2387 4833 2420 4887 6
2448 4843 2503 4887 et
2534 4849 2647 4903 seq.
2666 4835 2828 4889 Libro
2863 4850 3077 4904 quoque
3121 4837 3303 4905 Operis
3342 4834 3486 4903 ejus-

232 4929 446 4982 tandem
486 4945 501 4980 :
536 4948 554 4980 ‹
596 4930 747 4984 Sicut
775 4938 859 4984 est
899 4930 1031 4985 ﬁdes
1075 4946 1234 5000 quam
1270 4932 1549 4985 docuimus
1593 4946 1713 4985 esse
1748 4932 1798 4984 in
1902 4925 2023 4977 dem
2060 4925 2260 4994 priore.
2296 4940 2414 4993 cal)-
2446 4926 2500 4989 5,
2530 4942 2676 4981 num.
2701 4926 2907 4989 5rdiCil
2937 4947 2967 4978 (›
2992 4928 3044 4980 in
3086 4926 3339 4982 illissolis
3365 4941 3486 4981 esse

231 5018 407 5083 nobis,
429 5028 481 5072 et
505 5035 690 5075 rursus
717 5030 800 5075 est
826 5021 957 5075 uites
978 5037 1098 5091 quae
1119 5036 1213 5090 per
1239 5022 1462 5092 gratiam
1492 5022 1667 5086 datur,
1696 5023 1801 5075 sic-
1901 5029 2034 5084 opus
2072 5014 2307 5083 Spiritus
2364 5015 2560 5081 sancti.
2587 5016 2678 5085 qui
2729 5018 2841 5085 iam
2889 5032 2948 5072 se
2986 5017 3054 5070 ad
3087 5017 3309 5073 meliora
3355 5031 3483 5071 con-

230 5118 289 5164 ut
328 5126 487 5180 supra
519 5112 752 5167 diximus
776 5114 1035 5184 scriptum
1058 5128 1179 5169 esse
1211 5133 1225 5169 :
1253 5114 1357 5168 Alii
1387 5114 1516 5182 ﬁdes
1538 5116 1591 5167 in
1621 5113 1744 5167 eode

1972 5115 2138 5170 rtunt,
2172 5117 2225 5161 et
2263 5123 2359 5177 per
2405 5108 2519 5162 vias
2570 5109 2767 5163 Christi
2805 5108 2930 5163 Jesu
2969 5110 3261 5175 incedunt,
3298 5111 3352 5164 iil
3400 5119 3485 5166 est

229 5201 461 5270 spiritu;
509 5203 582 5257 ita
636 5204 798 5258 etiam
859 5204 911 5259 in
953 5219 1276 5275 unoquoque
1314 5206 1504 5260 horum
1538 5219 1657 5273 qua:
1702 5221 1798 5259 su-
1905 5199 1995 5267 qui
2024 5208 2149 5253 sunt
2183 5200 2236 5252 in
2290 5200 2447 5254 bonis
2476 5202 2712 5266 actibus,
2740 5202 2869 5256 etin
2920 5203 3030 5257 Deo
3076 5210 3418 5271 permanent,
3455 5221 3477 5255 ι

231 5307 326 5362 pra
354 5296 793 5350 enumeravimus
839 5313 867 5349 ει
906 5296 1013 5351 Deo
1049 5312 1144 5365 per
1187 5297 1418 5367 gratiam
1472 5296 1609 5361 dari,
1638 5306 1797 5351 estet
1906 5290 2061 5357 quasi
2115 5290 2311 5359 aliquis
2340 5291 2432 5344 ad
2482 5292 2709 5347 meliora
2746 5295 2987 5347 converti
3046 5304 3230 5363 queat,
3276 5293 3481 5362 absque

230 5385 285 5438 in
323 5384 477 5441 nobis
517 5386 739 5457 aliquid,
768 5389 834 5442 ad
871 5388 1024 5457 cujus
1071 5389 1440 5457 unusquisque
1489 5402 1795 5442 mensuram
1903 5397 2068 5452 opere
2094 5392 2147 5437 et
2176 5385 2350 5452 gratia
2400 5381 2637 5453 Spiritus
2681 5385 2876 5440 sancti.
2912 5384 3023 5440 Nec
3063 5385 3479 5455 patrocinantur

229 5472 314 5527 vel
348 5474 611 5529 rationem
660 5477 887 5548 gratiam
919 5487 1277 5546 promeretur.
1319 5497 1338 5530 ι
1381 5477 1505 5532 Huic
1538 5491 1603 5532 eo
1647 5476 1797 5532 scili-
1902 5476 1950 5531 ei
1987 5477 2286 5547 sequentia,
2323 5491 2444 5531 cum
2469 5476 2544 5530 ait
2571 5492 2720 5533 num.
2750 5470 2829 5533 7.:
2868 5496 2885 5530 ι
2927 5478 3187 5549 Spiritum
3229 5484 3483 5534 sanctum

298 5651 387 5707 "I
426 5651 567 5709 Petr.
596 5668 649 5721 v,
686 5656 738 5711 6.
816 5659 860 5691 ⁷⁷
900 5656 915 5712 Ι
946 5658 1083 5714 Tim.
1115 5675 1174 5726 ll,
1207 5659 1260 5715 8.
1336 5658 1380 5692 ⁷⁸
1414 5658 1540 5715 Luc.
1596 5675 1724 5726 xvu,
1756 5660 1809 5719 5.

1414 5658 1540 5715 Luc.
1596 5675 1724 5726 xvu,
1756 5660 1809 5719 5.
1885 5661 1974 5716 “I
2024 5661 2147 5718 Cor.
2191 5678 2285 5731 xu,
2322 5662 2369 5723 9-
2453 5662 2495 5695 ⁸ο
2528 5659 2687 5721 Rom.
2719 5679 2788 5729 ix,
2820 5663 2904 5719 l6.
