3836 6236
177 335 285 391 955

962 327 1539 386 OlilGENlANORUM
1576 326 1705 393 LIB,
1749 326 1808 384 ll.
1848 327 2001 384 CAP.
2040 326 2105 391 ll,
2145 321 2424 392 QUASST.
2467 321 2572 377 Vll.

3322 313 3429 370 954

176 466 457 512 auctorum
502 453 823 509 sententiam
854 452 1098 517 detorta,
1129 454 1195 506 ad
1230 467 1327 507 sua
1373 452 1621 523 dogmata
1653 465 1748 506 ac-
1776 459 1825 513 Α
1855 462 2069 505 textura
2095 440 2837 518 responsionemluqusmodi
2853 437 3010 501 facile
3025 436 3442 509 pa_titur,qnant

174 544 522 598 commodare
548 543 787 597 solemne
810 544 1033 606 habuit;
1055 543 1195 596 male
1213 552 1391 598 autem
1408 543 1476 596 de
1505 544 1750 598 libertate

177 636 388 690 arbitrii
436 635 679 687 sensisse
699 636 869 702 ipsum
902 634 1058 689 Iidem
1083 636 1210 689 facit
1238 635 1527 689 concilium
1550 634 1750 690 Roma-

180 744 310 782 num
336 726 675 795 septuaginta
696 728 1071 795 episcoporum
1096 745 1121 780 εν
1138 746 1161 778 ο
1185 727 1415 785 Rufinus
1432 728 1513 780 vir
1536 726 1753 796 religio-

178 837 276 876 sus
310 820 571 889 plurimos
599 818 954 874 ecclesiastici
989 820 1172 890 operis
1195 821 1365 875 edidit
1396 820 1597 876 libros:
1625 834 1755 874 non-

179 914 354 968 nullas
381 913 546 967 etiam
582 911 896 982 S‘cripturas
921 912 1308 983 interpretatus
1332 921 1416 968 est
1444 928 1460 964 :
1497 913 1590 967 sed
1614 927 1755 981 quo-

180 1008 324 1059 niam
366 1006 559 1061 beatus
594 1004 955 1076 Hieronymus
986 1004 1052 1059 in-
1072 1003 1339 1073 aliquibus
1368 1018 1490 1058 eum
1511 1002 1580 1058 de
1594 1002 1757 1059 liber-

182 1108 311 1152 tate.
337 1098 545 1153 arbitrii
562 1097 821 1165 .notavit,
844 1096 943 1151 illa
971 1098 1240 1152 sentimus
1283 1110 1413 1164 quae
1440 1096 1764 1166 praedictum

178 1192 397 1245 beatum
429 1189 821 1261 Hieronymum
848 1185 1054 1243 sentire
1075 1188 1474 1258 cognoscimus.
1498 1205 1519 1239 ι
1558 1186 1759 1241 κρεου-

180 1282 429 1336 dandum
444 1291 715 1351 praeterea
735 1290 823 1336 est:
837 1291 965 1335 ante
984 1279 1193 1348 Pelagii
1208 1289 1446 1348 tempora
1481 1279 1674 1335 leviter
1696 1294 1760 1335 ac

179 1372 551 1440 perfunctorie
594 1373 923 1441 quaestiones
962 1373 1082 1427 illas
1115 1374 1181 1427 de
1228 1372 1480 1428 libertate
1520 1372 1758 1438 arbitrii,

179 1469 358 1537 deque
385 1469 558 1537 gratia
584 1468 812 1534 Christi,
846 1478 901 1522 et
938 1467 1410 1538 pradestinatioue
1448 1466 1616 1523 fuisse
1651 1476 1762 1520 tra—

183 1571 402 1627 ctatas;
431 1561 764 1631 proindeque
792 1562 843 1615 in
889 1576 949 1616 re
986 1563 1245 1626 obscura,
1288 1577 1462 1630 neque
1502 1563 1635 1617 satis
1664 1560 1765 1615 Ec-

180 1651 361 1705 clesiae
413 1651 821 1705 deﬂui-tionibus
860 1651 1128 1706 illustrata
1160 1654 1426 1721 cespitare
1458 1662 1764 1722 promptum

182 1742 372 1797 fuisse.
398 1742 670 1798 Addemus
695 1752 749 1797 et
774 1743 926 1810 illud,
960 1760 1149 1812 pnrttm
1169 1753 1353 1811 putum
1381 1744 1766 1816 Sentipelagia-

1853 543 2194 612 Origcnianae
2233 547 2532 594 contextus
2555 534 2778 591 omnino
2813 532 3035 602 respuit.

1925 636 2103 701 Atque
2136 633 2195 687 id
2232 630 2413 686 obstat
2455 627 2761 698 quominus
2793 625 2861 682 ad
2910 622 3132 681 tutelam
3181 618 3439 697 Origenis

1857 728 2152 797 quidquam
2182 725 2487 780 conducant
2513 719 2715 776 selecta
2731 716 3140 788 quaedanuloca,
3167 715 3218 771 in
3235 714 3433 783 quibus

1857 817 2263 890 gratiardivinaz
2290 816 2545 871 meritum
2569 827 2637 868 ac
2665 805 3430 878 dignitatemprmclurevide-

1861 925 1951 966 tur
1979 923 2320 979 propugnare
2345 926 2359 961 :
2393 903 2695 973 cuiusmodi
2725 900 2817 961 ille
2833 910 2918 963 est
2938 915 2975 961 εξ
2998 900 3092 961 lib.
3123 915 3141 959 t
3171 896 3438 965 Περὶὰρ-

1862 996 2008 1070 κῶνι
2035 1015 2156 1069 cap.
2193 1001 2251 1065 ὃ,
2280 1012 2429 1053 num.
2463 995 2519 1060 '5,
2561 992 2661 1049 ubi.
2683 993 2887 1055 fontem
2911 1004 3031 1055 esse
3055 988 3439 1051 mensuum.

1865 1090 1992 1147 tatis
2013 1088 2274 1158 Spiritum
2298 1094 2545 1149 sanctum
2572 1083 2787 1146 asserit,
2814 1096 2887 1145 es
2903 1094 3075 1148 eoque
3096 1080 3451 1139 sanctitatem

1865 1182 2142 1250 accepisse
2173 1176 2433 1248 quidquid
2458 1185 2705 1239 sanctum
2723 1182 2805 1231 est
2829 1190 2855 1235 ε⁴
2874 1170 3178 1235 «Similiter
3205 1183 3438 1241 quoque.

1866 1273 2062 1341 inquit,
2092 1279 2148 1325 et
2171 1278 2359 1323 natura
2386 1266 2621 1338 Spiritus
2647 1263 2817 1319 sancti
2840 1278 2960 1333 qua:
2986 1270 3173 1315 sancta
3198 1269 3303 1324 est,
3334 1274 3451 1311 tum.

1868 1367 2058 1436 recipit
2086 1365 2427 1435 pollutionem
2474 1380 2489 1417 :
2534 1357 2851 1415 naturaliter
2875 1356 3041 1421 enim,
3076 1354 3168 1408 vel-
3194 1353 3443 1408 subblan-

1871 1458 2071 1514 tialiter
2102 1466 2288 1512 sancta
2325 1462 2429 1511 est.
2468 1452 2524 1508 Si
2558 1467 2669 1521 qua
2693 1460 2871 1504 autem
2896 1447 3000 1509 alia
3028 1456 3219 1500 natura
3254 1451 3453 1500 sanctaY

1871 1560 1974 1615 est,
2003 1564 2074 1603 ex.
2124 1544 2491 1614 assumptione
2536 1544 2659 1605 hoc,
2693 1539 2777 1597 vel
2822 1537 3171 1609 inspiratione
3210 1534 3444 1602 Spiritus

1873 1640 2045 1701 sancti
2074 1638 2238 1697 habet
2263 1645 2327 1695 ut
2353 1634 2747 1695 sanctificetnr,
2779 1646 2883 1687 non
2904 1645 2969 1684 ex
2995 1644 3093 1685 sua
3127 1635 3318 1681 natura
3340 1625 3446 1689 hoc

1874 1730 2177 1802 Possidens,
2205 1728 2305 1785 sed
2332 1726 2584 1785 accidens
2615 1722 2751 1779 sibi:
2788 1730 3021 1791 propter
3041 1717 3185 1789 quod
3213 1726 3267 1772 et
3293 1714 3437 1771 deci-

183 1835 418 1888 nismtnu
447 1834 514 1888 de
542 1835 936 1903 gratiaedivinze
968 1836 1168 1889 auxilio
1203 1836 1768 1907 disserentetnOrige-

1877 1825 1997 1877 dere
2044 1829 2219 1890 potest
2258 1819 2399 1887 quod
2432 1816 2655 1875 accidit.
2692 1833 2711 1865 ι
2749 1812 2960 1883 Insigne
2993 1810 3155 1865 etiam
3192 1816 3275 1865 est
3302 1805 3448 1875 quod

182 1942 309 1980 nem
328 1926 627 1995 prodidisse
647 1928 863 1996 quidem
882 1944 897 1993 ;
914 1943 942 1981 a
968 1927 1357 1997 Pelagianismo
1377 1943 1527 1991 vero,
1541 1930 1633 1997 qui
1656 1940 1766 1983 tum

184 2018 315 2071 boni
344 2019 744 2087 susceptionem
773 2020 978 2089 operis,
1013 2032 1121 2074 tum
1154 2023 1317 2075 etiam
1355 2022 1765 2089 perfectionem,

182 2110 345 2164 liberi
368 2110 579 2169 arbitrii
609 2127 672 2165 ac
708 2122 912 2167 natura:
946 2112 1149 2168 viribus
1200 2114 1419 2178 tribuit,
1449 2114 1613 2169 fuisse
1636 2114 1769 2169 alle-

184 2220 350 2269 nunt;
385 2220 558 2273 eoque
604 2205 655 2259 in
692 2206 965 2275 aliquibus
1011 2214 1242 2271 tantum,
1285 2221 1390 2260 non
1426 2207 1477 2260 in
1515 2206 1767 2261 omnibus

185 2295 359 2347 fuisse
385 2295 685 2361 infectum;
725 2296 1061 2364 nimiumque
1103 2296 1296 2361 videri,
1324 2297 1466 2365 quod
1496 2306 1601 2351 tam
1626 2311 1773 2365 saepe

177 2386 408 2454 iactavit
441 2388 491 2441 in
524 2402 647 2441 eum
678 2390 913 2459 Iprensis
937 2391 1246 2458 episcOpns,
1284 2407 1304 2441 ι
1338 2388 1466 2443 nihil
1495 2389 1764 2456 pernicio—

186 2491 308 2529 sum
342 2476 750 2547 Pelagianorum
794 2481 996 2549 scripta
1029 2480 1307 2550 praeferre,
1334 2480 1477 2549 quod
1515 2496 1620 2535 non
1650 2478 1768 2534 Ori-

184 2581 352 2633 genes
405 2566 730 2623 lmrulentius
772 2568 1223 2638 prtel'unnavet-i‘t,
1255 2569 1620 2639 audaciusque
1642 2585 1767 2640 pro-

186 2658 392 2713 tulerit.
423 2677 444 2709 ι

262 2839 417 2906 Quod
446 2840 491 2896 si
526 2839 978 2912 Semipelagianze
1012 2842 1274 2898 doctrina:
1310 2841 1511 2897 leviora
1538 2842 1768 2914 sparsis-

189 2942 278 2987 set
301 2932 511 2987 semina
554 2930 857 3001 Origenes,
889 2933 1149 3002 prodesse
1191 2932 1265 2986 illi
1312 2933 1536 2987 forsitan
1586 2945 1769 3002 posset

192 3024 599 3079 animadversio
657 3026 791 3091 haec,
845 3025 1067 3078 Patrum
1114 3028 1439 3079 auctoritate
1498 3024 1761 3090 suliulta;

188 3115 403 3170 etiamsi
428 3116 598 3183 gratia
619 3126 766 3171 recte
791 3115 945 3171 factis
973 3116 1246 3169 hominum
1273 3118 1564 3185 promerita
1595 3128 1767 3185 quan-

193 3211 371 3275 doque
398 3210 631 3275 dicatur,
650 3224 756 3263 non
783 3222 998 3278 seinper
1023 3219 1200 3263 tamen
1223 3208 1437 3262 excludi
1462 3208 1627 3262 aliam
1647 3222 1773 3278 gra-

196 3299 328 3351 tiam
393 3300 829 3364 antecedentem,
873 3298 1029 3369 cujus
1067 3300 1270 3353 auxilio
1324 3299 1569 3353 homines
1625 3306 1777 3353 recte

192 3400 462 3459 egerunt;
497 3392 593 3446 sed
641 3392 821 3446 minus
875 3392 1106 3461 spectari
1158 3390 1395 3459 priorem
1432 3390 1600 3455 illam,
1630 3388 1777 3459 quod

196 3503 226 3540 a
263 3485 456 3541 salutis
482 3485 862 3555 impetratione
890 3484 1165 3554 remotior
1199 3484 1271 3538 sit
1311 3497 1474 3552 quam
1508 3482 1776 3552 posterior

195 3580 389 3642 altera,
417 3578 545 3632 licet
574 3578 641 3631 ad
697 3592 817 3633 eam
853 3578 1286 3647 consequendam
1339 3574 1645 3631 necessaria
1682 3574 1773 3629 sit.

197 3671 379 3726 Facile
403 3670 602 3726 solutio
628 3670 745 3725 haec
766 3669 1016 3739 plurimis
1042 3667 1350 3723 Adamantii
1378 3667 1662 3723 sententiis
1686 3683 1778 3723 ac-

197 3764 653 3825 commodaretur,
682 3762 957 3831 inquibus
994 3761 1223 3830 gratiam
1245 3775 1311 3816 ex
1353 3760 1778 3831 pra-cedentibus

199 3853 413 3908 ineritis
436 3854 669 3909 derivat.
702 3852 1015 3923 Cujusmodi
1048 3851 1177 3906 illud
1214 3861 1315 3916 est,
1356 3853 1499 3921 quod
1529 3866 1647 3905 mox
1679 3852 1778 3905 ad-

199 3943 454 3998 duximus
486 3959 499 3996 :
537 3961 555 3994 ι
588 3945 752 3997 Deum
808 3957 928 4010 quae
965 3942 1125 4011 digna
1172 3951 1300 3996 sunt
1350 3941 1778 3996 sanctiﬁcatione

200 4033 573 4100 sanctiﬁcare,
612 4034 849 4103 Spiritus
873 4036 1047 4089 sancti
1086 4034 1316 4101 gratiam
1348 4032 1525 4101 dignis
1555 4042 1780 4101 praesta-

203 4129 274 4192 ri,
319 4146 340 4182 ι
372 4127 697 4198 respondere
728 4124 927 4198 quippe
954 4133 1260 4196 promptum
1290 4133 1574 4187 esset,eos
1608 4121 1779 4193 Spiri-

206 4226 291 4271 tus
322 4219 493 4273 sancti
521 4219 692 4288 gratia
723 4227 778 4273 et
816 4216 1243 4272 sanctificatione
1279 4230 1399 4270 esse
1429 4215 1638 4283 dignos,
1687 4214 1777 4283 qui

203 4322 304 4376 per
334 4311 741 4364 antecedentem
776 4308 1002 4379 gratiam
1028 4309 1173 4378 digni
1212 4307 1337 4361 facti
1364 4317 1510 4361 sunt.
1543 4305 1671 4360 Tale
1698 4314 1782 4360 est

207 4405 313 4455 hoc
340 4401 623 4470 Augustini
664 4402 823 4469 epist.
863 4401 952 4463 49.
986 4402 1053 4454 ad
1110 4400 1447 4469 Dcogratias,
1476 4408 1667 4469 quaest.
1699 4399 1777 4452 εξ

1867 1915 1943 1968 ait
1967 1912 2059 1966 lib.
2092 1927 2149 1966 ιιι
2175 1910 2314 1978 Περὶ
2338 1906 2563 1976 ἀρχῶν,
2586 1920 2704 1973 cap.
2730 1906 2784 1970 2,
2816 1919 2963 1959 num.
2991 1902 3042 1965 5,
3069 1910 3316 1954 naturam
3342 1898 3445 1952 hu-

1869 2019 2083 2058 manam
2111 2000 2400 2057 contrariis
2425 1998 2787 2067 potestatibus
2808 1996 2983 2051 obniti
3004 1993 3219 2063 propria
3242 1993 3290 2045 vi
3316 2007 3448 2045 neu-

1869 2091 2071 2158 tiquam
2101 2103 2279 2158 posse,
2310 2096 2367 2139 at
2403 2086 2496 2139 Dei
2520 2084 2806 2139 subnixam
2833 2084 3035 2138 auxilio
3064 2082 3297 2151 impetus
3331 2080 3448 2135 illa-

1871 2194 1985 2232 rum
2022 2176 2180 2230 facile
2204 2173 2511 2231 exstdIIare.
2552 2171 2669 2228 Non
2700 2173 2878 2229 minus
2909 2173 2995 2242 pic
3023 2172 3089 2227 de
3115 2171 3286 2242 gratia
3312 2171 3449 2225 divi-

1869 2286 1933 2323 na
1965 2268 2189 2329 disserit,
2229 2267 2379 2325 hom.
2425 2267 2483 2320 in
2519 2265 2712 2335 psalm.
2756 2279 2830 2330 tv,
2868 2282 2990 2334 pag.
3020 2264 3145 2329 571,
3170 2262 3244 2315 Οὐ
3290 2262 3449 2333 μόνον

1864 2360 2042 2415 τοίνυν
2066 2362 2145 2422 εἰς
2180 2358 2242 2412 τὸ
2275 2358 2436 2412 καλὸν
2469 2360 2566 2414 καὶ
2600 2356 2802 2427 ἀγαθὸν
2835 2355 3111 2425 γενέσθαι,
3159 2353 3323 2426 χρεία
3354 2352 3452 2407 καὶ

1863 2454 1962 2524 τῆς
2018 2452 2389 2525 προαιρέσεως
2448 2453 2549 2521 τῆς
2612 2450 2926 2523 ἡμετέρας,
2987 2448 3080 2502 καὶ
3144 2448 3244 2519 τῆς
3300 2447 3449 2511 θείας

1866 2547 2191 2617 συμπνοίας,
2208 2547 2328 2616 ἥτις
2349 2544 2498 2595 ἐστὶν
2522 2542 2597 2606 ὡς
2621 2543 2920 2614 πρὸςιὴμᾶς
2945 2541 3330 2613 ἀπροαίρετος·
3357 2540 3450 2596 ἀλ-

1864 2639 1933 2694 λὰ
1979 2640 2075 2693 καὶ
2106 2640 2186 2702 είς
2215 2638 2278 2691 τὸ
2309 2637 2600 2706 γενόμενον
2628 2634 2789 2688 καλὸν
2826 2634 2922 2688 καὶ
2951 2634 3153 2703 ἀγαθὸν
3180 2635 3451 2703 διαμεῖναι

1865 2732 1925 2793 ἐκέ
1952 2735 2019 2804 τῇ
2047 2733 2238 2803 ἀρετῇ.
2275 2730 2375 2795 Ubi
2426 2745 2530 2785 non
2578 2729 2645 2789 ad
2686 2728 3023 2785 retinendam
3071 2727 3244 2783 solum
3284 2724 3453 2780 virtu—

1868 2836 1996 2890 tem,
2036 2825 2131 2880 sed
2172 2824 2238 2879 ad
2267 2822 2647 2892 capessendam
2679 2820 2867 2882 etiam,
2912 2817 3149 2872 divinam
3171 2832 3327 2887 opem
3366 2830 3452 2870 re-

1865 2918 2007 2986 quiri
2038 2918 2215 2981 docet.
2254 2915 2319 2970 Et
2374 2913 2563 2976 homil.
2597 2912 2631 2968 4
2678 2913 2734 2969 in
2760 2910 2953 2977 psalm.
3000 2923 3187 2974 xxxvi,
3221 2923 3369 2961 num.
3392 2906 3453 2975 9.,

1863 3023 1986 3077 pag.
2019 3005 2122 3060 672
2149 3023 2167 3061 :
2192 3024 2210 3056 ι
2248 3005 2413 3067 Videa
2432 3018 2563 3073 ergo
2602 3003 2737 3072 quia
2762 3000 2974 3056 Domini
3006 3013 3218 3067 semper
3246 2998 3454 3055 auxilio

1871 3099 2194 3168 indigemus,
2228 3096 2402 3167 primo
2426 3110 2494 3150 ne
2520 3094 2811 3157 cedamus;
2846 3101 2956 3147 tum
2985 3090 3177 3151 deinde
3206 3089 3366 3145 etiam
3405 3087 3451 3145 si

1875 3191 2271 3254 reciderimus,
2327 3198 2386 3242 ut
2456 3199 2817 3255 resurgamus.
2867 3202 2886 3234 ι
2942 3182 3075 3245 Item
3123 3193 3253 3245 tom.
3309 3194 3346 3243 ι
3399 3180 3457 3241 ἑκ

1876 3283 2093 3346 Μαιιίι..
2123 3296 2271 3343 num.
2301 3280 2354 3340 6.
2386 3295 2510 3349 pag.
2540 3280 2667 3345 με,
2692 3278 2850 3342 docet
2869 3291 2963 3331 eos
2984 3276 3077 3345 qui
3106 3273 3349 3329 dimissis
3374 3269 3456 3325 fa-

1874 3381 2172 3439 cultatibus
2221 3379 2335 3434 suis
2367 3378 2643 3441 Christum
2675 3383 2997 3445 sequuntur,
3045 3373 3148 3427 hoc
3173 3368 3455 3427 consilium

1877 3471 2174 3527 auxiliante
2228 3468 2339 3523 Deo
2392 3466 2720 3537 suscepisse.
2775 3464 2866 3521 Sic
2908 3477 3037 3518 vero
3068 3461 3259 3520 scribit
3299 3468 3456 3517 tract.

1876 3580 2019 3620 xxxv
2047 3565 2100 3618 in
2134 3562 2347 3627 Matth"
2385 3576 2535 3615 num.
2569 3558 2658 3623 88,
2692 3574 2817 3629 pag.
2846 3556 2951 3613 900
2983 3572 2998 3613 :
3030 3574 3050 3608 ι
3094 3555 3198 3612 Per
3231 3555 3333 3609 hoc
3362 3568 3459 3607 au-

1879 3668 1986 3715 tem
2031 3654 2371 3717 instruimur,
2420 3662 2477 3706 ιιι
2524 3666 2800 3719 nunquam
2852 3648 2972 3703 sine
3023 3646 3461 3702 consideratione

1876 3749 2080 3820 aliquid
2105 3747 2486 3818 promittamus
2512 3758 2673 3813 super
2700 3741 3066 3797 habitudinem
3091 3748 3333 3794 nostram
3360 3738 3460 3791 hu-

1879 3858 2118 3906 manam,
2148 3840 2304 3910 quasi
2329 3837 2421 3908 qui
2449 3838 2730 3893 valeamus
2760 3833 2963 3889 Christi
3002 3831 3224 3901 implere
3248 3829 3462 3885 confes-

1878 3937 2108 4001 sionem,
2134 3949 2202 3989 ex
2243 3934 2421 4001 nobis,
2455 3938 2549 3986 aut
2589 3928 2793 3997 aliquid
2830 3934 3221 3997 praeceptorum
3265 3922 3395 3989 Dei;
3434 3941 3456 3976 ι

1880 4038 1994 4084 tum
2044 4027 2123 4081 ait
2144 4025 2407 4093 {debuisse
2442 4023 2662 4077 Petrum
2704 4018 2977 4088 postulare
3003 4034 3034 4072 a
3068 4016 3178 4071 Deo
3205 4013 3461 4086 gratiam,

1881 4130 1939 4179 ut
1999 4118 2353 4177 olIensionern
2400 4116 2577 4187 passis
2616 4112 2816 4171 Christi
2870 4109 3174 4181 discipulis,
3214 4109 3462 4177 ipsam

1880 4216 2174 4277 pateretur.
2205 4204 2322 4276 (ιὸ)
2344 4204 2414 4259 At
2442 4203 2737 4260 credidisse
2754 4201 3036 4270 Origenem
3070 4198 3271 4255 scimus
3290 4212 3355 4252 ex
3380 4211 3465 4257 re-

1882 4304 2153 4372 liquorum
2174 4301 2343 4368 ipsius
2367 4299 2707 4353 decretorum
2729 4294 3082 4353 connexioue,
3102 4290 3317 4347 Petrum
3337 4303 3465 4357 pro-

1885 4397 2003 4466 prio
2031 4394 2328 4448 voluntatis
2372 4402 2518 4449 motu
2552 4388 2785 4460 gratiam
2814 4388 2955 4441 hanc
2979 4383 3301 4454 postulasse,
3340 4396 3464 4441 cum

212 4509 232 4541 ι
267 4491 428 4545 Salus
468 4491 741 4561 religionis
772 4492 959 4561 hujus,
986 4507 1080 4560 per
1101 4506 1260 4560 quam
1287 4492 1456 4545 solam
1483 4505 1663 4545 veram
1692 4504 1773 4545 sa-

1882 4503 1949 4543 ne
2007 4486 2235 4557 gratiam
2293 4483 2509 4553 quidem
2565 4483 2768 4549 absque
2828 4478 3038 4546 praevia:
3085 4473 3271 4545 gratiae
3314 4471 3467 4539 adju—

208 4581 293 4635 lus
342 4596 494 4647 vera,
527 4585 902 4652 veracitcrque
956 4584 1305 4652 promittitur,
1359 4582 1486 4637 nulli
1540 4596 1775 4651 unquam

208 4674 381 4728 defuit
432 4675 523 4744 qui
572 4676 766 4745 dignus
797 4675 936 4741 fuit;
984 4687 1038 4731 et
1084 4677 1169 4730 cui
1206 4677 1409 4739 defuit,
1444 4677 1637 4745 dignus
1673 4692 1777 4731 non

208 4764 351 4833 fuit;
394 4785 414 4818 ι
445 4777 501 4820 et
534 4766 661 4820 illud
686 4767 1060 4836 Chrysostomi
1084 4768 1268 4824 homil.
1308 4767 1374 4822 16
1414 4768 1467 4820 in
1497 4766 1668 4837 Epist.
1710 4767 1780 4819 ad

209 4857 385 4921 Rom,
416 4859 543 4922 τοὺς
566 4858 794 4923 ἀξίουςὸ
834 4859 966 4921 Θεὸς
999 4852 1107 4911 οἶδε
1147 4858 1335 4931 μόνος’
1365 4879 1383 4911 ι
1425 4860 1583 4915 Solus
1645 4861 1784 4915 Deus

209 4950 360 5004 novit
387 4950 479 5019 qui
507 4951 655 5019 digni
678 4960 861 5004 sunt.)
888 4952 993 5005 Sed
1024 4951 1245 5005 Patrum
1279 4951 1493 5005 illorum
1522 4952 1787 5008 doctrina:

281 5091 395 5162 (45)
423 5091 489 5146 At
522 5092 805 5147 credidisse
834 5090 1108 5161 Origenem
1137 5094 1328 5165 scimus
1366 5109 1431 5147 ex
1469 5093 1787 5165 reliquorum

211 5165 377 5229 ipsius
403 5168 727 5215 decretorum
750 5166 1090 5225 conuexione,
1122 5163 1338 5217 Petrum
1363 5163 1586 5232 proprio
1605 5164 1790 5218 volun-

212 5235 338 5284 tutis
369 5243 512 5285 motu
542 5233 766 5301 gratiam
803 5231 936 5285 hanc
966 5235 1273 5300 postulasse,
1305 5231 1423 5286 cum
1462 5250 1524 5287 rte
1562 5238 1787 5303 gratiam

212 5305 423 5372 quidem
448 5305 640 5373 absque
652 5302 853 5362 pra’via’
868 5304 1053 5369 gratia?
1071 5304 1371 5373 ndjumento
1388 5302 1654 5371 pastulnre
1670 5320 1789 5373 pos-

215 5376 402 5426 simus.
444 5372 604 5427 Certe
640 5376 1018 5439 prteventeutis
1066 5372 1675 5444 gratiaeAnecessitatetn
1720 5375 1786 5427 ad

216 5444 506 5506 orandum,
545 5444 763 5496 disertis
809 5444 991 5497 verbis
1041 5442 1203 5498 tradit
1250 5442 1511 5506 Origenes
1574 5444 1666 5496 lib.
1714 5445 1788 5501 De

219 5520 479 5583 oratione,
535 5529 685 5583 ιιιιιιι.
729 5510 809 5583 2η
843 5528 964 5581 pag.
1026 5516 1126 5569 199
1180 5531 1193 5564 :
1248 5512 1383 5566 Οὐδὲ
1424 5513 1553 5583 γὰρ,
1605 5515 1800 5583 inquit,

220 5581 627 5655 δύΥατᾳιΑὴμιῖιν
663 5583 691 5633 ὁ
722 5581 847 5645 νοῦς
869 5583 1305 5655 προσεύξασθαι,
1332 5583 1427 5655 ἐὰν
1565 5582 1672 5655 πρὸ
1705 5583 1800 5655 at}-

223 5651 316 5723 εοῦ
347 5652 408 5705 τὸ
432 5651 663 5723 Πνεῦμαἲ
680 5651 1064 5723 προσεύξήται,
1096 5655 1257 5707 οἱονεὶ
1277 5655 1333 5706 ἐν
1360 5651 1587 5723 omasi?
1611 5651 1794 5705 ὰύτοῦ·

221 5720 408 5795 ὥσπερ
430 5722 551 5776 οὐδὲ
577 5720 742 5791 ψᾶλαι
772 5723 863 5795 καὶ
886 5720 1171 5795 εὖρύθμως
1201 5724 1295 5776 καὶ
1324 5720 1577 5795 ἐμμέλῶᾲ
1594 5724 1687 5775 καὶ
1709 5725 1799 5793 ὲμ-

226 5793 438 5865 μέτρως
474 5795 565 5847 καὶ
600 5792 903 5864 συμφώνως
930 5792 1165 5867 ὑμνῆσαι
1192 5795 1280 5849 τὸν
1304 5792 1543 5867 Πατέρακ
1570 5796 1629 5849 ἐν
1665 5792 1796 5867 Χρισ-

1888 4590 2075 4635 mento
2122 4578 2395 4648 postulare
2431 4575 2702 4645 possimus
2727 4610 2744 4632 .
2807 4570 3131 4626 Praeclarum
3182 4579 3398 4635 quoque
3434 4580 3466 4618 e

1889 4684 2017 4730 tom.
2076 4685 2225 4725 χχιιι
2289 4670 2345 4722 in
2393 4667 2581 4731 Joan.,
2631 4680 2780 4721 ltum.
2834 4662 2892 4725 6,
2933 4676 3055 4731 pag.
3097 4658 3202 4713 “5
3236 4675 3251 4712 :
3282 4654 3467 4726 Χωρὶς

1887 4764 1996 4834 γὰρ
2033 4759 2207 4833 Ἰησοῦ
2238 4758 2412 4821 οὐδεὶς
2454 4756 2607 4828 παρὰ
2634 4754 2770 4809 Θεοῦ
2810 4751 3048 4823 καθαρὸς
3088 4750 3321 4820 γίνεται,
3363 4746 3469 4801 κᾶν

1889 4857 1998 4929 πρὸ
2022 4854 2187 4909 αὐτοῦ
2211 4851 2442 4924 νομισθῇ
2472 4850 2564 4905 διά
2588 4866 2733 4914 τινος
2766 4846 3080 4919 ἐπιμελείας
3108 4844 3271 4903 αὑτὸν
3295 4842 3466 4903 καθα-

1893 4950 1984 5024 ρὸν
2006 4947 2391 5018 πεποιηκέναι.
2431 4943 2582 5011 Quod
2621 4953 2803 4999 autem
2847 4942 3043 5009 legitur
3085 4940 3179 4995 lib.
3227 4954 3288 4995 ιιι
3327 4936 3468 5007 Περὶ

1894 5091 2024 5171 στῷ,
2047 5088 2255 5171 ὲ-ὰνΑμὴ
2266 5088 2327 5143 τὸ
2349 5085 2572 5171 Πγεῦμα
2598 5086 2670 5171 τὸ.
2690 5086 2867 5171 πάντα,
2893 5083 3128 5171 ipseiam?
3148 5082 3254 5171 73ml.
3376 5082 3472 5165 βάς

1894 5147 2087 5234 θη”’έοῦ
2122 5147 2280 5223 Osci"),
2316 5147 2817 5234 npécspovaivs'au
2852 5147 2946 5209 καὶ
2986 5155 3219 5234 ὐμυῄσει
3255 5152 3349 5206 τοῦ
3373 5147 3470 5234 Eoi

1891 5223 1960 5287 ea;
1986 5234 2123 5305 βάθη
2150 5223 2441 5304 ὴρεύνηᾶιε,
2466 5223 2560 5282 ita).
2577 5228 2651 5292 ὡς
2672 5226 2921 5297 ἐξίσχυσε
2946 5223 3289 5305 κατῒξίληφεν..
3319 5243 3337 5275 t
3371 5224 3475 5278 Ne-

1894 5299 1999 5373 que
2023 5299 2353 5358 eni'tn'orare
2385 5315 2536 5373 tuens
2563 5309 2744 5354 nostra
2754 5308 2945 5373 potest
2976 5299 3077 5351 nisi
3110 5307 3238 5348 ante
3266 5299 3471 5373 ipsum,

1893 5363 2067 5443 eaque
2086 5373 2241 5443 quasi
2280 5372 2554 5434 audiente,
2591 5379 2713 5423 oret
2751 5363 3007 5443 Spiritus,
3040 5376 3097 5419 ut
3136 5381 3306 5432 neque
3332 5363 3474 5443 psal-

1894 5438 2006 5497 lere
2027 5454 2082 5498 et
2105 5438 2380 5496 inodulato
2407 5457 2471 5494 ac
2508 5453 2799 5493 numeroso
2836 5438 3093 5497 carmine,
3124 5438 3475 5486 consonanti-

1903 5530 2009 5581 que
2045 5528 2177 5568 voce
2210 5512 2430 5565 laudare
2466 5510 2679 5564 Patrem
2731 5508 2783 5561 in
2811 5503 3196 5581 Clit-isto,_ttisi_
3220 5500 3471 5581 Spiritus,

1901 5570 1987 5652 q'ni
2017 5585 2192 5637 omnia
2218 5590 2507 5645 scrutatur,
2540 5580 2992 5652 etiamprofunda
3029 5570 3196 5652 Dei.(1
3234 5572 3371 5652 Cor.-
3387 5586 3470 5636 ut,

1905 5640 2013 5723 l0),
2069 5653 2218 5721 prius
2262 5652 2439 5706 laudet
2483 5640 2540 5703 ct
2588 5640 2835 5723 t-cleli'rct'
2869 5663 2989 5701 eum
3048 5640 3472 5723 t-ttjtisprol'tttt-

1903 5712 2274 5780 da'sci'utalus
2308 5731 2410 5789 cst,
2445 5731 2498 5777 ct
2525 5734 2581 5775 ut
2615 5718 2799 5786 valuit,
2828 5712 3253 5787 comprehendit.
3291 5729 3313 5765 ι
