3860 6230
384 315 517 371 955‘

1662 316 1724 373 P.
1766 316 2084 371 DANIELIS
2120 312 2352 370 HUETII

3541 316 3655 371 956

382 427 608 499 ἀρχῶν,
641 443 763 499 cap.
788 429 843 496 l,
873 445 1023 486 num.
1056 430 1123 485 l7
1153 448 1167 486 :
1206 450 1225 484 ι
1247 430 1364 487 Νοιι
1394 432 1753 488 dissimulatio
1775 433 1967 487 divina:
1996 436 2044 492 Α
2072 430 2311 497 inquam,
2344 429 2414 483 ita
2447 427 2636 483 scribit
2670 447 2683 483 :
2715 448 2733 480 ι
2768 428 2880 484 Hoc
2914 428 2962 483 ei
3002 442 3101 483 suo
3140 427 3399 498 suﬂ‘ragio
3436 430 3656 483 tribue-

384 519 775 585 Providentite,
812 524 908 576 sed
949 523 1198 577 humana:
1242 526 1437 579 mentis
1487 526 1769 579 arbitrium
1802 540 1960 580 causa

385 610 485 665 sibi
531 612 1099 680 perditionisexsistit
1130 632 1143 668 :
1179 615 1407 669 contulit
1434 617 1595 670 etiam
1630 616 1863 685 indignis
1908 625 1964 671 et

386 702 677 757 incredulis
730 704 957 771 gratiam
1007 704 1413 761 benefactorum
1454 722 1700 773 suorum,
1747 716 1805 761 ut
1838 722 1964 763 vere

386 810 547 848 omne
575 809 636 847 os
657 795 1003 857 obstruatur;
1034 806 1314 867 totumque
1365 814 1394 851 a
1429 815 1489 854 se
1529 809 1585 854 et
1626 800 1757 854 nihil
1787 816 1815 853 a
1855 801 1963 856 Deo

386 889 574 943 deesse
617 890 716 944 sibi
762 907 914 946 mens
947 894 1181 947 humana
1224 904 1553 964 cognoscat;
1587 914 1605 946 ι
1652 896 1702 950 id
1738 895 1963 950 Rufinus

386 980 453 1034 de
484 996 583 1034 suo
613 982 854 1051 inmisit,
900 985 1096 1053 quippe
1125 987 1267 1054 quod
1295 986 1437 1040 absit
1476 1002 1505 1041 a
1535 987 1793 1041 vicesimo
1834 985 1964 1040 Plii—

386 1070 593 1127 localia:
628 1077 824 1142 capite,
880 1092 987 1146 quo
1035 1077 1393 1145 fragmentum
1430 1079 1558 1132 illud
1614 1079 1793 1147 operis
1818 1080 1959 1147 Περὶ

385 1162 607 1232 ἀρχῶν,
640 1166 713 1220 ita
743 1178 802 1221 ut
829 1169 898 1222 ab
931 1168 1165 1239 Origene
1203 1171 1462 1241 scriptum
1488 1180 1589 1238 est,
1610 1170 1797 1226 Graece
1827 1187 1961 1228 con—

390 1256 611 1310 tinetur.

455 1346 640 1403 XVIII.
675 1350 914 1405 Diximus
944 1352 1229 1420 Origenem
1276 1355 1544 1424 aliquibus
1578 1356 1842 1408 duntaxat
1876 1358 1961 1407 in-

389 1440 584 1491 fectum
624 1441 784 1495 fuisse
807 1445 1102 1509 erroribus,
1131 1462 1194 1500 ex
1240 1448 1303 1502 iis
1338 1449 1428 1516 qui
1469 1464 1496 1500 a
1524 1446 1742 1515 Pelagio
1779 1448 1962 1502 multis

386 1542 506 1598 post
538 1534 694 1587 annis
737 1541 1054 1604 propngnati
1093 1549 1235 1592 sunt.
1268 1539 1387 1605 Quo
1428 1541 1492 1593 de
1524 1554 1719 1609 genere
1768 1540 1959 1609 dogma

388 1620 515 1673 illud
566 1631 665 1684 est,
725 1627 865 1692 quod
904 1626 1174 1693 perfectos
1219 1630 1462 1685 homines
1509 1631 1613 1683 vim
1670 1633 1958 1701 quamdam

384 1712 607 1778 adipisci
649 1713 854 1775 definit,
898 1730 1002 1784 qna
1037 1719 1271 1772 roborati
1305 1727 1644 1787 peccatorum
1696 1721 1960 1776 illecebris

2072 524 2165 577 bat
2193 522 2474 589 Evagrius,
2504 522 2594 592 qui
2631 531 2751 576 erat
2776 523 2859 575 vir
2888 523 3226 577 discernendi
3249 522 3301 576 vi
3328 524 3594 591 praeditus
3628 544 3649 575 ι

2070 614 2287 683 (nempe
2315 612 2570 669 Ponticus
2590 612 2678 667 ille
2706 612 3079 684 Hyperborita)
3111 631 3130 664 ι
3161 628 3220 668 se
3244 613 3444 667 nullum
3471 614 3655 668 homi-

2070 720 2192 759 nem
2224 705 2443 770 vidisse,
2479 706 2570 775 qui
2595 716 2739 760 esset
2773 707 2943 775 magis
2978 706 3315 775 impatibilis,
3350 717 3407 761 et
3434 707 3654 761 alienus

2070 800 2136 853 ab
2165 798 2416 853 omnibus
2443 798 2606 852 animi
2633 799 3148 866 perturbationibus.
3174 817 3193 850 ι
3224 797 3361 852 Hinc
3381 798 3652 869 Hierony—

2072 904 2191 943 mus
2223 903 2453 957 prooem.
2501 890 2553 942 in
2588 888 2841 959 Dialogos
2857 892 3103 943 adversus
3136 888 3472 960 Pelagianos,
3499 891 3649 943 ἀπα·

2071 979 2217 1043 θείας
2246 989 2545 1035 assertores
2570 980 2854 1051 exagitans
2887 1002 2898 1035 :
2935 1000 2955 1033 ι
2986 981 3276 1049 Palladius,
3311 983 3508 1052 inquit,
3530 997 3648 1037 ser-

2069 1070 2190 1125 vilis
2222 1072 2475 1140 nequitize
2503 1073 2748 1127 eamdem
2786 1074 3031 1128 haeresim
3064 1076 3369 1129 instaurare
3413 1084 3649 1130 conatus

2069 1172 2172 1217 est.
2204 1182 2224 1214 ι
2265 1163 2583 1218 lnstauravit
2618 1174 2672 1219 et
2711 1176 2839 1220 ante
2869 1181 3040 1221 annos
3075 1168 3458 1236 propemodum
3503 1182 3644 1234 qua-

2068 1255 2384 1320 dringentos
2410 1254 2715 1326 Bogonatus
2751 1255 3059 1325 bteretieus,
3086 1259 3444 1328 Begardorum
3467 1267 3521 1312 et
3540 1258 3649 1313 Be—

2070 1344 2354 1414 ghinarum
2382 1361 2594 1415 parens.

2140 1433 2196 1487 In
2231 1436 2295 1489 iis
2316 1447 2463 1490 certe
2490 1452 2609 1505 qua:
2634 1446 2923 1507 supersunt
2944 1438 3391 1509 Origenianorum
3415 1456 3642 1510 operum

2071 1525 2317 1591 reliquiis
2358 1542 2461 1579 nun
2494 1525 2806 1596 frequentes
2848 1541 3142 1583 occurrunt
3183 1531 3339 1597 hujus
3369 1535 3645 1602 opinionis

2069 1626 2208 1671 nota:
2251 1637 2264 1671 :
2315 1636 2437 1671 nam
2491 1622 2631 1687 quod
2676 1630 2850 1674 exstat
2902 1622 2954 1675 in
3012 1625 3031 1676 ι
3091 1625 3274 1679 homil.
3322 1626 3378 1678 in
3416 1626 3644 1692 larem,

2070 1724 2215 1762 nunt.
2252 1708 2335 1767 16,
2367 1722 2519 1778 prout
2567 1711 2634 1763 ab
2661 1708 2985 1782 Hieronymo
3021 1730 3277 1768 conversa
3310 1723 3393 1769 est
3423 1733 3436 1768 :
3475 1736 3493 1768 ι
3534 1717 3645 1771 Im-

386 1819 451 1855 ae
472 1802 754 1859 lenociniis
777 1806 944 1859 obniti
979 1825 1069 1875 per
1097 1825 1216 1864 sese
1243 1812 1468 1881 possint,
1493 1814 1810 1880 tandemque
1827 1815 1891 1866 ad
1916 1815 1958 1868 id

2071 1802 2323 1869 possibile
2349 1811 2431 1855 est
2463 1802 2603 1855 enim
2633 1805 2772 1870 quod
2810 1806 2972 1857 semel
3021 1806 3306 1860 νινιιὶειινίι
3337 1807 3497 1871 Deus,
3547 1820 3648 1864 aut

384 1896 677 1949 ascendant
730 1898 1077 1966 perfectionis
1121 1904 1352 1966 culmen,
1401 1913 1457 1956 ιιι
1497 1919 1562 1957 ne
1606 1905 1706 1957 levi
1742 1905 1958 1973 quidem

385 1990 743 2043 tentaliounm
781 2007 909 2045 aura
945 1994 1331 2063 percellantur,
1385 1995 1647 2064 planeque
1678 1997 1785 2049 sint
1813 1998 1958 2049 ἀπα-

384 2078 515 2143 θεῖς.
549 2082 762 2149 Optime
780 2099 907 2136 vero
929 2086 1273 2154 conjunctum
1300 2087 1428 2141 illud
1460 2096 1542 2142 est.
1572 2106 1690 2141 cum
1722 2090 1962 2158 superio-

386 2186 443 2224 re
481 2172 597 2240 cjns
625 2173 906 2227 doctrina:
936 2192 1060 2229 nam
1082 2178 1170 2244 qui
1211 2192 1274 2231 ex
1308 2194 1426 2232 sese
1460 2189 1636 2247 potest
1665 2181 1799 2234 bene
1833 2198 1959 2252 age-

305 2302 322 2317 .
386 2278 467 2326 re,
503 2278 635 2317 sane
671 2280 733 2319 ex
769 2280 887 2319 sese
918 2267 1057 2320 male
1086 2282 1188 2320 non
1222 2284 1382 2336 agere
1406 2280 1598 2338 potest.
1625 2272 1791 2334 Hanc,
1822 2288 1959 2341 pne-

387 2362 472 2406 ter
499 2354 655 2420 alias,
697 2357 1015 2426 suggillandi
1043 2357 1291 2427 Origenis
1319 2376 1534 2416 causam
1567 2363 1727 2418 habet
1772 2364 1961 2419 Hiero-

385 2459 575 2514 nymus
622 2461 637 2498 :
688 2462 812 2499 nam
850 2448 901 2500 in
939 2450 1162 2518 epistola
1210 2452 1275 2504 ad
1301 2452 1722 2521 Ctesiphontem,
1752 2472 1869 2523 cap.
1901 2458 1959 2519 2,

382 2538 716 2592 consimilem
746 2538 973 2610 Pelagii,
999 2543 1091 2596 sed
1118 2544 1428 2612 nequiorem
1454 2546 1615 2598 etiam
1639 2549 1958 2601 sententiam

388 2627 659 2692 refellens.
720 2632 798 2685 sic
857 2632 1027 2701 ipsum
1070 2633 1413 2702 alloquitur:
1464 2654 1482 2685 ι
1538 2636 1628 2690 Vis
1677 2638 1853 2693 adlmc
1907 2649 1962 2694 et

384 2719 547 2771 alinm
603 2736 760 2775 nosse
816 2724 889 2776 tui
946 2724 1151 2777 erroris
1202 2726 1541 2795 principem?
1579 2728 1821 2783 doctrina
1870 2740 1960 2785 tua

383 2808 637 2880 Origenis
672 2814 1015 2869 ramuscnlns
1051 2827 1155 2870 est.
1204 2814 1261 2870 In
1317 2833 1382 2871 eo
1425 2820 1566 2872 enim
1608 2820 1835 2888 psalmo,
1872 2824 1960 2877 ubi

383 2902 645 2970 scriptum
697 2914 801 2969 est,
862 2916 919 2958 nt
970 2908 1036 2961 de
1079 2909 1290 2962 caneris
1348 2918 1552 2964 taceam
1596 2928 1608 2961 :
1663 2912 1883 2982 Insuper
1914 2925 1960 2968 et

383 3009 546 3065 usque
575 2998 643 3049 ad
679 3008 877 3051 noctem
909 3000 1217 3053 erudierunt
1242 3018 1322 3055 me
1346 3019 1493 3057 renes
1521 3007 1622 3057 mei
1645 3006 1729 3065 ⁸¹ς
1770 3008 1963 3061 asserit

1714 3048 1729 3072 9

383 3086 560 3140 virum
608 3101 872 3155 sanctmn,
917 3091 981 3145 de
1010 3106 1236 3159 quorum
1275 3093 1523 3148 videlicet
1561 3105 1615 3149 et
1644 3107 1697 3149 tu
1737 3112 1961 3151 numero

2064 1894 2131 1947 ab
2156 1908 2219 1945 eo
2256 1893 2389 1960 ipso,
2410 1900 2503 1947 aut
2530 1894 2597 1947 ab
2629 1895 2735 1947 alio
2759 1894 2965 1959 occidi;
3008 1914 3028 1946 ι
3065 1898 3129 1948 ad
3173 1898 3332 1951 vitam
3354 1908 3646 1962 :eternam,

2063 1992 2383 2051 sanctosque
2423 1999 2483 2037 ea
2514 1984 2753 2038 fruentes
2794 1984 3129 2039 referendum
3160 2005 3278 2041 esse
3303 1994 3647 2048 ostendimus

2062 2074 2115 2126 in
2142 2073 2639 2136 observationibus;
2680 2087 2735 2129 ct
2768 2077 2836 2131 ab
2886 2077 3212 2148 Ilieronymo
3254 2094 3511 2148 prmterea
3558 2086 3646 2137 iu-

2065 2174 2268 2219 trusmn
2307 2178 2408 2220 est.
2442 2167 2611 2220 Tomo
2647 2170 2860 2235 quidem
2887 2186 2983 2224 xm
3038 2174 3090 2224 in
3117 2171 3325 2235 Matth”
3356 2189 3505 2227 num.
3545 2176 3644 2241 29,

2064 2259 2313 2326 parvulos
2344 2259 2481 2323 illos,
2520 2276 2745 2329 quorum
2782 2263 2985 2318 similes
3029 2264 3142 2317 vult
3189 2280 3283 2317 nos
3316 2264 3450 2319 εἰ]Ῑεί
3482 2268 3650 2322 Chri-

2062 2361 2197 2417 stus,
2240 2361 2294 2404 et
2335 2352 2527 2416 quibus
2568 2354 2877 2408 scandalum
2926 2370 2955 2408 a
2995 2355 3150 2410 nobis
3202 2357 3427 2425 praeberi
3469 2369 3643 2426 vetat,

2062 2457 2304 2511 quosque
2343 2443 2553 2499 Patrem
2584 2446 2855 2500 caelestem
2884 2446 3060 2513 perire
3095 2447 3231 2501 velle
3259 2457 3435 2518 negat,
3463 2451 3649 2506 homi-

2062 2552 2157 2590 nes
2181 2538 2565 2605 perfectionem
2596 2548 2913 2595 consecutos
2948 2540 3254 2611 significare
3278 2544 3493 2609 conjicit
3514 2546 3646 2600 Ori-

2062 2643 2259 2697 genes;
2319 2630 2514 2684 deimle
2547 2631 2818 2700 snbjungit
2860 2631 3124 2699 ejusmodi
3177 2635 3427 2701 parvulos
3461 2652 3646 2705 neque

2062 2719 2241 2788 perire
2291 2736 2464 2790 neque
2494 2720 2841 2776 offensionem
2890 2723 2998 2792 pati
3034 2737 3211 2793 posse,
3246 2724 3368 2791 quia
3412 2746 3423 2779 :
3468 2744 3485 2775 ι
3526 2724 3646 2779 Pax

2063 2812 2229 2864 multa
2254 2812 2596 2881 diligentibus
2630 2831 2821 2869 nomen
2857 2814 2971 2877 Dei,
3002 2826 3057 2870 et
3102 2831 3205 2868 non
3232 2824 3316 2869 est
3351 2815 3456 2870 illis
3481 2833 3650 2871 scan-

2062 2902 2344 2965 dalum‘",
2382 2924 2400 2956 ι
2436 2904 2733 2974 meritoque
2762 2919 2853 2958 eos
2888 2906 3070 2959 dicere
3098 2922 3290 2974 posse;
3322 2924 3340 2957 ι
3380 2906 3515 2973 Quis
3543 2922 3649 2961 nos

2062 2995 2334 3061 separabit
2355 3010 2383 3047 a
2418 2996 2680 3049 charitate
2694 2996 2776 3047 ⁸³2
2815 3015 2835 3049 ι
2865 2994 2973 3050 Sed
3007 2997 3303 3053 Ezechielis
3332 3006 3517 3051 tamen
3545 3014 3652 3053 ata-

2062 3086 2313 3140 ctoritate
2340 3087 2529 3156 probat
2556 3087 2685 3155 justi
2719 3088 2955 3143 animam
2991 3103 3112 3144 esse
3151 3091 3435 3144 mutationi
3469 3092 3650 3145 obno-

380 3191 459 3239 es,
492 3192 615 3234 enm
649 3181 713 3235 ad
739 3183 998 3237 virtutum
1034 3186 1241 3239 venerit
1275 3188 1658 3256 summitatem,
1683 3205 1748 3244 ne
1775 3193 1826 3243 in
1862 3206 1959 3244 no-
1984 3174 2031 3235 (ἶ
2061 3181 2226 3243 liam,
2256 3188 2310 3233 ει
2336 3195 2364 3231 ³
2397 3178 2486 3232 θεῖ
2518 3180 2781 3234 mandans
2809 3196 2964 3248 P0358
2986 3183 3283 3244 discedere.
3310 3183 3381 3235 ίῑ³
3412 3194 3468 3235 ιη
3496 3184 3651 3251 Pﬁo‘

382 3279 471 3323 cte
498 3272 715 3339 quidem
758 3288 819 3325 ea
857 3275 988 3342 pati,
1022 3289 1142 3343 qua:
1176 3275 1450 3329 hominum
1496 3288 1640 3343 sunt,
1680 3295 1777 3334 nec
1808 3282 1956 3351 cogi-

384 3360 589 3413 tati0ne
622 3363 869 3415 vitiormn
902 3364 1080 3434 aliqua
1138 3366 1381 3431 titillari;
1427 3386 1444 3418 ι
1483 3378 1535 3421 ει
1592 3370 1645 3423 in
1693 3374 1959 3440 protentio

382 3445 728 3516 Dtaloyorum
754 3452 1000 3506 adversus
1033 3452 1347 3524 Pelagianos
1366 3473 1384 3510 :
1424 3474 1441 3508 t
1470 3457 1600 3511 Illud
1628 3472 1803 3515 autem
1836 3463 1957 3518 Ori-

381 3539 531 3606 genis
577 3542 852 3611 prnprimn
893 3555 995 3612 est,
1053 3547 1385 3615 impossibile
1435 3565 1557 3605 esse
1602 3552 1889 3607 humanam
1927 3571 1956 3609 a

380 3631 646 3700 principio
673 3650 840 3704 usque
870 3637 935 3690 ad
955 3651 1181 3693 mortem
1214 3656 1316 3693 non
1343 3657 1566 3711 peccare
1593 3656 1838 3699 naturam
1861 3665 1874 3709 ;
1904 3656 1960 3702 et

381 3740 595 3781 rursum
660 3745 779 3783 esse
843 3732 1098 3799 possibile
1157 3749 1279 3788 cum
1345 3750 1404 3789 se
1455 3736 1648 3807 aliquis
1710 3742 1774 3793 ad
1843 3755 1956 3794 me-

379 3817 512 3872 liora
576 3825 910 3877 converterit
971 3826 1037 3879 ad
1109 3836 1314 3883 tantam
1391 3827 1755 3883 fortitudinem
1824 3845 1953 3899 per-

376 3910 587 3972 venire.
620 3922 677 3965 ut
710 3915 846 3967 ultra
881 3931 1105 3983 peccare
1146 3932 1250 3970 non
1293 3921 1499 3987 possit;
1543 3939 1561 3972 ι
1598 3931 1651 3973 ει
1692 3921 1741 3974 in
1778 3937 1958 3990 prote-

378 4004 487 4058 ntio
559 4005 678 4060 libri
737 4024 787 4060 tv
846 4009 1137 4063 Comment.
1202 4012 1254 4065 in
1313 4012 1510 4066 Jerem.
1572 4026 1592 4065 :
1649 4031 1667 4063 ι
1724 4013 1957 4071 Ila-resis

378 4095 700 4169 Pythagorae
760 4108 815 4153 et
872 4100 1104 4157 Zenonis
1166 4102 1435 4166 ἀπαθείας
1496 4104 1588 4156 καὶ
1642 4104 1959 4176 ἀναμαρτη-

375 4189 518 4256 σίας,
581 4190 630 4245 id
673 4201 757 4246 est
812 4192 1262 4262 impassihilitatis
1311 4205 1366 4248 et
1412 4196 1802 4263 impeccantim,
1838 4212 1961 4266 qua}

372 4282 502 4336 olim
537 4283 588 4336 in
615 4282 866 4351 Origene,
891 4294 941 4339 et
965 4286 1163 4340 dudum
1197 4287 1248 4341 in
1273 4286 1550 4355 discipulis
1573 4288 1690 4359 ejus
1712 4287 1958 4343 Grnnnio

375 4373 653 4444 (llutinum
679 4376 940 4445 intellige)
966 4376 1303 4447 Evagrioqne
1323 4378 1570 4443 Pontico,
1597 4388 1651 4434 et
1673 4376 1956 4436 Joviniano

367 4464 613 4535 jugulata
647 4477 750 4532 est,
784 4470 949 4537 cmpit
972 4472 1310 4526 reviviscere.
1350 4490 1367 4523 ι
1402 4470 1601 4525 Multos
1628 4473 1830 4525 erroris
1853 4472 1954 4525 hu-

2062 3271 2136 3325 ris
2169 3276 2284 3339 ejus
2311 3269 2529 3338 justitia:
2572 3270 2714 3324 nulla
2753 3272 3013 3325 habeatur
3042 3276 3211 3337 ratio;
3246 3283 3409 3342 atque
3435 3274 3652 3329 idcirco

2060 3362 2346 3431 quominus
2361 3358 2585 3414 oﬂ'ensio
2608 3361 2688 3414 eis
2713 3375 2742 3413 a
2770 3363 2923 3416 nobis
2941 3363 3263 3431 prmbeatur,
3289 3364 3648 3418 Servatorem

2061 3453 2312 3503 mandato
2342 3464 2438 3503 suo
2472 3449 2781 3517 prohibere.
2812 3448 2976 3504 Libro
3007 3466 3221 3521 quoque
3256 3454 3310 3506 in
3338 3452 3648 3520 Ερίειοιαιιι

2058 3542 2127 3593 ad
2168 3541 2433 3595 Romanos
2472 3543 2680 3612 quinto,
2730 3558 2879 3596 nunt.
2917 3543 2969 3606 I,
3023 3558 3145 3612 pag.
3193 3544 3319 3609 546,
3357 3546 3425 3599 de
3460 3558 3650 3602 morte

2060 3633 2264 3705 peccati
2297 3632 2523 3701 loquens
2560 3653 2572 3687 :
2617 3653 2637 3684 ι
2672 3632 2769 3686 Hic
2791 3648 2920 3704 ergo
2953 3635 3134 3698 homo,
3170 3635 3360 3704 inquit,
3396 3638 3487 3704 qui
3523 3636 3649 3706 jam

2064 3724 2389 3778 reformatur
2438 3733 2494 3778 et
2533 3733 2816 3793 reparatur
2853 3726 2920 3778 ad
2959 3724 3245 3795 imaginem
3289 3726 3405 3791 Dei,
3465 3744 3651 3798 neque

2061 3827 2328 3884 terrenus,
2359 3832 2529 3886 neque
2558 3820 2612 3871 in
2640 3817 2742 3871 hoc
2768 3817 2965 3871 mundo
3002 3828 3104 3882 est,
3141 3819 3234 3873 sed
3266 3819 3317 3872 in
3340 3820 3495 3875 caelis
3514 3834 3650 3875 esse

2060 3911 2255 3963 dicitur
2311 3909 2653 3963 conversatio
2697 3910 2855 3977 ejus:
2889 3919 2945 3965 et
3000 3910 3119 3965 ideo
3160 3911 3456 3965 secundum
3516 3927 3648 3966 eum

2059 4002 2149 4071 qui
2191 4001 2366 4054 dicit:
2409 4000 2508 4054 Vos
2555 4011 2729 4055 autem
2790 4019 2892 4057 non
2938 4004 3061 4057 estis
3104 4008 3169 4056 de
3210 4003 3308 4055 hoc
3348 4004 3551 4058 arundo
3572 4004 3648 4073 ⁸⁵,

2060 4108 2204 4147 mors
2233 4092 2285 4145 in
2314 4108 2435 4147 eum
2482 4108 2586 4147 non
2615 4102 2794 4163 potest
2829 4094 3196 4161 pertransire;
3239 4112 3258 4144 ι
3292 4101 3345 4147 ει
3386 4094 3592 4149 deinde
3623 4109 3645 4149 :

2065 4202 2083 4233 ι
2106 4183 2256 4249 Quod
2288 4184 2331 4237 si
2359 4193 2634 4252 peccatum
2662 4195 2716 4239 et
2749 4200 2894 4240 mors
2919 4186 2970 4239 in
3005 4187 3145 4239 hunc
3175 4186 3431 4239 mundmn
3466 4187 3651 4243 intro-

2057 4277 2170 4336 ivit.
2209 4288 2261 4331 et
2300 4278 2351 4330 in
2395 4278 2494 4332 hoc
2535 4279 2733 4333 mundo
2758 4280 2980 4345 habitat,
3014 4292 3217 4333 certum
3248 4292 3333 4334 est
3362 4280 3580 4337 alienos
3614 4300 3646 4336 a

2058 4382 2251 4435 morte,
2284 4379 2341 4425 et
2367 4388 2399 4439 ει,
2430 4382 2648 4441 peccato
2678 4387 2798 4442 esse
2823 4387 2937 4436 eos,
2965 4374 3054 4441 qui
3091 4387 3187 4441 per
3218 4372 3524 4441 Christum,
3564 4376 3647 4429 vel

2059 4477 2181 4517 cum
2213 4461 2433 4518 Christo
2468 4465 2660 4517 mortui
2692 4474 2816 4517 sunt
2846 4466 2968 4519 huic
3001 4466 3221 4527 mundo,
3261 4476 3315 4518 et
3353 4482 3481 4519 cum
3527 4469 3647 4534 ipso

370 4556 461 4624 jus
491 4558 676 4613 amnes
712 4559 876 4615 fuisse
908 4572 1060 4616 notat
1092 4562 1143 4616 in
1172 4562 1311 4617 libro
1350 4572 1631 4632 sequente,
1673 4562 1727 4617 in
1751 4562 1947 4619 Jerem.

2059 4554 2397 4619 resuscitati,
2449 4571 2571 4608 cum
2617 4556 2732 4624 ipso
2797 4555 2959 4609 etiam
3002 4557 3052 4608 in
3088 4556 3403 4610 ctelestibus
3452 4559 3648 4613 sedere

377 4664 512 4703 χχιι.
550 4649 820 4706 Palladius
864 4667 1099 4721 quoque,
1132 4653 1609 4723 Helenopolitanus
1641 4657 1947 4725 episcopus,

376 4757 537 4811 quem
561 4742 813 4813 Origenis
840 4744 1126 4814 disciplina
1161 4747 1423 4800 imbutum
1452 4746 1615 4802 fuisse
1641 4757 1873 4813 constat,
1899 4750 1952 4804 in

380 4834 482 4889 hac
516 4833 784 4898 ἀπαθείας
824 4838 1013 4892 haeresi
1068 4847 1313 4893 versatus
1338 4848 1451 4904 est;
1511 4854 1633 4893 nam
1675 4849 1809 4895 sect.
1857 4856 1954 4895 vnt

382 4921 658 4976 Lausiacw
687 4923 960 4987 Historiae,
989 4927 1268 4982 Ammonis
1298 4928 1571 4998 ipsiusque
1604 4931 1789 4983 uxoris
1816 4932 1954 4985 scri-

376 5016 510 5069 bens
542 5016 725 5078 vitam,
762 5018 840 5070 sic
874 5019 989 5071 ait:
1021 5036 1039 5069 ι
1076 5018 1207 5073 Cum
1249 5021 1362 5075 ha'c
1394 5021 1472 5075 sic
1502 5022 1715 5084 ﬁerent,
1748 5033 1800 5077 et
1835 5040 1956 5092 per-

374 5108 617 5162 venisset
663 5120 887 5178 nterqne
937 5113 1002 5163 ad
1040 5110 1516 5179 impatibilitatem,
1554 5118 1658 5169 vim
1689 5127 1744 5170 et
1775 5116 1955 5169 elliCa-

374 5200 515 5253 ciam
574 5201 812 5255 habuere
861 5220 1051 5271 preces
1096 5208 1406 5271 Ammonis;
1450 5226 1468 5259 ι
1503 5219 1557 5262 ει
1596 5219 1730 5262 sect.
1767 5208 1853 5272 l2,
1888 5210 1954 5262 de

375 5296 639 5350 Ammone
681 5310 869 5366 agens,
930 5297 1153 5367 ejusque
1213 5302 1489 5355 sororibus
1544 5318 1605 5356 ac
1669 5302 1954 5364 fratribus,

376 5406 513 5459 quos
556 5391 776 5447 eosdem
812 5408 934 5447 esse
982 5410 1197 5457 censeo,
1253 5397 1342 5465 qui
1385 5396 1580 5451 fratres
1610 5396 1775 5466 Longi
1824 5396 1953 5449 dicti

364 5490 522 5549 .sunt,
579 5492 635 5537 et
672 5498 700 5536 a
732 5483 1033 5554 TheopbiIo
1070 5486 1262 5551 Nitria,
1296 5497 1352 5542 et
1376 5486 1609 5559 Egypto
1644 5487 1852 5557 expulsi
1887 5488 1953 5542 ad

375 5574 638 5635 bannem
668 5576 1112 5649 Chrysostomum
1136 5579 1495 5651 confugerunt
1526 5580 1627 5636 :de
1666 5580 1953 5646 Ammone,

452 5762 500 5799 ⁸³
528 5761 670 5820 I'sal.
696 5778 787 5833 xv,
810 5764 860 5822 7.
939 5768 984 5799 "
1037 5767 1176 5823 l‘sat.
1206 5779 1397 5832 cum,
1426 5767 1546 5821 too.

2057 4656 2390 4711 meruerunt,
2423 4651 2886 4702 conversationem
2921 4663 3023 4702 non
3046 4648 3155 4717 jam
3184 4649 3236 4712 jn
3276 4650 3379 4701 hoc
3417 4650 3643 4713 mundo,

2054 4738 2148 4792 sed
2173 4738 2224 4791 in
2255 4738 2409 4794 caelis
2436 4738 2713 4793 habentes.
2746 4758 2765 4790 ι
2793 4739 2923 4794 Item
2953 4740 3068 4793 libri
3099 4740 3337 4808 ejusdem
3366 4758 3524 4796 num.
3555 4744 3641 4807 l0,

2054 4829 2156 4883 sub
2195 4831 2377 4893 linem,
2411 4845 2535 4899 pag.
2577 4828 2700 4893 568,
2742 4831 2854 4885 haec
2886 4833 3153 4886 habentur
3191 4850 3207 4888 :
3248 4852 3267 4883 ι
3311 4833 3367 4887 Si
3399 4835 3549 4887 enim
3587 4834 3639 4889 in

2056 4928 2109 4983 id
2137 4930 2316 4979 anima
2354 4926 2707 4994 perfectionis
2749 4928 3073 4992 ascenderit,
3118 4938 3173 4982 ut
3203 4944 3267 4981 ex
3322 4939 3438 4981 toto
3474 4930 3641 4984 corde

2062 5032 2180 5077 suo,
2218 5027 2271 5070 et
2316 5032 2379 5069 ex
2430 5026 2539 5070 tota
2570 5017 2748 5071 anima
2784 5033 2904 5083 sua,
2944 5030 2997 5071 et
3025 5034 3087 5073 ex
3118 5019 3244 5072 totis
3286 5018 3495 5072 viribus
3528 5021 3640 5075 suis

2062 5108 2247 5178 diligat
2279 5108 2467 5172 Deum,
2497 5121 2551 5165 et
2580 5111 2884 5179 proximum
2911 5126 3063 5164 suum
3090 5122 3342 5179 tanquam
3373 5112 3639 5179 seipsum,

2062 5199 2151 5253 ubi
2183 5200 2285 5254 erit
2315 5200 2521 5269 peccati
2566 5201 2759 5255 locus?
2790 5219 2807 5251 ι
2836 5211 2997 5269 atque
3021 5201 3163 5254 hunc
3188 5203 3264 5254 ait
3289 5201 3643 5270 perfectionis

2061 5297 2286 5361 gradum
2322 5303 2630 5349 assecutum
2654 5293 2818 5347 fuisse
2846 5295 3180 5363 Apostolum.
3227 5309 3346 5347 cum
3372 5297 3595 5349 dicebat
3624 5315 3640 5349 :

2065 5401 2084 5435 ι
2118 5383 2253 5450 Quis
2289 5400 2387 5438 nos
2426 5384 2699 5453 separabit
2745 5401 2773 5438 a
2813 5386 3078 5440 charitate
3124 5386 3236 5449 Dei,
3283 5402 3406 5455 qua:
3460 5398 3547 5441 est
3591 5388 3641 5440 in

2057 5478 2275 5535 Christo
2321 5477 2542 5534 Jesu"?
2574 5500 2592 5532 ι
2648 5490 2759 5534 tum
2802 5481 3138 5535 subnectitur
3186 5499 3197 5534 :
3243 5498 3262 5531 ι
3306 5479 3383 5532 Ex
3443 5481 3645 5546 quibus

2057 5572 2309 5627 omnibus
2345 5573 2625 5627 eVidenter
2665 5570 2989 5633 ostenditur,
3036 5569 3162 5639 quia
3211 5569 3255 5623 si
3294 5569 3409 5624 haec
3431 5569 3643 5637 omnia,

1692 5766 1852 5822 dom.
1876 5769 2095 5837 vm,55.
2174 5768 2220 5796 ‘"
2248 5768 2403 5820 Joan.
2434 5777 2520 5829 xv,
2554 5766 2640 5818 l9.
2716 5762 2760 5792 ⁸⁵
2785 5772 2942 5814 nom.
2976 5772 3094 5822 vnt,
3119 5754 3209 5810 '55.
