3860 6230
203 302 312 358 957

988 300 1566 359 OBIGENIANORUM
1604 299 1734 358 LIB.
1775 299 1839 369 ll,
1881 302 2035 359 CAP.
2074 303 2141 371 ll,
2180 303 2457 371 ρυιΕδΤ.
2500 305 2611 363 γη.

3340 313 3444 368 958

202 440 330 496 quae
376 424 714 480 enumeravit
751 423 1057 493 Apostolus,
1103 441 1357 495 separare
1397 441 1498 482 nos
1524 442 1628 481 non
1660 439 1767 496 pos-

1881 425 2001 481 θεία
2049 428 2316 500 ὲπισκοπὴ
2369 430 2462 483 ἐπὶ
2498 430 2568 483 τὰ
2615 431 2841 486 τοιαῦτα
2889 433 3051 487 αὐτὸν
3090 434 3270 504 ἀγειν’
3305 435 3449 506 λέγω

202 526 333 573 sunt
362 533 390 570 a
431 518 701 571 charitate
735 516 847 584 Dei,
873 532 996 571 cum
1030 517 1083 571 in
1112 516 1239 570 illud
1264 517 1385 586 quis
1410 517 1624 571 culmen
1658 530 1782 585 per-

203 609 456 664 fectionis
510 608 835 672 ascenderit,
889 608 1057 662 multo
1098 608 1270 678 magis
1298 608 1525 662 libertas
1565 608 1779 662 arbitrii

203 717 307 756 nos
347 703 415 756 ab
443 702 561 771 ejus
598 699 868 755 charitate
904 715 1158 768 separare
1204 716 1309 754 non
1355 700 1577 768 poterit.
1615 720 1635 751 ι
1676 699 1779 755 Ve-

207 809 327 846 rum
370 795 483 847 haec
524 794 592 847 ab
629 795 926 861 interprete
959 792 1174 854 Rufino,
1219 807 1380 860 quem
1419 808 1447 845 a
1489 791 1779 861 Pelagiano

206 881 481 936 fermento
510 884 609 937 sibi
646 884 780 937 satis
814 897 920 935 non
944 883 1155 935 cavisse
1194 897 1353 936 nemo
1377 886 1571 947 nescit,
1600 883 1779 953 inqui-

205 982 331 1026 nata
360 972 530 1027 fuisse
556 988 846 1042 possumus
875 972 1162 1042 suspicari.
1196 972 1659 1037 Quemadmodum
1684 990 1777 1026 au-

206 1076 318 1122 tem
350 1065 662 1135 reprehensi
687 1065 755 1118 ab
780 1066 1107 1135 Hieronymo
1128 1066 1334 1119 erroris
1365 1064 1651 1132 Origenem
1674 1064 1775 1119 loci

204 1157 259 1211 hi
305 1174 409 1212 non
460 1160 593 1213 satis
646 1159 848 1226 liquido
896 1168 1215 1227 coarguunt,
1276 1159 1350 1210 ita
1406 1172 1577 1225 neque
1641 1157 1777 1211 satis

203 1261 397 1320 purgat
430 1251 516 1305 ille
537 1252 624 1317 qui
656 1260 834 1304 exstat
859 1261 988 1305 tom.
1022 1264 1116 1302 xm
1169 1250 1223 1302 in
1247 1249 1461 1315 Matth.
1493 1265 1637 1301 num.
1670 1248 1771 1301 εὖτ

215 1341 553 1396 ’Δνὲνδεκτον
603 1344 710 1411 γάρ
761 1344 908 1395 ἐστιν
956 1341 1239 1412 ἄνθρωπον
1275 1340 1560 1411 εὑρεθῆναι
1599 1340 1774 1411 πάντη

202 1435 605 1505 ἀναμάρτητον,
657 1435 751 1487 καὶ
782 1436 950 1505 χωρὶς
987 1434 1260 1505 ἁμαρτιας
1304 1432 1629 1503 ἀνειληφότα
1676 1432 1776 1503 τὴν

201 1526 431 1597 ἀρετήν·
468 1542 640 1596 neque
674 1531 1005 1581 sanetiorum
1045 1528 1131 1580 illa
1169 1526 1601 1596 patriarcharum
1642 1539 1776 1578 enu—

203 1617 458 1673 meratio.
491 1631 608 1684 quae
646 1627 730 1670 est
770 1616 861 1669 lib.
895 1632 924 1668 ν
954 1617 1005 1669 in
1038 1614 1207 1683 Epist.
1229 1616 1296 1667 ad
1335 1614 1509 1681 Rom.,
1540 1629 1686 1667 num.
1719 1613 1771 1679 1,

204 1722 328 1776 pag.
347 1706 467 1769 547,
489 1723 716 1775 quorum
745 1710 1017 1762 neminem
1042 1716 1261 1776 peccato
1282 1707 1573 1759 immunem
1602 1704 1771 1758 vixis-

202 1814 262 1853 se
303 1800 520 1868 probat;
551 1799 658 1867 (cui
690 1798 1079 1853 enumerationi
1122 1798 1449 1851 contrariam
1487 1812 1515 1849 a
1556 1795 1771 1865 Pelagio

203 1890 533 1952 institutam,
566 1903 756 1943 eorum
782 1890 1007 1953 scilicet,
1046 1906 1066 1939 ι
1099 1890 1187 1957 qui
1215 1904 1319 1941 non
1342 1886 1500 1941 modo
1525 1901 1629 1940 non
1654 1901 1772 1955 pec-

199 1996 377 2043 casse,
412 1982 507 2034 sed
534 1981 696 2035 etiam
720 1980 865 2048 jusle
888 1980 1091 2034 vixisse
1126 1979 1448 2042 referuntur,
1496 1996 1517 2029 ι
1550 1977 1771 2031 exhibet

198 2074 534 2141 Augustinus
575 2073 626 2126 in
660 2072 754 2125 lib.
787 2071 863 2125 De
889 2083 1077 2124 natura
1113 2082 1159 2125 et
1193 2072 1387 2140 gratia,
1435 2086 1555 2139 cap.
1586 2070 1677 2133 35,
1707 2070 1772 2124 de

199 2179 304 2231 qua
347 2162 551 2217 consuli
598 2162 757 2215 velim
801 2161 999 2229 Pelagii
1036 2162 1203 2231 ipsius
1231 2160 1509 2230 epistolam
1560 2160 1625 2214 ad
1670 2161 1772 2215 De-

200 2253 539 2315 metriadem,
564 2262 618 2306 et
655 2251 960 2323 Hieronymi
1002 2252 1194 2305 librum
1226 2268 1239 2305 I
1269 2254 1387 2306 adu.
1423 2251 1765 2323 Pelagium);

199 2344 364 2397 vitam
395 2345 538 2399 enim
573 2344 642 2397 ab
672 2344 979 2399 hominibus
1006 2345 1263 2412 perfectis
1291 2355 1463 2399 actam
1500 2343 1769 2413 intelligit,

197 2441 484 2502 antequam
520 2435 588 2486 ad
618 2449 882 2488 summam
910 2434 1295 2502 perfectionem
1327 2436 1677 2504 erepsissent.
1713 2436 1768 2489 Id

198 2524 485 2577 continuat
529 2523 666 2577 alter
722 2524 810 2578 ille
870 2525 1018 2579 locus
1062 2541 1093 2580 e
1144 2536 1274 2580 tom.
1310 2542 1457 2580 χχιιι
1488 2529 1542 2579 in
1580 2525 1767 2593 10am,

198 2631 349 2668 num.
378 2616 463 2677 12,
492 2630 613 2685 pag.
645 2615 751 2670 456
782 2634 794 2670 :
847 2616 1181 2689 Ἐμέμνηντο
1204 2618 1331 2690 γὰρ,
1358 2614 1531 2689 οἶμαι,
1561 2618 1770 2691 ἀνθρω-

196 2726 290 2762 ποι
322 2709 471 2773 ὄντες
499 2708 580 2762 ὅτι
610 2711 815 2781 τρεπτή
841 2713 987 2763 ἐστιν
1014 2714 1047 2782 ἡ
1073 2712 1389 2784 προαίρεσις
1412 2712 1520 2765 τῶν
1543 2712 1621 2766 ἐτι
1647 2732 1774 2786 προ-

196 2802 527 2865 κοπτόντων,
577 2803 670 2855 καὶ
715 2802 1070 2875 ὲπιδεχομένη
1117 2805 1186 2857 τά
1223 2804 1439 2859 ἐναντία
1484 2805 1655 2860 θέλειν
1690 2803 1771 2871 οἷς

194 2893 460 2964 πρότερον
494 2892 771 2965 προέθετο.
832 2895 1135 2949 Mutahilem
1167 2912 1287 2952 esse
1340 2898 1416 2952 ait
1459 2914 1643 2953 eorum
1676 2913 1770 2954 vo-

196 2985 464 3039 luntatem
496 2988 586 3053 qui
618 2986 920 3054 proficiunt,
955 3003 1057 3041 non
1093 2989 1181 3056 qni
1216 2990 1432 3057 perfecti
1461 3000 1605 3046 sunt.

267 3078 340 3131 At
372 3079 460 3131 vix
498 3078 660 3131 ullam
706 3079 939 3131 admittit
970 3080 1401 3144 excusationem,
1432 3082 1576 3149 quod
1606 3081 1673 3136 ab
1701 3096 1766 3136 co

196 3171 457 3238 scriptum
497 3179 582 3224 est
616 3180 747 3224 tom.
782 3186 858 3224 xu
910 3171 965 3225 in
1005 3170 1196 3225 Matth.
1229 3188 1378 3225 num.
1409 3172 1499 3237 25,
1540 3174 1626 3227 ubi
1665 3174 1766 3230 hoc

196 3262 398 3315 Christi
441 3265 506 3314 ad
542 3261 759 3315 Petrum
793 3278 1072 3332 exponens
1118 3280 1133 3316 :
1194 3280 1214 3314 ι
1264 3262 1583 3319 Scandalum
1633 3266 1763 3320 mihi

195 3352 340 3416 cs“,
379 3370 399 3402 ι
435 3351 629 3420 quaerit
660 3352 929 3419 quomodo
960 3361 1105 3406 stare
1132 3352 1258 3406 illud
1296 3355 1465 3423 possit
1500 3369 1623 3407 cum
1660 3355 1766 3409 isto

195 3445 481 3514 Pr0phette
512 3464 525 3499 :
561 3464 579 3496 ι
612 3446 715 3499 Pax
762 3445 924 3498 nntlta
957 3445 1299 3515 diligentibus
1333 3461 1525 3500 nomen
1559 3447 1672 3513 Dei,
1708 3455 1764 3502 et

196 3549 305 3589 non
331 3544 415 3589 est
444 3535 545 3588 illis
573 3536 887 3589 scandalum
910 3535 986 3595 ετξ
1024 3554 1043 3587 ι
1069 3546 1123 3588 ει
1144 3535 1246 3591 isto
1266 3534 1505 3605 Apostoli
1533 3554 1546 3590 :
1577 3555 1596 3588 ι
1626 3536 1766 3591 Cha-

197 3627 332 3680 ritas
364 3642 633 3695 nunquatn
668 3627 927 3681 excidit“
960 3644 975 3681 :
1014 3646 1033 3679 ι
1067 3616 1460 3696 respondetque
1499 3644 1603 3682 non
1635 3628 1762 3683 Ser-

196 3729 438 3771 vatorem
482 3720 661 3782 modo,
696 3718 788 3773 sed
828 3727 881 3772 et
922 3733 1042 3772 eum
1096 3718 1187 3786 qui
1236 3716 1289 3771 in
1335 3718 1601 3773 charitate
1638 3734 1761 3787 pcr-

199 3807 486 3862 fectionem
518 3808 744 3876 adeptus
777 3816 877 3873 est,
918 3807 1173 3862 seandalo
1205 3807 1493 3862 obnoxium
1540 3822 1643 3862 non
1671 3822 1756 3861 es-

198 3918 294 3967 se;
339 3902 431 3955 sed
460 3915 582 3954 eum
618 3909 794 3955 tamen
826 3900 916 3969 qui
951 3909 1157 3969 peccat,
1190 3908 1447 3968 quantum
1480 3899 1530 3952 in
1562 3914 1624 3953 se
1653 3910 1758 3964 est,

193 3992 509 4047 scandalum
558 3993 683 4046 huic
719 3992 974 4062 praebere.
1016 3990 1335 4044 Damnosum
1381 4004 1510 4043 vero
1551 3992 1762 4060 penitus

194 4081 339 4136 istud
364 4083 505 4151 quod
531 4083 759 4136 habetur
787 4084 971 4136 eodem
1007 4093 1170 4144 tomo,
1200 4098 1346 4134 num.
1372 4081 1424 4145 4,
1456 4096 1577 4149 pag.
1615 4081 1718 4135 516
1743 4098 1757 4134 :

205 4174 265 4229 'O
298 4169 389 4227 οὖν
416 4174 816 4246 ἀναμάρτητος,
852 4175 944 4227 καὶ
973 4174 1168 4244 μηκέτι
1194 4172 1443 4243 δεόμενος
1472 4172 1578 4225 τῶν
1612 4190 1762 4243 νομι-

191 4266 309 4320 κῶν
355 4266 553 4319 θυσιῶν
594 4266 935 4336 ὑπερϐέϐηκε
981 4264 1282 4328 τελειωθεὶς
1339 4265 1478 4335 τάχα
1530 4265 1623 4317 καὶ
1668 4264 1760 4317 τὸν

191 4357 562 4426 πνευματικὸν
580 4356 761 4427 νόμον,
786 4357 880 4410 καὶ
900 4355 1118 4424 γέγονεν
1147 4358 1211 4407 ὲκ
1231 4353 1308 4423 τῷ
1330 4355 1470 4423 ὑπὲρ
1493 4354 1653 4408 αὑτὸν
1684 4354 1762 4407 νό-

1879 517 1938 570 δὲ
1973 518 2073 590 τὴν
2122 519 2408 592 ἐπαινετὴν
2453 522 2739 589 ἀπάθειαν,
2790 525 2882 577 καὶ
2931 527 3111 579 πᾶσαν
3164 526 3261 597 τὴν
3315 526 3448 599 ἁρε-

1879 614 1996 683 τήν.

1952 702 2090 758 XIX.
2120 704 2227 758 Sed
2261 719 2360 759 nec
2390 705 2526 773 fugit
2565 704 2893 774 diligentiam
2942 707 3173 776 lprensis
3210 709 3447 777 episc0pi

1880 792 2053 849 isthoc
2097 794 2345 865 Onigenis
2379 797 2788 851 deliramentnm
2825 798 2933 867 jam
2979 810 3105 852 ante
3137 810 3376 853 notatum
3415 818 3444 852 a

1880 885 2448 957 Magdeburgensibus,
2466 901 2613 944 cent.
2651 907 2737 953 ιιι,
2770 906 2887 960 cap.
2920 891 3006 954 10,
3034 894 3173 960 quod
3208 893 3448 946 luculen-

1880 988 1963 1032 ter
1992 983 2229 1050 exagitat
2264 992 2390 1036 tom.
2414 981 2456 1047 l,
2488 984 2578 1037 lib.
2608 999 2680 1051 \‘l,
2712 999 2832 1052 cap.
2866 985 2933 1037 12
2957 996 3009 1039 ει
3042 986 3127 1049 15,
3163 996 3218 1039 ει
3256 986 3447 1053 przeci-

1877 1084 1980 1135 pne
2023 1070 2117 1123 lib.
2153 1086 2203 1123 tv
2247 1072 2373 1125 tomi
2419 1071 2681 1138 ejusdem,
2725 1088 2844 1141 cap.
2878 1074 2965 1135 19,
3020 1074 3108 1127 ubi
3140 1076 3276 1128 hanc
3305 1074 3447 1128 ἀπά-

1880 1159 2031 1213 θειαν
2078 1175 2107 1215 ε
2140 1160 2621 1231 Pythagoreorum,
2656 1163 2986 1228 Stoicorum,
3013 1164 3284 1233 Diogenis,
3316 1165 3446 1235 Pyr-

1880 1253 2065 1305 rhonis
2106 1252 2441 1322 aliorumque
2481 1254 2921 1324 philosophorum
2958 1256 3159 1309 scholis
3198 1271 3446 1310 manasse

1877 1345 2230 1397 demonstrat.
2281 1344 2333 1398 In
2381 1361 2488 1413 quo
2519 1346 2686 1399 miror
2714 1346 2816 1400 hoc
2844 1347 3111 1401 excidisse
3145 1363 3159 1400 :
3195 1365 3214 1399 ι
3263 1350 3447 1413 Quan-

1875 1449 2037 1503 quam
2062 1451 2158 1489 nec
2184 1435 2441 1504 Origenes
2470 1437 2629 1506 hujus
2652 1437 3095 1508 impassibilitatis
3120 1438 3323 1507 primus
3348 1452 3445 1491 au-

1876 1534 1991 1580 ctor
2020 1526 2137 1582 fuit.
2187 1526 2321 1581 Nam
2375 1537 2433 1582 ut
2474 1530 2606 1582 nihil
2636 1530 2702 1584 de
2738 1528 3031 1584 Manichaao
3058 1530 3441 1583 dicam.........

1869 1618 1983 1686 jam
2013 1620 2140 1672 olim
2176 1619 2343 1673 Stoici
2371 1628 2627 1687 putantur
2660 1620 2827 1674 fuisse
2875 1620 3016 1674 illius
3041 1618 3308 1683 ἀπαθείας
3342 1636 3443 1673 au-

1874 1720 2073 1763 Ctorcs.
2112 1728 2131 1761 ι
2165 1708 2327 1775 Quasi
2348 1709 2634 1778 Origenem
2667 1710 2991 1764 Manichacus
3026 1720 3264 1779 tempore
3301 1725 3443 1780 prte-

1873 1800 2133 1863 ccsserit,
2190 1815 2348 1867 quem
2407 1811 2611 1854 certum
2662 1810 2747 1855 est
2796 1802 2951 1854 annis
3014 1811 3136 1869 post
3195 1800 3444 1870 Origenis

1870 1890 2074 1944 obitum
2108 1891 2329 1946 circiter
2359 1892 2547 1962 viginti
2592 1901 2647 1947 et
2696 1908 2803 1946 uno
2850 1893 3094 1947 haeresim
3125 1907 3277 1947 suam
3320 1907 3443 1961 pro-

1873 1983 2161 2052 mulgasse.
2197 1982 2331 2037 Tum
2377 1985 2479 2038 hoc
2509 1984 2648 2049 loco,
2702 1994 2757 2036 et
2798 1983 2889 2037 lib.
2934 1998 3008 2049 vt,
3059 1999 3178 2051 cap.
3214 1983 3280 2037 12
3309 1984 3439 2038 tomi

1870 2079 2139 2145 ejusdem,
2202 2076 2624 2142 Priscillianum,
2690 2076 3067 2141 Manicluenm,
3129 2077 3439 2141 Gnosticos,

1873 2171 2156 2239 Evagrium
2218 2170 2655 2241 ilyperboritam,
2712 2168 3075 2234 Jovinianum,
3140 2168 3439 2238 Pelagium,

1873 2261 2144 2330 tntiusque
2196 2275 2335 2327 pene
2389 2259 2560 2331 Syria:
2615 2259 2903 2313 hatreticos
2949 2260 3249 2313 doctrinam
3302 2260 3442 2313 hanc

1870 2354 1941 2407 ab
1985 2353 2216 2423 Origene
2262 2352 2556 2421 sumpsisse
2608 2361 2830 2406 auctore
2883 2352 3041 2406 docet
3078 2350 3438 2423 Hieronymo;

1871 2445 2121 2514 interque
2155 2460 2250 2499 eos
2279 2444 2568 2514 Evagrium
2601 2444 2798 2498 librum
2835 2444 3070 2499 edidisse
3115 2442 3257 2518 ῌερὶ
3287 2443 3440 2497 daa-

1870 2536 2053 2602 θείας,
2098 2538 2188 2605 qui
2233 2552 2261 2590 a
2292 2535 2487 2589 Rulino
2516 2535 2707 2589 Latine
2734 2551 3027 2590 conversus
3060 2546 3162 2590 est.
3202 2534 3443 2590 Solerter

1868 2628 2064 2683 deinde
2111 2627 2363 2683 observat
2401 2642 2507 2681 non
2560 2627 2693 2681 satis
2746 2637 2902 2681 caute
2951 2626 3333 2697 Hieronymum
3386 2626 3440 2679 in

1869 2717 2027 2784 epist.
2083 2717 2149 2770 ad
2194 2715 2442 2784 Ctesiph.
2492 2726 2680 2770 contra
2726 2716 2907 2784 Pelag.
2972 2732 3087 2785 cap.
3150 2716 3214 2780 2,
3267 2724 3322 2769 et
3384 2716 3436 2768 in

1870 2823 2098 2877 promtu.
2148 2807 2214 2862 ad
2260 2805 2470 2877 Dialog.
2523 2817 2704 2860 contra
2747 2806 2929 2876 Pelag.
2984 2818 3039 2861 et
3094 2807 3146 2859 in
3202 2820 3435 2875 prooem.

1870 2896 2157 2951 Comment.
2190 2896 2245 2949 in
2279 2894 2500 2963 Jerem.,
2540 2896 2631 2950 lib.
2657 2912 2733 2961 tv,
2766 2896 3080 2951 distinxisse
3106 2897 3194 2951 illa
3216 2897 3342 2960 duo,
3362 2896 3440 2950 fa-

1868 2989 2125 3043 cultatem
2157 2987 2359 3041 habere
2387 3004 2490 3040 non
2522 2988 2801 3057 peccandi,
2837 2998 3015 3042 etnon
3042 2989 3243 3042 habere
3267 2988 3438 3043 facul-

1872 3088 2032 3135 tatem
2060 3078 2355 3148 peccandi;
2394 3078 2496 3132 hoc
2520 3087 2622 3140 est,
2654 3095 2802 3145 posse
2831 3095 2933 3131 non
2969 3096 3201 3147 peccare,
3241 3092 3293 3134 et
3334 3096 3438 3134 non

1868 3185 2017 3239 posse
2046 3184 2276 3237 peccare.
2304 3168 2542 3234 Quorum
2562 3167 2791 3222 alterum
2816 3183 2846 3222 e
2874 3169 3047 3224 libero
3070 3170 3265 3238 pendet
3288 3170 3439 3223 arbi-

1871 3262 1993 3327 trio,
2028 3277 2137 3331 quo
2164 3260 2223 3313 lit
2258 3270 2311 3314 ut
2342 3274 2630 3329 possumus
2658 3274 2903 3329 peccare,
2937 3260 3019 3313 vel
3052 3276 3156 3315 non
3187 3276 3436 3330 peccare,

1865 3353 2053 3422 gratia:
2082 3350 2241 3406 modo
2290 3350 2357 3404 ad
2398 3350 2448 3403 id
2489 3359 2818 3418 postremum
2852 3361 3099 3421 suppetat
3144 3352 3436 3420 auxilium;

1864 3442 2093 3497 alterum
2123 3456 2253 3495 vero
2286 3440 2491 3495 arbitrii
2531 3440 2748 3494 humani
2785 3442 3085 3495 libertatem
3124 3441 3281 3507 tollit,
3315 3451 3371 3496 et
3404 3458 3437 3495 a

1869 3530 2259 3584 Valentinianis
2292 3530 2749 3599 propugnabatur,
2790 3532 2879 3599 qui
2911 3531 3154 3586 homines
3192 3548 3437 3602 πνευμα-

1860 3623 2046 3686 τικοὺς
2089 3621 2204 3690 ejus
2235 3610 2353 3676 esse
2401 3622 2654 3675 volebant
2708 3632 2938 3687 naturae,
2990 3638 3107 3690 qua:
3160 3632 3436 3691 peccatum

1860 3716 2007 3771 nullo
2028 3716 2186 3769 modo
2211 3715 2511 3783 reciperet:
2538 3714 2678 3779 quod
2703 3714 2925 3785 dogma,
2946 3715 3323 3785 dogmatisque
3340 3731 3437 3767 an-

1860 3817 2039 3861 ctores
2082 3805 2354 3875 perpetuis
2392 3804 2797 3859 velitationibus
2851 3805 3111 3872 Origenes
3172 3809 3431 3874 urgebat;

1861 3912 2135 3969 nunquam
2173 3912 2277 3951 non
2312 3897 2415 3951 hoc
2446 3896 2746 3961 iuculcans,
2783 3898 2985 3951 nullam
3034 3912 3155 3952 esse
3188 3907 3433 3951 naturam

1859 4005 1979 4058 qua:
2018 4003 2121 4043 non
2161 3988 2231 4041 sit
2272 3988 2396 4042 boni
2453 3997 2507 4043 et
2548 3988 2672 4041 mali
2707 4004 2905 4057 capax,
2943 3988 3078 4044 adeo
3123 3997 3179 4042 ut
3230 4003 3296 4044 ne
3330 3988 3435 4058 ipsi

1861 4082 2077 4152 quidem
2106 4080 2280 4151 angeli
2326 4096 2354 4134 a
2399 4090 2644 4149 peccato,
2694 4081 3009 4150 peccatique
3048 4080 3225 4151 pmnis
3248 4089 3436 4136 essent

1861 4174 2148 4227 immunes.
2192 4172 2481 4241 Perperam
2529 4186 2657 4237 ergo
2695 4171 3050 4240 Hieronymus
3081 4172 3131 4225 in
3168 4173 3328 4241 epist.
3364 4172 3430 4225 ad

1858 4264 2119 4334 Ctesiph.,
2145 4279 2263 4332 cap.
2297 4264 2349 4329 1,
2375 4262 2775 4333 ἀναμάρτητον,
2810 4263 2949 4317 idem
2968 4278 3087 4317 esse
3104 4272 3269 4326 retur,
3290 4263 3433 4332 quod

1858 4359 1903 4410 si
1910 4374 1971 4411 ne
1988 4366 2195 4426 peccato
2212 4373 2231 4422 ;
2251 4371 2370 4410 nam
2398 4357 2797 4427 ἀναμάρτητον,
2815 4364 2917 4421 est,
2948 4355 3173 4423 ittcapaa:
3197 4354 3392 4423 peccati
3414 4369 3435 4409 :

199 4467 309 4521 μῳ.
344 4451 611 4502 Pra-terea
664 4460 792 4502 tom.
826 4461 894 4500 xv
941 4448 994 4500 in
1044 4447 1183 4500 idem
1208 4446 1575 4514 Evangelium,
1611 4461 1755 4498 num.
1794 4467 1840 4521 γι)
1869 4449 2135 4518 perfectos
2167 4458 2343 4502 autem
2376 4462 2479 4501 non
2512 4449 2795 4517 incapaces
2830 4448 3035 4516 peccati
3069 4446 3282 4500 volebat
3312 4445 3434 4500 Ori-

193 4541 251 4603 6,
286 4557 404 4609 pag.
448 4541 572 4603 659,
616 4541 779 4593 tradit
812 4554 1007 4608 pueros
1045 4541 1241 4606 quibus
1278 4554 1467 4593 manus
1510 4537 1761 4606 imposuit

191 4632 374 4696 Jcsus,
402 4632 513 4701 j.un
541 4634 770 4701 amplius
797 4634 1097 4687 daemonum
1126 4631 1417 4686 assultibus
1443 4630 1527 4683 vel
1555 4630 1761 4697 peccati

192 4726 463 4780 illecebris
495 4728 709 4794 percelli
744 4743 845 4781 non
869 4743 1055 4796 posse;
1087 4735 1139 4780 et
1167 4742 1314 4779 num.
1350 4726 1434 4788 Π,
1467 4741 1587 4794 pag.
1612 4724 1715 4778 676
1748 4744 1759 4779 :

190 4814 361 4884 Οὗτος
398 4820 461 4891 δὴ
488 4823 515 4873 ὁ
542 4820 1113 4890 ἀνθυπαλλασσόμενος
1148 4819 1268 4871 ἀντὶ
1299 4817 1524 4870 πλούτου
1550 4819 1759 4882 πενίαν,

196 4912 337 4981 ὑπὲρ
384 4912 477 4964 τοῦ
518 4912 714 4974 τέλειος
752 4911 1020 4979 γενέσθαι,
1066 4910 1306 4973 πεισθεὶς
1328 4912 1438 4971 τοῖς
1474 4909 1645 4979 Ἰησοῦ
1673 4909 1762 4962 λό-

191 5021 334 5073 γοις,
363 5004 572 5075 ἀθρόως
597 5003 663 5057 ἂν
685 5004 994 5074 βοηθηθείη,
1029 5004 1103 5066 ὼς
1148 5003 1241 5056 καὶ
1274 5005 1321 5055 οἱ
1350 5002 1634 5055 ἀπόστολοι
1670 5001 1765 5054 τοῦ

187 5094 450 5165 Χριστοῦ,
486 5095 619 5167 πρὸς
680 5095 740 5147 τὸ
780 5094 1031 5163 γενέσθαι
1075 5094 1235 5161 σοφὸς
1286 5096 1343 5146 ὲν
1394 5093 1634 5163 Χριστῷ,
1674 5094 1767 5145 καὶ

186 5186 455 5255 ἀνδρεῖος,
497 5186 590 5239 καὶ
628 5186 852 5249 δίκαιος,
876 5188 970 5239 καὶ
994 5186 1245 5254 σώφρων,
1274 5186 1365 5237 καὶ
1388 5184 1542 5247 ἐκτὸς
1568 5184 1766 5247 παντὸς

188 5276 412 5340 πάθους·
474 5278 709 5347 (magna:
737 5280 765 5337 ό
810 5277 980 5341 οὕτως
1036 5277 1486 5347 ἀπολογούμενος,
1538 5276 1619 5327 ὅτι
1668 5276 1767 5327 οὐκ

188 5367 401 5437 ἀνάγκη
423 5368 580 5421 τοῦτο
629 5368 885 5439 νοηθῆναι
915 5369 1079 5438 αὐτῆς
1105 5369 1315 5437 ἡμέρας
1345 5366 1648 5437 ἀπαντῆσαι
1664 5366 1761 5436 ’τῷ

188 5458 565 5530 ἀποδεδομένῳ
613 5460 681 5513 τὰ
735 5460 1065 5530 ὑπάρχοντα,
1128 5460 1221 5512 καὶ
1267 5458 1457 5510 διδόντι
1492 5461 1755 5527 πτωχοῖς·

191 5547 304 5600 ἀλλ’
360 5550 488 5613 ἴσως
536 5551 629 5602 ἀπ’
660 5550 872 5620 ἐκείνης
923 5550 1019 5621 μὲν
1074 5551 1170 5621 τῆς
1214 5549 1421 5620 ἡμέρας
1471 5548 1690 5613 ἀοξεται
1725 5551 1757 5617 ἡ

262 5734 305 5762 ⁸⁸
351 5729 539 5784 Matth.
574 5746 683 5795 xvi,
709 5732 796 5786 25.
865 5732 907 5761 ⁸⁷
942 5727 1085 5783 l‘sal.
1131 5728 1463 5792 cx\‘ttt,163.

1542 5728 1585 5758 ⁸⁸
1626 5726 1643 5781 l
1673 5727 1798 5782 Cor.

1870 4556 2053 4611 genes,
2106 4555 2279 4609 neque
2320 4540 2587 4609 Pelagius,
2628 4539 2720 4591 sed
2760 4549 2982 4606 peccato
3019 4554 3205 4592 carere
3236 4552 3431 4607 posse;

1870 4632 1981 4686 imo
2006 4646 2135 4687 vero
2167 4633 2493 4702 praedicabat
2524 4631 2771 4702 Pelagius
2799 4646 2903 4686 non
2929 4632 2979 4684 id
3003 4631 3112 4700 agi,
3135 4641 3312 4684 utrum
3336 4630 3434 4685 ali-

1869 4722 1991 4791 quis
2032 4728 2235 4791 peccati
2292 4738 2387 4791 per
2439 4733 2605 4776 totam
2657 4723 2818 4775 vitam
2868 4721 3057 4775 fuisset
3093 4736 3303 4787 exsors,
3338 4722 3431 4776 sed

1871 4826 2049 4867 utrum
2086 4814 2329 4867 homines
2359 4815 2562 4881 peccati
2604 4824 2850 4866 exsortes
2891 4828 3010 4865 esse
3042 4821 3260 4880 queant,
3291 4812 3431 4880 quod

1868 4921 1965 4974 per
2012 4904 2222 4957 arbitrii
2262 4904 2417 4959 liberi
2450 4906 2593 4960 vires
2639 4905 2752 4958 fieri
2799 4918 2960 4972 posse
2996 4903 3325 4965 allirmabat;
3379 4911 3435 4957 et

1868 4998 2222 5051 Adamantius
2250 5012 2463 5066 quoque
2503 4998 2769 5051 neminem
2806 4997 2924 5049 sine
2960 5005 3184 5066 peccato
3229 4995 3432 5049 vixisse

1870 5088 2113 5156 putabat,
2147 5098 2203 5140 ut
2234 5104 2393 5156 supra
2432 5088 2567 5141 dixi.
2598 5088 2757 5157 Atqui
2791 5088 2904 5141 lieri
2938 5103 3092 5155 posse
3122 5104 3227 5141 non
3266 5104 3433 5156 nega-

1862 5164 1960 5232 bat
1990 5179 2326 5247 Angustinus
2353 5191 2409 5232 ut
2434 5194 2553 5234 esse
2580 5189 2763 5248 posset
2787 5182 2945 5235 homo
2984 5183 3033 5236 in
3069 5183 3168 5237 hac
3192 5183 3298 5236 vita
3318 5185 3433 5237 sine

1870 5282 2115 5339 peccato,
2146 5271 2196 5325 id
2230 5270 2385 5324 modo
2408 5271 2594 5339 gratias
2620 5272 2841 5337 auxilio,
2866 5288 2970 5326 non
3004 5284 3205 5327 natura?
3230 5274 3432 5330 viribus

1858 5364 2162 5425 referretur
2190 5372 2463 5432 acceptum
2493 5379 2505 5414 :
2536 5379 2553 5412 ι
2580 5360 2713 5415 Nam
2738 5365 2825 5432 qni
2850 5364 3058 5429 dicunt,
3090 5385 3107 5417 ι
3132 5367 3301 5434 inquit
3329 5366 3421 5419 lib.

1873 5455 1948 5508 De
1987 5463 2183 5524 peccat.
2212 5470 2362 5517 mer.,
2398 5453 2492 5510 lib.
2522 5469 2583 5519 tl,
2621 5471 2741 5525 cap.
2768 5453 2821 5519 6,
2858 5473 2876 5506 t
2914 5470 3032 5510 esse
3059 5471 3214 5525 posse
3242 5456 3293 5510 in
3327 5456 3429 5510 hac

1865 5549 1973 5601 vita
1996 5548 2267 5603 hominem
2299 5548 2411 5603 sine
2439 5561 2679 5618 peccato,
2713 5564 2816 5603 non
2852 5558 2933 5604 est
2963 5550 3040 5603 eis
3063 5549 3320 5603 continuo
3349 5549 3431 5602 iu-

1840 5741 1962 5792 xtn,
1992 5725 2046 5779 8.
