3860 6230
411 343 518 402 959

1689 331 1748 386 Ρ.
1789 327 2106 384 DANIELIS
2141 326 2372 383 llUETll

3574 320 3688 376 960

412 469 572 515 cauta
602 455 907 511 temeritate
946 452 1340 510 obsistendum.
1374 451 1466 506 Sic
1483 451 1626 506 enim
1663 465 1782 506 esse
1830 464 1987 518 posse
2017 454 2062 510 Α
2093 446 2338 500 renovari
2366 447 2434 498 ad
2486 443 2854 513 paenitentiam
2878 483 2893 510 ,
2931 457 3144 497 rursum
3192 440 3577 511 cruciﬁgentes
3607 440 3684 494 si-

416 550 815 619 negaverintus,
867 558 920 602 et
968 547 1204 601 hominis
1251 546 1423 598 libero
1471 545 1716 606 arbitrio,
1760 545 1854 610 qui
1894 544 1997 597 hoc.

416 643 644 695 voleudo
684 641 910 707 appetit,
937 650 990 692 et
1017 638 1108 691 Dei
1135 637 1323 690 virtuti
1355 637 1436 689 vel
1470 636 1869 698 ntisericorditc,
1903 635 1994 704 qui

419 731 521 784 hoc
549 730 858 800 adiuvando
887 728 1072 792 eflicit,
1097 727 1500 798 derogabituus.
1531 747 1549 780 ι
1588 726 1696 782 Nec
1721 727 1851 781 satis
1874 741 1998 794 pro-

419 823 534 888 prie.
565 823 706 874 idem
742 820 1102 890 llieronytnus
1137 820 1188 872 in
1220 831 1452 887 ρτοωιιι.
1493 819 1590 874 lib.
1633 835 1681 872 tv
1706 817 1993 871 Comment.

418 929 473 965 in
501 911 721 972 θεν-ειη..
749 909 1164 980 ἁναμαρτησίαν
1212 908 1508 962 reddidisse
1539 908 1771 970 videtur,
1803 909 2000 976 impec-

419 1003 671 1062 centiam,
709 1002 758 1053 id
787 1010 892 1064 est,
923 1017 1024 1052 non
1051 1015 1294 1067 peccare;
1322 997 1472 1066 quod
1503 999 1826 1051 reddendum
1857 1007 1995 1059 erat,

418 1092 924 1162 impetrabililatem,
963 1091 1013 1145 id
1054 1101 1158 1154 est,
1200 1106 1300 1143 non
1339 1105 1489 1158 posse
1526 1105 1758 1158 peccare.
1801 1088 1998 1157 Perpe-

420 1205 533 1243 ram
572 1202 784 1257 quoque
808 1187 1065 1254 scriptum
1094 1187 1161 1240 ab
1185 1200 1251 1238 eo
1280 1195 1363 1238 cst
1391 1197 1618 1252 procem.
1651 1182 1862 1250 Dialog.
1895 1182 1996 1235 ad-

418 1298 549 1335 vers.
583 1278 763 1349 Pelag.
807 1296 823 1334 :
858 1299 876 1331 ι
913 1280 1043 1332 Illud
1081 1289 1258 1332 autem
1304 1277 1550 1347 Origenis
1589 1276 1860 1344 proprium
1889 1284 1993 1337 est,

417 1385 540 1425 esse
565 1371 840 1440 possibile,
875 1384 996 1422 cum
1041 1383 1101 1421 se
1139 1367 1336 1436 aliquis
1362 1367 1426 1418 ad
1461 1365 1680 1419 meliora
1713 1375 1996 1419 converte-

420 1463 515 1525 rit,
546 1463 612 1515 ad
644 1472 845 1514 tantam
876 1461 1240 1514 fortitudinem
1277 1462 1586 1527 pervenire,
1620 1469 1677 1513 ιιι
1699 1460 1836 1512 ultra
1869 1474 1995 1525 pec-

419 1568 546 1606 care
589 1568 694 1605 non
741 1553 932 1620 possit,
969 1569 987 1602 ι
1023 1565 1122 1618 pro
1148 1565 1212 1603 eo
1243 1551 1385 1618 quod
1418 1549 1661 1602 scribere
1693 1548 1900 1612 debuit,
1939 1555 1994 1600 ut

420 1645 560 1696 ultra
595 1661 695 1698 non
723 1659 935 1709 peccare
962 1643 1148 1711 possit.
1173 1642 1419 1695 Geuuina
1450 1655 1577 1712 ergo
1602 1655 1663 1694 ea
1683 1639 1786 1692 fuit
1807 1638 1995 1708 Orige-

421 1738 506 1789 nis
539 1737 827 1801 sententia,
864 1736 1110 1790 homines
1159 1749 1347 1788 omnes
1393 1732 1630 1800 peccatis
1681 1747 1798 1786 csse
1833 1735 1996 1787 obno-

423 1827 570 1892 xios;
597 1826 688 1895 qui
713 1840 843 1878 vero
867 1825 1213 1894 acquirendae
1241 1824 1453 1888 virtuti,
1482 1833 1536 1877 et
1567 1823 1776 1878 delictis
1803 1839 1994 1890 expur-

418 1918 612 1986 gaudis
637 1917 843 1970 dederit
873 1932 1116 1986 operam,
1141 1925 1196 1972 et
1233 1917 1298 1970 ad
1322 1915 1706 1985 perfectionem
1737 1929 1994 1969 conscen-

421 2008 584 2070 derit,
613 2007 867 2061 vitiorum
891 2008 1240 2062 incitamenta
1270 2008 1506 2076 propriis
1531 2006 1734 2060 viribus
1758 2020 1997 2072 pessum-

423 2104 554 2154 dare
593 2115 755 2170 posse
784 2102 829 2155 si
860 2101 1005 2166 velit,
1037 2103 1105 2154 ab
1142 2102 1314 2169 iisque
1347 2101 1658 2169 neutiquam
1689 2100 1903 2154 tentari.
1933 2101 1992 2155 In

422 2210 532 2263 quo
575 2195 826 2265 geminus
865 2205 949 2248 est
978 2210 1155 2254 error.
1211 2195 1354 2262 quod
1385 2195 1566 2248 virum
1589 2193 1887 2263 perfectum
1925 2193 1996 2247 ad

421 2287 715 2341 cal-caudas
750 2287 956 2361 peccati
1007 2286 1299 2341 blandttias
1346 2287 1534 2353 gratia:
1590 2286 1843 2357 prasidio
1886 2300 1994 2341 non

419 2393 591 2447 egere
616 2379 769 2444 velit,
799 2388 854 2432 et
885 2379 1025 2448 quod
1057 2378 1446 2433 tentationibus
1475 2393 1597 2433 eum
1632 2379 1854 2432 minime
1877 2393 1998 2447 per-

421 2470 540 2524 celli
576 2481 826 2534 censeat;
858 2487 978 2524 cum
1018 2481 1226 2526 certum
1253 2472 1325 2524 sit
1358 2469 1524 2523 vitam
1555 2470 1788 2524 hominis
1823 2480 1997 2524 certa-

423 2576 543 2615 men
582 2577 706 2617 esse
757 2574 1101 2633 perpetuum,
1144 2573 1196 2616 et
1248 2561 1416 2618 Paulo
1457 2563 1558 2633 ipsi
1599 2562 1781 2618 datum
1830 2562 1998 2620 fuisse

422 2653 705 2708 stimulum
741 2656 942 2709 carnis.

496 2746 611 2803 XX.
653 2746 1116 2812 Quemadmodum
1147 2755 1364 2800 evectos
1387 2746 1451 2798 ad
1481 2761 1754 2801 summum
1783 2749 2000 2803 virtutis

421 2839 633 2904 apicem
663 2837 908 2890 homines
940 2836 1176 2902 peccatis
1209 2837 1478 2891 obnoxios
1513 2854 1616 2891 nott
1652 2852 1773 2893 esse
1806 2839 1997 2892 defini-

424 2929 500 2982 vit
531 2927 917 2990 Adamantius;
954 2928 1024 2980 ita
1063 2929 1360 2983 asseruisse
1395 2929 1542 2983 visus
1569 2938 1654 2984 est
1701 2945 1804 2983 non
1840 2945 1998 2998 posse

421 3033 516 3072 eos
566 3030 846 3087 emergere
874 3032 902 3069 a
943 3016 1112 3083 vitiis,
1148 3024 1203 3072 et
1251 3019 1318 3071 ad
1353 3019 1613 3073 virtutem
1663 3021 1902 3091 regredi,
1935 3036 1998 3075 ac

2104 537 2405 605 bituetipsis
2437 535 2629 589 Filium
2666 534 2783 601 Dei,
2817 544 2872 587 et
2897 535 3136 588 ostentui
3169 534 3467 596 habentes;
3493 553 3512 584 ι
3546 547 3680 586 nec-

2104 643 2211 681 non
2244 637 2298 680 et
2345 629 2443 679 ista
2477 643 2506 678 e
2551 641 2666 693 cap.
2702 626 2789 690 lO,
2839 640 2980 679 vers.
3035 625 3128 688 26,
3158 624 3266 678 27:
3305 644 3323 676 ι
3358 622 3682 680 Voluntaria

2097 718 2248 772 enim
2313 717 2664 787 peccantibus
2702 718 2858 770 nobis
2916 727 3043 786 post
3094 725 3372 786 acceptam
3423 717 3680 770 notitiam

2099 809 2368 871 veritatis,
2388 808 2498 876 jam
2537 824 2642 862 non
2671 807 2995 876 relinquitur
3041 824 3137 878 pro
3181 809 3419 876 peccatis
3463 809 3674 871 hostia;

2100 901 2363 956 terribilis
2420 909 2599 954 autem
2649 902 2892 968 quadam
2931 903 3260 970 exspectatio
3299 899 3508 968 judicii.
3540 919 3560 952 ο
3599 898 3680 954 ln-

2097 997 2163 1049 de
2188 1004 2242 1048 et
2264 994 2507 1048 Novatus
2529 995 2580 1047 itt
2614 995 2860 1049 haeresim
2893 996 3142 1049 inductus
3169 1004 3269 1049 est.
3292 995 3462 1061 Quam
3490 1004 3677 1049 autem

2101 1087 2186 1142 his
2218 1087 2369 1141 Pauli
2426 1087 2559 1141 locis
2597 1086 2994 1156 expositionem
3045 1087 3290 1142 adhibuit
3324 1087 3675 1150 Philastrius,

2098 1177 2345 1232 eamdem
2376 1174 2706 1245 Origeuiano
2729 1174 2804 1229 illi
2836 1190 3122 1243 possumus
3148 1175 3426 1230 adhibere.
3459 1175 3554 1230 Sic
3587 1175 3676 1228 illa

2098 1285 2156 1323 se
2190 1269 2351 1323 habet
2370 1285 2491 1336 cap.
2537 1267 2646 1323 88:
2682 1285 2701 1318 ι
2744 1267 3140 1320 Ρωιιίιυιιίιιειη
3161 1267 3323 1321 etiam
3361 1282 3468 1321 non
3493 1267 3680 1322 exclu-

2097 1360 2176 1418 dit
2200 1359 2463 1422 docentlo,
2496 1359 2592 1412 sed
2623 1358 2894 1411 diversum
2918 1359 3140 1428 gradum
3176 1357 3454 1426 dignitatis
3488 1368 3680 1411 osten-

2097 1449 2178 1503 dit
2214 1450 2356 1503 inter
2385 1449 2529 1503 ltunc
2561 1449 2651 1517 qtti
2687 1449 2951 1516 integrum
2979 1448 3286 1510 custodivit,
3313 1458 3371 1501 et
3397 1447 3547 1501 illum
3588 1449 3682 1516 qui

2097 1543 2362 1610 peccavit.
2401 1540 2690 1609 Dignitatis
2716 1549 2798 1594 est
2821 1539 2982 1608 igitur
3005 1538 3384 1596 detrimentum
3417 1541 3470 1591 in
3499 1554 3567 1592 eo
3590 1538 3680 1607 qui

2098 1632 2364 1703 peccavit,
2387 1647 2492 1686 non
2531 1631 2786 1685 damnum
2817 1630 3022 1686 salutis.
3057 1629 3192 1684 Nam
3227 1632 3269 1684 si
3314 1628 3526 1684 fortiter
3558 1631 3681 1698 quis

2101 1722 2427 1794 pugnaverit
2457 1736 2555 1791 per
2597 1721 3170 1790 tnartyrium,recipiet
3194 1721 3473 1789 pristinam
3502 1721 3680 1790 digni-

2026 1793 2069 1852 Β
2100 1827 2262 1872 tatem
2295 1835 2310 1884 ;
2343 1827 2436 1870 aut
2459 1817 2506 1870 si
2530 1815 2794 1885 condigne
2823 1816 2873 1869 in
2904 1816 3006 1871 hoc
3036 1817 3232 1870 saeculo
3262 1815 3478 1880 vixerit,
3511 1817 3680 1886 impe-

2097 1922 2202 1967 trat
2233 1913 2376 1982 quod
2407 1913 2686 1968 desiderat
2721 1911 2963 1981 adipisci.
2999 1911 3132 1967 Nam
3179 1915 3228 1968 ιιι
3281 1915 3392 1984 ipsa
3449 1917 3678 1984 epistola

2099 2005 2524 2074 rebaptizatores
2557 2004 2819 2068 excludit,
2853 2019 2959 2058 non
2994 2006 3315 2074 baptismum
3347 2011 3682 2077 paenitentiae

2098 2096 2347 2165 abnegat.
2408 2117 2426 2147 ι
2464 2097 2729 2150 Cmterum
2775 2097 2984 2150 consuli
3025 2099 3180 2151 velim
3230 2097 3441 2152 Sixtum
3475 2101 3681 2154 Senen-

2094 2204 2208 2244 sem
2237 2189 2331 2246 lib.
2358 2205 2410 2243 Vl
2443 2187 2696 2243 Bibliotlt.
2725 2189 2908 2244 adnot.
2936 2190 3056 2255 “9,
3085 2200 3137 2242 et
3163 2192 3253 2244 ltb.
3282 2207 3377 2253 vtt,
3405 2193 3606 2247 lueres.
3625 2194 3678 2258 8,

2097 2283 2189 2352 qui
2240 2283 2353 2338 haec
2383 2283 2618 2352 aliaque,
2647 2299 2770 2337 cum
2815 2283 3146 2352 explicandae
3198 2283 3322 2337 huic
3361 2283 3512 2338 Pauli
3556 2303 3683 2340 sen-

2100 2378 2301 2442 tentize,
2337 2387 2447 2429 tum
2503 2377 2772 2432 adversus
2806 2379 3098 2432 adductum
3132 2377 3381 2447 Origenis
3435 2382 3687 2435 testimo-

2101 2469 2248 2522 tlitlttl
2287 2469 2526 2536 collegit.

2179 2557 2314 2612 XXI.
2355 2559 2545 2613 Mirum
2587 2577 2751 2630 porro
2787 2561 3104 2615 sentientem
3157 2558 3444 2630 Origenem
3499 2563 3688 2631 perfe-

2100 2663 2216 2706 ctus
2243 2653 2488 2708 homines
2513 2669 2666 2723 posse
2701 2670 2804 2706 non
2838 2653 3302 2722 peccare,dixisse
3335 2663 3519 2707 tamen
3544 2670 3687 2723 pne-

2099 2745 2268 2813 ccptis
2292 2745 2489 2798 divinis
2517 2761 2722 2799 morem
2752 2745 2860 2812 geri
2890 2760 2992 2797 non
3019 2749 3193 2813 posse.
3215 2744 3309 2797 Cui
3346 2745 3686 2800 contrarium

2101 2834 2344 2904 Pelagius
2373 2835 2610 2887 decrevit
2653 2835 2703 2887 itt
2745 2835 2858 2887 suis
2890 2832 3202 2897 Sententiis,
3248 2842 3382 2887 teste
3408 2832 3686 2904 Hieronyo

2104 2943 2211 2992 lno,
2239 2927 2328 2994 qui
2365 2928 2458 2979 lib.
2491 2937 2713 2979 tcontra
2739 2924 2921 2994 Pelag.
2953 2924 3066 2978 haec
3096 2927 3286 2979 scribit
3313 2944 3327 2977 :
3375 2945 3392 2977 ι
3435 2927 3688 2983 Centesi-

2102 3033 2222 3071 mus
2273 3016 2462 3071 titulus
2504 3025 2625 3081 est,
2659 3031 2815 3084 posse
2842 3015 3114 3068 hominem
3139 3015 3253 3069 sine
3284 3027 3509 3085 peccato
3539 3033 3685 3080 esse,

424 3108 670 3162 renovari
700 3123 793 3176 per
817 3107 1193 3176 paenitentiam
1223 3123 1336 3171 eos,
1381 3109 1472 3177 qui
1503 3119 1625 3178 post
1653 3121 1933 3178 acceptum
1966 3127 1995 3165 a
2024 3132 2068 3190 ο
2100 3119 2154 3164 et
2188 3109 2278 3163 Dei
2315 3109 2566 3162 mandata
2606 3108 2761 3161 facile
2796 3107 3104 3168 custodire,
3136 3107 3179 3159 si
3220 3108 3367 3161 velit.
3406 3128 3424 3160 ι
3465 3109 3556 3161 Sic
3591 3127 3686 3161 au-

425 3201 536 3254 Deo
561 3201 750 3269 gratia;
787 3201 985 3252 divina:
1019 3199 1198 3253 lumen
1250 3200 1440 3253 iterum
1483 3216 1603 3254 sese
1632 3203 1871 3270 peccatis
1899 3205 1995 3258 ob-

421 3296 743 3348 strinxerim
781 3315 794 3349 :
831 3295 1052 3348 Petrum
1086 3299 1301 3366 quidem
1326 3315 1447 3351 ctnu
1480 3298 1756 3353 Christum
1778 3303 1994 3369 ejurau-

424 3389 492 3437 tto
528 3384 790 3453 peccavit,
827 3387 1064 3440 nondum
1092 3390 1365 3456 accepisse
1399 3389 1659 3458 Spiritum
1700 3403 1947 3446 sanctum
1975 3411 1991 3452 :

423 3475 580 3529 nobis
601 3490 729 3530 vero
753 3475 796 3530 si
824 3490 889 3529 eo
917 3489 1142 3545 accepto
1164 3479 1588 3546 peccaverimus,
1619 3496 1788 3548 neque
1817 3485 1867 3534 in
1895 3484 1997 3539 hoc

423 3567 641 3633 ateculo,
663 3583 836 3638 neque
856 3569 906 3623 iu
931 3569 1113 3623 futuro
1143 3571 1352 3623 veniam
1380 3571 1446 3624 iri
1469 3588 1808 3628 concessum.
1834 3592 1854 3625 ι
1889 3575 1998 3630 lloc

423 3662 664 3727 attende,
701 3680 718 3712 ι
754 3662 928 3730 inquit
965 3673 1123 3716 tract.
1157 3679 1298 3716 xxxv
1339 3664 1392 3716 in
1437 3664 1658 3729 .llatth.,
1701 3685 1846 3721 num.
1875 3669 1996 3735 H4,

425 3770 548 3822 pag.
582 3754 708 3818 9l5,
737 3774 756 3805 ι
790 3756 1044 3822 quoniam
1077 3757 1351 3824 antegalli
1381 3769 1621 3821 cautum,
1656 3771 1707 3813 et
1736 3772 1857 3817 ante
1879 3762 1994 3831 Spi-

428 3849 587 3901 ritum
619 3849 960 3911 sanctum,in
995 3860 1232 3917 tempore
1264 3851 1437 3903 noctis
1477 3853 1775 3917 profundae,
1806 3855 2000 3908 etiarn-

425 3941 469 3994 si
503 3940 815 4006 frequenter
856 3941 1200 4008 denegaverit
1235 3942 1374 4008 quis.
1414 3945 1590 3996 vivere
1622 3955 1795 4010 potest
1825 3948 2000 4014 :quod

427 4031 772 4085 manifestum
804 4043 886 4086 est
915 4049 979 4086 ex
1013 4048 1101 4096 eo,
1147 4038 1287 4102 qttod
1331 4046 1412 4088 ter
1454 4035 1737 4105 denegavit
1783 4037 1998 4093 Petrus.

427 4123 483 4175 Si
519 4135 699 4176 autem
735 4134 854 4192 post
904 4125 1031 4193 galli
1079 4137 1318 4190 cautum,
1349 4127 1430 4180 vel
1479 4129 1642 4182 semel
1675 4129 1724 4181 itt
1763 4145 2000 4197 quocun-

424 4227 529 4280 que
559 4213 800 4281 periculo
827 4214 1151 4267 constitutus
1190 4215 1538 4284 denegaverit
1571 4219 1725 4284 quis,
1758 4219 2003 4288 impossi-

427 4305 534 4360 bile
563 4315 646 4359 est
691 4321 813 4360 eum
870 4305 1116 4364 renovari
1175 4306 1226 4358 itt
1275 4309 1673 4373 paenitentiam,
1704 4321 1762 4362 ιιι
1806 4311 2000 4364 iterum

423 4397 712 4466 cruciligat
759 4395 859 4449 sibi
901 4395 1095 4448 Filium
1127 4394 1244 4448 Dei.
1278 4413 1297 4446 ι
1329 4395 1578 4448 Clemens
1614 4399 1828 4465 quidem
1872 4399 2001 4453 Ale-

2104 3211 2210 3256 tetn
2248 3201 2510 3268 Origenes
2542 3201 2635 3254 lib.
2692 3217 2762 3264 ll,
2801 3201 2853 3253 in
2885 3199 3065 3267 Epist.
3102 3201 3170 3252 ad
3215 3199 3394 3261 Rom.,
3423 3217 3575 3255 nunt.
3613 3203 3646 3256 9
3670 3218 3683 3230 '

2109 3314 2126 3347 ι
2163 3294 2271 3349 Nos
2301 3310 2430 3348 vero
2457 3295 2546 3362 qui
2600 3295 2711 3346 lure
2741 3293 2922 3346 omnia
2967 3293 3282 3361 spiritaliter
3329 3293 3688 3363 intelligenda

2103 3388 2390 3447 sentimus.
2417 3387 2620 3440 idcirco
2665 3395 2851 3440 etnon
2885 3384 3176 3446 auditores,
3214 3384 3304 3438 sed
3342 3384 3580 3441 factores
3615 3387 3690 3441 leo

2111 3480 2192 3548 gis
2221 3479 2598 3548 justilica‘ndos
2626 3477 2919 3541 credimus,
2956 3491 3058 3530 nou
3103 3476 3233 3542 legis
3266 3476 3567 3530 secundum
3611 3479 3693 3531 lit-

2105 3581 2300 3632 teram,
2333 3586 2451 3639 qua:
2478 3572 2662 3638 utique
2691 3584 2786 3636 pro
2817 3571 2897 3623 sui
2925 3569 3350 3638 impossibilitate
3373 3586 3478 3622 non
3509 3583 3692 3638 potest

2108 3662 2306 3717 habere
2333 3662 2614 3725 factorem,
2639 3661 2731 3715 sed
2768 3663 3063 3716 secundum
3094 3663 3364 3730 Spiritum,
3399 3678 3495 3730 per
3522 3681 3688 3731 quem

2107 3754 2279 3808 solum
2315 3753 2398 3806 lex
2430 3752 2638 3823 impleri
2688 3753 2912 3822 poterit;
2954 3772 2972 3804 ι
3007 3763 3060 3806 et
3085 3769 3229 3805 num.
3267 3752 3348 3818 l4,
3383 3771 3505 3824 pag.
3526 3754 3637 3809 499
3673 3771 3688 3808 :

2112 3865 2130 3898 ι
2164 3846 2312 3901 Licet
2357 3863 2460 3899 nou
2504 3837 2832 3900 Crediderint
2876 3845 3093 3913 quidam
3136 3843 3464 3911 Judamruut,
3510 3850 3576 3899 de
3610 3848 3692 3900 ἰιι⁹

2108 3938 2364 3993 fidelitate
2417 3947 2594 3991 tamen
2625 3952 2810 3990 eorum
2860 3937 3149 3991 dicendum
3199 3947 3301 3996 est.
3341 3939 3488 4004 quod
3548 3939 3691 3994 Deus

2108 4030 2325 4100 quidem
2356 4029 2502 4083 solus
2543 4029 2613 4082 sit
2643 4044 2828 4092 verax,
2853 4030 2996 4083 omni
3034 4041 3212 4084 autem
3238 4039 3400 4083 homo
3426 4034 3502 4084 sit
3535 4047 3690 4086 tuen-

2110 4123 2212 4176 dax
2248 4138 2262 4174 :
2293 4122 2418 4190 quia
2445 4120 2606 4175 etiam
2634 4118 2680 4173 si
2715 4119 2835 4188 quis
2881 4120 3056 4190 justus
3085 4131 3199 4186 est,
3231 4137 3454 4174 necesse
3499 4133 3584 4175 est
3613 4136 3692 4176 ta—

2110 4228 2230 4268 men
2259 4223 2312 4266 ut
2345 4213 2396 4266 itt
2421 4212 2601 4282 aliquo
2627 4227 2656 4265 a
2689 4210 2915 4266 veritate
2951 4213 3186 4277 decidat,
3216 4229 3378 4280 quam
3421 4216 3475 4266 in
3510 4217 3690 4268 ontui-

2109 4303 2210 4359 bus
2259 4319 2478 4358 servare
2512 4305 2761 4358 humana:
2787 4318 2992 4360 natura:
3013 4323 3150 4375 pene
3182 4307 3520 4375 impossibile
3552 4319 3684 4361 est.)

2108 4394 2366 4450 Graviora
2397 4405 2518 4449 sunt
2547 4397 2709 4449 etiam
2749 4407 2802 4451 et
2834 4401 3000 4468 magis
3034 4412 3289 4466 expressa
3323 4415 3444 4465 qum
3469 4411 3689 4452 exstant

427 4489 751 4542 xandrinum
781 4487 1033 4540 Stromat.
1061 4487 1154 4540 lib.
1187 4502 1246 4549 ιι,
1273 4486 1517 4540 iteratam
1546 4488 1681 4541 hanc
1723 4489 2010 4554 pmuitudi-
2043 4495 2086 4550 D
2115 4497 2271 4542 tract.
2307 4503 2450 4540 xxxv
2484 4488 2538 4541 in
2580 4487 2794 4555 Matt/4.,
2825 4506 2973 4543 num.
3017 4490 3104 4555 88,
3141 4507 3260 4559 pag.
3292 4491 3416 4550 900.
3451 4493 3586 4550 901,
3607 4493 3686 4545 ubi

428 4596 548 4634 ueni
583 4598 687 4649 qua
742 4590 858 4649 post
887 4580 1291 4633 conversionem
1337 4578 1496 4632 humo
1545 4581 1776 4648 peccatis
1797 4582 2005 4635 deditus

429 4675 687 4743 tangitur,
717 4690 838 4729 esse
870 4674 1100 4727 allirmat
1126 4673 1278 4742 quasi
1313 4674 1596 4740 quamdam
1628 4674 1747 4726 novi
1802 4675 2004 4743 peccati

428 4768 860 4830 meditationem;
906 4766 1125 4818 minime
1171 4781 1296 4817 vero
1339 4765 1414 4817 ita
1447 4765 1665 4827 insanit,
1700 4777 1755 4818 ut
1798 4767 2003 4820 homini

426 4871 545 4938 post
571 4861 715 4912 illaut
743 4859 1130 4926 ptBuiteutiant.
1155 4858 1397 4926 peccauti
1430 4857 1631 4911 nullum
1659 4860 1725 4911 ad
1753 4859 2002 4913 virtutem

429 4965 735 5022 regressum
773 4959 958 5018 patere
997 4959 1168 5017 putet,
1201 4964 1297 5002 nec
1343 4949 1508 5000 ulluut
1544 4949 1696 5004 alteri
1736 4951 2004 5018 pmuilen-

427 5041 514 5094 tia:
554 5041 723 5093 locum
783 5055 1069 5108 superesse
1118 5040 1265 5092 velit.
1315 5037 1517 5106 Nempe
1565 5054 1630 5094 eo
1678 5039 2004 5108 impulerunt

425 5141 711 5198 utrumque
755 5147 1037 5201 perperam
1084 5141 1304 5199 accepta
1354 5131 1536 5184 istluec
1575 5144 1640 5184 ex
1669 5130 1898 5198 Epistula
1937 5131 2004 5184 ad

425 5224 680 5278 llebrtcus
705 5239 822 5292 cap.
857 5239 926 5284 γι,
963 5239 1107 5277 vers.
1137 5222 1268 5275 4-6:
1300 5240 1317 5272 ι
1351 5221 1683 5290 ltupossibile
1734 5223 1878 5273 euiut
1920 5229 2006 5275 est

424 5333 519 5372 eos
540 5315 631 5386 qui
667 5317 828 5369 setnel
862 5328 986 5369 sunt
1009 5313 1314 5376 illutniuati,
1342 5321 1696 5384 gustaverunt
1722 5313 1882 5366 etiam
1907 5313 2004 5366 do-

425 5405 815 5469 uumcteleste,
859 5416 914 5460 et
945 5405 1244 5474 participes
1286 5405 1412 5457 facti
1453 5412 1579 5457 sunt
1624 5403 1860 5471 Spiritus
1889 5419 2008 5455 san-

429 5498 526 5551 cti.
554 5496 918 5550 Gustaverunt
948 5497 1296 5550 nihilominus
1321 5495 1516 5548 bouuut
1539 5494 1633 5548 Dei
1667 5496 1882 5548 verbum
1904 5496 2007 5547 vir-

426 5597 674 5656 tutesque
714 5587 892 5642 Stcculi
946 5587 1175 5651 venturi,
1221 5595 1277 5641 et
1317 5585 1553 5655 prolapsi
1604 5587 1766 5657 suntf,
1793 5602 2001 5642 rursum

496 5764 539 5793 ⁸⁹
571 5762 758 5820 ilattlt.
781 5759 1027 5832 xxvr,51.

2113 4578 2303 4645 quierit
2331 4589 2510 4632 utrum
2557 4582 2731 4649 posito
2761 4581 2959 4635 Christi
3014 4583 3267 4634 vaticinio
3304 4583 3428 4646 hoc,
3457 4585 3685 4637 scanda-

2112 4671 2222 4725 lum
2251 4673 2302 4725 itt
2336 4687 2394 4725 se
2443 4689 2700 4742 passuros
2729 4690 2850 4729 esse
2878 4676 3149 4743 apostolos
3172 4692 3399 4742 omnes,
3437 4679 3562 4732 fieri
3602 4696 3688 4746 po-

2114 4765 2275 4820 tuerit
2309 4775 2366 4817 ut
2399 4765 2709 4819 scandalum
2732 4766 2924 4821 Petrus
2947 4785 3050 4821 nou
3081 4778 3388 4838 pateretur;
3417 4775 3568 4836 quod
3598 4773 3687 4823 du-

2111 4857 2230 4926 plici
2267 4858 2427 4910 solvit
2463 4861 2847 4925 responsione;
2885 4860 3078 4928 prima,
3123 4879 3140 4911 ι
3177 4863 3436 4930 quoniam
3469 4878 3685 4915 necem:

2109 4957 2358 5008 erat,0re
2383 4947 2667 5000 Verissime
2689 4949 3030 5014 praedicente,
3053 4951 3175 5017 quia
3208 4967 3385 5002 omnes
3424 4968 3511 5001 ros
3539 4970 3686 5002 smn-

2114 5038 2560 5103 dulizabimini",
2586 5041 2698 5093 fieri
2719 5041 2858 5107 quod
2893 5043 3203 5108 praedictum
3239 5053 3356 5094 erat
3389 5042 3458 5094 ab
3491 5041 3681 5100 Jesuu

2111 5129 2317 5194 altera,
2353 5149 2371 5181 ι
2424 5131 2680 5199 quoniam
2725 5133 2817 5200 qui
2875 5142 3131 5188 exoratus
3162 5149 3191 5185 a
3228 5131 3522 5196 Ninivitis,
3573 5149 3685 5202 qua:

2114 5221 2440 5288 prazdixerat
2485 5237 2580 5288 per
2601 5220 2791 5277 Jouatn
2840 5239 2944 5276 non
2979 5223 3102 5277 fecit
3147 5234 3364 5292 propter
3412 5226 3684 5292 paeniten-

2115 5313 2242 5365 tiam
2295 5311 2674 5378 Ninivitarum,
2712 5315 2790 5368 sic
2841 5314 3096 5385 possibile
3129 5313 3246 5380 fuit,
3281 5324 3338 5367 ut
3404 5316 3688 5384 repelleret

2113 5404 2274 5458 etiam
2308 5419 2337 5456 a
2370 5403 2528 5458 Petro
2557 5405 2864 5460 scandalum
2891 5409 3233 5476 deprecante.
3271 5426 3288 5457 ι
3327 5406 3463 5461 Vera
3487 5419 3572 5459 est
3601 5424 3687 5474 po:

2113 5494 2312 5548 sterior
2345 5495 2652 5562 responsio,
2687 5495 2835 5563 prior
2877 5496 3007 5550 falsa
3043 5513 3054 5548 :
3089 5497 3264 5564 posito
3309 5495 3453 5546 enim
3484 5495 3685 5548 Christi

2118 5586 2392 5654 vaticiuio,
2430 5596 2580 5642 certo
2611 5584 2832 5643 effectus
2876 5601 3194 5644 consecutus
3226 5599 3327 5653 est,
3354 5603 3462 5642 non
3500 5601 3686 5641 neces-
