3860 6230
236 303 339 368 illi!

1020 312 1592 369 ORIGENIANORUM
1632 315 1761 369 LIB.
1805 313 1868 380 Il,
1903 313 2059 369 CAP.
2103 314 2165 383 Il,
2199 315 2488 383 QUASST.
2530 318 2642 376 ΠΙ.

3405 327 3510 383 962

241 439 406 494 sario.
445 437 688 507 Disputat
720 448 933 506 postea,
967 454 1034 493 an
1062 449 1347 508 postquam
1384 440 1632 508 praedixit
1659 441 1818 495 Chri-
1848 444 1894 500 Α
1926 449 2052 494 test.
2076 439 2151 494 Ex
2183 455 2250 494 eo
2285 452 2464 495 autem
2497 441 2637 510 quod
2659 441 2895 495 nondum
2927 442 3228 500 datuserat
3250 442 3508 514 Spiritus,

241 541 360 586 stus
390 530 628 584 futurum
667 543 724 584 ttt
752 541 879 585 ante
909 532 1239 600 gallicinium
1286 541 1368 586 ter
1407 551 1436 587 a
1471 533 1628 588 Petro
1654 549 1820 604 nege-

243 627 354 686 tiir,
409 622 659 690 precibus
691 623 980 690 impetrare
1009 624 1242 693 potuerit
1282 624 1497 685 Petrus.
1527 626 1818 694 quominus

231 714 554 770 vaticinium
580 714 706 766 illud
745 716 1096 785 impleretur;
1135 716 1532 786 respondetque
1569 719 1818 786 precibus

238 805 518 877 prohiberi
549 806 786 876 potuisse
814 807 1048 862 vaticinii
1096 809 1254 879 hujus
1301 808 1574 873 effectum,
1600 811 1645 864 si
1688 811 1816 865 illud

234 901 489 958 Christus
535 902 843 970 juramento
894 918 997 956 non
1042 904 1310 957 ﬁrmasset
1340 921 1355 969 ;
1386 906 1479 959 sed
1514 906 1637 975 quia
1670 904 1818 973 jure-

225 996 471 1066 jurando
535 995 804 1050 ﬁrmatum
865 995 1040 1051 fuerat
1083 1012 1111 1050 a
1170 998 1420 1062 Christo,
1461 1014 1584 1053 eum
1633 1001 1813 1055 dixit:

225 1103 264 1139 ‘t
287 1088 453 1142 Amen
477 1089 596 1140 dico
622 1087 712 1141 tibi
732 1089 802 1151 ὀ,
835 1107 852 1139 ι
889 1087 1002 1142 ﬁeri
1028 1097 1131 1141 non
1164 1091 1401 1157 potuisse
1422 1099 1480 1143 nt
1511 1106 1613 1144 non
1647 1092 1815 1147 dene-

217 1190 413 1250 -garet.
439 1180 654 1234 Falsum
697 1182 746 1235 id
780 1196 1013 1250 quoque,
1043 1196 1166 1235 nam
1209 1182 1421 1236 etiamsi
1468 1194 1616 1237 certo
1652 1201 1815 1253 nega-

220 1282 395 1326 ~turus
429 1273 607 1337 fuerit,
638 1275 804 1340 potuit
846 1286 1020 1328 tamen
1059 1289 1164 1328 non
1218 1286 1434 1341 negare.
1467 1275 1666 1328 Ibidem
1705 1275 1805 1328 Pc-

238 1375 383 1419 trum
440 1384 458 1417 ‹
497 1367 807 1419 derelictum
850 1386 866 1416 ι
919 1365 1084 1420 fuisse
1128 1367 1330 1421 sciscit.
1383 1386 1400 1418 ι
1434 1368 1498 1421 Ει
1536 1368 1814 1436 quoniam,

234 1455 436 1524 inquit,
497 1471 601 1508 non
641 1456 809 1509 solum
845 1456 1273 1519 incoasiderate,
1335 1458 1426 1511 sed
1473 1471 1608 1526 pene
1649 1458 1809 1512 etiam

235 1548 401 1615 impie
432 1547 598 1600 dixit:
627 1547 738 1600 Etsi
761 1565 935 1601 omnes
966 1549 1532 1614 scandalizatifuerint
1548 1552 1600 1603 in
1626 1561 1693 1616 te,
1714 1567 1807 1619 ego

215 1651 341 1696 'non
360 1642 841 1708 scandalizabor“,
863 1657 960 1696 nec
989 1642 1235 1711 cogitans
1259 1641 1523 1696 lubricam
1561 1653 1807 1697 naturam

237 1731 550 1796 humanam,
586 1747 836 1802 magnum
887 1732 1108 1801 protulit
1147 1734 1369 1786 verlnnn
1404 1749 1416 1786 :
1459 1733 1579 1787 ideo
1613 1747 1714 1787 nec
1747 1733 1811 1785 ad

1923 533 2059 585 falso
2102 532 2373 586 concludit
2419 549 2692 586 ncnnncm
2737 535 2976 603 potuisse
3015 537 3195 592 dicere
3225 538 3508 592 Dominum

1920 622 2103 678 Jesum
2137 624 2189 677 in
2219 623 2422 693 Spiritu
2454 635 2640 679 sancto
2667 641 2681 688 ;
2704 627 2950 694 quamvis
2971 629 3112 681 enim
3144 628 3379 684 nondum
3411 630 3509 684 da-

1924 715 2224 770 tusl'uisset
2277 717 2516 786 Spiritus
2563 727 2786 772 sanctus
2816 717 2963 789 larga
3019 720 3108 772 illa
3160 729 3215 774 et
3269 721 3506 775 mirabili

1923 808 2201 874 missione,
2238 824 2342 877 qua
2381 809 2640 877 apostolis
2680 809 2892 864 infusus
2933 819 3019 864 est
3073 813 3124 864 in
3163 811 3507 872 Pentecosic,

1920 898 2079 953 datus
2109 911 2283 952 tamen
2315 900 2492 954 fuerat
2519 902 2627 953 alio
2664 902 2824 956 modo
2849 902 2984 956 viris
3002 901 3162 970 juslis
3187 913 3312 957 ante
3352 904 3508 957 Chri-

1919 991 1987 1046 sti
2015 1001 2217 1059 ortum,
2255 1003 2309 1046 et
2364 993 2491 1046 dum
2529 994 2673 1047 inter
2724 995 2971 1050 homines
3019 1005 3238 1064 ageret,
3271 1007 3326 1050 et
3358 1007 3508 1066 post-

1917 1099 2078 1154 quam
2106 1086 2158 1139 in
2204 1087 2402 1140 ctrlum
2440 1101 2500 1140 se
2543 1087 2768 1156 recepit.
2814 1087 3080 1142 Praeclara
3109 1098 3193 1142 est
3219 1089 3504 1162 Augusnni

1918 1176 1987 1229 de
2013 1190 2076 1230 ea
2133 1191 2193 1230 re
2237 1177 2551 1230 dissertatio
2611 1186 2827 1232 tractat.
2901 1195 3048 1232 xxxn
3095 1181 3149 1231 in
3200 1179 3505 1245 Joan.,ubi

1918 1265 2152 1319 ostendit
2172 1267 2299 1335 quid
2344 1277 2678 1336 postremam
2717 1267 2855 1321 hanc
2901 1269 3042 1321 inter
3070 1267 3306 1336 Spiritus
3332 1268 3505 1322 sancti

1921 1356 2236 1410 missionem
2288 1357 2532 1426 aliasque
2555 1360 2898 1427 superiorum
2939 1370 3240 1428 temporum
3268 1360 3501 1413 intersit.

1918 1447 2085 1516 igitur
2130 1462 2252 1503 cum
2284 1450 2560 1504 Christum
2615 1450 2833 1519 negavit
2880 1452 3092 1514 Petrus,
3132 1453 3232 1506 etsi
3270 1453 3506 1505 nondmn

1915 1543 2076 1596 datus
2107 1542 2296 1598 fuisset
2339 1543 2584 1613 Spiritus
2611 1556 2831 1600 sanctus
2868 1546 3095 1600 solemni
3139 1546 3227 1600 illa
3261 1557 3314 1600 et
3347 1561 3505 1614 aspe-

1916 1633 2098 1687 ctabili
2129 1635 2386 1689 tn'lSsione
2415 1652 2536 1705 qua:
2560 1637 2612 1689 in
2647 1635 2968 1691 Pentecoste
2989 1637 3503 1706 contigit,suppctc-

1916 1724 2010 1780 bat
2033 1725 2132 1794 ipsi
2164 1735 2342 1781 tamen
2376 1729 2550 1796 gratia
2589 1729 2794 1792 divina,
2825 1746 2921 1798 per
2963 1730 3225 1797 Spiritum
3254 1743 3501 1784 sanetum

233 1821 509 1876 modicum
556 1832 638 1876 est
667 1823 978 1886 derelictus,
1027 1834 1086 1877 ut
1119 1825 1326 1879 scilicet
1372 1824 1687 1894 denegaret,
1723 1824 1806 1880 vel
1843 1828 1884 1887 Β
1913 1827 2153 1888 erogata,
2186 1835 2291 1888 qua
2321 1820 2598 1875 Christum
2625 1823 2868 1893 neglecto
2912 1824 3101 1878 mortis
3135 1825 3374 1893 periculo
3407 1840 3502 1889 po-

232 1915 402 1969 semel
429 1914 722 1985 denegaret
750 1931 763 1978 ;
790 1917 882 1969 sed
908 1915 1264 1970 abundantius
1297 1917 1711 1985 derelinquitur,
1749 1927 1806 1970 ut

233 2018 322 2062 ter
365 2010 673 2081 denegaret.
720 2032 738 2062 ι
785 2008 1434 2080 Suhjungitpostmodum
1483 2011 1678 2064 inelius
1701 2010 1802 2064 sibi

203 2102 606 2158 'consulturum
668 2103 832 2157 fuisse
884 2102 1138 2165 Petrum,
1185 2103 1226 2155 si
1276 2113 1558 2172 perspecta
1604 2113 1808 2157 natum

232 2196 483 2250 humana:
513 2195 914 2261 imbecillitate,
945 2211 1064 2264 qter
1114 2205 1304 2264 suapte
1350 2197 1396 2249 vi
1440 2207 1492 2251 et
1543 2197 1807 2252 industria

228 2289 433 2343 Christi
487 2303 677 2342 nomen
730 2289 970 2358 proﬁteri
1032 2304 1373 2359 nequaquam
1428 2299 1626 2358 potest,
1684 2299 1806 2345 eum

228 2388 463 2448 orasset,
497 2386 554 2434 ut
581 2382 943 2436 necessariam
978 2381 1045 2436 ad
1083 2383 1134 2434 id
1179 2383 1408 2450 gratiam
1457 2383 1558 2435 sibi
1590 2382 1806 2437 confer-

230 2483 333 2527 ret.
361 2468 572 2542 Optime
604 2474 653 2527 id
675 2474 909 2542 quidem,
928 2474 1020 2528 sed
1045 2475 1234 2527 vitiosa
1254 2484 1378 2528 sunt
1409 2489 1529 2543 qua:
1570 2489 1807 2543 sequun-

204 2565 322 2619 'tur
359 2569 423 2620 :‘t
463 2565 572 2620 Nec
638 2566 804 2629 enim,
853 2566 1046 2635 inquit,
1116 2575 1326 2635 poterat
1387 2566 1503 2621 ﬁeri
1567 2579 1624 2620 ut
1667 2567 1806 2622 facta

230 2657 654 2726 interrogatione
680 2657 944 2727 potuisset
975 2657 1156 2712 dicere
1203 2657 1481 2711 Dominum
1527 2656 1711 2712 Jesum
1747 2658 1801 2713 in

229 2749 432 2817 Spiritu
463 2759 673 2815 sancto,
699 2761 788 2802 aut
815 2749 1096 2804 confessus
1145 2749 1362 2815 fuisset,
1406 2765 1527 2804 cum
1572 2749 1804 2821 Spiritus

226 2850 447 2894 sanctus
475 2843 708 2895 nondum
744 2840 934 2895 fuisset
990 2843 1166 2896 datus.
1205 2861 1223 2893 ι
1257 2843 1436 2911 Atque
1487 2845 1600 2897 lucc
1640 2844 1805 2898 αὐτο-

225 2928 372 2995 λεξεὶ
396 2933 590 3001 repetit
617 2931 843 2986 inferius
877 2946 1025 2984 num.
1052 2933 1172 2997 1M,
1209 2949 1330 3003 pag.
1368 2934 1493 2999 9l2,
1523 2944 1576 2988 et
1609 2949 1802 2988 novum

201 3025 450 3090 'insnpcr
477 3023 671 3092 dogma
715 3023 999 3092 congerit:
1046 3043 1064 3073 α
1119 3026 1493 3080 Abundantius
1551 3027 1804 3081 conside-

227 3127 414 3171 rantes
462 3115 603 3170 Petri
655 3117 1030 3185 negationem,
1073 3117 1301 3171 dicimus
1354 3121 1606 3185 quoniam
1649 3117 1798 3173 riemo

201 3211 392 3276 potest
416 3207 589 3259 dicere
623 3206 901 3259 Dominum
924 3205 1242 3270 Jesum,nisi
1283 3209 1335 3262 in
1363 3208 1563 3276 Spiritu
1595 3220 1796 3274 sancto,

224 3301 365 3354 sicut
387 3299 576 3352 Paulus
604 3313 700 3353 nos
732 3299 984 3354 docet”:
1014 3310 1060 3354 et
1086 3302 1316 3353 nondum
1346 3312 1456 3354 erat
1482 3312 1608 3354 tunc
1630 3303 1680 3355 in
1708 3303 1804 3356 hu-

225 3392 461 3445 minibus
482 3392 706 3460 Spiritus
725 3405 958 3457 sanctus,
977 3395 1222 3463 quoniam
1251 3393 1406 3447 Iesus
1428 3396 1671 3447 nondum
1689 3395 1804 3463 fue-

223 3491 309 3536 rat
357 3484 752 3552 honori/icatus,
794 3489 933 3539 sicut
979 3485 1107 3538 dicit
1151 3485 1387 3539 Joannes
1413 3486 1478 3539 9'.
1510 3485 1801 3555 Propterea

223 3575 333 3630 non
374 3588 495 3630 erat
524 3576 793 3646 possibile,
828 3592 999 3646 neque
1027 3577 1182 3631 illum
1213 3577 1372 3632 talem
1410 3577 1626 3632 Petrum
1673 3589 1802 3635 tunc

221 3664 408 3719 Jesum
441 3665 823 3729 conﬁteri,ncc
845 3677 1022 3720 tamen
1047 3669 1519 3737 reprehendendus
1547 3683 1651 3724 non
1673 3685 1804 3725 con-

225 3757 383 3812 fitens
415 3756 617 3812 Jcsum.
651 3759 912 3826 Quoniam
943 3761 1009 3814 ad
1044 3761 1364 3816 conﬁtentes
1409 3763 1604 3816 dicitur
1636 3782 1647 3816 :
1678 3761 1802 3816 Non

220 3853 347 3906 estis
372 3868 455 3905 vos
479 3854 568 3922 qui
594 3853 888 3920 loquimini,
926 3855 1016 3908 sed
1053 3854 1283 3923 Spiritus
1309 3853 1491 3908 Patris
1523 3857 1677 3909 vestri
1712 3857 1802 3927 qui

221 3944 455 4013 loquitur
495 3946 553 3998 iu'
576 3946 715 3998 vobis
733 3947 797 3999 ’³.
815 3945 928 4000 Non
969 3955 1174 4010 autem,
1198 3959 1318 4000 cum
1351 3948 1422 3999 sit
1446 3957 1636 4015 potens
1674 3945 1802 4014 Spi-

226 4039 360 4092 ritus
411 4037 496 4092 ille
545 4038 721 4094 Patris
774 4040 942 4093 nostri
980 4040 1124 4110 loqui
1173 4041 1226 4094 in
1264 4041 1447 4107 nobis,
1499 4053 1552 4095 ct
1593 4051 1714 4095 eum
1747 4043 1800 4096 in

223 4140 407 4185 nosua
469 4133 538 4184 sit
588 4135 852 4200 potestate
901 4132 1081 4186 locum
1126 4133 1258 4187 dare
1289 4133 1339 4187 in
1387 4135 1544 4188 nobis
1570 4135 1800 4205 Spiritui

221 4231 434 4285 sancto,
470 4234 522 4276 et
547 4236 650 4276 non
696 4223 934 4287 diabolo,
969 4224 1014 4277 si
1058 4223 1528 4292 denegaverimus,
1568 4237 1798 4279 excusa-

222 4317 422 4368 tionem
486 4315 648 4368 ullam
687 4309 1021 4370 habebimus.
1047 4323 1088 4366 ἰ
1126 4315 1204 4370 Ac
1257 4317 1508 4384 primum,
1544 4315 1681 4384 quod
1727 4317 1802 4370 ait

218 4404 538 4458 derelictum
595 4403 758 4459 fuisse
803 4403 1040 4465 Petrum.
1075 4420 1183 4460 non
1233 4419 1341 4459 uno
1380 4405 1536 4459 modo
1573 4405 1796 4475 intelligi

1916 1919 2053 1964 terat
2087 1910 2348 1980 proﬁteri.
2378 1911 2532 1966 Ferri
2558 1929 2688 1984 ergo
2723 1931 2832 1968 non
2886 1927 3061 1984 patest
3090 1916 3237 1984 quod
3275 1917 3502 1984 subjicit

1912 2004 2173 2076 Origenes
2217 2027 2229 2061 :
2271 2028 2288 2058 ε
2327 2009 2622 2078 Propterea
2683 2027 2788 2064 non
2836 2021 2956 2064 erat
3007 2012 3295 2080 possibile,
3327 2023 3502 2082 neque

1892 2099 2063 2153 illum
2087 2102 2246 2154 talem
2273 2100 2490 2156 Petrum
2516 2113 2644 2157 tunc
2671 2102 2857 2158 Jesunt
2889 2104 3164 2166 conﬁteri.
3195 2120 3294 2159 nec
3316 2114 3493 2160 tamen

1913 2193 2392 2260 reprehendemlus
2416 2204 2534 2249 erat
2571 2209 2675 2248 non
2725 2197 2992 2251 conlitens
3017 2195 3217 2250 Jesum.
3260 2215 3280 2248 ι
3327 2195 3438 2252 Nec
3467 2214 3496 2251 a

1887 2283 2071 2339 Petro
2100 2286 2271 2340 solum
2304 2295 2429 2339 tunc
2463 2287 2700 2342 abfuisse
2732 2297 2884 2356 putat
2914 2288 3175 2357 Spiritum
3211 2299 3456 2343 sanctum
3480 2330 3495 2353 ,

1887 2377 2262 2432 'sed'adfuisse
2281 2378 2448 2432 etiam
2479 2379 2728 2448 spiritum
2757 2378 2991 2447 Spiritus
3018 2379 3177 2448 hujus
3195 2381 3496 2446 inimicum,

1906 2479 2068 2534 quem
2100 2466 2169 2521 iis
2199 2467 2509 2536 impertitur
2542 2469 2704 2533 Deus,
2740 2485 2881 2538 quos
2919 2485 3025 2539 ope
3059 2487 3164 2526 sua
3215 2471 3499 2527 sublevare

1908 2557 2040 2623 vult,
2080 2557 2237 2612 docet
2296 2558 2436 2612 idem
2499 2569 2627 2614 tom.
2683 2577 2758 2614 χιι
2821 2562 2877 2615 in
2932 2562 3151 2628 Matt/1.,
3185 2579 3352 2618 num.
3401 2563 3495 2630 40,

1907 2664 2029 2720 pag.
2065 2650 2193 2711 suo,
2225 2651 2354 2706 561.

1977 2740 2140 2796 X'Xli.
2171 2740 2553 2797 Verumtamen
2611 2742 2736 2797 licet
2785 2744 3081 2814 aliquando
3133 2746 3330 2802 divinis
3389 2764 3495 2804 non

1907 2847 2066 2901 posse
2095 2836 2366 2888 mandatis
2401 2836 2763 2905 obtemperari
2789 2838 3039 2893 deﬁnire
3069 2840 3217 2894 visus
3247 2843 3339 2908 sit,
3361 2856 3495 2896 con-

1907 2927 2134 2980 trarium
2186 2937 2362 2982 tamen
2421 2929 2620 2982 occinit
2655 2932 2797 2984 hum.
2825 2932 2858 2985 9
2901 2931 2954 2984 in
2992 2930 3180 2996 J'osue,
3226 2949 3377 2988 num.
3407 2934 3441 2988 9
3473 2951 3489 2990 :

1912 3035 1932 3068 ι
1965 3019 2178 3084 Annon,
2225 3019 2416 3090 inquit,
2455 3021 2551 3075 tibi
2594 3022 2810 3076 videtur
2837 3023 2977 3077 inter
3010 3025 3263 3078 mulieres
3309 3025 3496 3080 existi—

1908 3113 2139 3167 mandus
2170 3111 2394 3177 ille'vir,
2423 3114 2513 3182 qui
2552 3112 2686 3166 dicit
2726 3111 2886 3169 :Non
2935 3130 3150 3184 possum
3197 3117 3496 3173 observare

1907 3221 2027 3273 qua:
2058 3207 2260 3276 scripta
2295 3216 2442 3270 sunt,
2474 3208 2855 3276 venderequ
2885 3209 3079 3271 habeo,
3112 3220 3167 3262 et
3192 3212 3322 3264 dare
3358 3225 3494 3278 pau-

1903 3298 2120 3366 peribus
2150 3313 2252 3354 non
2283 3313 2594 3368 possum....
2619 3312 2815 3354 czetera
2853 3301 3051 3354 similia
3079 3303 3494 3370 quia-mandan-

1885 3397 2012 3451 tur,
2041 3390 2130 3457 qui
2164 3390 2294 3444 dicit
2325 3391 2548 3460 implere
2572 3406 2676 3444 non
2717 3407 2954 3460 possum,
2986 3394 3114 3462 quid
3149 3393 3242 3447 tibi
3275 3395 3494 3449 videtur

1904 3479 2072 3544 aliud,
2103 3496 2264 3548 quam
2295 3482 2435 3536 inter
2460 3483 2734 3548 mulieres,
2754 3499 2874 3552 quae
2901 3484 3031 3538 nihil
3060 3485 3216 3540 virile
3235 3497 3491 3555 possunt,

1902 3585 2025 3625 esse
2075 3575 2440 3627 numerandus
2482 3575 2505 3627 ‘l
2538 3593 2556 3625 ι
2619 3584 2672 3628 et
2704 3585 2835 3630 tom.
2869 3592 2958 3630 le
2996 3579 3052 3628 in
3089 3576 3308 3642 Matth"
3339 3593 3490 3633 num.

1900 3660 1993 3726 25,
2027 3672 2082 3715 et
2117 3673 2250 3717 toni.
2295 3679 2384 3727 xv,
2429 3680 2579 3718 mnn.
2622 3665 2677 3731 5,
2715 3681 3154 3736 unumquemque
3202 3669 3333 3722 dicit
3386 3671 3493 3723 im-

1903 3765 2120 3823 petrare
2148 3767 2309 3821 posse
2337 3769 2365 3806 a
2392 3754 2500 3808 Deo
2529 3757 2727 3811 donum
2761 3759 3048 3824 castitatis,
3068 3771 3072 3774 '
3092 3760 3344 3826 quamvis
3371 3761 3493 3815 uni-

1903 3848 2098 3918 cuique
2127 3863 2445 3905 concessum
2479 3867 2583 3906 non
2639 3853 2730 3906 sit.
2782 3851 3062 3922 Repuguat
3103 3864 3363 3922 praeterea
3406 3871 3491 3911 su-

1902 3955 1997 4010 pra
2032 3957 2061 3994 a
2105 3940 2260 3996 nobis
2289 3956 2583 4010 expensum
2637 3945 2854 4013 dogma,
2895 3959 3003 4013 quo
3040 3945 3220 4013 j-ustos
3255 3946 3491 4012 ἀπαθεῖς

1903 4047 2024 4088 esse
2063 4033 2269 4098 tradit;
2302 4047 2425 4086 nam
2461 4049 2583 4088 cum
2627 4049 2693 4087 ex
2734 4037 2900 4089 variis
2932 4038 3277 4104 testimoniis,
3301 4040 3494 4108 ipsius-

1903 4139 2028 4194 que'
2049 4125 2211 4178 etiam
2262 4123 2573 4195 Hieroaymi
2609 4128 2940 4184 auctoritate
2963 4151 2968 4156 ί
2991 4132 3406 4198 probaverimus
3433 4133 3486 4187 in

1912 4217 2016 4270 hoc
2075 4218 2294 4284 errore}
2316 4228 2587 4272 versatum
2642 4217 2934 4289 Origeut-m
2960 4237 2983 4284 ,'
3005 4224 3274 4289 quomodo
3332 4223 3487 4278 alteri

1904 4307 2050 4373 huic,
2083 4323 2244 4378 quem
2271 4309 2680 4378 investigamus,
2707 4312 2988 4366 adhaerere
3015 4315 3207 4382 potuit,
3231 4313 3485 4369 mandata

1904 4399 1997 4455 Dei
2049 4402 2231 4456 omnia
2278 4417 2346 4456 ne
2400 4404 2486 4456 vix
2527 4403 2994 4472 quidem-servari
3043 4408 3249 4476 posse?
3283 4421 3405 4460 nam
3441 4409 3484 4461 si

220 4505 431 4565 potest;
460 4512 580 4549 nam
613 4497 692 4551 vel
720 4497 865 4551 omni
896 4499 1084 4568 gratiae
1137 4495 1429 4566 cujuslibet
1462 4498 1663 4551 auxilio
1702 4501 1790 4552 de‘
1833 4522 1878 4577 υ
1903 4495 2108 4548 servari
2142 4495 2396 4548 mandata
2429 4510 2533 4548 non
2569 4506 2992 4564 possunt,nemo
3008 4508 3192 4566 potest
3215 4498 3487 4552 mandatis

217 4587 464 4643 stitutum
494 4589 661 4643 luisse
685 4590 818 4650 vult,
846 4589 999 4659 cujus
1021 4589 1206 4660 gratia:
1236 4603 1356 4658 ope,
1385 4599 1567 4658 Spreto
1601 4590 1792 4645 mortis

218 4689 428 4734 terrore
454 4680 726 4735 Christum
770 4692 955 4751 aperte
1002 4681 1243 4735 conﬁteri
1292 4681 1555 4748 potuisset
1585 4697 1598 4732 :
1630 4692 1792 4750 atque

217 4772 343 4826 huic
363 4773 642 4827 sententia:
669 4789 790 4827 cum
823 4773 1047 4826 solemni
1077 4787 1249 4826 sacrae
1279 4770 1552 4825 facultatis
1591 4771 1792 4825 theolo-

215 4865 348 4936 gica:
385 4863 709 4919 Parisiensis
760 4865 976 4920 decreto
1025 4865 1378 4926 temeritatis,
1410 4863 1706 4932 impietatis
1741 4871 1796 4917 et

215 4957 482 5011 hzcreseos
531 4965 652 5009 nota
691 4957 863 5010 inusta
908 4957 998 5021 sit,
1058 4971 1199 5010 anno
1233 4955 1397 5017 1656,
1441 4955 1793 5009 temerarium

210 5063 430 5117 quoque
455 5059 596 5101 esset
622 5058 674 5101 et
706 5048 924 5116 impium
951 5048 1056 5101 ulla
1087 5063 1204 5102 eam
1235 5046 1581 5101 cavillatione
1611 5055 1665 5100 et
1703 5062 1793 5099 ar—

211 5149 468 5208 gnmcnto
495 5140 632 5192 tueri
666 5155 680 5191 :
710 5137 791 5191 vel
816 5139 866 5192 ei
892 5138 1124 5192 defuisse
1155 5146 1339 5191 censet
1365 5152 1469 5190 non
1498 5137 1792 5190 vehemen-

211 5241 317 5283 tem
354 5229 525 5283 solum
553 5229 695 5283 illam
729 5230 819 5282 Dei
870 5229 1278 5298 aSpirationem,
1315 5237 1369 5282 et
1393 5227 1629 5280 divinam
1658 5225 1786 5296 Θερ-

213 5323 439 5393 μότητα,
467 5338 570 5392 qua
609 5321 867 5389 impulsus
891 5322 942 5374 in
981 5322 1185 5374 medios
1218 5336 1335 5374 sose
1379 5320 1574 5372 ﬂuctus
1603 5320 1792 5387 pracci-

213 5417 494 5480 pitaverat.
528 5424 582 5469 et
624 5414 912 5468 satellitum
972 5423 1202 5466 turmam
1257 5414 1448 5466 stricto
1474 5413 1652 5480 gladio
1696 5427 1792 5479 pro

211 5508 426 5560 Christo
453 5515 756 5560 certaturus
787 5507 1092 5570 invaserat,
1131 5506 1222 5558 sed
1265 5505 1453 5574 gratia:
1487 5507 1651 5558 etiam
1680 5503 1792 5558 eili-

213 5601 350 5652 cacis
381 5600 676 5658 auxilium;
715 5609 876 5667 atque
902 5599 951 5650 id
982 5608 1128 5651 recte
1164 5607 1218 5651 et
1246 5596 1514 5651 catholice
1549 5595 1653 5649 dici
1695 5609 1791 5663 po-

275 5785 320 5816 ”
351 5784 536 5839 .iiattlt.
570 5800 714 5848 xxvt,
738 5782 807 5838 δι
880 5783 920 5815 ⁹¹
957 5785 1108 5850 ibi:l.,
1135 5784 1224 5838 55.
1304 5786 1347 5817 9'
1397 5782 1414 5836 Ι
1448 5784 1569 5839 Cor.
1612 5799 1720 5848 xu,
1759 5784 1809 5839 '5.

1906 4602 2009 4639 non
2035 4585 2322 4656 refragari,
2363 4602 2422 4641 ac
2449 4602 2606 4642 nemo
2633 4588 2855 4657 proinde
2882 4597 3055 4657 potest
3087 4604 3210 4643 ιιοη³
3232 4605 3483 4658 peccare.

1901 4678 2032 4744 Quae
2069 4695 2189 4732 cum
2219 4695 2284 4732 ex
2337 4681 2564 4733 adverso
2607 4681 2848 4750 opposita
2901 4695 3023 4735 esse
3057 4682 3365 4746 videantur,
3404 4685 3488 4738 sic

1901 4771 2192 4825 conciliata
2228 4772 2296 4824 ab
2335 4772 2431 4824 illo
2471 4771 2636 4826 fuisse
2684 4775 2962 4841 suspicor,
3006 4773 3238 4838 ἀπαθεῖς
3267 4777 3484 4844 quidem

1901 4874 2021 4915 esse
2067 4863 2243 4929 justos
2293 4862 2541 4917 homines
2582 4877 2644 4918 ac
2689 4865 3202 4934 perfectos,-posse
3246 4881 3343 4922 eos
3377 4884 3484 4923 non

1905 4968 2153 5021 peccare,
2191 4955 2387 5008 divinis
2421 4955 2624 5025 legibus
2661 4971 2851 5025 parere
2881 4973 3039 5026 posse
3071 4977 3085 5024 ;
3119 4959 3362 5028 reliquos
3393 4976 3487 5016 ve-

1906 5060 1968 5098 ro
1991 5045 2238 5099 homines
2267 5057 2534 5114 praecepta
2568 5048 2748 5100 omnia
2771 5063 2994 5103 servare
3020 5066 3123 5103 non
3156 5066 3483 5120 possemam

1907 5156 1926 5188 t
1955 5137 2082 5190 illud
2100 5137 2352 5206 Origenis
2376 5140 2648 5206 proprium
2674 5158 2692 5191 ι
2714 5139 2877 5194 fuisse
2895 5142 3113 5196 tradidit
3131 5142 3486 5216 Hieronymus

1901 5244 2129 5299 pronam.
2158 5228 2366 5300 Dialog.
2388 5231 2591 5284 advers.
2628 5231 2834 5301 Pelag.,
2855 5253 2873 5284 ‹
2912 5236 3245 5304 impossibile
3282 5247 3364 5292 est
3385 5239 3483 5292 hn-

1901 5337 2117 5374 manatn
2152 5339 2178 5373 a
2217 5323 2483 5392 principio
2518 5339 2689 5393 usque
2723 5326 2788 5378 ad
2842 5335 3069 5382 ntortcm
3102 5345 3208 5382 non
3258 5344 3486 5398 peccare

1900 5421 2150 5467 naturam
2186 5431 2198 5467 :
2230 5425 2285 5468 et
2318 5430 2535 5468 rursum
2575 5427 2696 5471 esse
2729 5419 3009 5486 possibile,
3039 5436 3160 5474 cum
3193 5436 3252 5474 se
3289 5421 3484 5490 aliquis

1901 5507 1967 5558 ad
2006 5505 2226 5559 meliora
2253 5508 2609 5573 converterit,
2632 5509 2698 5562 ad
2722 5519 2928 5562 tantam
2958 5510 3330 5565 fortitudinem
3359 5527 3481 5579 per-

1896 5596 2107 5663 venire,
2133 5607 2190 5650 ut
2217 5597 2357 5652 ultra
2395 5614 2622 5667 peccare
2654 5616 2758 5653 non
2789 5603 2982 5670 possit.
3010 5621 3029 5652 ι
3053 5603 3270 5657 Petrum
3297 5612 3477 5658 autem

1891 5781 1936 5814 ⁸³
1964 5781 2116 5839 Ioan.
2153 5798 2260 5851 vn,
2307 5783 2394 5839 59.
2471 5785 2518 5817 ³⁵
2556 5785 2745 5842 Matth.
2774 5803 2827 5852 at,
2862 5786 2948 5840 9.0.
