3834 6226
372 316 488 393 oss
1664 328 1724 383 ι).
1765 322 2080 383 DANIEIJS
2113 320 2347 378 llUE'Ill
2678 373 2682 376 ,
3544 315 3655 371 θοι
3750 101 3797 359 1

382 453 467 509 vel
493 454 727 507 nondum
762 451 928 507 fuisse
958 449 1253 520 perfectum
1272 450 1505 516 censuit,
1527 463 1648 504 cum
1682 446 1961 503 Christum
1994 448 2039 505 Α
2068 450 2143 507 to,
2183 454 2309 496 cum
2344 439 2464 494 sine
2508 437 2766 507 operibus
2789 432 2962 490 utiosa
2995 443 3079 489 est
3109 432 3273 499 ﬁdes;
3306 430 3441 486 adeo
3477 441 3537 483 ut
3580 434 3656 484 ita

325 610 330 614 _
385 547 642 617 negavit;
676 554 898 613 accepto
946 556 1128 597 autem
1180 552 1370 598 sancto
1402 541 1609 611 Spiritu
1646 540 1815 596 fuisse
1844 556 1967 610 per-
2069 542 2113 593 si
2168 537 2572 608 intelligendus,
2609 547 2770 605 posse
2797 531 3087 602 aliquando
3128 528 3443 591 hominem,
3471 527 3657 595 qualis

388 640 583 693 fectum
615 648 668 693 et
699 636 911 706 ἀπαθῆ,
940 636 1021 689 vel
1056 644 1276 705 prapler
1307 635 1579 687 firmatam
1610 631 1968 703 jurejurando

384 724 589 778 Christi
618 725 1058 777 vaticinationem
1087 722 1153 775 de
1183 721 1362 775 futuro
1385 722 1556 792 ipsius
1578 731 1820 791 peccato,
1841 736 1968 788 pec-

387 825 565 869 catum
594 816 765 870 vitare
797 831 905 869 non
945 815 1204 884 potuisse.
1226 813 1378 880 Quod
1418 824 1597 868 autem
1626 813 1702 867 ait
1732 829 1744 865 :
1784 831 1802 864 ι
1826 813 1968 880 Quo-

389 906 532 959 niam
561 920 782 960 necesse
802 914 919 959 erat
944 905 1060 958 ﬁeri
1091 906 1231 974 quod
1262 905 1576 973 przedictum
1595 914 1757 959 erata
1780 904 1961 967 Jesun

390 996 458 1050 ab
497 996 792 1064 interprete
860 994 1160 1064 profectum
1214 994 1382 1049 fuisse
1438 1006 1641 1064 putem,
1691 1010 1813 1049 nam
1845 996 1967 1049 Ori-

391 1104 563 1158 genes
594 1099 722 1143 tom.
755 1104 811 1141 ιιι
848 1088 1139 1142 Comment.
1186 1088 1239 1141 in
1296 1086 1506 1153 Genes.,
1557 1103 1706 1143 num.
1752 1087 1806 1152 6,
1843 1102 1968 1156 pag.

399 1180 480 1241 Il,
534 1178 691 1231 aliter
746 1178 927 1230 sentit.
987 1176 1159 1231 Verba
1206 1174 1325 1243 ejus
1353 1184 1476 1229 sunt
1517 1193 1530 1229 :
1572 1175 1647 1229 Οὐ
1696 1175 1802 1247 γὰρ
1846 1176 1970 1229 ἐπεὶ

391 1268 899 1337 ἐγνωσται,γίνεται
920 1284 933 1297 ·
954 1267 1066 1322 ἀλλ’
1098 1267 1233 1319 ἐπεὶ
1257 1267 1500 1336 γίνεσθαι
1533 1254 1777 1339 ἔμελλεν,
1804 1268 1972 1337 ἐγνω-

394 1374 535 1410 σται.
578 1358 873 1427 Διαστολῆς
915 1357 970 1410 δὲ
1023 1356 1209 1409 δεῖται.
1243 1358 1304 1409 El
1347 1358 1445 1428 μὲν
1484 1358 1592 1428 γὰρ
1633 1358 1714 1425 τὸ,
1755 1359 1971 1422 πάντως

391 1448 564 1511 ἔσται,
600 1448 739 1501 οὕτω
777 1466 860 1512 τις
890 1447 1201 1520 ἐρμηνεύει,
1240 1449 1315 1512 ὡς
1365 1449 1607 1520 ἀνάγκην
1642 1445 1777 1504 εἶναι
1821 1451 1972 1520 γενέ-

394 1541 518 1595 σθαι
547 1542 606 1594 τὸ
641 1541 1088 1613 προεγνωσμένον
1108 1582 1122 1605 ,
1168 1541 1231 1594 οὐ
1269 1540 1519 1612 διδόαμεν
1562 1541 1711 1613 αὐτῷ
1733 1560 1746 1573 ·
1771 1543 1832 1595 οὐ
1862 1542 1971 1615 γὰρ

394 1632 645 1704 ἐροῦμεν,
689 1634 809 1685 ἐπεὶ
862 1634 1236 1703 προέγνωσται
1271 1632 1470 1688 Ἰούδαν
1517 1633 1784 1706 προδότην
1817 1634 1973 1703 γενέ-

396 1726 540 1789 σθαι,
560 1727 641 1778 ὅτι
667 1726 813 1777 πᾶσα
848 1724 1057 1794 ἀνάγκη
1077 1720 1146 1794 ἦν
1174 1724 1373 1779 Ἰούδαν
1400 1727 1667 1798 προδότην
1694 1727 1965 1794 γενέσθαι.

2070 635 2207 689 latro
2242 634 2364 698 fuit,
2393 632 2599 687 Christi
2632 632 2686 685 in
2722 637 2966 685 extremo
2993 624 3260 695 supplicio
3305 624 3515 685 socius,
3534 622 3654 677 sola

2070 728 2174 782 ﬁde
2198 724 2503 794 jnstiﬁcari,
2544 721 2690 776 nullo
2720 721 2882 775 etiam
2934 716 3230 774 accedente
3268 730 3434 785 opere
3466 714 3653 776 bono;

2072 819 2284 885 quando
2316 817 2525 872 scilicet
2559 813 2792 869 faciendi
2822 812 2944 882 ejus
2970 813 3094 867 data
3132 825 3240 864 non
3275 819 3360 864 est
3390 807 3653 868 facultas,

2069 907 2153 962 vel
2190 907 2443 963 occasio:
2488 925 2507 957 ι
2550 904 2763 959 Initium
2820 898 3357 972 namquejustificari
3388 913 3419 951 a
3452 896 3590 962 Deo,
3630 916 3649 947 ι

2068 999 2331 1070 Origenes
2360 996 2455 1053 lib.
2477 1011 2528 1051 tv
2561 1004 2845 1065 sequente,
2870 1010 3020 1051 num.
3048 995 3101 1055 ‘l.
3128 1007 3250 1062 pag.
3288 990 3415 1051 523,
3452 1009 3471 1040 ι
3518 989 3656 1042 ﬁdes

2068 1102 2152 1146 est
2184 1107 2303 1158 quae
2348 1089 2525 1145 credit
2564 1089 2618 1142 in
2658 1086 3050 1157 justificantem
3075 1101 3091 1140 :
3121 1093 3176 1137 et
3204 1084 3318 1137 haec
3360 1082 3496 1134 ﬁdes
3525 1095 3653 1133 cum

2062 1184 2356 1255 iustificata
2399 1182 2580 1248 fuerit,
2601 1189 2856 1249 tanquam
2878 1177 3032 1232 radix
3053 1178 3226 1231 imbre
3250 1183 3507 1243 suscepto
3540 1171 3654 1225 ha:-

2068 1277 2236 1333 retin
2276 1274 2470 1328 animae
2512 1271 2659 1335 solo,
2710 1278 2768 1325 ut
2802 1284 2925 1323 cum
2976 1283 3073 1337 per
3110 1266 3283 1337 legem
3339 1263 3431 1318 Dei
3475 1261 3654 1317 excoli

2070 1367 2319 1438 coeperit,
2348 1374 2571 1435 surgant
2601 1365 2653 1418 in
2690 1376 2752 1416 ea
2783 1361 2919 1415 rami
2947 1359 3037 1428 qui
3068 1359 3276 1411 fructus
3312 1370 3541 1424 operum
3570 1354 3653 1408 fe-

2069 1470 2211 1517 rant.
2230 1456 2343 1514 Non
2367 1472 2497 1527 ergo
2523 1473 2589 1511 ex
2614 1454 2867 1526 operibus
2898 1452 3045 1507 radix
3072 1449 3317 1519 justitiae,
3343 1448 3436 1503 sed
3464 1462 3537 1501 et
3564 1462 3657 1499 ra-

2068 1552 2191 1608 dice
2212 1550 2439 1619 justitize
2475 1548 2683 1602 fructus
2710 1560 2934 1615 operum
2965 1543 3180 1607 crescit,
3206 1559 3224 1592 ι
3260 1550 3316 1595 et
3354 1538 3519 1609 paulo
3556 1554 3655 1593 sn-

2068 1644 2249 1711 perius
2278 1655 2398 1711 pag.
2443 1637 2548 1693 522
2579 1654 2591 1689 :
2628 1654 2647 1687 ι
2679 1635 2796 1689 Jam
2826 1649 2957 1689 sane
2979 1630 3343 1688 considerabis
3370 1669 3387 1695 ,
3420 1629 3466 1683 si
3503 1638 3563 1681 ut
3588 1627 3658 1681 de

2070 1730 2175 1785 ﬁde
2200 1729 2399 1783 dictum
2426 1735 2532 1791 est,
2552 1725 2676 1795 quia
2703 1733 3001 1791 reputatum
3029 1731 3101 1775 est
3133 1722 3180 1773 ei
3208 1719 3277 1773 ad
3298 1718 3571 1787 justitiam
3584 1718 3654 1776 θ’,

398 1816 922 1886 Sequentiaquoqlte
955 1817 1143 1871 eodem
1167 1815 1401 1871 faciunt.
1424 1817 1774 1873 Commodam
1805 1818 1969 1873 etiatn
2005 1812 2047 1868 Β
2075 1824 2144 1877 ita
2199 1832 2254 1877 et
2286 1822 2355 1877 de
2400 1821 2524 1874 aliis
2573 1818 2865 1872 virtutibus
2910 1815 3018 1869 dici
3059 1813 3253 1882 possit,
3300 1812 3453 1882 quia,
3499 1810 3657 1864 verbi

397 1909 690 1962 admittunt
727 1908 1142 1976 esplicationem
1198 1922 1317 1976 quae
1362 1909 1605 1963 subnexa
1643 1918 1772 1963 sunt
1801 1910 1853 1964 in
1877 1925 1971 1964 eu-

364 2018 369 2025 ·
399 2000 519 2052 dem
545 1995 934 2058 Commentario
958 1998 1013 2050 in
1036 1996 1364 2062 .‘llattlueum,
1401 2005 1615 2051 tractat.
1636 2013 1799 2059 xxxv,
1824 2013 1971 2052 num.

396 2089 488 2155 88,
545 2105 667 2158 pag.
718 2089 843 2153 901,
904 2090 1019 2143 fieri
1071 2104 1177 2142 non
1228 2091 1470 2157 potuisse
1523 2100 1580 2145 ut
1628 2089 1819 2144 Petrus
1869 2105 1974 2144 non

399 2191 669 2251 peccaret,
707 2190 991 2249 postquam
1030 2182 1351 2234 vaticinium
1398 2195 1554 2235 suum
1592 2179 1973 2251 jurejurando,

401 2275 581 2339 Amen,
614 2272 865 2327 Christus
890 2271 1256 2326 confirmavit.
1279 2272 1412 2327 Nam
1434 2271 1517 2335 τὸ,
1542 2272 1660 2340 ﬁeri
1678 2288 1852 2339 posse,
1878 2271 1978 2324 du-

400 2363 525 2432 plici
546 2363 703 2417 modo
732 2364 1022 2418 enuntiare
1055 2364 1245 2419 Graece
1271 2364 1446 2434 potuit
1479 2364 1743 2434 Origenes
1769 2357 1895 2431 οἶόν,
1915 2380 1976 2416 τε

400 2451 562 2519 εἶναι,
600 2464 655 2509 et
677 2454 901 2509 δυνατὸν
928 2451 1095 2509 εἶναι’
1138 2471 1371 2525 quorum
1410 2456 1561 2525 prior
1590 2455 1830 2510 excludit
1879 2470 1977 2510 ne-

398 2548 734 2611 cessitatem,
787 2556 843 2599 et
901 2562 1022 2600 cum
1068 2546 1323 2601 libertate
1376 2545 1444 2599 ad
1486 2545 1769 2614 opposita,
1802 2552 1861 2599 ut
1902 2546 1981 2598 Io-

402 2644 645 2704 qnuutur
703 2634 1017 2698 consentit;
1074 2635 1341 2704 posterior
1398 2647 1531 2687 vero
1600 2632 1980 2687 necessitatem

366 2754 373 2761 π
403 2730 654 2793 includit,
682 2739 737 2783 et
766 2729 1074 2782 libertatem
1108 2726 1372 2781 excludit.
1399 2726 1777 2781 Distinctionis
1821 2726 1981 2796 hujus

406 2831 779 2891 argumentum
806 2835 1024 2874 arcesso
1046 2835 1076 2874 e
1112 2819 1232 2872 lihr.
1280 2835 1317 2873 ιι
1352 2829 1533 2872 contra
1564 2818 1794 2882 Celsum,
1832 2835 1980 2874 num.

406 2916 494 2973 18.
536 2915 626 2968 ubi
662 2915 741 2967 sic
771 2914 837 2968 de
869 2913 1107 2980 ejusdem
1153 2910 1305 2965 Iudae
1353 2911 1656 2978 proditione
1696 2920 1751 2964 et
1778 2910 1981 2964 Christi

405 3005 660 3060 vaticinio
690 3004 924 3071 loquitur
956 3019 969 3054 :
994 3003 1104 3073 Οὐχ
1125 3001 1234 3055 οἶόν
1257 3019 1317 3054 τε
1337 2998 1403 3074 ἦν
1428 3000 1551 3054 οὔτε
1588 3001 1680 3055 τὸν
1706 2999 1985 3070 ἐγνωσμέ-

2075 1914 2271 1985 gratia,
2311 1911 2684 1967 misericordia
2736 1908 3028 1977 unicuique
3078 1904 3313 1973 reputari
3357 1910 3542 1970 potest
3594 1901 3663 1953 ad

2069 2007 2364 2076 justitiam,
2389 2013 2481 2058 aut
2525 2001 2813 2071 sapientia,
2846 2010 2938 2053 aut
2986 1998 3233 2061 scientia,
3266 2005 3359 2049 aut
3410 2006 3665 2046 mansue-

2077 2102 2225 2167 tudo,
2263 2108 2318 2154 et
2347 2096 2646 2158 humilitas,
2676 2094 2763 2150 vel
2796 2102 2942 2148 certe
2977 2091 3020 2146 si
3059 2090 3207 2145 omni
3238 2087 3483 2143 credenti
3530 2085 3665 2138 ﬁdes

2078 2193 2146 2248 ad
2170 2190 2437 2263 justitiam
2466 2195 2771 2257 reputetur.
2802 2204 2823 2237 ι
2853 2184 2988 2239 Τιιιιι
3020 2185 3075 2237 in
3110 2181 3259 2235 Rom.
3288 2196 3360 2243 Iv,
3390 2180 3483 2241 I8,
3506 2192 3660 2231 num.

2078 2286 2131 2351 6,
2165 2298 2287 2353 pag.
2315 2281 2413 2335 551
2449 2293 2460 2327 :
2502 2297 2522 2331 ι
2562 2278 2698 2334 Puto
2742 2278 2884 2345 quod
2937 2277 3110 2346 prima
3146 2271 3336 2326 salutis
3387 2271 3585 2335 initia,
3611 2278 3664 2324 e=

2080 2378 2195 2446 ipsa
2229 2372 2598 2435 fundamenta,
2636 2369 2770 2423 ﬁdes
2820 2376 2903 2422 est
2936 2383 2949 2419 :
2997 2363 3276 2435 profectus
3305 2376 3440 2417 vero
3465 2370 3525 2415 et
3562 2375 3665 2413 au-

2080 2476 2297 2540 gmenta
2322 2464 2534 2520 aediﬁcii
2559 2501 2574 2527 ,
2604 2477 2729 2532 spes
2770 2470 2853 2515 est
2883 2480 2897 2514 :
2940 2457 3202 2529 perfectio
3232 2466 3415 2510 autem
3447 2463 3505 2508 et
3552 2454 3667 2508 cul-

2081 2576 2204 2615 men
2240 2561 2403 2613 totius
2448 2556 2649 2628 operis,
2697 2554 2955 2609 charitas.
2991 2570 3010 2603 ι
3056 2550 3222 2604 Idem.
3277 2557 3411 2601 tom.
3466 2560 3561 2599 xvi
3612 2547 3667 2597 in

2084 2653 2304 2716 Matth”
2337 2667 2489 2705 num.
2522 2650 2589 2703 27
2610 2688 2627 2711 ,
2657 2663 2781 2718 pag.
2816 2645 2940 2710 760,
2975 2644 3133 2698 fidem
3175 2643 3378 2710 absque
3405 2639 3668 2708 operibus

2083 2744 2317 2799 similem
2349 2756 2468 2797 esse
2491 2741 2619 2793 dicit
2656 2739 2778 2793 ficui
2822 2752 2850 2791 a
2880 2736 3094 2792 Christo
3116 2733 3390 2793 arefactaa,
3430 2746 3556 2800 qua:
3584 2729 3667 2783 fo-

2087 2835 2155 2889 lia
2175 2843 2382 2889 tantum
2410 2831 2611 2901 absque
2647 2829 2910 2885 fructibus
2943 2823 3473 2893 ostentabat.Itaquc
3509 2832 3666 2891 post-

2086 2941 2245 2997 quam
2270 2929 2501 2996 probare
2530 2933 2759 2977 conatus
2790 2928 2877 2974 est
2908 2917 3021 2973 sola
3075 2916 3180 2970 fide
3218 2915 3494 2970 hominem
3522 2910 3665 2966 efﬁci

2081 3016 2310 3086 justum,
2340 3014 2544 3082 absque
2572 3010 2829 3082 operibus
2858 3009 3010 3076 legis,
3036 3008 3221 3077 priore
3269 3005 3385 3058 loco
3431 3004 3560 3058 libri
3604 3019 3662 3057 ιιι

404 3115 493 3151 νον
514 3097 590 3161 ὡς
615 3094 974 3167 προδώσοντα,
997 3095 1070 3165 μὴ
1091 3094 1398 3164 προδοῦναι,
1415 3092 1536 3145 οὔτε
1563 3093 1653 3146 τὸν
1670 3091 1981 3162 ἐλεγχθέντα

2088 3109 2141 3161 in
2168 3106 2337 3175 Epist.
2360 3106 2428 3159 ad
2453 3104 2604 3157 Rom.
2630 3103 2817 3158 statim
2854 3099 3073 3168 subjicit
3105 3115 3251 3153 num.
3288 3100 3346 3163 9,
3374 3112 3498 3169 pag.
3525 3096 3664 3151 SIT:

404 3188 797 3261 ἀρνησόμενον,
839 3185 913 3257 μὴ
940 3184 1304 3257 ἀρνήσασθαι.
1352 3186 1516 3251 Quasi
1548 3186 1697 3238 dicas
1726 3201 1740 3242 ;
1779 3202 1797 3234 ι
1823 3181 1981 3236 Nullo

2093 3217 2113 3253 ι
2145 3201 2255 3256 Sed
2288 3199 2535 3254 fortassis
2581 3197 2697 3251 haec
2746 3195 2947 3264 aliquis
2990 3192 3217 3246 audiens
3260 3167 3591 3252 resolvatur,
3614 3199 3669 3243 et

410 3282 571 3335 modo
602 3280 839 3332 futurum
866 3288 1004 3331 erat.
1044 3297 1061 3327 ι
1103 3280 1169 3331 At
1193 3278 1350 3345 paulo
1380 3275 1607 3329 inferius
1645 3290 1793 3328 nutu.
1816 3274 1888 3328 20
1909 3276 1986 3329 sic

411 3375 573 3427 habet
615 3389 628 3423 :
661 3371 772 3424 Καὶ
813 3370 932 3423 ὅλον
952 3387 1015 3438 γε
1056 3369 1213 3422 τοῦτο
1245 3372 1303 3422 ὲν
1327 3372 1393 3439 τῇ
1435 3367 1741 3442 προγνώσει
1767 3368 1861 3421 τοῦ
1900 3366 1987 3420 θε-

410 3463 691 3527 σπί-ζοντος
728 3463 857 3516 αὐτὸ
889 3463 1145 3532 τυγχάνει
1181 3460 1408 3514 δυνατοῦ
1453 3462 1603 3525 ὄντος
1651 3460 1805 3514 τοῦδέ
1844 3476 1987 3523 τινος

408 3555 679 3624 γενέσθαι,
702 3554 853 3607 ἔσται
886 3554 946 3607 τὸ
975 3554 1156 3624 ἕτερον
1179 3553 1357 3607 αὐτῶν
1378 3554 1440 3607 τὸ
1470 3554 1526 3607 δέ
1550 3571 1619 3607 τι.
1650 3554 1757 3607 Καὶ
1788 3553 1847 3605 οὐ
1884 3569 1988 3620 φα-

364 3680 369 3683 -
414 3647 513 3718 μὲν
546 3648 628 3700 ὅτι.
655 3649 682 3699 ὁ
716 3646 1108 3716 προγινώσκων
1138 3645 1349 3715 ὑφελὼν
1376 3646 1435 3699 τὸ
1469 3646 1691 3698 δυνατὸν
1726 3640 1864 3698 εἶναι
1896 3662 1988 3712 γε·

410 3737 595 3793 νέσθαι
619 3739 713 3793 καὶ
756 3740 829 3810 μὴ
852 3739 1102 3808 γενέσθαι
1142 3740 1302 3792 οἱονεὶ
1329 3738 1568 3791 τοιοῦτόν
1599 3756 1651 3791 τι
1671 3738 1818 3807 λέγει
1839 3754 1851 3767 ·
1871 3738 1987 3790 τόδε

411 3829 629 3892 πάντως
648 3830 819 3893 ἔσται,
843 3831 934 3883 καὶ
978 3830 1234 3884 ἀδύνατον
1263 3830 1463 3902 ἑτέρως
1491 3828 1744 3897 γενέσθαι
1765 3845 1778 3861 ’
1803 3838 1858 3883 et
1892 3829 1984 3882 lib.

411 3935 488 3974 vn
527 3921 814 3974 Comment.
848 3922 901 3973 in
927 3920 1096 3989 Epist.
1134 3923 1201 3974 ad
1228 3920 1401 3985 Rom.,
1433 3937 1579 3977 num.
1614 3920 1667 3983 8,
1702 3935 1822 3989 pag.
1843 3918 1983 3972 605:

418 4030 439 4063 ι
480 4011 595 4065 Νοιι
621 4027 751 4080 ergo
772 4013 896 4079 quia
930 4013 1201 4081 prophetae
1225 4014 1617 4081 praedixerunt,
1638 4012 1840 4065 idcirco
1866 4026 1989 4080 pro-

414 4105 548 4158 didit
588 4102 756 4157 Judas
797 4122 811 4156 :
847 4105 940 4158 sed
988 4106 1113 4173 quia
1166 4104 1380 4158 futurus
1432 4115 1580 4158 esset
1615 4106 1893 4174 proditor,
1925 4120 1986 4159 ea

414 4210 533 4265 quae
565 4195 654 4248 ille
695 4211 761 4249 ex
794 4198 1051 4265 propositi
1079 4198 1160 4251 sui
1186 4197 1426 4264 nequitia
1458 4205 1706 4265 gesturus
1722 4204 1837 4249 erat
1861 4210 1993 4263 pra:-

416 4288 671 4341 dixerunt
706 4289 1004 4355 prophetae,
1036 4303 1158 4340 cum
1193 4289 1378 4354 utique
1419 4286 1586 4341 Judas
1627 4288 1680 4341 in
1726 4296 1991 4356 potestate

419 4380 714 4442 habuisset,
753 4390 810 4433 ut
840 4391 985 4433 esset
1028 4381 1222 4433 similis
1258 4379 1421 4434 Petro
1458 4390 1511 4431 et
1542 4377 1734 4432 Joanni
1763 4418 1779 4441 ,
1819 4381 1862 4433 si
1894 4396 1991 4432 vo-

419 4462 629 4518 luisset.
672 4485 690 4515 ι
742 4463 878 4517 Hinc
915 4466 1049 4518 adeo
1089 4483 1107 4515 ι
1158 4465 1318 4533 Legis
1376 4465 1788 4534 possibilitatem
1840 4478 1991 4517 asse-

420 4557 591 4610 ruisse
629 4576 649 4609 ι
676 4556 964 4624 Origenem
1011 4555 1499 4626 Magdeburgenses
1550 4557 1834 4627 conquesti
1866 4568 1990 4611 sunt

419 4656 563 4701 cent.
604 4664 683 4712 ιιι,
716 4663 835 4717 cap.
857 4649 939 4703 t0.

490 4753 674 4807 XXIII.
716 4755 869 4809 Patet
909 4758 1071 4810 etiam
1109 4757 1622 4826 reprehensionibus
1672 4757 1825 4814 locus
1871 4755 1986 4813 Ori-

422 4846 574 4911 genis
612 4862 639 4897 e
671 4847 762 4898 lib.
795 4863 851 4900 ιιι
890 4850 943 4899 in
984 4848 1152 4913 Epist.
1194 4854 1259 4901 ad
1302 4849 1478 4913 Rom.,
1521 4866 1669 4903 num.
1696 4850 1760 4916 9,
1791 4850 1843 4903 in
1880 4865 1988 4919 quo

422 4936 683 5004 exemplis
700 4948 755 4989 et
786 4940 1080 4991 rationibus
1104 4941 1477 4995 demonstrare
1508 4942 1695 4993 nititur
1716 4940 1828 4995 sola
1864 4940 1989 5004 fide,

422 5027 624 5093 absque
666 5025 799 5077 ullis
824 5026 1076 5092 Operibus
1104 5028 1257 5098 legis,
1285 5029 1555 5082 hominem
1593 5030 1796 5097 justum
1830 5028 1990 5091 efﬁci,

421 5115 574 5183 juxta
606 5115 735 5167 illud
767 5118 1012 5183 Apostoli
1046 5117 1202 5171 Rom.
1237 5119 1511 5184 m,9.7,28
1544 5138 1596 5172 τι
1634 5119 1733 5173 Ubi
1761 5130 1844 5173 est
1866 5134 1993 5189 ergo

425 5208 676 5277 gloriatio
726 5206 1008 5261 ?Exclusa
1062 5221 1167 5262 est.
1212 5209 1317 5264 Per
1360 5226 1520 5278 quam
1569 5212 1795 5280 legem?
1830 5211 1996 5265 facto-

427 5315 542 5353 rtnn
571 5299 593 5351 ’ἔ
622 5296 759 5360 Νοιι,
794 5301 884 5352 sed
918 5315 1014 5369 per
1048 5300 1218 5369 legem
1272 5301 1416 5354 fidei.
1463 5302 1806 5355 Arbitramur
1850 5304 1994 5357 enim

418 5388 703 5456 justificari
731 5392 1001 5443 hominem
1034 5405 1128 5457 per
1164 5391 1343 5451 ﬁdem,
1364 5391 1482 5445 sine
1508 5393 1766 5461 operibus
1798 5394 1988 5463 legis.»

423 5483 494 5533 At
524 5491 731 5533 certum
760 5492 841 5535 est
865 5493 1045 5535 tamen
1074 5483 1557 5550 dejustificationis
1589 5485 1753 5540 initiis
1786 5487 1855 5541 ibi
1884 5487 1995 5542 dis-

422 5586 605 5623 serere
632 5571 1062 5640 0rigenem,non
1093 5572 1157 5626 de
1198 5589 1487 5644 progressu
1513 5574 1628 5643 ejus
1659 5585 1714 5631 ct
1736 5592 1992 5647 augmen-

496 5744 541 5775 ’⁸
577 5744 730 5801 Rom.
764 5763 831 5811 tv,
856 5749 908 5802 5.

2086 3293 2222 3347 bene
2253 3288 2443 3361 agendi
2481 3286 2863 3355 negligentiam
2912 3283 3111 3352 capiat,
3159 3281 3429 3350 siquidem
3463 3279 3531 3332 ad
3580 3277 3669 3347 ju-

2086 3383 2429 3438 stificandum
2461 3380 2596 3435 ﬁdes
2618 3378 2732 3435 sola
2766 3376 3013 3433 sufﬁciat.
3061 3376 3141 3429 Ad
3171 3387 3332 3442 quem
3380 3372 3629 3426 dicemus
3649 3409 3665 3433 ,

2086 3476 2211 3546 quia
2237 3482 2355 3544 post
2393 3471 2840 3540 justiﬁcationem
2894 3469 2939 3523 si
2983 3467 3179 3536 injuste
3208 3464 3331 3534 quis
3359 3470 3518 3534 agat,
3544 3461 3667 3515 sine

2084 3566 2251 3621 dubio
2276 3561 2680 3634 justiﬁcationis
2705 3560 2945 3630 gratiam
2986 3558 3234 3627 Sprevit;
3278 3574 3295 3607 ι
3326 3564 3385 3608 et
3421 3564 3667 3622 postmo-

2087 3655 2211 3709 dum
2242 3669 2390 3708 num.
2428 3651 2516 3716 ἐξ),
2544 3667 2663 3721 pag.
2703 3648 2807 3705 519
2838 3664 2851 3700 :
2891 3666 2910 3699 ι
2937 3646 3087 3713 Quod
3112 3646 3157 3699 si
3195 3643 3439 3714 requirat
3467 3640 3669 3709 aliquis

2087 3745 2377 3807 curiosius,
2408 3743 2441 3797 ii
2472 3743 2562 3812 qui
2591 3755 2659 3797 ex
2692 3741 2797 3795 fide
2818 3738 3190 3808 justiﬁcantur
3211 3776 3226 3800 ,
3258 3750 3355 3805 per
3383 3748 3547 3803 quem
3575 3734 3667 3801 ju-

2054 3854 2057 3855 '
2091 3836 2425 3899 stilicentur;
2457 3834 2581 3889 licet
2622 3832 2871 3886 fortassis
2924 3831 3088 3883 multa
3129 3828 3184 3881 in
3233 3828 3338 3881 hoc
3374 3826 3668 3880 curiositas

2087 3928 2356 3987 videatur,
2388 3935 2563 3979 tamen
2588 3922 2976 3978 convenienter
2993 3920 3174 3973 dicere
3196 3931 3508 3985 possumus,
3524 3915 3668 3984 quod

2089 4018 2179 4086 qui
2204 4033 2271 4071 ex
2299 4016 2399 4071 fide
2422 4016 2824 4085 justiﬁcantur,
2860 4012 3013 4067 initio
3052 4024 3120 4064 ex
3157 4008 3265 4063 fide
3298 4020 3540 4077 sumpto,
3574 4021 3670 4076 per

2089 4110 2527 4181 adimpletiouem
2583 4110 2847 4163 bonorum
2897 4120 3119 4175 Operum
3177 4110 3666 4164 consummantur;

2052 4248 2055 4251 .
2089 4212 2143 4257 et
2173 4204 2263 4271 qui
2290 4217 2387 4272 per
2413 4202 2571 4255 ﬁdem
2591 4199 2981 4271 justificantur,
3000 4210 3029 4249 a
3055 4196 3214 4249 bonis
3233 4193 3499 4263 operibus
3518 4207 3671 4247 exor-

2091 4293 2158 4355 si,
2193 4308 2288 4361 per
2324 4293 2485 4346 fidem
2543 4306 2807 4345 summam
2862 4287 3251 4359 perfectionem
3302 4287 3607 4353 accipiunt.
3644 4302 3663 4334 ι

2091 4383 2337 4449 Quanam
2361 4396 2489 4451 ergo
2516 4382 2621 4435 ﬁde
2644 4381 2985 4450 scripserunt
3011 4376 3507 4446 Magdeburgcnses
3522 4382 3665 4430 cent.

2096 4490 2177 4539 ut,
2209 4489 2331 4544 cap.
2365 4473 2468 4538 IO,
2505 4471 2793 4541 Origenem
2842 4490 2862 4523 ι
2894 4468 3304 4539 justiticationis
3342 4466 3553 4520 fomitem
3594 4464 3671 4517 fe-

2094 4566 2235 4620 cisse
2261 4566 2400 4619 bona
2432 4578 2598 4632 opera
2620 4562 2643 4616 ἳ
2670 4580 2690 4613 ι

2174 4656 2364 4711 XXIV.
2395 4656 2472 4710 De
2507 4663 2732 4725 peccato
2752 4653 2977 4723 originis
2998 4654 3066 4706 ab
3093 4653 3303 4706 Adamo
3340 4651 3393 4704 in
3422 4647 3668 4704 homines

2095 4760 2389 4820 propagato
2413 4764 2518 4804 non
2573 4763 2677 4801 una
2708 4757 2793 4802 est
2838 4746 3070 4817 Iprensis
3114 4746 3353 4815 episcopi
3410 4742 3667 4797 adversus

2095 4842 2476 4896 Adamantium
2495 4838 2736 4909 querela.
2758 4839 2807 4891 Is
2826 4848 2957 4892 tum.
2985 4838 3024 4900 I,
3045 4837 3134 4891 lib.
3170 4851 3244 4900 vt,
3269 4850 3392 4903 cap.
3418 4834 3664 4901 l7,post-

2054 4980 2057 4985 .
2097 4948 2259 5002 quam
2284 4931 2567 5000 Origenem
2601 4930 2782 4984 fassus
2809 4938 2892 4983 est
2919 4929 2984 4984 de
3011 4939 3232 4997 peccato
3260 4924 3495 4994 originis
3518 4939 3549 4977 a
3574 4936 3665 4975 ca—

2100 5023 2295 5079 tholica
2322 5022 2561 5077 Ecclesia
2607 5021 2899 5076 dissentire
2938 5022 3253 5088 neutiquam
3284 5017 3486 5080 videri,
3523 5014 3670 5071 Pela-

2095 5116 2269 5186 gianis
2301 5126 2504 5178 tamen,
2531 5125 2590 5168 ut
2614 5116 2681 5167 de
2705 5128 2768 5168 ea
2801 5128 2859 5168 re
2878 5111 3011 5166 falsa
3041 5112 3422 5180 opinarentur,
3453 5120 3665 5176 portam

2097 5207 2375 5276 aperuisse
2398 5207 2552 5260 dicit.
2571 5204 2693 5259 Mox
2711 5223 2741 5258 e
2760 5204 2901 5258 libro
2916 5220 2949 5258 v
2964 5203 3479 5258 Commentariorum
3501 5201 3668 5268 ipsius

2093 5301 2149 5354 in
2176 5300 2347 5370 Epist.
2402 5300 2472 5353 ad
2503 5298 2655 5353 Rom.
2706 5298 2976 5367 praecipua
3002 5296 3211 5361 colligit
3235 5294 3441 5362 capita,
3477 5292 3668 5362 quibus

2097 5392 2401 5447 doctrinam
2442 5390 2563 5461 ejus
2586 5405 2751 5459 super
2778 5391 2881 5444 hoc
2916 5401 3235 5458 argumento
3275 5384 3549 5439 contineri
3578 5398 3669 5449 pu-

2100 5492 2217 5550 tat;
2247 5498 2365 5553 quae
2381 5483 2719 5553 singulatim,
2743 5482 2837 5536 sed
2866 5480 3052 5551 paucis
3067 5477 3527 5545 examinabimus.
3556 5474 3669 5528 Pri-

2100 5591 2245 5630 mum
2278 5576 2378 5630 hoc
2410 5585 2493 5630 est
2525 5573 2807 5638 mundmn,
2833 5573 2886 5627 in
2922 5586 3081 5642 quem
3116 5579 3405 5637 peccatum
3439 5568 3674 5621 intrasse
