3860 6226
244 332 353 389 963

1051 323 1625 383 ORIGENIANORUM
1667 322 1794 377 LIB.
1837 320 1901 388 II,
1942 320 2096 378 CAP.
2139 315 2523 385 Il,~QU}EST.
2572 314 2682 371 VII.

3404 310 3510 369 966

248 447 409 502 docet
434 446 727 517 Apostolus
759 459 857 516 per
881 456 1165 514 peccatum
1198 443 1417 507 Adami,
1439 452 1687 497 terrenos
1709 453 1829 494 esse
1855 447 1902 503 Α
1932 437 2063 491 tioni
2099 442 2295 506 quarta
2317 446 2562 491 connexa
2592 439 2712 495 est,
2747 431 2923 485 visum
2963 429 3133 484 fuisse
3168 422 3314 497 ipsi,
3359 441 3507 481 mor-

250 538 627 599 hominesz2.
657 549 888 592 mortem
942 552 1064 607 qua:
1114 537 1167 591 in
1229 549 1419 591 omnes
1468 532 1824 603 pertransiit,

252 635 480 682 mortem
502 641 623 681 esse
652 628 869 691 animae,
896 641 1003 680 non
1028 627 1303 695 corporis;
1336 627 1390 681 5.
1420 634 1648 679 mortem
1682 624 1826 677 illam

250 720 737 789 nonpertrausisse
768 721 820 773 in
849 734 1061 786 omnes,
1085 722 1179 775 sed
1200 722 1251 774 in
1280 719 1499 783 multos,
1517 718 1609 789 qui
1636 734 1828 790 nempe

251 822 377 867 actu
415 822 811 880 peccaverunt;
855 812 913 866 4.
945 828 1047 866 non
1078 812 1130 865 in
1178 827 1367 867 oumes
1400 826 1658 882 regnasse
1691 827 1828 866 mor-

250 908 384 967 tem,
418 902 510 957 sed
540 902 591 956 in
623 918 714 957 eos
739 902 1103 971 duutaxatqui
1127 902 1828 971 peccaveruntinsimilitu-

250 992 433 1047 dinem
469 994 927 1063 praevaricationis
960 996 1125 1061 Adae;
1170 994 1224 1048 5.
1278 1010 1383 1048 non
1417 1009 1605 1048 omnes
1637 994 1815 1048 homi-

250 1101 371 1152 nes,
401 1088 495 1140 sed
532 1087 733 1140 multos
764 1086 923 1142 unius
950 1086 1152 1142 delicto
1182 1096 1502 1158 peccatores
1553 1087 1721 1141 fuisse
1748 1086 1828 1141 ef-

251 1175 467 1237 fectos;
522 1176 575 1230 6.
605 1175 886 1250 Christum
954 1177 1136 1247 plures
1187 1179 1252 1233 ad
1303 1179 1470 1233 vitam
1506 1178 1824 1240 reduxisse,

250 1284 414 1337 quam
438 1270 701 1323 Adamum
739 1270 806 1323 ad
841 1280 1108 1338 mortem;
1154 1271 1208 1324 7.
1243 1271 1510 1325 Adammn
1549 1285 1669 1325 esse
1717 1272 1827 1325 for-

252 1374 397 1412 mam
421 1359 613 1424 futuri,
636 1362 760 1429 quia
781 1361 987 1429 peccati
1020 1362 1188 1430 ipsius
1205 1361 1491 1431 exemplar
1522 1362 1825 1426 imitantes,

252 1462 569 1521 peccatores
594 1452 769 1507 etlecti
825 1464 971 1508 sunt.
1029 1452 1389 1511 Observatum
1429 1466 1612 1509 autem
1662 1454 1825 1509 velim

251 1553 378 1598 ante
402 1545 604 1609 omnia,
639 1546 706 1597 ah
726 1546 957 1615 Origene
982 1546 1095 1601 btec
1119 1546 1493 1621 ἀλληγορικῶς
1511 1545 1674 1601 fuisse
1703 1560 1827 1615 pro-

250 1638 450 1707 posita,
494 1655 599 1693 non
648 1639 994 1710 δογματικῶς
1033 1640 1291 1700 definita;
1335 1649 1626 1709 antequam
1678 1639 1823 1694 enim

251 1731 321 1785 ad
348 1745 411 1786 ea
438 1730 681 1795 accedat,
718 1732 988 1801 explicato
1019 1731 1216 1787 littera:
1251 1747 1437 1786 sensu.
1485 1750 1504 1783 ι
1537 1730 1824 1785 Videamus

250 1837 419 1887 nunc,
458 1841 477 1874 ι
514 1822 690 1891 inquit
724 1839 873 1876 num.
907 1823 959 1888 I,
1002 1838 1124 1893 pag.
1154 1822 1282 1885 545,
1322 1841 1341 1874 ι
1379 1822 1506 1891 quid
1546 1822 1710 1876 etiam
1743 1821 1829 1875 in-

230 1915 424 1968 .terior
453 1908 644 1966 habeat
674 1912 1008 1966 intellectus.
1042 1931 1059 1963 ι
1088 1912 1241 1979 Quod
1267 1928 1333 1967 ex
1361 1913 1531 1980 ipsius
1557 1911 1827 1981 opinatio-

266 2020 395 2058 num
428 2005 790 2059 inconstantia
847 2015 896 2059 et
942 2005 1251 2059 diversitate
1287 2005 1482 2061 clarius
1507 2007 1668 2062 etiam
1708 2024 1829 2064 sese

248 2100 464 2167 prodet.
499 2096 629 2150 Nam
661 2099 892 2167 primum
915 2098 1057 2166 quod
1090 2099 1306 2161 attinet,
1331 2109 1615 2170 postquam
1649 2110 1833 2157 terre-

234 2202 353 2245 nos
380 2188 625 2241 homines
652 2198 707 2242 et
742 2188 903 2241 rebus
961 2188 1192 2241 terrenis
1231 2190 1444 2244 deditos
1470 2230 1486 2255 ,
1538 2190 1829 2259 allegorice

249 2282 671 2347 mundumresse
702 2281 860 2344 dixit,
922 2281 974 2333 in
1026 2295 1185 2349 quem
1241 2292 1524 2348 peccatum
1582 2282 1825 2348 intravit,

249 2375 510 2428 mundum
532 2375 723 2429 deinde
751 2374 910 2428 aliter
935 2374 1176 2441 exponit,
1204 2387 1381 2443 eoque
1412 2375 1707 2445 signiﬁcari
1739 2377 1830 2430 do-

248 2478 339 2520 cet
359 2482 506 2520 num.
541 2466 590 2528 1,
633 2482 753 2536 pag.
792 2467 916 2531 547,
963 2484 981 2518 ι
1015 2477 1289 2521 terrenum
1326 2468 1467 2522 hunc
1516 2468 1719 2532 locum,
1772 2469 1825 2522 in

248 2572 360 2626 quo
388 2558 636 2612 homines
678 2558 922 2612 habitant
949 2574 964 2620 ;
995 2559 1078 2613 vel
1109 2570 1379 2613 terrenam
1415 2570 1467 2613 et
1488 2561 1825 2625 corporalem

248 2648 443 2712 vitam,
477 2652 657 2725 inqua
693 2665 839 2704 mors
873 2651 1040 2704 habet
1081 2652 1289 2717 locum;
1336 2652 1422 2705 cui
1457 2653 1678 2713 mundo,
1726 2654 1827 2707 hoc

251 2753 359 2804 cst,
387 2751 611 2795 terrena:
632 2741 778 2807 vitae,
798 2742 1089 2798 crucifixus
1112 2759 1170 2797 se
1189 2744 1373 2797 dicunt
1404 2744 1577 2799 sancti
1600 2753 1656 2799 et
1686 2760 1829 2798 mor-

253 2844 398 2888 tuos.
438 2854 456 2886 ι
498 2834 611 2888 Non
667 2836 834 2890 multo
886 2846 1066 2891 autem
1126 2837 1351 2890 inferius
1386 2851 1507 2906 pag.
1550 2836 1675 2901 549,
1723 2836 1827 2890 al'a

250 2925 448 2981 habet:
482 2944 502 2977 ι
539 2926 760 2980 Videtur
794 2927 946 2992 mihi,
983 2927 1180 2995 inquit,
1216 2927 1359 2996 quod
1397 2929 1483 2980 hic
1531 2928 1825 2997 Apostolus

226 3017 403 3073 .illam
436 3026 676 3080 aetatem,
707 3035 824 3086 qua:
856 3021 1093 3072 umidum
1121 3019 1186 3071 ad
1219 3019 1574 3088 capacitatem
1604 3019 1827 3073 rationis

1937 537 2041 582 tem
2070 527 2216 581 illam
2240 530 2307 581 de
2336 540 2440 594 qua
2467 523 2670 578 Paulus
2703 523 2860 577 Rom.
2890 538 2942 589 v,
2969 520 3056 586 14,
3089 535 3195 574 non
3228 518 3285 573 in
3315 532 3510 573 omnes

1922 634 2211 691 regnasse,
2244 620 2340 674 sed
2387 618 2440 671 in
2471 632 2565 672 eos
2614 618 2903 678 duntaxat,
2935 613 3026 683 qui
3057 621 3424 682 peccaverunt
3453 611 3507 665 in
3546 630 3551 635 ·

1927 712 2339 769 similitudinem
2367 708 2836 781 praevaricationis
2856 707 3009 762 Adae.
3034 705 3336 775 Utrohique
3365 719 3505 758 mor-

1929 814 2034 860 tem
2075 804 2283 872 peccati
2314 802 2561 870 intelligit
2591 819 2606 856 :
2642 815 2704 853 ac
2742 800 2971 870 proinde
2997 801 3196 867 pendet
3219 798 3343 851 hinc
3373 812 3511 866 quo-

1928 914 2033 968 que
2067 899 2256 968 quinta
2287 895 2587 956 accusatio,
2623 891 2922 947 aflirmasse
2949 891 3148 960 ipsum,
3183 904 3288 943 non
3313 904 3507 944 oumes

1918 988 2200 1053 homines,
2224 986 2317 1040 sed
2346 984 2543 1038 multos
2574 981 2737 1035 unius
2767 979 2969 1033 delicto
3012 986 3325 1046 peccatores
3385 989 3509 1030 esse

1928 1078 2175 1135 effectos.
2207 1076 2499 1145 Distinguit
2532 1082 2710 1129 autem
2735 1071 2999 1141 Origenes
3033 1069 3323 1123 transitum
3359 1084 3507 1122 mor-

1929 1174 2043 1227 tisa
2063 1185 2226 1238 regno
2244 1169 2433 1223 mortis
2459 1184 2473 1221 :
2506 1187 2523 1217 ι
2550 1165 2839 1221 Peccatum
2858 1164 3023 1226 enim,
3052 1180 3069 1213 ι
3096 1158 3267 1228 inquit
3291 1160 3503 1222 numJ,

1928 1280 2049 1335 pag.
2106 1262 2211 1318 550
2242 1301 2257 1326 ,
2299 1281 2317 1313 ι
2359 1259 2677 1332 pertransiit
2726 1258 2890 1312 etiam
2951 1258 3007 1310 in
3056 1255 3257 1325 justos,
3302 1264 3357 1308 et
3402 1252 3507 1307 levi

1928 1358 2162 1429 quadam
2192 1370 2288 1410 eos
2317 1353 2645 1423 contagione
2677 1350 2999 1420 perstrinxit
3029 1368 3043 1404 :
3080 1348 3134 1402 in
3169 1346 3503 1417 praevarica-

1931 1450 2139 1505 toribus
2171 1463 2322 1513 vero,
2346 1445 2399 1500 id
2432 1455 2561 1509 est,
2624 1443 2709 1498 his
2740 1442 2832 1512 qui
2868 1457 2926 1496 se
2957 1440 3006 1495 ei
3052 1448 3163 1495 tota
3217 1449 3404 1494 mente
3441 1451 3508 1494 ac

1928 1542 2212 1598 devotione
2261 1539 2582 1609 subjiciunt,
2611 1551 2840 1606 regnum
2890 1542 3057 1598 tenet,
3095 1541 3149 1587 et
3175 1530 3321 1585 omni
3354 1539 3509 1600 pote-

1927 1644 2068 1689 state
2105 1632 2437 1687 dominatur.
2469 1649 2488 1682 ι
2524 1628 2593 1681 At
2629 1636 2858 1681 mortem
2886 1624 3032 1678 illam
3066 1638 3230 1693 super
3258 1638 3352 1675 eos
3380 1631 3505 1675 tan-3

1932 1738 2299 1795 tumregnum
2336 1723 2577 1777 tenuisse
2602 1719 2847 1788 vult,qui
2881 1716 3044 1772 simili
3071 1729 3210 1778 sese,
3243 1725 3301 1769 ut
3329 1714 3500 1768 Adam

1929 1818 2161 1874 crimine
2191 1816 2639 1886 inquinaverunt.
2679 1811 2996 1881 Quanquam
3052 1808 3176 1860 alihi
3214 1814 3498 1875 peccatum

1928 1910 2160 1979 originis
2191 1921 2357 1977 super
2388 1920 2581 1960 omnes
2619 1917 2878 1970 regnasse
2918 1904 2994 1954 ait
3025 1916 3040 1954 :
3079 1918 3097 1951 ι
3136 1897 3249 1952 Νοιι
3280 1912 3431 1966 ergo,
3476 1913 3498 1949 ι

1929 2001 2106 2071 inquit
2131 2012 2277 2051 num.
2305 1996 2360 2057 2,
2391 2010 2515 2065 pag.
2550 1994 2677 2059 554,
2718 2011 2735 2044 ι
2769 1991 2903 2046 nihil
2940 1990 3294 2058 peccantibus
3327 1984 3505 2053 nobis,

1930 2107 2080 2147 mors
2112 2089 2360 2160 regnavit
2388 2088 2441 2141 in
2473 2088 2670 2141 nobis:
2714 2104 2733 2139 ι
2768 2093 2824 2139 et
2850 2100 2974 2138 mox
3009 2104 3021 2138 :
3059 2100 3079 2134 ι
3116 2079 3222 2136 Sed
3256 2078 3507 2147 regnavit

1929 2197 2078 2238 mors
2109 2183 2178 2235 ab
2209 2180 2379 2234 Adam
2418 2193 2591 2248 usque
2621 2177 2685 2230 ad
2717 2176 2935 2246 Moysen
2974 2176 3025 2229 in
3064 2190 3157 2229 eos
3180 2174 3271 2245 qui
3302 2189 3500 2243 pecca-

1930 2282 2128 2330 verunt
2180 2274 2232 2326 in
2268 2270 2680 2326 similitudinem
2726 2267 3193 2338 praevaricationis
3234 2266 3381 2320 Adzc.
3418 2264 3507 2321 Vi-

1930 2368 2097 2421 desne
2127 2374 2187 2417 ut
2216 2379 2246 2418 a
2272 2371 2498 2433 peccato
2530 2361 2735 2415 nullum
2784 2359 2984 2414 Paulus
3013 2357 3281 2413 excuset?
3317 2378 3336 2410 ι
3379 2356 3507 2411 Per-

1928 2458 2216 2512 transiisse
2273 2466 2452 2510 autem
2508 2462 2739 2507 mortem
2777 2454 2830 2507 in
2879 2467 3069 2506 omnes
3101 2451 3311 2504 iteratis
3367 2450 3503 2506 locis

1928 2554 2127 2607 diserte
2162 2548 2384 2614 asserit,
2411 2556 2472 2601 ut
2500 2562 2621 2599 cum
2652 2561 2801 2598 num.
2839 2543 2890 2604 1,
2926 2558 3049 2613 pag.
3082 2541 3209 2606 517,
3252 2540 3503 2609 corporis

1930 2654 2156 2699 mortem
2199 2641 2447 2696 umbram
2483 2653 2607 2692 esse
2637 2636 2767 2691 dicit
2796 2636 2983 2690 mortis
3012 2634 3216 2705 peCu-ati
3242 2650 3256 2698 ;
3290 2649 3353 2687 ac
3380 2648 3507 2702 pro-

1927 2735 2054 2789 inde
2096 2732 2301 2789 nullum
2347 2741 2521 2785 morte
2576 2726 2789 2797 peccati
2838 2740 2963 2781 esse
3017 2727 3335 2784 immunem,
3380 2722 3505 2791 quia

1928 2842 2246 2899 corpoream
2277 2834 2505 2879 mortem
2538 2837 2697 2874 nemo
2740 2820 2912 2873 vitare
2945 2826 3145 2889 potest.
3205 2816 3259 2870 Id
3312 2816 3508 2884 probat

1929 2923 2121 2977 deinde
2138 2914 2582 2975 commemoratis
2614 2914 2861 2982 priorum
2887 2919 3193 2978 temporum
3226 2909 3360 2961 viris
3381 2921 3476 2961 san
3500 2938 3507 2944 -

1927 3013 2118 3067 ctitate
2136 3007 2427 3071 nobilibus,
2450 3020 2588 3073 quos
2604 3020 2796 3060 omnes
2813 3013 3037 3074 peccato
3059 3001 3323 3056 obnoxios
3339 2998 3507 3051 fuisse

248 3110 501 3172 accessit,
527 3125 629 3161 non
654 3114 760 3161 tam
789 3110 1052 3172 homines,
1083 3124 1246 3177 quant
1280 3108 1536 3160 mumlmn
1576 3107 1810 3176 appella-
1852 3131 1894 3188 ρ
1931 3109 2288 3161 demonstrat.
2328 3099 2477 3154 Idem
2506 3114 2613 3152 non
2650 3099 2817 3151 multo
2862 3104 2985 3166 post
3020 3094 3332 3154 confirmat,
3368 3103 3507 3160 apo-

248 3200 412 3253 verit.
440 3218 459 3251 ι
491 3199 673 3253 Altera
714 3198 930 3267 querela
968 3199 1081 3252 haec
1132 3205 1237 3259 est,
1276 3197 1481 3249 dixisse
1533 3195 1821 3264 Origenem

248 3302 483 3348 mortem
527 3308 646 3360 qua:
682 3293 736 3346 in
779 3308 968 3346 omnes
1003 3290 1248 3345 homines
1312 3290 1643 3357 pertransiit,
1684 3302 1827 3341 mor-

252 3396 363 3441 tem
388 3401 509 3439 essc
534 3388 750 3448 auiune,
787 3401 892 3437 non
948 3385 1211 3451 corporis.
1254 3383 1449 3437 Fateor
1501 3391 1727 3435 mortem
1758 3380 1823 3433 il-

250 3479 361 3532 lam
391 3479 594 3543 passim
624 3477 793 3545 accipi
825 3477 893 3531 ab
920 3492 985 3531 eo
1013 3492 1108 3545 pro
1139 3486 1309 3529 morte
1332 3474 1563 3543 peccati,
1596 3474 1713 3538 sed,
1752 3482 1809 3525 ut

249 3571 484 3641 reiiqua,
550 3570 847 3637 allegorica
895 3584 1109 3625 sensu:
1158 3568 1314 3637 cujus
1372 3567 1562 3620 mortis
1596 3576 1824 3619 mortem

249 3680 571 3735 corpoream
598 3665 843 3719 umbram
878 3661 1111 3731 appellat
1141 3675 1295 3713 num.
1324 3660 1376 3724 I,
1402 3673 1523 3727 pag.
1556 3657 1681 3723 517,
1698 3660 1823 3726 quia

254 3777 280 3811 ε
318 3772 645 3827 quocunque
686 3755 774 3809 illa
808 3753 1111 3817 incesserit,
1147 3751 1288 3805 hanc
1328 3762 1557 3805 necesse
1591 3757 1675 3803 est
1694 3746 1825 3802 sub-

249 3852 430 3921 sequi,
458 3851 605 3904 velut
634 3849 880 3902 umbram
919 3861 1149 3914 corpus;
1185 3865 1203 3897 )
1237 3854 1399 3912 atque
1430 3842 1631 3895 idcirco
1680 3853 1826 3894 mor-

248 3957 405 4000 tuum
462 3944 633 3997 fuisse
683 3941 986 4005 Christum,
1017 3939 1143 4008 quia
1187 3952 1284 4006 pro
1333 3936 1490 3990 nobis
1525 3932 1702 3988 factus
1742 3941 1827 3986 est

247 4047 556 4107 peccatum.
576 4036 644 4087 At
669 4041 897 4088 mortem
923 4032 1092 4095 illam,
1110 4045 1271 4099 quam
1302 4041 1555 4099 regnasse
1572 4025 1640 4080 ab
1656 4023 1823 4079 Adam

244 4145 423 4201 usque
456 4130 524 4183 ad
559 4127 779 4197 Moysen
809 4125 1206 4196 aitApostolus
1262 4121 1422 4175 Rom.
1456 4136 1512 4186 v,
1545 4119 1635 4183 14,
1678 4131 1825 4170 mor-

249 4236 359 4280 teut
386 4222 660 4292 corporis,
692 4230 746 4275 et
770 4222 1095 4274 descensum
1122 4216 1188 4270 ad
1235 4214 1441 4268 inferos
1498 4226 1606 4265 non
1655 4206 1823 4263 semel

246 4321 638 4388 interpretatur
674 4314 935 4382 Origenes
970 4311 1066 4365 lib.
1117 4325 1146 4361 ν
1202 4308 1257 4361 in
1304 4304 1473 4373 Epist.
1519 4308 1591 4356 adt
1623 4300 1773 4355 Rom.
1805 4342 1821 4368 ,

244 4425 380 4482 puta
426 4425 548 4466 cum
581 4410 658 4462 ait
706 4421 857 4461 num.
887 4404 960 4458 ιε
999 4422 1017 4453 ι
1063 4400 1345 4468 Quomodo
1386 4411 1543 4460 sane,
1576 4395 1659 4449 vel
1702 4409 1823 4460 qua:

1928 3202 2176 3255 Stolicum
2210 3197 2342 3252 illud
2379 3198 2678 3266 explanatis
2709 3191 2869 3245 Rom.
2901 3204 2955 3254 v,
2988 3187 3053 3241 18
3077 3201 3091 3238 :
3116 3203 3134 3236 ι
3166 3184 3333 3254 Igitur
3366 3184 3508 3238 sicut

1927 3311 2024 3365 per
2049 3296 2208 3349 unius
2235 3292 2488 3346 delictum
2522 3290 2574 3343 in
2596 3301 2786 3342 omnes
2817 3283 3064 3338 homines
3091 3281 3144 3333 iu
3174 3278 3505 3332 condemna-

1930 3388 2149 3452 tionem,
2194 3404 2212 3436 ι
2245 3394 2353 3440 etc.
2379 3400 2397 3433 ι
2421 3382 2485 3435 Ει
2520 3379 2787 3443 sufﬁcere,
2832 3395 2850 3427 ι
2880 3375 3055 3443 inquit
3080 3387 3233 3426 num.
3260 3370 3315 3432 ι,
3347 3392 3363 3419 ι
3392 3371 3504 3425 for-

1927 3480 2069 3535 sitan
2102 3486 2280 3545 potest
2309 3475 2609 3530 secuudum
2643 3468 2949 3541 simplicem
2986 3465 3409 3535 expositionem,
3439 3468 3500 3516 ut

1923 3568 2173 3624 dicamus
2208 3566 2721 3621 condemnationem
2754 3576 2878 3614 esse
2938 3557 3123 3613 delicti
3156 3570 3499 3610 communem

1927 3663 2064 3717 hanc
2098 3671 2348 3723 mortem,
2369 3673 2487 3727 quae
2504 3655 2757 3712 omnibus
2782 3653 2954 3716 venit,
2972 3660 3028 3705 et
3054 3649 3260 3712 veniet,
3283 3646 3499 3701 etiamsi

1919 3751 2051 3820 justi
2083 3751 2403 3815 vidcantur;
2437 3767 2456 3800 ι
2492 3757 2656 3815 atque
2691 3746 2830 3797 hanc
2861 3755 2982 3796 esse
3009 3739 3141 3793 dicit
3170 3738 3496 3806 simplicem,

1924 3858 2031 3897 non
2088 3840 2437 3909 allegoricam
2488 3835 2911 3905 expositionem.
2972 3831 3082 3885 Nec
3128 3828 3502 3898 superioribus

1927 3942 2207 4004 repugnet,
2240 3931 2383 4001 quod
2404 3930 2483 3984 ait
2516 3945 2667 3985 num.
2700 3928 2756 3994 2,
2784 3942 2906 3994 pag.
2943 3924 3068 3978 553.
3117 3942 3136 3974 ι
3168 3921 3283 3976 Νοιι
3309 3936 3501 3977 omnes

1925 4024 2198 4087 homines,
2242 4020 2385 4076 sicut
2418 4019 2577 4084 solet,
2622 4018 2673 4070 iu
2709 4016 2926 4071 caeteris
2956 4014 3105 4083 ponit
3137 4010 3499 4084 (Apostolus),

1924 4117 2016 4172 sed
2041 4116 2263 4179 multos,
2291 4113 2385 4183 qui
2417 4111 2580 4165 unius
2614 4109 2815 4162 delicto
2848 4116 3166 4177 peccatores
3213 4102 3496 4157 constituti

1923 4217 2083 4272 sunt;
2119 4226 2137 4258 ι
2191 4221 2312 4260 nam
2362 4219 2557 4259 omnes
2601 4201 2800 4255 multos
2846 4214 2967 4255 esse
3020 4197 3226 4251 fatetur
3259 4211 3405 4248 num.
3439 4193 3494 4261 5,

1924 4315 2047 4368 pag.
2097 4296 2222 4363 556,
2274 4297 2630 4365 consultaque
2665 4308 2852 4347 vocem
2913 4306 3089 4343 omnes
3122 4288 3190 4341 ab
3238 4286 3498 4355 Apostolo

1926 4390 2092 4442 fuisse
2112 4389 2394 4451 omissam,
2427 4406 2444 4438 ι
2483 4402 2548 4439 ne
2582 4385 2722 4438 forte
2750 4383 2794 4436 si
2821 4382 3050 4437 dixisset
3082 4396 3180 4449 per
3208 4379 3367 4432 unius
3415 4378 3497 4431 iu-

210 4536 213 4537 ν
245 4502 629 4559 condemnatio
655 4501 711 4554 in
747 4513 937 4553 oumes
980 4496 1229 4549 homines
1264 4490 1473 4545 venerit
1524 4487 1819 4541 videndqu
1852 4478 1898 4533 D
1925 4480 2286 4536 obedientiam
2312 4488 2623 4548 peccatores
2654 4474 2824 4528 factos
2852 4488 2973 4528 esse
3000 4484 3210 4535 omnes,
3229 4479 3283 4522 et
3310 4483 3499 4523 neces-

244 4606 336 4654 cst
370 4615 383 4651 :
416 4606 471 4650 et
495 4594 741 4649 suflicere
772 4591 1001 4647 forsitan
1034 4595 1233 4657 potest,
1268 4582 1569 4639 secundum
1608 4579 1849 4647 simpli—7

246 4706 368 4745 cem
388 4690 801 4760 expositionem,
827 4695 885 4738 ut
900 4684 1144 4737 dicamus
1164 4676 1677 4735 condemnationem
1701 4685 1823 4727 esse

247 4784 427 4839 delicti
463 4793 805 4836 communem
854 4777 995 4831 hanc
1022 4783 1253 4827 mortem
1290 4786 1414 4840 quae
1441 4768 1823 4823 omnibusve-

249 4880 335 4933 nit
363 4888 411 4932 et
440 4879 643 4937 veniet,
676 4872 887 4927 etiamsi
910 4871 1040 4941 justi
1066 4870 1372 4920 videantur.
1416 4883 1436 4916 ι
1476 4862 1823 4918 Existimavit

245 4987 379 5043 ergo
407 4971 666 5037 Origenes
695 4981 798 5019 non
825 4973 1107 5033 peccatum
1130 4958 1328 5020 solum,
1362 4956 1507 5025 quod
1545 4970 1690 5009 mors
1724 4963 1817 5008 est

249 5064 466 5121 animm,
491 5059 582 5112 sed
615 5066 841 5111 mortem
876 5054 1041 5108 etiam
1072 5062 1388 5119 corpoream
1434 5047 1488 5100 in
1516 5060 1679 5099 omne
1727 5060 1820 5113 ge-

248 5170 354 5208 nus
376 5155 668 5206 humanum
688 5163 781 5214 per
797 5146 987 5200 Adami
1008 5144 1214 5213 lapsqu
1236 5141 1400 5194 fuisse
1425 5138 1821 5200 trausmissam,

248 5246 394 5318 quod
427 5244 612 5315 synodi
651 5240 985 5296 Tridentime
1014 5239 1257 5297 decreto,
1318 5246 1455 5285 sess.
1486 5228 1541 5293 5,
1597 5242 1718 5280 can.
1750 5225 1818 5287 2,

250 5343 468 5405 penitus
490 5347 912 5391 consentaneum
955 5340 1060 5385 est.
1098 5327 1151 5380 ld
1181 5324 1495 5387 Jansenius,
1520 5320 1667 5374 velut
1700 5334 1726 5371 a
1760 5333 1822 5373 se

252 5434 601 5493 dissentiens,
635 5429 859 5482 minime
891 5422 1197 5478 dissimulat
1233 5430 1362 5473 tum.
1390 5417 1431 5479 I,
1459 5417 1553 5469 lih.
1583 5428 1667 5475 ttt,
1700 5426 1822 5479 cap.

254 5525 343 5579 15.
376 5523 558 5577 Tertia
589 5519 895 5574 criminatio
918 5515 1041 5570 talis
1077 5522 1178 5574 est,
1215 5510 1501 5566 censuisse
1554 5506 1823 5559 Adaman-

210 5614 217 5619 ’
257 5618 411 5678 tiuiu,
439 5625 667 5668 mortem
700 5612 844 5665 illaut
884 5624 1002 5677 qua:
1052 5622 1107 5660 In
1149 5617 1359 5668 omnes,
1392 5602 1544 5671 juxta
1590 5595 1817 5651 Paulum

254 5710 413 5765 Itoni.
441 5724 494 5772 v,
532 5707 615 5767 I2,
642 5703 971 5774 pertransiit,
994 5702 1047 5754 in
1073 5699 1270 5753 multos
1296 5705 1498 5749 tantum
1534 5699 1819 5759 pertrans-

256 5803 406 5871 iisse,
452 5801 544 5872 qui
589 5813 786 5869 nempe
834 5805 957 5851 actu
1015 5798 1399 5862 peccaverunt.
1435 5786 1530 5842 Cui
1566 5781 1823 5839 crimina-

1927 4576 2074 4631 sario
2127 4570 2531 4639 subjuuxisset;
2566 4568 2636 4622 ita
2685 4577 2738 4621 et
2768 4581 2877 4633 per
2920 4565 3082 4617 mtius
3124 4558 3492 4615 obedientiam

1920 4667 2052 4737 justi
2078 4664 2479 4729 constituentur
2513 4674 2723 4724 omnes,
2778 4658 3053 4712 videretur
3088 4668 3152 4706 cx
3186 4647 3493 4718 hujusmodi

1926 4758 2309 4831 promissionis
2372 4752 2671 4809 securitate
2727 4750 2996 4803 resolvere
3038 4745 3252 4799 animos
3302 4754 3493 4795 eorum

1926 4830 2127 4923 quibus
2176 4847 2396 4916 expedit
2436 4859 2556 4898 esse
2585 4841 2684 4897 sub
2736 4850 2899 4893 metu.
2944 4857 2961 4889 ι
3003 4836 3205 4889 Deinde
3238 4848 3385 4887 num.
3419 4830 3492 4897 5,

1925 4961 2051 5016 pag.
2080 4942 2205 5006 556,
2232 4940 2357 5002 557,
2391 4937 2536 4991 aliud
2564 4950 2685 4988 esse
2711 4940 2866 4985 docet
2898 4943 3162 4999 peccare;
3195 4925 3338 4979 aliud
3363 4938 3492 4992 pec—

1926 5040 2164 5092 catorem
2190 5048 2348 5097 esse;
2388 5044 2616 5099 peccare
2654 5038 2843 5079 omnes
2869 5022 3031 5074 etiam
3071 5020 3270 5089 justos,
3302 5030 3498 5086 pecca-

1928 5141 2073 5183 tores
2105 5140 2227 5181 esse
2260 5124 2349 5192 qui
2390 5136 2531 5189 sa-pe
2585 5117 2858 5186 peccando
2895 5128 3052 5167 usum
3108 5109 3363 5178 peccandi
3428 5122 3494 5160 ac

1928 5218 2372 5276 consuetudinem
2401 5219 2826 5273 contraxerunt;
2857 5215 3167 5275 peccatores
3189 5200 3355 5270 igitur
3376 5213 3494 5251 esse

1933 5314 2150 5372 tuultos,
2185 5324 2289 5362 non
2321 5319 2542 5369 omnes;
2572 5316 2799 5371 peccare
2835 5308 3013 5350 autem
3041 5296 3339 5347 universos.
3365 5289 3493 5343 Pcr-

1931 5405 2116 5473 Spicua
2146 5416 2277 5456 vero
2304 5415 2364 5453 ea
2398 5403 2525 5452 sunt
2558 5411 2706 5448 uum.
2734 5392 2786 5455 1,
2821 5407 2943 5459 pag.
2974 5388 3077 5442 544
3108 5407 3126 5438 ι
3158 5406 3169 5440 :
3196 5387 3259 5441 Et
3293 5393 3350 5437 ut
3374 5383 3492 5438 evi—

1932 5496 2147 5553 dentius
2170 5491 2484 5549 ostenderet
2518 5502 2708 5543 omnes
2739 5485 2982 5538 homines
3010 5492 3065 5534 et
3096 5479 3293 5532 multos
3325 5476 3498 5529 homi-

1932 5606 2030 5646 m-s
2058 5589 2199 5643 idem
2227 5598 2371 5648 esse,
2400 5580 2607 5636 addidit
2640 5578 2724 5632 his
2758 5593 2771 5629 :
2804 5576 2953 5630 Sicut
2987 5573 3127 5627 enim
3181 5586 3273 5639 per
3317 5567 3500 5621 inube-

1930 5682 2181 5736 dientiam
2241 5678 2396 5732 unius
2447 5673 2670 5727 hominis
2714 5680 3005 5736 peccatores
3059 5662 3328 5718 constituti
3374 5668 3498 5715 sunt

1933 5773 2107 5839 multi,
2138 5772 2213 5825 ita
2243 5780 2291 5824 et
2333 5783 2426 5838 per
2453 5768 2606 5820 unius
2641 5760 2989 5816 obedientiam
3007 5757 3146 5828 justi
3174 5756 3498 5811 constituen-
