3860 6226
381 354 485 411 967

1652 342 1714 397 P.
1756 338 2076 400 DANIELIS
2113 330 2348 393 HUETII

3528 338 3643 395 988
3784 106 3822 401 ‘

382 484 471 525 (ur
491 464 648 526 mihi
672 466 737 522 “.
778 464 845 522 Et
863 464 1006 540 quod
1041 464 1292 535 superius
1338 476 1532 519 omnes
1573 462 1787 518 dixerat
1856 463 1958 518 bo.
1988 469 2036 524 Ά
2070 461 2431 525 propagatum
2464 455 2781 523 neutiquam
2812 453 3051 509 excludit
3079 470 3093 507 :
3132 473 3151 506 ι
3174 454 3292 507 Λιιῑ
3316 455 3491 521 magis
3508 456 3652 508 sim-

385 560 583 623 Inines,
638 558 729 613 hic
761 557 951 612 eodem
1003 572 1169 611 sensu
1220 555 1419 609 multos
1473 554 1817 620 nominavit;
1853 573 1872 607 ι
1907 562 1964 609 et

384 653 486 706 ista
517 666 667 717 num,
695 654 751 716 2,
785 665 907 719 pag.
946 649 1053 705 555
1080 665 1095 702 :
1132 667 1150 701 ι
1173 649 1398 703 Mortem
1429 656 1611 701 tamen
1636 648 1793 701 istam
1819 660 1965 701 cum-

385 758 603 797 Inunem
642 742 883 811 suscepit
911 740 1206 812 (Christus)
1243 753 1367 794 cum
1404 738 1551 792 illam
1583 739 1815 807 peccati,
1842 752 1965 808 quae

386 834 649 904 regnabat
673 833 726 887 in
769 832 1045 897 omnibus,
1086 846 1193 885 non
1231 831 1574 900 receperit.»
1602 829 1679 884 ‘Et
1710 843 1843 884 sane
1870 845 1965 884 ne—

386 925 587 979 minem
617 932 817 978 vacare
867 932 1093 991 peccato
1137 930 1458 990 persuasum
1509 918 1733 989 Origeni
1795 919 1966 974 fuisse

382 1016 493 1085 jam
520 1017 652 1072 satis
677 1030 840 1086 supra
864 1010 1388 1070 demonstravimus.
1419 1012 1645 1068 Sextum
1666 1014 1768 1068 hoc
1789 1013 1838 1067 ei
1858 1011 1967 1067 cri-

390 1123 515 1161 men
550 1107 827 1175 objicitur,
866 1105 1179 1160 decrevisse
1211 1106 1413 1174 ipsum,
1447 1104 1727 1159 Christum
1782 1104 1967 1172 plures

390 1200 459 1254 ad
491 1200 656 1252 vitam
717 1199 1040 1261 reduxisse,
1089 1214 1252 1269 quam
1288 1198 1560 1251 Adamqu
1600 1198 1666 1251 ad
1710 1206 1964 1250 mortem.

382 1286 550 1357 Quod
601 1287 759 1343 facile
803 1304 870 1343 ex
921 1289 1299 1358 superioribus
1333 1286 1619 1348 refellitur.
1655 1302 1777 1341 nam
1810 1287 1855 1340 si
1910 1287 1964 1340 in

390 1394 581 1435 omnes
605 1389 832 1434 mortem
865 1380 979 1435 sive
1010 1380 1227 1443 animm,
1260 1378 1377 1433 sive
1398 1378 1645 1446 corporis
1670 1378 1737 1431 ab
1759 1378 1969 1432 Adamo

390 1471 715 1542 proﬂuxisse
767 1481 920 1525 ratus
951 1480 1035 1525 est
1087 1469 1373 1539 Origenes,
1424 1484 1531 1524 non
1564 1469 1764 1539 plures
1819 1478 1971 1522 certe

392 1576 555 1630 quam
588 1576 778 1616 omnes
807 1562 873 1614 ad
914 1559 1078 1613 vitam
1130 1558 1409 1613 Christum
1445 1560 1723 1613 reduxisse
1755 1557 1968 1627 opinari

393 1652 587 1721 potuit.
645 1652 916 1707 Prazterea
947 1666 1227 1722 exponens
1271 1651 1399 1705 illud
1436 1649 1875 1720 Apostoli‘Rom.
1911 1666 1966 1717 v,

386 1738 564 1801 ‘15”
604 1747 659 1800 Si
684 1750 828 1801 enim
865 1746 1028 1801 unius
1082 1745 1278 1800 delicto
1339 1745 1491 1798 multi
1551 1744 1749 1798 mortui
1800 1752 1966 1809 sunt;

2066 546 2303 616 pliciter,
2334 565 2360 598 λ»
2388 546 2563 615 inquit
2596 562 2749 600 num.
2793 545 2848 609 1,
2894 561 3016 617 pag.
3041 545 3171 609 550,
3198 564 3228 596 -‹
3266 546 3651 614 accipiendum

2061 638 2299 702 videtur,
2327 648 2387 691 et
2415 637 2716 692 similitudo
2750 638 3237 707 praevaricationis
3264 637 3399 692 ‘Ada
3434 638 3653 703 absque

2067 729 2248 798 aliqua
2301 729 2648 785 discussione
2688 730 2997 797 recipienda
3025 770 3040 795 ,
3100 738 3158 784 ut
3213 731 3317 785 hoc
3374 745 3651 784 sermone

2065 834 2255 878 omnes
2286 824 2377 893 qui
2408 839 2474 878 ex
2522 824 2694 878 Adam
2724 826 3147 893 praevaricatore
3179 824 3291 879 nati
3321 834 3471 890 sunt,
3508 824 3651 877 indi-

2066 918 2181 972 cari
2210 917 2521 982 videantur,
2563 929 2618 972 et
2653 919 2854 975 habere
2884 919 2938 973 in
2985 918 3299 987 semetipsis
3331 917 3654 971 similitudi-

2067 1022 2191 1064 nem
2216 1009 2681 1079 prmvarica’tionis
2700 1010 2841 1079 ejus,
2870 1025 2975 1064 non
3006 1010 3179 1063 solum
3201 1024 3265 1065 ex
3294 1012 3528 1073 semine,
3553 1010 3652 1064 sed

2068 1115 2134 1156 ex
2166 1100 2513 1156 institutione
2534 1112 2871 1170 susceptam.
2898 1120 2927 1153 ι»
2963 1100 3065 1155 Ubi
3095 1111 3375 1170 peccatum
3412 1100 3654 1171 originis

2064 1192 2278 1249 semine
2314 1194 2715 1257 transmissum,
2743 1198 2801 1249 et
2847 1204 3153 1264 peccatum,
3212 1194 3291 1247 uti
3325 1193 3649 1262 appellant,

2075 1283 2308 1349 actuale,
2335 1283 2681 1337 institutione
2706 1295 3016 1353 susceptum
3044 1285 3306 1353 agnoscit.
3330 1283 3442 1339 Nec
3474 1284 3654 1338 multo

2072 1385 2195 1446 post
2218 1391 2370 1432 num.
2402 1375 2456 1438 2,
2485 1390 2609 1446 pag.
2638 1375 2768 1440 553,
2792 1376 2921 1441 554,
2950 1376 3255 1431 doctrinam
3284 1377 3536 1431 eamdem
3568 1376 3646 1430 iu-

2071 1468 2494 1533 culcat,-docens
2522 1468 2772 1523 homines
2814 1492 2832 1517 ι
2872 1478 3111 1522 nontam
3150 1478 3344 1522 natura
3377 1468 3567 1539 urgeri
3594 1469 3652 1521 in

2070 1566 2306 1611 mortem
2338 1559 2569 1627 peccati,
2596 1573 2758 1627 quam
2811 1558 3159 1629 discipulatu,
3197 1576 3216 1609 ι
3256 1567 3310 1613 et
3362 1568 3652 1627 peccatqu

2062 1664 2099 1702 ιι
2132 1666 2237 1705 non
2258 1649 2443 1704 solum
2486 1651 2814 1713 nativitatis,
2849 1652 2943 1706 sed
2970 1662 3041 1706 et
3087 1650 3350 1706 doctrinae
3368 1667 3517 1715 esse,
3546 1670 3575 1703 ν»
3600 1660 3653 1704 et

2070 1739 2347 1795 Christum
2365 1744 2641 1796 contraria
2666 1743 2960 1797 contrariis
2987 1744 3323 1813 opposuisse,
3345 1743 3657 1811 vitiumque

394 1834 566 1889 multo
592 1836 767 1906 magis
811 1836 985 1905 gratia
1022 1835 1115 1891 Dei
1171 1845 1227 1890 et
1256 1834 1460 1889 donum
1504 1836 1558 1888 in
1599 1834 1771 1902 gratia
1809 1835 1971 1888 unius
2002 1847 2044 1902 Β
2073 1830 2217 1885 illud
2232 1847 2331 1902 per
2374 1835 2782 1901 generationem
2824 1843 3187 1899 contractum,
3230 1848 3661 1905 perregenera-

392 1928 633 1983 hominis
654 1927 1010 1984 Jesu'Cbristi
1044 1928 1097 1982 in
1124 1932 1304 1999 plures
1333 1926 1655 1991 abundavit,
1674 1926 1972 1997 Topponit

395 2021 625 2091 gratiam
651 2020 854 2076 Christi
883 2030 1106 2089 peccato
1142 2020 1356 2084 Adami,
1388 2030 1443 2073 et
1496 2019 1756 2087 quidquid
1788 2020 1972 2073 utriu-

396 2127 502 2177 que
533 2112 843 2166 hominibus
877 2112 1002 2166 boni
1038 2111 1120 2165 vel
1158 2112 1284 2164 mali
1323 2110 1424 2164 fuit
1457 2110 1829 2179 iInportatum,
1885 2110 1971 2164 in-

395 2202 575 2256 vicem
603 2210 859 2255 accurate
882 2200 1182 2265 contendit,
1214 2215 1313 2254 nec
1339 2200 1520 2268 plures
1553 2201 1729 2270 gratia
1763 2198 1970 2253 Christi

398 2293 717 2350 sublevatos
772 2292 940 2349 fuisse
974 2294 1251 2362 observat,
1295 2308 1457 2364 quam
1495 2301 1724 2363 peccato
1766 2293 1971 2347 ‘Adami

399 2387 625 2444 an‘ectos
650 2396 707 2444 et
738 2389 791 2441 in
823 2388 1068 2443 deterius
1110 2395 1498 2443 commutatos.
1540 2386 1812 2442 Praeclare
1840 2402 1974 2441 vero

382 2473 683 2532 'Paulinam
738 2478 1069 2532 sententiam
1119 2478 1205 2532 his
1254 2478 1438 2532 verbis
1464 2484 1689 2531 enarrat
1714 2492 1864 2530 num.
1895 2476 1931 2530 2
1954 2518 1969 2541 ,

401 2584 521 2642 pag.
551 2570 696 2626 552:
736 2589 755 2622 ε
786 2571 1089 2626 Ostendere
1128 2571 1241 2625 vult
1269 2572 1416 2639 quod
1454 2569 1626 2625 multo
1672 2568 1975 2624 sit’fortior

401 2665 511 2717 vita
552 2679 713 2733 quam
744 2679 911 2731 mors,
938 2675 989 2719 et
1011 2665 1221 2734 justitia
1254 2677 1421 2733 quam
1455 2674 1764 2733 peccatum,
1795 2670 1852 2717 et
1883 2674 1977 2733 per

402 2751 506 2808 hoc
527 2753 780 2821 educere,
814 2756 907 2824 qui
935 2756 978 2809 si
1016 2754 1088 2808 ita
1119 2769 1217 2823 per
1247 2765 1530 2823 peccatum
1565 2766 1714 2808 mors
1745 2766 1977 2823 regnare

404 2842 458 2897 in
479 2844 735 2899 omnibus
758 2848 954 2915 potuit,
988 2848 1262 2918 accipiens
1292 2861 1361 2901 ex
1396 2848 1554 2901 unius
1576 2846 1839 2901 'lIominis
1896 2845 1978 2899 in-

406 2934 718 2993 obedientia
755 2938 988 3003 initium,
1016 2948 1220 3009 quanto
1256 2939 1532 3009 potentius
1560 2948 1616 2995 et
1640 2939 1855 3008 dignius
1882 2954 1980 3008 per

398 3026 666 3097 justitiam
696 3029 805 3083 vita
830 3029 1096 3098 regnabit,
1136 3029 1350 3083 initium
1385 3029 1661 3099 accipiens
1684 3042 1782 3099 per
1815 3030 1977 3084 unius

400 3121 763 3177 obedientiam
787 3121 1027 3177 Christi?
1063 3142 1081 3175 ι
1116 3123 1222 3177 Sed
1258 3133 1312 3178 et
1347 3138 1400 3193 p.
1428 3122 1557 3185 555,
1594 3139 1613 3173 σ
1644 3121 1977 3192 simpliciore

2073 1923 2275 1976 tionem
2307 1922 2648 1989 abolevisse;
2678 1933 3032 1993 etpeccatum
3073 1941 3170 1995 per
3196 1925 3393 1978 malam
3426 1926 3656 1979 institu-

2058 2013 2274 2069 tionem
2328 2015 2674 2082 admissum,
2738 2017 2944 2072 salubri
2990 2017 3242 2072 “doctrina
3290 2019 3654 2073 coercuisse:

2064 2112 2238 2173 atque
2268 2104 2476 2159 ideirco
2507 2104 2794 2175 discipulis
2824 2106 2940 2160 suis
2974 2120 3078 2160 non
3105 2107 3340 2162 dixisse:
3368 2126 3388 2159 ι
3414 2106 3520 2172 lte,
3542 2108 3658 2161 ba-

2056 2198 2508 2265 iptizateemnes
2529 2207 2753 2269 gentes;
2794 2216 2812 2249 ι
2842 2199 2979 2254 sed:
3027 2217 3046 2250 ‹
3096 2198 3192 2265 Ite,
3220 2200 3414 2255 docete
3458 2213 3658 2254 omnes

2062 2299 2284 2359 gentes,
2317 2291 2661 2359 baptizantes
2689 2303 2786 2346 eos
2814 2291 2868 2344 in
2897 2292 3115 2345 nomine
3161 2291 3362 2359 Patris,
3410 2304 3467 2347 et
3503 2293 3659 2357 Filii,

2054 2388 2131 2433 -et
2171 2378 2414 2449 Spiritus
2441 2380 2615 2435 sancti
2646 2380 2747 2433 ".I
2778 2380 3029 2435 Tum-ita
3064 2382 3372 2437 concludit:
3414 2401 3435 2435 ‹
3458 2382 3661 2438 Sciens

2073 2486 2208 2541 ergo
2238 2478 2531 2541 utrumque
2554 2486 2676 2526 esse
2703 2472 2757 2526 in
2791 2473 2973 2541 culpa,
2996 2484 3293 2543 utrumque
3326 2476 3656 2531 remedium

2075 2564 2243 2627 dedit,
2284 2575 2345 2617 ut
2373 2565 2650 2632 generatio
2677 2562 2928 2620 mortalis
2953 2567 3363 2637 regeneratione
3394 2569 3658 2636 baptismi

2078 2664 2401 2717 mutaretur,
2437 2665 2492 2711 et
2525 2656 2824 2726 impietatis
2859 2656 3166 2713 doctrinam
3198 2658 3446 2713 doctrina
3475 2660 3660 2728 pieta-

2054 2748 2146 2802 -tis
2172 2749 2519 2802 excluderet.
2541 2768 2559 2800 ι
2590 2747 2716 2802 Plus
2742 2749 2963 2817 prodest
2990 2750 3055 2802 ad
3086 2753 3505 2820 oppugnandum
3536 2751 3663 2807 Orio

2074 2842 2468 2909 genum-quod
2488 2855 2557 2893 ex
2590 2840 2680 2894 illo
2711 2840 2948 2894 rcl‘ernnt
2980 2840 3198 2895 Catena:
3231 2844 3280 2896 in
3312 2841 3564 2898 Psalmos
3588 2845 3659 2897 ad

2078 2932 2214 2999 psal.
2270 2947 2459 2995 XLVIII,
2497 2931 2530 2984 6
2559 2972 2574 2993 ,
2632 2947 2755 3002 pag.
2808 2931 2935 2995 7l8,
2992 2933 3142 3001 Μηδὲ
3172 2932 3401 2999 ἕκαστος
3426 2934 3529 3006 τὴν
3562 2937 3663 2989 τοῦ

2089 3028 2263 3099 Ἀδὰμ
2322 3026 2606 3099 παρακοήν
2659 3027 2944 3097 φοῦεῖταιο
2985 3028 3187 3099 ταύτην
3229 3029 3336 3099 γὰρ
3390 3030 3661 3101 ὑπῃνιξά.

2082 3120 2219 3191 μεθα
2272 3120 2506 3189 πτέρναν
2545 3119 2776 3190 ἀνομίας
2808 3115 2946 3172 εἶναι
2968 3134 2982 3149 ·
3015 3120 3189 3183 οὐδεὶς
3226 3121 3335 3191 γὰρ
3368 3121 3440 3173 δι’
3497 3122 3664 3176 ἄλλον

406 3213 684 3267 intellectu
719 3231 737 3263 ι
772 3212 878 3267 dici
910 3227 1069 3283 posse
1097 3223 1284 3269 censet
1313 3214 1497 3284 plures
1534 3212 1854 3268 vila'fuisse
1872 3216 1976 3267 ‘da—

2081 3210 2275 3265 κακίαν
2313 3207 2760 3272 καταδικάζεται,
2805 3208 3011 3274 Quibus
3070 3209 3296 3278 originis
3348 3222 3661 3278 peccatum,

406 3312 565 3358 natos
585 3319 616 3357 a
643 3304 885 3371 Christo,
917 3320 1080 3374 quam
1113 3315 1289 3361 morte
1331 3306 1558 3360 allectos
1618 3306 1687 3359 ah
1720 3307 1929 3359 Adamo
1958 3323 1973 3373 ;

405 3395 532 3465 quia
564 3395 804 3450 Adam‘us
828 3397 1329 3453 hominestantum
1361 3412 1391 3451 a
1429 3413 1490 3453 se
1524 3397 1785 3451 oriundos
1834 3396 1979 3451 letho

405 3487 588 3555 dedit;
621 3485 875 3542 Christus
904 3497 1086 3543 autem
1113 3505 1219 3543 non
1244 3488 1366 3544 illos
1399 3495 1631 3553 tantum,
1682 3486 1778 3543 sed
1804 3488 1977 3556 ipsum

405 3579 571 3633 etiam
609 3579 874 3632 Adamum
926 3579 1052 3632 vitae
1104 3580 1358 3635 reddidit.
1394 3598 1413 3632 ‹
1462 3580 1731 3649 Sicergo,
1781 3578 1977 3647 inquit,

406 3670 589 3739 plures
614 3669 866 3726 Christus
898 3672 1107 3725 reducit
1132 3670 1197 3725 ad
1223 3672 1411 3737 vitam,
1447 3686 1610 3742 quam
1631 3672 1803 3726 Adam
1818 3669 1982 3723 'duxit

407 3763 476 3817 ad
509 3773 777 3826 mortem;
813 3763 939 3831 quia
991 3763 1155 3817 etiam
1187 3762 1359 3834 ipsum
1391 3763 1595 3827 Adam,
1625 3764 1718 3833 qui
1766 3764 1983 3818 ceteris

408 3860 573 3906 causa
604 3853 813 3907 exstitit
842 3855 1053 3919 mortis,
1095 3854 1346 3909 Christus
1374 3856 1648 3909 revocavit
1667 3854 1731 3908 ad
1754 3856 1975 3909 vitam.»

410 3944 691 3999 Postremo
721 3947 939 4001 tandem
973 3947 1025 4001 id
1081 3946 1134 4001 in
1169 3945 1403 4017 Origene
1432 3948 1609 4017 culpat
1663 3946 1981 4013 Janscnius,

409 4039 552 4105 quod
582 4036 928 4092 a‘lllrmaverit
952 4039 1217 4092 Adamum
1240 4054 1362 4093 esse
1385 4039 1615 4094 formam
1643 4040 1831 4104 futuri,
1859 4042 1983 4110 quia

410 4128 621 4198 peccati
656 4128 826 4197 ipsius
855 4129 1135 4199 exemplar
1162 4129 1466 4195 imitantes,
1507 4142 1826 4199 peccatores
1853 4131 1986 4187 elic-

406 4219 482 4273 cti
513 4229 658 4275 sunt.
695 4219 886 4274 Exstat
932 4220 1063 4275 illud
1090 4220 1307 4290 quidem
1342 4233 1467 4275 cum
1500 4222 1623 4277 aliis
1669 4222 1803 4278 libri
1828 4223 2001 4292 hujus

408 4313 582 4383 quinti
612 4315 665 4367 in
701 4312 992 4381 Epistulam
1025 4315 1093 4368 ad
1116 4314 1383 4370 Romanos
1410 4315 1569 4382 locis,
1613 4327 1728 4371 tum
1759 4333 1988 4389 praeser-

411 4404 508 4458 tim
544 4419 691 4458 num.
725 4405 784 4471 5,
830 4420 953 4475 pag.
988 4406 1115 4472 557,
1171 4406 1254 4461 his
1302 4406 1527 4462 verbis:
1578 4426 1597 4460 ι
1634 4408 1793 4463 Dedit
1855 4424 1986 4479 ergo

396 4490 583 4549 'Adam
638 4496 1018 4564 peccatoribus
1078 4494 1307 4550 formam
1368 4511 1465 4566 per
1505 4497 1982 4568 inobedientiam;

409 4587 660 4641 Cllristus
684 4601 811 4641 vero
848 4601 879 4640 e
928 4588 1204 4642 contrario
1227 4588 1393 4659 justis
1441 4588 1673 4642 formam
1728 4604 1825 4658 per
1850 4590 1982 4644 obe-

409 4678 671 4732 dientiam
700 4678 973 4747 posuit....
1005 4677 1296 4746 Propterea
1321 4678 1466 4733 enim
1499 4690 1555 4732 et
1584 4679 1699 4748 ipse
1735 4679 1980 4733 obediens

412 4770 585 4837 {actm
645 4778 722 4823 est
777 4784 939 4838 usque
974 4770 1042 4823 ad
1074 4781 1293 4825 mortem
1326 4770 1398 4833 ⁸⁷,
1428 4779 1487 4824 ιιι
1530 4770 1623 4841 qui
1660 4771 1985 4825 obedientite

412 4860 529 4928 ejus
562 4870 867 4929 sequuntur
909 4862 1239 4929 exemplum,
1285 4860 1415 4927 justi
1469 4861 1873 4915 constituantur
1914 4863 1983 4914 ab

414 4952 545 5021 ipsa
565 4951 798 5020 iustitia,
817 4954 959 5006 sicut
992 4952 1063 5005 illi
1091 4952 1467 5007 iuobedieutia'.
1492 4952 1717 5005 formam
1750 4965 1989 5021 sequen-

414 5055 498 5100 tes
529 5045 812 5099 constituti
870 5050 998 5098 sunt
1047 5053 1386 5113 peccatores.
1430 5064 1450 5097 ι
1487 5042 1682 5097 Verum
1734 5042 1983 5112 repetitis

414 5151 630 5208 quoque
662 5134 784 5190 libri
832 5136 1073 5202 ejusdem
1107 5137 1435 5191 testimoniis
1462 5135 1729 5189 Adamum
1784 5136 1987 5189 idcirco

418 5229 645 5284 formam
688 5228 849 5280 futuri
885 5228 1087 5281 dictum
1123 5228 1463 5298 pronuntiat,
1492 5228 1636 5296 quod
1670 5225 1874 5281 Christi
1904 5237 1988 5295 ty-

416 5336 540 5395 pum
575 5323 876 5392 praeferret.
910 5323 1064 5388 Quod
1098 5322 1287 5390 adjicit
1321 5331 1509 5376 autem
1531 5335 1629 5389 per
1657 5320 1987 5389 pravarica-

417 5417 618 5469 tionem
646 5415 1213 5469 hominibusi‘ormam
1243 5414 1498 5483 peccandi
1528 5412 1820 5481 przebuisse
1843 5410 1989 5464 Ada-

419 5524 587 5572 Inum,
614 5518 774 5573 atque
814 5507 883 5559 ita
918 5516 1231 5575 peccatores
1256 5505 1580 5559 constitutos
1643 5502 1812 5557 fuisse
1848 5502 1988 5556 Inul-

419 5604 521 5662 tos,
556 5607 835 5665 peccatum
870 5595 1016 5648 aliud
1049 5596 1277 5665 originis
1299 5610 1364 5649 ex
1399 5596 1624 5649 traduce
1652 5594 1704 5648 in
1738 5593 1989 5647 homines

2080 3303 2371 3373 debitaque
2401 3302 2501 3371 ipsi
2530 3299 2797 3371 supplicia
2826 3301 3041 3369 penitus
3076 3299 3358 3354 tolluntur.
3388 3298 3499 3354 Sed
3523 3316 3667 3369 pne-

2068 3404 2167 3469 .ter
2194 3396 2485 3451 sublestam
2507 3392 2831 3449 Catenarnm
2856 3391 3040 3455 iidem,
3074 3391 3274 3446 iaciunt
3296 3406 3395 3462 pro
3426 3391 3667 3462 Origene

2086 3501 2236 3542 same
2272 3486 2442 3554 ipsius
2471 3500 2638 3553 super
2686 3484 2788 3538 hoc
2822 3492 3165 3552 argumento,
3217 3491 3271 3536 et
3328 3484 3667 3539 orthodoxae

2060 3580 2371 3635 sententiae
2423 3578 2593 3633 variis
2655 3586 2856 3645 sparsa:
2910 3575 3262 3638 locisrvelut
3317 3575 3511 3631 homil.
3543 3576 3667 3630 85a:

2083 3671 2461 3735 Lerit.,1mm.
2496 3669 2551 3735 5,
2579 3668 2669 3723 ubi
2695 3668 2943 3722 homines
2979 3667 3031 3720 in
3086 3667 3462 3736 iniquitatibus
3513 3684 3659 3723 con-

2084 3766 2219 3833 cipi,
2239 3773 2293 3819 et
2321 3764 2372 3817 in
2394 3762 2631 3833 peccatis
2661 3761 2807 3817 nasci
2837 3760 3055 3825 asserit,
3084 3769 3249 3829 atque
3280 3759 3490 3815 idcirco
3515 3762 3659 3816 scri-

2084 3866 2419 3928 ptum‘esse:
2466 3872 2486 3905 ι
2529 3854 2697 3908 Nemo
2732 3854 2965 3907 mundus
2995 3868 3023 3906 a
3071 3852 3251 3915 sorde,
3278 3867 3353 3905 ne
3392 3852 3437 3907 si
3493 3854 3661 3908 unius

2085 3947 2297 4001 dieisit
2321 3949 2429 4001 vita
2459 3945 2576 4013 ejus
2600 3946 2646 3977 θ’
2668 3964 2703 3997 η»
2738 3946 3073 4018 (quanquam
3128 3944 3313 4000 homil.
3350 3944 3421 3999 η
3470 3946 3530 3999 in
3563 3945 3664 4002 ιι-

2060 4041 2202 4106 'vit.,
2238 4050 2395 4094 'num.
2428 4040 2484 4105 4,
2506 4048 2561 4094 et
2590 4039 2779 4093 homil.
2814 4040 2954 4093 Min
2980 4038 3109 4094 Luc.
3144 4042 3335 4094 sordes
3364 4039 3486 4095 illas
3520 4055 3665 4111 quas

2088 4139 2374 4184 nascentes
2392 4131 2791 4197 contrahimus,
2817 4146 2846 4183 a
2877 4140 3099 4198 peccato
3121 4131 3495 4201 distinguit,et
3524 4148 3663 4188 con-

2058 4223 2355 4292 ceptionis
2385 4232 2552 4292 atque
2574 4234 2731 4279 ortus
2771 4223 3087 4293 spurcitiam
3129 4234 3184 4279 et
3238 4223 3543 4279 fmditatem
3588 4226 3666 4282 si-

2088 4316 2332 4385 gniticari
2373 4315 2578 4385 putat),
2623 4315 2819 4385 alioqui
2846 4316 3172 4385 baptismum
3221 4316 3463 4386 parvulis
3491 4318 3549 4371 iu
3583 4334 3671 4373 re-

2090 4407 2405 4461 missionem
2438 4415 2784 4475 pcccatorum
2803 4406 3040 4461 conferri
3064 4407 3308 4470 solitum,
3336 4422 3675 4477 supervaca-

2064 4510 2251 4551 neum
2285 4498 2403 4554 fore
2433 4508 2489 4553 et
2535 4497 2800 4554 inutilem.
2830 4497 2989 4553 Paria
3036 4499 3264 4569 replicat
3298 4509 3431 4555 tom.
3487 4518 3560 4557 xv
3617 4505 3673 4558 in

2015 4555 2069 4610 υ
2090 4589 2313 4655 ΜαιιΙι.,
2340 4605 2489 4646 num.
2522 4590 2619 4653 23,
2657 4605 2780 4661 pag.
2838 4589 2945 4646 686
2965 4630 2982 4655 ,
3011 4600 3067 4646 et
3096 4555 3384 4661 ‘Ihaptismo

2090 4682 2330 4752 abstergi
2357 4683 2570 4747 sordes,
2608 4698 2747 4752 quas
2786 4693 3074 4739 nascentes
3117 4684 3541 4752 contrahimus;
3597 4691 3672 4740 vi-

2089 4774 2290 4829 delicet
2317 4786 2621 4845 peccatum,
2660 4775 2813 4845 juxta
2859 4775 2999 4830 illud-
3023 4775 3242 4831 Davidis
3269 4776 3469 4846 psalmi
3502 4793 3562 4839 ι..
3602 4779 3671 4834 'i:

2095 4883 2114 4917 ι
2153 4864 2290 4921 Ecce
2337 4867 2484 4921 enim
2534 4866 2586 4921 in
2642 4867 3016 4936 iniquitatibus
3047 4878 3339 4938 conceptus
3406 4884 3557 4935 sum,
3620 4881 3672 4921 et

2090 4956 2146 5011 in
2177 4958 2419 5027 peccatis
2453 4958 2707 5026 concepit
2733 4972 2819 5013 me
2862 4968 3036 5013 mater
3062 4973 3202 5013 mea.
3236 4976 3255 5010 ι
3297 4956 3453 5015 Unde
3505 4961 3669 5013 solvi-

2095 5058 2205 5113 tur,
2241 5057 2299 5103 ut
2326 5049 2376 5102 id
2407 5050 2585 5105 obiter
2610 5050 2813 5114 dicam,
2862 5050 3155 5121 impactum
3202 5049 3542 5120 Origenistis
3565 5057 3668 5106 cri-

2093 5158 2215 5197 men
2242 5141 2494 5205 alterum,
2527 5144 2809 5198 censuisse
2838 5144 2985 5210 ipsos
3016 5150 3236 5212 peccata
3267 5158 3374 5197 non
3432 5142 3549 5196 tolli
3577 5156 3669 5209 per

2094 5233 2447 5302 baptismum,
2470 5235 2565 5287 sed
2602 5235 2732 5304 tegi.
2761 5233 2899 5288 Hinc
2923 5235 3038 5303 ipse
3069 5233 3357 5289 Jansenins
3374 5232 3668 5304 Origenem

2093 5323 2160 5375 de
2183 5330 2411 5389 peccato
2456 5322 2688 5393 originis
2714 5337 2819 5377 non
2842 5324 3015 5377 videri
3051 5338 3081 5377 a
3118 5323 3386 5377 catholica
3422 5326 3667 5378 doctrina

2095 5401 2366 5467 dissidere
2390 5413 2674 5469 confessus
2701 5424 2816 5469 est:
2852 5415 2978 5469 hinc
3033 5414 3205 5483 ipsum
3235 5430 3366 5468 sana
3419 5416 3672 5470 docuisse

2096 5502 2162 5556 de
2185 5501 2379 5557 etl‘ectu
2416 5504 2693 5573 baptismi,
2732 5518 2828 5572 per
2854 5518 2979 5557 eum
3006 5518 3197 5571 nempe
3222 5503 3418 5571 deponi
3462 5504 3669 5571 peccati

2094 5594 2307 5659 sordes,
2332 5603 2386 5649 et
2407 5609 2570 5649 omne
2623 5609 2887 5650 noxarum
2937 5610 3110 5665 genus
3144 5592 3345 5649 auferri
3377 5596 3673 5663 pra-dicant

501 5771 551 5805 “
580 5770 733 5826 Rom.
765 5787 818 5838 v,
857 5771 944 5827 19.
1006 5771 1051 5805 ’τ
1087 5770 1313 5843 Philipp.
1347 5789 1406 5841 II,
1435 5773 1486 5828 8.
1564 5772 1610 5805 ”
1639 5771 1826 5829 Matth.
1853 5787 1976 5827 xxVI

2078 5772 2155 5827 ξο.
2234 5777 2278 5805 ⁹⁹
2305 5772 2405 5829 Job
2434 5790 2537 5835 λιν⁵
2568 5775 2619 5829 4.
