3860 6226
204 279 313 336 969
983 274 1557 332 ORICENIANURUM
1595 273 1723 329 LIB.
1760 272 1824 339 II,
1856 273 2010 330 CAP.
2054 274 2117 341 Il,
2150 271 2428 340 QUEST.
2471 273 2581 330 VII.
3352 276 3454 333 970

208 396 719 466 Magdeburgenses,
747 404 887 450 cent.
930 412 1015 458 ιιι.
1050 412 1169 464 cap.
1213 397 1303 450 10.
1335 396 1391 449 Si
1422 397 1552 464 quid
1583 396 1635 449 in
1671 396 1777 451 illis
1807 406 1847 458 Α
1881 410 1979 448 nos
2007 395 2171 447 Deum
2199 395 2267 448 ad
2298 392 2494 447 nobilia
2520 393 2765 461 quaalam
2796 394 2847 448 in
2883 395 3041 450 terris
3066 394 3308 449 obeunda
3336 410 3453 451 mn-

206 497 389 543 tamen
411 486 816 541 Commentariis
840 488 895 540 in
913 486 1204 551 Epistolam
1227 488 1295 539 ad
1319 486 1581 541 Romanos
1596 489 1783 542 ortbo-
1884 487 1993 551 nia,
2025 485 2216 540 deinde
2246 499 2378 539 vero
2407 494 2531 554 post
2560 485 2767 539 obitum
2795 486 2860 540 ad
2895 486 3143 556 gloriam,
3169 487 3453 541 existima-

207 580 364 634 doxm
394 579 515 631 lidei
546 592 738 645 parum
762 588 1189 632 consentaneum
1214 586 1486 640 occurret,
1516 578 1780 632 memine-
1885 577 1978 631 vit.
2012 575 2129 647 (44)
2155 576 2216 631 Id
2247 573 2457 629 duobus
2488 576 2752 644 praecipue
2792 576 2923 631 locis
2965 576 3179 641 asserit,
3222 592 3451 645 quorum

210 671 283 724 rit
309 668 751 728 cruditusJector
781 683 888 722 non
924 678 1033 723 tam
1082 666 1300 722 illorum
1352 677 1627 722 auctorem
1660 668 1780 721 exi—
1882 671 2032 737 prior
2060 678 2145 723 est
2182 668 2277 723 lib.
2308 684 2325 723 ι
2363 669 2419 721 in
2450 665 2622 733 Epist.
2646 669 2714 720 ad
2745 667 2920 733 Rom,
2943 684 3093 725 num.
3113 670 3179 736 ιδ,
3224 669 3451 725 Paulum

209 761 536 816 stimandum
561 774 682 814 esse
710 758 998 830 Origenem
1016 797 1032 823 ,
1065 774 1227 828 quam
1256 759 1512 813 Rufinum
1538 776 1554 825 ;
1592 774 1622 813 a
1674 774 1782 828 quo
1884 760 1955 815 ibi
1981 774 2011 814 a
2034 770 2224 815 ventre
2259 762 2450 818 matris
2474 776 2586 817 sum
2610 770 2894 831 propterea
2918 771 3256 833 segregatum
3285 762 3453 817 luisse

210 862 451 907 nontam
514 851 880 921 interpretati,
930 865 1092 921 quam
1152 851 1325 907 recusi
1368 863 1427 907 et
1475 851 1781 921 interpolati
1883 852 2013 908 dicit
2071 852 2127 906 in
2166 850 2512 923 Evangelium
2564 854 2680 919 Dei,
2735 855 2860 923 quia
2904 874 2922 905 ι
2952 868 3145 908 causas
3190 853 3242 907 in
3293 867 3359 908 eo
3399 864 3455 908 et

178 953 379 1009 -sunt;
414 943 669 997 Rulinum
702 953 883 997 autem
920 954 1027 998 tam
1060 959 1229 1013 prave
1269 945 1336 999 de
1361 953 1587 1014 peccato
1615 945 1785 1014 origi-
1887 944 2105 1006 merita,
2130 943 2326 1012 quibus
2375 945 2427 998 in
2475 946 2581 1001 hoc
2607 946 2882 1015 segregari
2908 945 3174 1009 debuerit,
3208 946 3343 1000 vidit
3364 946 3454 1001 ille

210 1038 299 1092 nis
326 1037 586 1098 sensisse,
620 1046 680 1090 ut
712 1036 853 1104 apud
891 1035 1317 1106 Carthaginiense
1345 1036 1632 1091 concilium
1658 1052 1784 1106 pro-
1883 1046 2041 1101 qnem
2090 1049 2195 1090 non
2234 1035 2363 1091 latet
2410 1052 2580 1093 mens.
2630 1036 2886 1092 Praevidit
2910 1038 3056 1092 enim
3103 1039 3246 1108 quod
3282 1039 3452 1092 abun-

212 1129 387 1184 l'essus
418 1130 490 1184 sit
520 1128 806 1183 Ctelestins
858 1142 918 1182 se
968 1128 1038 1183 ab
1088 1142 1155 1182 eo
1197 1129 1472 1197 accepisse
1522 1128 1781 1183 nefarium
1885 1125 2104 1181 dantius
2127 1141 2289 1196 quam
2320 1129 2503 1182 caeteri
2536 1143 2726 1183 omnes
2753 1129 3093 1184 laboraturus
3121 1138 3264 1184 esset
3296 1130 3350 1182 in
3384 1129 3453 1183 E-

211 1220 345 1274 illud
386 1222 600 1290 dogma,
646 1222 926 1274 traducem
968 1220 1176 1289 peccati
1226 1236 1331 1276 non
1360 1236 1505 1287 esse,
1532 1231 1589 1273 nt
1620 1221 1786 1277 refert
1885 1216 2135 1285 vallgelio
2284 1217 2408 1273 Hinc
2439 1234 2593 1289 ergo.
2633 1230 2687 1273 ει
2725 1219 2889 1273 multa
2929 1220 3033 1274 alia
3063 1220 3146 1274 hi8
3169 1220 3364 1275 similia
3400 1220 3453 1274 in

209 1310 543 1379 Augustinus
573 1311 667 1365 lib.
696 1326 735 1364 ιι
761 1309 838 1364 De
864 1320 1063 1379 peccat.
1100 1311 1321 1379 origin.,
1353 1326 1478 1380 cap.
1520 1313 1578 1366 3.
1883 1317 1951 1358 eo
1984 1306 2049 1359 de
2070 1316 2260 1361 ventre
2298 1307 2489 1361 matris
2511 1308 2810 1376 praevidens
2828 1307 3004 1373 Jesus,
3042 1324 3139 1379 pro
3169 1310 3253 1365 bis
3275 1324 3456 1379 segre-

287 1398 513 1454 Notetur
588 1401 806 1454 interim
870 1400 1118 1470 capitalis
1166 1399 1475 1471 Hieronymi
1526 1402 1784 1457 adversus
1885 1397 2029 1465 saVil
2064 1411 2188 1450 eum
2226 1398 2278 1451 in
2315 1397 2682 1467 Evangelium.
2708 1418 2729 1451 ι
2782 1398 2849 1453 Et
2882 1414 3005 1454 mox
3037 1418 3051 1454 :
3092 1418 3111 1452 ι
3138 1399 3283 1467 Quos
3315 1415 3454 1470 pra!-

210 1490 504 1559 Origenem
549 1490 909 1555 insimulatio,
962 1490 1015 1545 in
1061 1507 1165 1562 qua
1203 1492 1401 1547 desinit
1444 1493 1577 1547 liber
1621 1492 1785 1561 ipsius
1886 1492 2044 1546 scitit
2076 1492 2216 1546 Deus
2254 1493 2384 1548 tales
2436 1493 2645 1551 futuros
2682 1504 2741 1549 ut
2771 1494 2989 1550 Christo
3009 1510 3069 1551 se
3103 1496 3155 1549 in
3191 1496 3457 1564 passioni-

214 1581 408 1637 tertins
437 1585 686 1635 adversus
722 1579 1035 1651 Pelagianos
1066 1598 1085 1635 :
1114 1601 1135 1635 ι
1174 1584 1326 1649 Quod
1348 1584 1403 1659 si
1430 1583 1651 1652 injusta,
1700 1584 1784 1637 in-
1885 1581 1987 1636 bus
2012 1582 2438 1647 conformarent,
2464 1585 2610 1653 ipsos
2640 1585 2800 1639 etiam
2829 1585 3134 1641 conformes
3158 1602 3222 1640 ac
3255 1587 3457 1641 similes

210 1671 357 1741 quit,
391 1673 544 1726 vobis
573 1671 929 1743 (Pelagianis)
960 1674 1172 1728 videtur
1197 1674 1496 1729 alienorum
1537 1677 1783 1730 remissio
1818 1740 1851 1748 _
1887 1673 2134 1742 imaginis
2165 1672 2282 1742 ejus
2309 1676 2706 1743 praedestinavit
2733 1684 2786 1731 et
2807 1675 3009 1747 glorim.
3045 1677 3305 1732 Praecedit
3325 1692 3457 1748 ergo

212 1740 591 1833 peccatorum,
613 1740 817 1835 quivi/tt
844 1740 936 1833 per
959 1767 1297 1835 baptismum,
1320 1782 1424 1837 qua
1444 1782 1547 1822 non
1584 1770 1786 1838 indiget
1818 1740 1859 1798 Β
1888 1740 2350 1834 praescientiaDei
2390 1781 2485 1834 per
2505 1783 2665 1834 quam
2691 1740 2987 1822 noscuntur
3009 1768 3099 1837 qui
3128 1769 3181 1822 in
3214 1783 3275 1824 se
3304 1740 3458 1823 labe-

211 1857 307 1925 qui
344 1872 571 1926 peccare
597 1874 702 1912 non
728 1859 904 1927 potuit
935 1878 950 1914 :
988 1860 1218 1914 transite
1248 1861 1315 1913 ad
1358 1861 1640 1915 Amasium
1697 1875 1787 1914 ve-
1888 1870 1980 1909 res
2000 1865 2053 1909 et
2081 1857 2309 1912 virtutes
2338 1858 2572 1912 habituri
2600 1859 2731 1920 sint,
2759 1869 2815 1914 et
2843 1862 2911 1914 ita
2937 1860 3336 1930 praedestinatio
3368 1875 3457 1914 se-

212 1959 416 2013 strum,
440 1950 823 2018 quipraeterita
853 1950 905 2004 in
933 1950 1089 2006 cmlis
1108 1953 1403 2019 etantiqua
1429 1951 1622 2005 delicta
1650 1952 1786 2007 solvi
1889 1948 2114 2017 Quitur;
2150 1963 2251 2004 nec
2296 1957 2472 2003 tamen
2519 1966 2709 2004 rursus
2757 1951 3246 2021 pmdeslinationis
3294 1966 3458 2006 causa

210 2040 350 2094 dicit
381 2044 432 2093 in
459 2040 767 2110 baptismo;
823 2051 884 2095 ut
926 2041 1083 2111 cujus
1119 2043 1172 2096 in
1224 2043 1435 2096 caeteris
1461 2042 1790 2098 auctoritate
1891 2043 2169 2111 potabitur
2224 2043 2587 2111 praeseientia.
2633 2042 2785 2110 Quod
2822 2046 2965 2098 enim
3022 2046 3161 2115 apud
3214 2046 3460 2100 homines

211 2132 684 2196 ducimini,etiam
717 2133 770 2186 in
796 2132 897 2186 hac
938 2144 1094 2202 parte
1126 2148 1367 2188 errorem
1401 2134 1727 2202 sequamini.
1764 2153 1785 2185 ι
1892 2134 2315 2203 uniuscujusque
2352 2135 2604 2189 meritum
2647 2145 2905 2205 pensatur
2935 2150 2999 2189 ex
3032 2136 3320 2205 praeteritis
3361 2151 3457 2206 ge-

214 2224 499 2277 Amasium
528 2224 697 2289 illum,
723 2223 1011 2293 Origenem
1052 2224 1314 2294 intelligo,
1354 2226 1507 2293 quasi
1549 2226 1622 2279 ab
1656 2224 1792 2277 ada-
1893 2227 2014 2289 stis,
2041 2226 2142 2281 hoc
2169 2228 2307 2294 apud
2334 2225 2502 2280 Deum
2536 2226 2809 2293 judicatur
2833 2241 2898 2281 ex
2932 2228 3142 2281 futuris.
3170 2246 3189 2279 ι
3222 2227 3462 2283 Habetur

220 2320 423 2368 mando
451 2315 721 2370 diceretur
743 2316 1113 2377 Adamantius,
1140 2315 1218 2370 sic
1238 2317 1306 2369 ab
1331 2316 1560 2369 amando
1588 2317 1790 2371 dictum
1893 2317 2044 2371 locus
2097 2317 2236 2371 alter
2288 2316 2382 2371 lib.
2413 2332 2486 2371 vn
2526 2316 2814 2372 Comment.
2869 2321 2924 2372 in
2951 2318 3123 2387 Epist.
3175 2322 3243 2373 ad
3284 2318 3460 2383 Rom,

215 2404 520 2459 Amasium.
578 2404 748 2471 Quem
779 2420 903 2458 cum
938 2414 1163 2473 peccata
1223 2406 1274 2459 in
1327 2405 1468 2460 caelo
1498 2405 1569 2458 ab
1599 2405 1794 2459 animis
1893 2425 2043 2464 num.
2066 2408 2121 2471 8,
2151 2410 2240 2464 ubi
2266 2411 2498 2477 hocApo
2518 2410 2660 2462 :toli'
2691 2409 2988 2477 explanans
3022 2427 3037 2464 :
3072 2428 3091 2461 ι
3112 2409 3255 2477 Quos
3283 2420 3459 2465 autem

216 2495 458 2551 admissa
475 2497 770 2550 credidisse
788 2495 915 2550 lassi
934 2498 1125 2561 simus,
1142 2498 1331 2552 cadent
1359 2500 1623 2567 baptismo
1647 2497 1791 2551 ablui
1892 2500 2313 2570 praadesnnavit,
2346 2501 2444 2555 hos
2483 2511 2537 2552 et
2563 2502 2774 2555 vocavit
2805 2517 2819 2554 :
2851 2510 2907 2554 et
2945 2516 3080 2571 quos
3101 2501 3335 2566 vocavit,
3361 2501 3461 2556 bos

214 2598 439 2657 putasse
469 2604 575 2643 non
620 2604 918 2657 negamus:
958 2592 1003 2644 si
1046 2591 1208 2644 modo
1241 2594 1572 2645 concedatur
1602 2604 1791 2659 pecca~
1891 2601 1947 2644 et
1973 2590 2324 2657 justiﬁeavit;
2355 2604 2491 2658 quos
2527 2599 2704 2643 autem
2731 2589 3066 2658 justiﬁcavit,
3100 2590 3218 2646 illos
3252 2600 3305 2643 et
3340 2591 3456 2661 glo-

219 2689 338 2731 tum
366 2693 580 2747 quoque
619 2680 958 2749 propaginis,
990 2682 1060 2735 ab
1090 2682 1301 2735 Adamn
1345 2683 1671 2746 derivatum,
1700 2695 1795 2734 eo—
1895 2679 2146 2745 rilicavit,
2174 2699 2193 2730 ι
2232 2680 2463 2750 primum
2518 2682 2674 2735 aliter
2706 2681 3075 2748 accipiendum
3129 2682 3285 2735 docet
3312 2682 3461 2746 illud,

216 2769 344 2822 dem
382 2770 653 2839 baptismo
695 2770 865 2825 deleri
897 2773 1184 2825 censuisse
1209 2773 1371 2825 etiam
1409 2773 1582 2841 ipsum
1605 2771 1794 2841 ;.quod
1901 2790 1921 2822 ι
1946 2786 2080 2839 quos
2114 2771 2405 2839 praescivit,
2433 2790 2453 2824 ι
2509 2772 2787 2841 superiore
2833 2781 3311 2827 commemoratum
3346 2788 3466 2827 ver-

220 2876 387 2912 unmn
415 2860 469 2913 in
498 2863 785 2929 praesentia
825 2864 1276 2933 propugnandnm
1307 2864 1672 2933 suscepimus.
1896 2861 2089 2927 siculo,
2114 2875 2276 2930 quam
2312 2860 2469 2929 vulgo
2511 2859 2680 2927 accipi
2724 2858 2862 2914 solet
2891 2876 2905 2918 :
2944 2861 3069 2928 quia
3105 2859 3153 2914 si
3191 2860 3226 2914 ii
3258 2868 3465 2914 tantum

296 2950 462 3007 XXV.
489 2952 749 3022 Superest
778 2953 890 3021 jam
927 2965 984 3008 ut
1017 2954 1084 3009 de
1111 2955 1227 3009 suis
1265 2956 1410 3009 circa
1442 2953 1794 3025 pra-.deslina-
1898 2963 2329 3022 przenoscnntur,
2361 2953 2452 3021 qui
2481 2953 2967 3020 praedestinantur;
2999 2954 3090 3022 qui
3122 2968 3229 3007 non
3262 2954 3467 3021 praede.

220 3043 430 3099 tionem
471 3046 687 3112 placitis
711 3044 977 3116 Origenes
1002 3062 1225 3101 causam
1274 3048 1441 3102 dicat.
1487 3046 1797 3100 Meminisse
1840 3113 1862 3116 μ
1898 3045 2189 3110 stinantnr,
2241 3044 2425 3112 utique
2453 3058 2557 3097 non
2606 3052 3015 3112 praenoscnntur
3058 3044 3464 3114 :cognitionetn

216 3148 353 3203 ergo
379 3143 592 3202 Oportet
626 3135 789 3190 toties
807 3113 920 3202 iam
956 3151 986 3188 a
1013 3137 1170 3191 nobis
1199 3134 1476 3190 decantati
1504 3134 1795 3204 dogmatis,
1822 3113 1865 3171 (ἶ
1900 3153 2029 3208 ergo
2052 3137 2197 3191 illam
2228 3152 2326 3205 pro
2360 3136 2565 3191 amoris
2603 3152 2764 3202 nexu,
2795 3147 2849 3188 et
2875 3135 3099 3189 allectus
3132 3113 3347 3189 vinculo
3371 3152 3463 3189 su-

217 3241 333 3295 quo
364 3237 570 3281 mentes
608 3236 902 3296 antequam
963 3228 1317 3283 illaberentur
1346 3226 1671 3295 corporibus
1698 3225 1797 3278 du-
1900 3229 2151 3282 mendam
2202 3228 2393 3296 probat
2434 3228 2615 3281 multis
2642 3227 2936 3297 Scripturas
2967 3226 3307 3290 testimoniis,
3338 3235 3464 3295 puta

219 3318 370 3373 xisse
397 3320 562 3372 vitam
593 3319 645 3373 in
677 3320 817 3375 cmlo
863 3321 1216 3381 asseveravit,
1242 3328 1299 3372 et
1336 3332 1433 3387 pro
1456 3328 1577 3373 acta
1604 3318 1675 3371 ibi
1710 3316 1794 3369 vel
1901 3322 2007 3375 isto
2034 3338 2049 3377 :
2088 3340 2104 3370 ι
2130 3320 2397 3389 Cognovit
2440 3319 2698 3373 Dominus
2738 3333 2834 3373 eos
2862 3319 2950 3386 qui
2994 3327 3121 3371 sunt
3154 3319 3273 3387 ejus
3293 3317 3335 3382 ³,
3368 3336 3388 3369 ι
3415 3319 3467 3373 id

220 3421 377 3465 recte
403 3409 485 3464 vel
504 3410 644 3465 male
668 3411 796 3477 vita,
821 3410 1023 3480 partim
1055 3409 1360 3478 angelicum
1394 3409 1640 3463 ordinem
1672 3406 1799 3461 ade-
1898 3422 1984 3467 est
2027 3411 2220 3480 diligit,
2266 3426 2390 3464 cum
2420 3418 2599 3464 tamen
2646 3425 2744 3465 nec
2769 3426 2861 3464 eos
2891 3412 2981 3478 qui
3032 3425 3137 3463 non
3185 3421 3313 3463 sunt
3350 3410 3469 3479 ejus

219 3513 368 3571 ptas,
404 3502 599 3570 partim
648 3501 702 3556 in
745 3510 946 3556 terram
983 3501 1151 3556 fuisse
1180 3501 1467 3565 detrusas;
1516 3515 1617 3554 nec
1647 3500 1798 3555 varia
1900 3501 2115 3569 ignoret
2144 3518 2156 3553 :
2188 3501 2551 3569 prmcognosci
2577 3514 2705 3567 ergo
2735 3515 2828 3554 eos
2856 3515 2885 3552 a
2919 3499 3029 3552 Deo
3051 3498 3178 3560 vult,
3214 3515 3233 3549 ι
3258 3498 3311 3552 in
3345 3499 3470 3568 qui-

218 3592 399 3648 solum
431 3608 680 3662 corpora,
712 3594 1032 3663 variamque
1071 3593 1286 3649 vivendi
1318 3594 1369 3645 in
1403 3592 1561 3646 terris
1586 3602 1792 3646 sortem
1900 3591 2021 3657 bus,
2049 3591 2229 3646 sciens
2264 3590 2448 3658 quales
2479 3600 2678 3653 essent,
2716 3603 2954 3643 amorem
2985 3604 3142 3642 suum
3171 3590 3311 3643 Deus
3336 3588 3470 3643 alI'e-

220 3693 413 3739 naetas
428 3700 568 3752 esse,
589 3686 681 3739 sed
711 3686 918 3739 varium
941 3685 1103 3739 etiam
1135 3685 1322 3753 gratiae
1358 3682 1552 3737 divinae
1583 3684 1799 3737 modum
1900 3693 2159 3750 clumque
2199 3680 2492 3750 posuisset.
2528 3699 2549 3733 ι
2586 3679 2788 3747 Quaerit
2825 3681 3165 3750 postmodum
3201 3697 3309 3751 quo
3342 3697 3469 3737 sen-

219 3776 396 3831 l’uisse
427 3777 785 3846 promcritas,
819 3791 1057 3845 vasaque
1082 3775 1265 3830 lictilia
1297 3774 1380 3828 vel
1428 3788 1615 3838 aurea,
1664 3788 1799 3827 con-
1899 3789 1963 3829 su
1997 3773 2457 3843 interpretandum
2494 3773 2567 3827 sit
2595 3772 2723 3827 illud
2747 3772 2985 3840 Apostoli
3013 3789 3028 3826 :
3070 3791 3088 3824 ι
3115 3772 3264 3840 Quos
3293 3789 3470 3828 voca-

222 3869 463 3922 tumelia:
484 3868 569 3923 vel
598 3869 820 3922 honoris
842 3866 1011 3922 fuisse
1031 3866 1284 3933 ell‘ectas;
1318 3866 1390 3919 ita
1424 3876 1601 3919 tamen
1636 3875 1801 3920 utea-
1900 3866 2002 3930 vit,
2027 3865 2127 3919 bos
2147 3873 2201 3919 et
2225 3862 2564 3933 justilicavit,
2584 3883 2605 3916 ο
2640 3878 2761 3917 cum
2785 3862 2935 3917 multi
2969 3864 3142 3919 vocati
3171 3865 3300 3929 sint,
3334 3880 3468 3935 pau-

219 3960 349 4015 dem
386 3960 599 4014 arbitrii
651 3960 902 4014 libertate
936 3970 1177 4024 utentes,
1218 3974 1356 4011 nova
1384 3959 1575 4028 gratiae
1621 3957 1803 4012 incre-
1902 3957 1950 4012 ei
1984 3957 2165 4012 electi.
2198 3955 2511 4025 Respondet
2539 3955 2733 4024 duplex
2771 3969 2890 4009 esse
2916 3956 3217 4012 vocationis
3259 3971 3469 4026 genus;

224 4060 410 4104 menta
456 4065 767 4119 capessere,
823 4063 877 4105 et
916 4051 984 4103 ad
1015 4049 1324 4119 superiores
1356 4049 1548 4102 iterum
1613 4046 1801 4102 revehi
1902 4050 2051 4105 aliud
2082 4048 2379 4104 secundum
2409 4047 2765 4116 propositum,
2802 4061 2910 4101 non
2943 4048 3189 4102 vocantis
3230 4046 3343 4113 Dei,
3376 4048 3471 4102 sed

222 4142 449 4211 grados,
474 4144 558 4197 vel
592 4145 659 4197 ad
696 4142 983 4197 inferiores
1041 4142 1211 4196 relabi
1260 4142 1491 4210 possint.
1523 4141 1599 4193 Ac
1628 4148 1800 4194 totum
1902 4144 2077 4199 vocati
2103 4142 2362 4207 hominis,
2394 4154 2503 4208 quo
2524 4139 2778 4194 virtutem
2811 4139 3193 4209 amplectitur;
3236 4140 3468 4208 quienn~

225 4237 283 4288 in
326 4235 427 4290 hoc
461 4245 778 4306 argumento
807 4234 928 4289 libri
960 4233 1179 4289 secundi
1204 4233 1343 4301 Περὶ
1370 4230 1573 4300 ἀρχῶν
1601 4246 1801 4286 nonum
1902 4250 2006 4303 que
2030 4241 2209 4290 autem
2261 4232 2544 4286 vocatione
2588 4229 2853 4287 eiusmodi
2883 4231 3053 4284 vocati
3098 4230 3228 4294 sint,
3283 4230 3384 4283 bos
3416 4238 3473 4282 et

221 4338 393 4397 caput
419 4329 699 4382 contrivit.
751 4328 856 4382 Sed
893 4334 947 4380 et
992 4326 1131 4380 idem
1169 4334 1357 4395 aperte
1392 4324 1558 4378 tradit
1598 4323 1696 4377 lib.
1722 4337 1801 4377 vn
1896 4327 2220 4397 justilicatos
2248 4339 2368 4380 esse
2416 4342 2430 4377 :
2480 4322 2623 4376 aliud
2662 4337 2783 4378 esse
2815 4323 3113 4377 vocationis
3141 4337 3331 4393 genus,
3365 4336 3471 4377 non

222 4423 281 4474 in
313 4418 485 4491 Epist.
517 4422 585 4473 ad
626 4419 804 4483 Rom.,
834 4434 984 4472 num.
1010 4418 1098 4481 l7,
1133 4417 1261 4471 illud
1285 4415 1568 4470 Paulinum
1593 4417 1611 4446 ί
1641 4429 1742 4470 ena

1948 4418 2198 4474 :cundutn
2240 4418 2438 4472 bonum
2488 4416 2841 4484 propositum,
2884 4430 2991 4484 quo
3019 4424 3280 4469 vocantur
3306 4414 3472 4469 etiam

237 4528 372 4567 rans
403 4528 416 4566 :
459 4532 479 4564 ι
509 4514 701 4566 Annon
756 4512 920 4566 habet
978 4518 1293 4579 potestatem
1326 4507 1517 4576 ﬁgulus
1548 4505 1643 4561 luti
1669 4546 1685 4571 ,
1730 4520 1799 4561 ex
1831 4505 1862 4508 ’
1909 4509 2145 4581 reprobi,
2173 4523 2238 4563 ne
2264 4509 2471 4564 meritis
2497 4505 2762 4561 alliciendi
2788 4507 2963 4576 poenis
3002 4507 3107 4561 hoc
3126 4515 3346 4560 utantur
3374 4505 3471 4560 ob-

221 4607 418 4661 eadem
443 4622 620 4661 massa
656 4605 835 4659 facere
854 4603 1000 4656 aliud
1027 4602 1247 4671 quidem
1296 4614 1395 4665 vas
1433 4598 1485 4653 in
1518 4599 1804 4662 honorem,
1906 4611 2082 4667 ιθιιιιι,
2127 4602 2332 4657 idcirco
2357 4616 2480 4657 sese
2504 4601 2671 4655 fuisse
2697 4614 2728 4651 a
2756 4598 2951 4652 virtute
2973 4598 3197 4661 alienos,
3227 4596 3358 4665 quia
3386 4598 3476 4651 de.

223 4698 378 4752 aliud
413 4712 543 4751 vero
574 4698 627 4751 in
649 4695 1088 4752 contumeliam?
1123 4714 1143 4747 ι
1396 4744 1401 4751 ,
1903 4692 2211 4749 fueritsihi
2245 4694 2478 4748 vocatio.
2538 4692 2594 4746 Si
2631 4691 2752 4761 quis
2791 4698 2971 4745 autem
3015 4690 3353 4759 propositum
3406 4690 3471 4743 il-

298 4792 763 4857 Quemadmodum
817 4801 995 4844 autem
1050 4787 1345 4842 arbitratus
1391 4793 1475 4838 est
1530 4783 1805 4837 Adaman-
1906 4784 2020 4849 lud,
2053 4783 2346 4839 secundum
2374 4782 2518 4852 quod
2543 4782 2724 4837 vocari
2757 4796 2854 4835 nos
2880 4796 2910 4832 a
2942 4780 3052 4833 Deo
3083 4780 3221 4833 dixit
3246 4780 3474 4848 Aposto-

226 4889 362 4953 tius,
401 4902 520 4957 quae
545 4887 751 4942 anohis
772 4895 924 4956 gesta
958 4895 1084 4941 sunt
1113 4884 1281 4949 olim,
1326 4892 1615 4950 antequam
1663 4894 1788 4934 cor-
1904 4877 2009 4944 Ius,
2048 4877 2115 4933 ad
2154 4876 2322 4931 Deum
2364 4875 2552 4930 referri
2602 4874 2753 4938 velit,
2801 4872 3043 4927 futurum
3087 4871 3216 4927 illud
3257 4886 3473 4942 quoque

225 4998 360 5052 pora
382 4982 712 5047 subiremus,
751 4995 971 5035 causam
1017 4978 1232 5034 dedisse
1280 4976 1411 5039 Deo,
1446 4988 1544 5028 cur
1597 4979 1807 5026 mentes
1902 4968 2173 5040 posterius
2199 4978 2350 5023 recto
2376 4969 2623 5021 humana:
2650 4965 2944 5018 voluntatis
2966 4962 3263 5033 proposito,
3292 4977 3358 5016 ac
3385 4977 3476 5017 re-

227 5082 454 5128 nostras
485 5074 717 5128 terrenis
740 5074 892 5128 hisce
920 5069 1153 5126 molibus
1187 5067 1512 5136 implicaret,
1552 5064 1694 5118 adeo
1743 5070 1804 5116 ut
1903 5061 2095 5130 ligiosa
2134 5068 2332 5124 mente,
2361 5067 2416 5113 et
2452 5058 2643 5112 salutis
2684 5057 2975 5113 desiderio.
3008 5058 3231 5111 Demum
3256 5055 3311 5108 id
3345 5056 3475 5109 sub-

228 5169 299 5220 ad
330 5166 470 5221 hanc
501 5166 553 5219 in
579 5166 741 5220 terris
763 5166 1031 5234 agendam
1053 5162 1219 5215 vitam
1245 5158 1386 5214 Deus
1401 5172 1501 5212 nos
1520 5154 1752 5226 praedest

1951 5147 2073 5202 sctit
2101 5165 2115 5200 :
2153 5165 2171 5199 ι
2205 5146 2316 5201 Hoc
2351 5161 2480 5215 ergo
2508 5156 2668 5215 pacto
2710 5159 2883 5215 neque
2907 5147 2961 5199 in
2987 5146 3321 5214 praescientia
3353 5143 3475 5210 Dei,

231 5259 470 5324 naverit,
503 5274 570 5313 ex
598 5258 841 5328 praevisis
864 5257 932 5309 ab
956 5253 1107 5309 omni
1133 5260 1277 5306 retro
1302 5264 1417 5304 aevo
1439 5246 1647 5302 meritis
1678 5245 1805 5300 vitm
1906 5239 1989 5294 vel
2018 5238 2230 5306 salutis,
2266 5238 2351 5294 vel
2385 5238 2701 5307 perditionis
2746 5245 2947 5328 nostra:
2992 5250 3155 5328 causa
3175 5234 3474 5328 consistit.

232 5350 381 5404 illius
415 5352 467 5404 in
494 5326 631 5405 caelo
662 5350 954 5413 traductae;
990 5346 1062 5399 ita
1092 5359 1159 5398 ex
1195 5340 1440 5412 praevisis
1460 5337 1670 5393 meritis
1694 5344 1807 5391 ter-
1908 5345 2083 5401 neque
2111 5328 2429 5398 justilicatio
2456 5344 2524 5383 ex
2552 5328 2664 5383 sola
2688 5327 2968 5383 voluntate
2995 5326 3270 5396 pendebit,
3299 5336 3478 5392 neque

234 5445 426 5496 restris
454 5442 610 5509 hujus
635 5440 757 5495 vitae
780 5455 941 5509 quam
967 5452 1111 5491 nunc
1138 5435 1366 5506 agimus,
1395 5430 1758 5501 praedestinast

1953 5422 2202 5479 lorilicari
2264 5423 2331 5479 de
2370 5432 2558 5478 nostra
2616 5422 2831 5491 penitus
2886 5429 3155 5491 potestate
3202 5415 3477 5472 sublatura

310 5553 326 5581 '
362 5551 515 5605 Rom.
548 5568 623 5617 ιι,
654 5551 744 5605 21.
819 5551 838 5580 ²
875 5549 1031 5603 Rom.
1066 5560 1181 5609 vin,
1208 5543 1299 5599 50.
1373 5540 1394 5573 ³
1422 5539 1466 5595 ll
1495 5538 1639 5595 Tim.
1671 5552 1732 5605 ιι,
1758 5534 1848 5591 i9.

301 5642 423 5713 (ll)
478 5641 547 5713 ιιι
586 5614 787 5713 duobus
854 5635 1277 5713 prwcipueAlocis
1327 5633 1534 5713 asserit,
1586 5640 1692 5687 etc.
1724 5625 1858 5683 Vide
1895 5627 2056 5684 etiam
2111 5626 2307 5684 librum
2363 5624 2438 5680 De
2496 5626 2729 5680 oratione
2790 5638 2939 5679 num.
2965 5621 3020 5688 6,
3062 5634 3185 5689 pag.
3213 5614 3477 5683 207-209,

233 5728 291 5767 et
319 5703 509 5768 ‘boinil.
540 5711 604 5765 l4
633 5715 684 5764 in
708 5703 897 5774 Num.,
932 5703 1077 5761 nunt.
1106 5706 1165 5768 2,
1190 5720 1308 5775 pag.
1342 5703 1463 5757 3‘33.

516 5807 785 5866 I’ATnOL.
819 5805 936 5864 Gn.
974 5800 1145 5862 XVII
3050 5778 3118 5838 3|
