3860 6226
454 313 552 368 971

1730 322 1785 375 P.
1831 321 2139 378 DANIELIS
2178 319 2406 376 HUETII

3578 323 3685 378 972

450 444 570 500 est;
604 455 621 487 ι
664 449 715 491 et
743 439 900 506 paulo
925 439 1149 496 inferius
1185 459 1197 495 :
1235 461 1254 494 ι
1282 442 1348 498 Ut
1378 451 1555 499 autem
1583 444 1724 500 scias
1747 447 1869 515 quia
1907 464 2010 500 non
2043 451 2084 506 Α
2116 446 2335 498 scimus.
2376 442 2719 498 Vocationem
2744 457 2954 512 quoque
2977 442 3120 496 illam
3158 440 3453 497 secundum
3478 455 3677 512 propo-

453 528 504 580 in
534 529 872 597 przescientia
915 531 1006 586 Dei
1056 531 1345 602 unicuique
1367 535 1556 590 salutis
1578 551 1740 590 causa
1765 539 2004 605 ponitur,

449 619 543 674 sed
570 620 621 673 in
655 621 931 688 proposito
971 631 1025 676 et
1053 622 1263 678 actibus
1291 624 1426 688 suis,
1461 626 1581 682 vide
1613 626 1834 682 Paulum
1861 627 1884 660 ⁸
1914 643 2008 681 ve-

450 721 654 767 rentem
686 728 752 768 ne
783 714 919 769 forte
945 729 1066 768 cum
1098 715 1219 771 aliis
1246 717 1640 786 praedicaverit,
1676 718 1789 787 ipse
1817 734 2010 789 repro—

448 804 549 858 bus
569 805 846 871 elliciatur,
893 821 1170 864 macerare
1200 823 1397 880 corpus
1421 824 1600 878 suum,
1647 819 1703 867 et
1743 811 2011 883 subjicere

447 897 716 952 servituti.
743 917 762 950 ι

518 988 707 1046 XXVI.
749 989 902 1045 Dolet
938 990 1138 1062 Iprensi
1180 993 1431 1062 episcopo
1469 993 1672 1050 dixisse
1698 993 2007 1064 Origenem,

444 1080 968 1148 praedestinationem
993 1081 1230 1151 pendere
1273 1098 1340 1136 ex
1371 1085 1614 1152 prmvisis
1644 1088 1886 1142 meritis:
1913 1104 2010 1141 vo-

441 1171 716 1226 cationem
752 1172 867 1226 ﬁeri
899 1175 1192 1227 secundum
1236 1176 1568 1244 propositum
1611 1178 1866 1242 hominis,
1905 1195 2008 1234 non

442 1261 540 1318 Dei
569 1281 582 1318 :
613 1264 946 1318 vocationem
978 1265 1272 1319 secundum
1297 1267 1628 1335 propositum
1667 1269 1783 1336 Dei,
1819 1285 1886 1326 ex
1920 1273 2009 1326 bo-

442 1358 531 1412 nis
556 1358 831 1412 hominum
879 1357 1165 1414 desideriis
1208 1369 1385 1428 aptam
1419 1374 1540 1414 esse
1583 1370 1637 1415 et
1659 1375 1958 1417 connexam
1991 1381 2005 1417 :

445 1465 664 1504 causam
690 1449 934 1506 eamdem
960 1464 1077 1504 esse
1107 1450 1297 1506 salutis
1327 1461 1381 1505 et
1410 1452 1794 1518 damnationis,
1820 1469 2010 1524 nempe

446 1543 710 1612 religiosze
742 1543 940 1596 mentis
970 1541 1258 1597 desideria.
1287 1541 1418 1607 Quae
1455 1543 1633 1597 omnia
1659 1544 1713 1598 in
1757 1543 1895 1597 idem
1928 1544 2010 1598 fe-

447 1647 506 1688 re
535 1632 806 1686 recidunt.
832 1630 1068 1686 Oﬁ‘endit
1111 1644 1323 1698 quoque
1346 1630 1517 1699 ipsum
1544 1644 1822 1699 perperam
1847 1645 2005 1700 expo-

445 1723 581 1778 situs
640 1723 879 1792 Apostoli
932 1721 1117 1776 locus”
1160 1740 1173 1775 :
1240 1739 1258 1773 ι
1311 1721 1496 1776 Posuit
1563 1721 1704 1776 Deus
1745 1723 2005 1785 membra,

447 1816 865 1884 unumquodque
882 1827 1065 1868 eorum
1099 1813 1150 1866 in
1176 1814 1571 1880 corpore,sicut
1601 1813 1786 1877 voluit,
1813 1832 1830 1864 ι
1859 1815 2011 1882 quasi

447 1904 696 1958 voluntas
735 1904 824 1956 illa
851 1903 915 1956 ad
943 1902 1268 1968 membrum,
1293 1919 1398 1959 nou
1433 1907 1498 1958 ad
1530 1905 1696 1958 Deum
1726 1904 2012 1974 pertineat.

445 1995 620 2050 Locus
650 1995 995 2050 habeturlib.
1033 2012 1080 2050 ix
1125 1996 1410 2051 Comment.
1446 1998 1500 2049 in
1526 1994 1696 2062 Epist.
1733 1995 1802 2048 ad
1835 1994 2010 2059 liom.,

449 2101 597 2141 num.
623 2086 678 2150 3,
711 2101 833 2155 pag.
865 2085 970 2140 648
1002 2105 1015 2138 :
1049 2103 1067 2136 ι
1101 2083 1278 2139 Voluit
1299 2096 1504 2150 autem,
1540 2083 1731 2154 inquit,
1768 2086 1904 2140 Deus
1923 2101 2012 2140 se-

446 2178 684 2232 cundum
740 2177 1004 2231 rationein
1037 2177 1119 2231 vel
1162 2191 1475 2231 mensuram
1509 2175 1630 2230 ﬁdei
1688 2191 1807 2245 qua:
1833 2186 1915 2231 est
1960 2178 2012 2231 in

449 2269 627 2334 nobis,
654 2268 736 2322 vel
766 2267 938 2321 voluit
970 2268 1036 2321 ad
1073 2267 1124 2321 id
1155 2267 1299 2336 quod
1339 2267 1577 2336 expedit.
1611 2265 1722 2321 Nisi
1757 2267 1896 2321 forte
1939 2267 2012 2323 ita

447 2362 638 2432 aliquis
664 2374 720 2419 et
752 2366 856 2419 hoc
887 2365 1014 2420 velit
1051 2365 1348 2436 intelligere
1379 2384 1393 2422 :
1432 2367 1574 2422 Deut
1609 2369 1780 2436 posuit
1814 2369 1868 2420 in
1897 2384 2014 2421 cor-

443 2471 567 2522 pore
591 2457 992 2526 unumquodque
1019 2459 1325 2524 membrum,
1349 2469 1502 2528 prout
1521 2459 1703 2524 voluit,
1735 2469 1793 2514 ut
1825 2463 2011 2526 voluit,

447 2546 514 2600 ad
538 2548 823 2600 membrum
858 2549 1029 2620 magis
1055 2550 1345 2614 referatur,
1384 2549 1487 2605 hoc
1520 2561 1623 2615 est,
1652 2561 1802 2619 prout
1833 2553 2012 2618 voluit,

452 2645 612 2702 prout
637 2636 818 2706 elegit,
841 2647 1003 2708 prout
1031 2653 1252 2707 operam
1275 2639 1444 2705 dedit,
1471 2654 1538 2694 ne
1561 2641 1804 2697 videatur
1831 2643 1897 2698 de
1919 2645 2014 2699 ho-

448 2728 590 2779 mine
623 2729 832 2783 arbitrii
870 2739 1106 2797 potestas
1134 2730 1358 2787 auferri.
1389 2751 1409 2784 ι

516 2817 1044 2874 Praedestinationem
1099 2823 1342 2889 praevisis
1401 2823 1608 2878 meritis
1651 2825 2013 2894 postposuisse

445 2908 731 2980 Origenem
765 2912 984 2966 minime
1027 2912 1223 2966 mirum
1272 2924 1376 2980 est,
1407 2931 1528 2970 cum
1568 2918 1914 2985 quaestionem
1951 2918 2015 2973 il-

445 3001 551 3054 lam
584 3002 774 3058 leviter
803 3011 1010 3056 tantum
1043 3012 1098 3058 et
1118 3004 1482 3073 perfunctorie
1505 3008 1780 3063 delibarin-
1819 3010 2015 3065 vetusti

444 3095 630 3150 Patres
669 3093 970 3165 Pelagianis
1000 3097 1329 3164 temporibus
1367 3099 1723 3168 antiquiores.
1767 3101 2013 3156 ut-disci-

446 3203 563 3242 mus
591 3203 657 3243 ex
689 3187 930 3257 epistolis
967 3188 1217 3258 Prosperi
1259 3199 1313 3244 et
1346 3188 1535 3244 Hilarii
1579 3190 1910 3247 Arelatensis
1943 3193 2008 3248 ad

445 3282 823 3351 Augustinum,
848 3282 1050 3352 prmﬁgi
1085 3282 1262 3336 solitis
1303 3281 1471 3351 ipsius
1502 3283 1654 3338 libris
1689 3283 1762 3336 De
1803 3285 2008 3353 prrede-

442 3376 725 3427 uitiatione
765 3383 1067 3428 sanctorum
1110 3385 1156 3429 et
1211 3377 1348 3428 dono
1395 3378 1811 3443 perseverantiw,
1851 3387 1906 3430 et
1942 3393 2008 3431 ex

445 3467 641 3536 prioris
669 3467 809 3520 illius
838 3467 1120 3536 Augustini
1153 3467 1270 3520 libri
1308 3467 1482 3536 capite
1506 3467 1592 3531 14,
1620 3477 1674 3522 et
1699 3468 2011 3538 posterioris

443 3560 625 3628 capite
657 3559 748 3612 20.
788 3557 843 3611 In
879 3573 940 3613 ea
986 3559 1185 3627 quippe
1223 3557 1391 3611 fuisse
1434 3561 1697 3612 sententia
1729 3559 2006 3626 Irenaeum,

442 3661 498 3704 et
523 3651 1010 3722 Chrysostomum;
1042 3653 1135 3704 sed
1167 3658 1223 3704 et
1248 3659 1371 3720 post
1405 3648 1743 3720 Pelagianam
1772 3662 2007 3715 aetatem,

443 3743 870 3806 Theodoretum,
902 3741 1382 3812 Theophylactum,
1412 3740 1819 3808 (Ecumenium,
1851 3743 2010 3798 alios-

443 3849 548 3904 que
588 3833 890 3902 complures
918 3832 1233 3887 tralatitium
1263 3842 1366 3887 est.
1389 3832 1521 3886 Cum
1555 3842 1611 3886 et
1635 3835 1877 3888 eamdem
1915 3835 2011 3888 ho-

444 3926 640 3995 dieque
681 3941 710 3978 a
747 3926 880 3980 viris
933 3925 1216 3980 catholicis
1259 3935 1650 3994 propugnatam
1698 3927 2006 3993 videamus;

442 4029 496 4070 et
523 4019 682 4082 hanc,
721 4017 1017 4070 alteramve
1045 4017 1120 4070 illi
1153 4017 1453 4086 oppositam
1495 4018 1742 4086 persequi
1773 4033 2010 4073 summo-

444 4124 560 4162 rum
589 4107 914 4162 auctoritate
939 4109 1254 4173 pontiﬁcum
1301 4109 1479 4164 liceat.
1514 4110 1624 4165 Nec
1657 4114 1788 4164 adeo
1832 4121 2010 4167 tamen

443 4200 727 4255 sententia:
760 4201 884 4254 huic
908 4201 1280 4269 patrocinatus
1311 4212 1394 4257 est
1417 4202 1792 4262 Adamantius.
1821 4213 1878 4255 ut
1903 4218 2008 4257 non

441 4291 770 4348 contrariam
805 4294 969 4347 etiam
1012 4293 1302 4362 aliquando
1328 4294 1522 4349 sectari
1561 4296 1708 4348 visus
1751 4293 1843 4348 sit.
1875 4292 2008 4347 Nam

440 4385 536 4439 lib.
571 4400 644 4438 vu
687 4386 744 4438 in
788 4383 957 4452 Epist.
1008 4386 1076 4438 ad
1125 4385 1302 4448 Rom.,
1335 4400 1482 4438 num.
1511 4384 1596 4448 15,
1629 4384 1744 4438 haec
1768 4384 1959 4436 scribit
1991 4399 2006 4436 :

445 4498 466 4530 ι
495 4478 601 4535 Sed
636 4478 748 4532 haec
782 4479 964 4533 omnia
989 4493 1056 4532 eo
1086 4489 1353 4548 spectant,
1390 4487 1448 4531 ut
1473 4477 1602 4532 illud
1647 4477 1834 4548 probet
1863 4478 2009 4545 Apo-

440 4570 632 4634 stolus,
657 4571 800 4638 quod
839 4571 883 4625 si
908 4570 992 4624 vel
1032 4570 1205 4633 lsaac,
1237 4569 1320 4622 vel
1359 4567 1529 4624 Jacob
1563 4583 1663 4638 pro
1688 4568 1774 4623 his
1798 4567 2006 4623 meritis

440 4662 598 4717 electi
631 4661 857 4716 fuissent
897 4677 926 4715 a
971 4663 1084 4716 Deo
1117 4677 1236 4731 qua:
1269 4662 1321 4715 in
1355 4676 1516 4716 carne
1543 4661 1699 4730 positi
1736 4661 2007 4729 acquisie-

441 4760 581 4816 rant,
605 4758 660 4805 et
677 4765 771 4820 per
795 4765 954 4820 opera
975 4751 1154 4805 carnis
1170 4749 1460 4820 iustiﬁcari
1492 4751 1837 4817 meruissent,
1871 4767 2004 4821 pos-

439 4850 524 4895 set
552 4841 738 4910 utique
762 4842 938 4896 meriti
965 4857 1152 4898 eorum
1193 4844 1368 4912 gratia
1393 4846 1459 4896 ad
1491 4843 1854 4912 posteritatem
1886 4857 2007 4897 car-

442 4933 528 4987 nis
563 4945 776 5001 quoque
803 4943 856 4987 et
887 4934 1160 5003 sanguinis
1209 4935 1499 5003 pertinere.
1533 4931 1686 4988 Nunc
1723 4949 1850 4988 vero
1879 4949 2003 4988 cum

439 5023 634 5078 electio
661 5038 870 5086 eorum,
903 5039 1010 5078 non
1034 5040 1098 5079 ex
1119 5026 1370 5094 operibus
1398 5023 1541 5078 facta
1568 5026 1658 5090 sit,
1685 5024 1778 5078 sed
1797 5039 1862 5079 ex
1884 5039 2009 5093 pro—

439 5113 617 5184 posito
646 5113 764 5178 Dei,
803 5124 857 5168 et
879 5127 945 5166 ex
992 5114 1230 5167 vocantis
1283 5113 1532 5177 arbitrio,
1593 5114 2003 5183 promissionum

441 5206 612 5277 gratia
639 5220 743 5259 non
771 5205 821 5259 in
850 5204 975 5258 ﬁliis
1010 5206 1193 5259 carnis
1216 5207 1486 5276 impletur,
1512 5208 1603 5260 sed
1630 5207 1682 5259 in
1711 5207 1832 5260 ﬁliis
1860 5207 1952 5261 Del
1986 5223 2002 5260 :

443 5297 547 5350 hoc
577 5305 661 5349 est
702 5294 792 5363 qui
833 5294 1082 5348 similiter
1122 5304 1181 5348 ut
1229 5296 1325 5364 ipsi
1356 5310 1421 5349 ex
1468 5296 1740 5364 pr0posito
1775 5295 1866 5349 Dei
1901 5295 2003 5349 eli-

440 5396 663 5457 guntur,
698 5394 753 5440 et
803 5385 1132 5455 adoptantur
1174 5385 1224 5439 in
1259 5385 1416 5440 ﬁlios.
1446 5405 1465 5438 ι
1500 5383 1721 5449 Verum,
1775 5395 1832 5439 ut
1864 5399 2004 5456 saepe

441 5478 578 5543 dixi,
613 5493 804 5548 parum
828 5477 952 5531 huic
974 5476 1114 5531 libro
1141 5476 1537 5546 adjungendum
1562 5486 1642 5531 est
1669 5477 1815 5541 ﬁdei,
1842 5492 2000 5546 quem

442 5571 746 5626 Ruﬁnianis
783 5571 1189 5642 opinationibus
1232 5584 1512 5639 aspersum
1568 5579 1623 5624 et
1671 5569 2003 5639 inquinatum

517 5749 538 5780 ‘
561 5747 577 5802 l
598 5749 724 5806 Cor.
755 5764 829 5815 IX,
859 5749 948 5805 27.
1027 5751 1048 5782 ⁵
1071 5749 1087 5804 Ι
1111 5751 1233 5808 Cor.
1263 5765 1358 5818 xu,
1393 5748 1476 5802 i8.

2111 536 2272 590 situm
2305 534 2556 601 hominis,
2597 550 2758 603 quam
2789 549 2973 589 revera
3009 532 3317 603 Pelagianis
3349 533 3539 588 tribuit
3566 535 3680 588 Au-

2110 627 2356 696 gustinus
2405 626 2501 684 lib.
2533 641 2570 680 ll
2618 624 2813 680 Contra
2859 629 2993 680 duo:
3039 628 3191 695 epist.
3245 624 3680 696 Pelagianorum,

2111 732 2214 772 non
2267 719 2340 772 ita
2392 726 2570 772 tuetur
2595 716 2874 786 Origenes,
2920 727 2978 772 ut
3024 733 3130 772 non
3158 717 3321 772 etiam
3344 719 3679 773 vocationem

2109 811 2404 866 secundum
2439 811 2772 880 propositum
2812 810 2906 866 Dei
2949 810 3040 866 hic
3069 810 3292 881 intelligi
3329 825 3486 881 posse
3510 811 3680 866 fatea-

2114 911 2234 966 tur;
2277 917 2402 957 nam
2434 902 2686 971 proponit
2727 912 3012 972 utramque
3037 912 3091 956 et
3128 903 3414 958 sententia:
3450 917 3565 958 sua:
3593 917 3680 957 ac-

2111 995 2440 1047 commodat.
2480 992 2738 1059 Quamvis
2761 1002 2938 1047 autem
2964 1008 3124 1047 unam
3155 992 3300 1046 illam
3322 994 3559 1063 priorem
3589 995 3681 1047 de-

2110 1085 2376 1150 fenderet,
2403 1085 2804 1154 astipulatorem
2831 1085 3056 1140 haberet
3092 1086 3567 1155 Chrysostomum,
3602 1087 3682 1140 sic

2112 1178 2164 1232 in
2193 1176 2349 1230 Rom.
2391 1193 2544 1241 ιιι-ιιι,
2566 1177 2660 1240 28,
2692 1177 3042 1231 disserentem
3073 1193 3087 1229 :
3125 1175 3385 1247 Πρόοεσιν
3413 1175 3470 1227 δὲ
3494 1176 3684 1228 ἐνταῦ-

2109 1269 2178 1322 Θά
2200 1285 2383 1338 φησιν,
2433 1269 2520 1320 ἵνα
2572 1268 2646 1337 μὴ
2675 1269 2736 1321 τὸ
2763 1269 2870 1320 πᾶν
2905 1269 2970 1338 τῇ
3001 1266 3186 1337 κλήσει
3225 1267 3319 1336 δῷ,
3356 1268 3480 1320 ἐπεὶ
3513 1268 3686 1331 οὕτως

2108 1360 2329 1430 ἔμελλον
2373 1362 2467 1414 καὶ
2509 1360 2762 1430 ’Έλληνες
2809 1359 3129 1428 ἀντιλέγειν,
3180 1361 3272 1413 καὶ
3314 1360 3577 1414 Ἰουδαῖοι.
3625 1361 3685 1412 Et

2107 1454 2216 1526 γὰρ
2239 1457 2272 1525 ἡ
2301 1454 2490 1524 κλῆσις
2511 1456 2668 1525 ἡρκει
2692 1454 2869 1524 μόνον,
2897 1454 3037 1516 τίνος
3055 1454 3236 1506 ἕνεκεν
3258 1453 3319 1506 οὐ
3338 1455 3539 1515 πάντες
3561 1452 3685 1504 ἐπί)-

2108 1547 2312 1616 θησαν;
2351 1545 2448 1598 Διὰ
2474 1546 2653 1613 τοῦτο,
2681 1544 2863 1614 φησὶν,
2901 1544 2999 1612 οὐχ
3029 1545 3061 1613 ή
3102 1542 3287 1612 κλῆσις
3319 1543 3502 1612 μόνον,
3554 1541 3688 1595 ἀλλὰ

2106 1637 2248 1706 καὶὴ
2276 1635 2530 1706 πρόθεσις
2557 1635 2666 1686 τῶν
2692 1631 3043 1702 καλουμένων
3065 1632 3163 1702 τὴν
3193 1632 3464 1702 σωτηρίαν
3492 1632 3685 1702 εἰργα-

2114 1743 2262 1780 σατο.
2309 1726 2384 1778 Οὐ
2421 1725 2530 1795 γὰρ
2557 1723 2944 1793 ἠναγκασμένη
2992 1721 3212 1790 γέγονεν
3247 1723 3280 1792 ὴ
3311 1721 3531 1791 κλῆσις,
3571 1721 3689 1772 οὐδὲ

2045 1800 2086 1854 Β
2117 1817 2471 1887 βεϐιασμένη·
2499 1817 2695 1878 πάντες
2723 1813 2855 1883 γοῦν
2891 1812 3216 1882 ὶκλήθησαν,
3246 1812 3359 1866 ἀλλ’
3393 1813 3456 1864 οὗ
3489 1813 3690 1874 πάντες

2116 1911 2452 1981 ὑπήκουσαν.
2499 1894 2877 1977 c-Proposit'um
2905 1916 3084 1961 autem
3114 1905 3200 1960 hic
3229 1903 3380 1970 dicit,
3412 1919 3479 1958 ne
3515 1915 3688 1958 totum

2113 2001 2380 2056 vocationi
2417 2000 2620 2054 tribuat
2663 2020 2676 2055 :
2711 1999 2792 2054 sic
2829 1998 2972 2052 enim
3009 1995 3396 2052 contradicturi
3438 2005 3604 2050 erant
3641 2006 3692 2050 et

2113 2091 2287 2148 Graeci
2327 2091 2592 2147 etJudari.
2629 2089 2761 2144 Nam
2793 2089 2837 2144 si
2865 2086 3133 2144 sufﬁceret
3160 2085 3270 2141 sola
3304 2087 3546 2148 vocatio,
3589 2101 3693 2156 qua

2115 2183 2181 2238 de
2207 2197 2370 2238 eausa
2403 2197 2507 2236 non
2531 2194 2720 2234 omnes
2741 2178 2876 2234 salvi
2907 2178 3036 2232 facti
3073 2177 3234 2232 sunt?
3260 2175 3586 2245 Propterea,
3616 2178 3695 2229 in-

2112 2277 2251 2347 quit,
2285 2290 2390 2328 non
2416 2272 2528 2327 sola
2551 2272 2783 2336 vocatio,
2817 2271 2910 2325 sed
2937 2279 2992 2324 et
3017 2269 3352 2339 propositum
3377 2283 3576 2322 eorum
3607 2268 3693 2336 qui

2116 2373 2396 2428 vocantur,
2423 2364 2650 2418 salutem
2699 2370 2974 2430 operatum
3013 2371 3096 2414 est
3127 2374 3142 2412 :
3173 2375 3270 2415 nec
3314 2359 3462 2413 enim
3503 2370 3694 2414 coacta

2113 2457 2252 2514 facta
2289 2467 2371 2511 est
2409 2456 2644 2520 vocatio,
2683 2467 2856 2523 neque
2889 2452 3147 2506 violenta.
3188 2451 3390 2506 Omnes
3431 2467 3572 2522 ergo
3601 2466 3696 2507 vo-

2113 2552 2220 2606 cati
2252 2559 2398 2612 sunt,
2449 2548 2542 2602 sed
2571 2562 2672 2600 non
2698 2559 2890 2600 omnes
2933 2545 3269 2599 obedierunt.
3299 2563 3318 2596 ι
3364 2546 3694 2599 Assentien—

2114 2656 2220 2698 tem
2272 2655 2484 2711 quoque
2539 2639 2760 2694 haberet
2809 2637 3227 2702 Theodoretum,
3288 2645 3342 2691 et
3397 2647 3695 2705 perpetuos

2112 2731 2478 2802 Chrysostomi
2519 2727 2752 2784 asseclas
2789 2726 3271 2797 Theophylactum,
3331 2735 3384 2781 et
3420 2725 3694 2781 (Ecume-

2114 2825 2284 2889 nium,
2315 2834 2368 2876 et
2389 2823 2522 2876 alios
2573 2819 2877 2876 nonnullos.
2931 2819 3152 2874 Vocatio
3181 2828 3358 2872 autem
3387 2819 3692 2872 secundum

2113 2915 2443 2986 propositum
2479 2913 2594 2977 Dei,
2627 2912 2768 2981 quod
2795 2911 3122 2980 propositum
3144 2925 3209 2964 ex
3240 2912 3544 2979 perSpectis
3571 2910 3692 2962 ani-

2114 3025 2216 3063 mae
2261 3009 2363 3077 piis
2403 3007 2686 3063 desideriis
2730 3005 2980 3074 pendeat,
3016 3014 3280 3073 quatenus
3309 3018 3434 3058 cum
3462 3002 3692 3071 reliquis

2113 3099 2420 3155 Adamantii
2479 3098 2747 3168 dogmatis
2791 3097 3048 3160 cohaeret,
3113 3095 3302 3150 merito
3345 3110 3376 3147 a
3425 3093 3693 3150 Jansenio

2111 3192 2450 3262 exploditur;
2483 3205 2607 3244 nam
2627 3190 2712 3258 pia
2740 3189 3005 3243 desideria
3035 3189 3102 3240 ab
3127 3187 3405 3240 hominum
3436 3185 3556 3240 sola
3591 3201 3691 3240 vo-

2111 3287 2314 3340 luntate
2355 3285 2598 3348 derivat;
2636 3284 2831 3352 quibus
2881 3281 3177 3351 perspectis
3226 3280 3515 3334 desideriis
3558 3295 3686 3350 pro-

2109 3387 2272 3448 ponat
2316 3376 2625 3446 Deusipsos
2658 3388 2873 3436 vocare,
2917 3383 3134 3441 tumque
3176 3372 3406 3440 primum
3448 3373 3684 3439 gratiam

2109 3467 2173 3520 ad
2223 3468 2273 3521 id
2304 3475 2658 3534 opportunam
2704 3463 2984 3533 largiatur.
3034 3461 3165 3514 lliuc
3206 3459 3363 3513 aliine
3418 3459 3685 3528 quiddam

2109 3556 2279 3624 carpit
2307 3555 2359 3610 in
2391 3553 2620 3623 Origene
2650 3551 2937 3607 Jansenius
2966 3561 3094 3606 tom.
3126 3551 3165 3616 I,
3202 3551 3292 3604 lib.
3329 3565 3448 3615 vm,
3478 3565 3604 3619 cap.
3631 3552 3691 3613 ι,

2109 3649 2250 3716 quod
2297 3647 2502 3702 scilicet
2549 3645 2748 3700 dixerit
2804 3643 3056 3699 salutaris
3107 3642 3362 3697 doetrinte
3409 3656 3685 3712 praecepta

2109 3738 2381 3795 Christum
2429 3737 2736 3793 hominibus
2788 3737 3100 3800 tradidisse,
3147 3742 3306 3805 prout
3331 3732 3561 3789 atl'ectos
3592 3749 3688 3788 ms

2109 3846 2228 3886 esse
2259 3833 2424 3895 novit,
2463 3831 2727 3900 ﬁdemque
2748 3828 2848 3884 sibi
2891 3827 3229 3882 adhibituros
3271 3827 3583 3897 przesensit.
3618 3827 3690 3880 E-

2109 3924 2323 3992 quidem
2351 3939 2455 3976 non
2491 3922 2703 3985 dubito,
2736 3922 2814 3975 uti
2839 3935 3000 3990 supra
3028 3919 3166 3986 dixi,
3199 3919 3476 3988 opinatum
3521 3919 3692 3973 fuisse

2109 4011 2414 4082 Origenem,
2452 4024 2518 4064 ex
2550 4010 2651 4065 hac
2688 4010 3016 4078 prmnotione
3070 4018 3275 4063 motum
3320 4006 3491 4062 fuisse
3521 4007 3689 4063 Chri-

2111 4114 2250 4160 stum
2281 4106 2347 4160 ad
2375 4104 2605 4173 primam
2642 4103 2745 4158 illis
2790 4103 3019 4171 gratiam
3053 4099 3467 4172 impertiendam
3512 4118 3526 4153 :
3563 4115 3692 4170 pro-

2109 4207 2400 4267 ptereaque
2437 4195 2635 4249 nullam
2672 4193 3104 4265 Semipelagiano
3140 4193 3264 4247 huic
3292 4193 3466 4247 errori
3500 4192 3692 4246 defen-

2109 4288 2312 4342 sionem
2345 4287 2708 4342 obtendimus.
2743 4286 2838 4341 Sin
2877 4287 2947 4340 ita
2982 4285 3239 4339 sensisset
3263 4283 3558 4353 Origenes,
3593 4285 3692 4337 do-

2111 4379 2283 4433 ctrina
2335 4393 2431 4433 sua
2469 4378 2590 4432 illos
2636 4377 2892 4432 imbuisse
2936 4376 3231 4441 Christum,
3276 4389 3414 4444 quos
3456 4374 3566 4443 ipsi
3598 4390 3693 4444 per

2040 4479 2089 4540 ι)
2111 4471 2294 4540 gratia:
2323 4483 2434 4524 suae
2471 4484 2620 4525 mere
2639 4469 2886 4539 gratuitae
2914 4467 3170 4521 auxilium
3190 4480 3515 4521 assensums
3550 4483 3690 4536 pre-

2111 4571 2368 4626 noverat,
2396 4563 2480 4617 vel
2505 4563 2747 4616 futurum
2772 4571 2826 4616 et
2851 4561 3136 4631 przevisum
3164 4573 3492 4612 consensum
3526 4575 3690 4614 occa—

2109 4655 2313 4709 sionem
2346 4654 2568 4709 Christo
2605 4653 2972 4722 impertienda:
3018 4667 3130 4707 sus:
3175 4652 3440 4704 doctrinm
3473 4661 3537 4705 et
3571 4668 3690 4721 gra-

2112 4748 2196 4801 tia!
2219 4747 2524 4815 praebuisse,
2555 4761 2658 4800 non
2687 4755 2742 4800 ut
2792 4746 3118 4814 praeberetur
3157 4742 3521 4812 promeritus:
3560 4744 3690 4797 fuis-

2109 4853 2199 4899 se;
2237 4838 2337 4890 hoc
2363 4848 2445 4891 est
2473 4836 2701 4906 gratiam
2737 4850 2886 4890 suam
2925 4843 2979 4889 et
3016 4834 3315 4888 doctrinam
3356 4847 3465 4886 non
3505 4850 3577 4888 ex
3612 4835 3659 4886 ﬁt

2111 4929 2245 4982 turis
2272 4942 2454 4982 eorum
2483 4927 2707 4990 meritis,
2742 4926 2832 4980 sed
2861 4927 2959 4979 hac
2992 4938 3288 4978 consensus
3313 4921 3499 4976 oblata
3534 4939 3686 4977 oeca-

2110 5021 2261 5075 sione
2287 5020 2558 5074 Christum
2603 5019 2769 5074 tuisse
2804 5018 3074 5086 largitum,
3123 5015 3328 5084 magnis
3368 5015 3568 5082 utique
3597 5031 3683 5083 pa-

2113 5112 2282 5166 tronis
2314 5125 2433 5166 sese
2465 5120 2740 5174 tueretur;
2776 5119 2901 5179 puta
2930 5108 3246 5175 Augustino,
3279 5105 3399 5174 qui,
3441 5118 3502 5159 ut
3525 5107 3683 5160 habet

2107 5201 2392 5258 Jansenius
2447 5216 2610 5270 supra
2671 5201 2886 5254 laudato
2918 5198 3058 5262 loco,
3109 5197 3162 5251 in
3207 5195 3441 5264 epistola
3477 5197 3577 5259 49,
3622 5199 3683 5248 ad

2108 5293 2446 5365 Deogratias,
2475 5301 2663 5362 qurest.
2696 5291 2750 5358 2,
2780 5294 2936 5345 docet
2979 5309 2996 5341 ι
3019 5299 3143 5343 tunc
3172 5286 3410 5341 voluisse
3445 5287 3680 5342 homini-

2109 5385 2208 5440 bus
2237 5399 2494 5454 apparere
2531 5383 2827 5445 Christum,
2859 5389 2913 5436 et
2955 5381 3094 5450 apud
3125 5393 3219 5433 eos
3256 5378 3554 5447 praedicari
3591 5379 3680 5432 do—

2109 5477 2339 5531 ctrinam
2370 5491 2547 5542 suam,
2585 5475 2798 5544 quando
2851 5471 3076 5537 sciebat,
3111 5479 3166 5524 et
3196 5468 3285 5522 ubi
3321 5469 3536 5524 sciebat
3568 5482 3687 5523 esse

2110 5570 2202 5640 qui
2234 5570 2285 5625 in
2329 5583 2447 5626 eam
2485 5569 2701 5625 fuerant
2731 5564 3025 5634 credituri;
3056 5583 3076 5618 ι
3120 5573 3176 5620 et
3208 5561 3496 5634 aliquanto
3524 5571 3678 5634 post:
