3860 6226
217 342 283 396 73
956 333 1535 401 ORIGENIANORUM
1578 342 1706 400 LIB.
1747 339 1813 409 ll,
1854 342 2007 404 CAP.
2049 341 2110 412 ll,
2152 335 2431 412 QUEST.
2476 330 2610 398 Vill.

3331 336 3433 399 974

187 484 207 515 r
232 463 369 527 Ouid
391 478 524 534 ergo
553 465 749 520 mirum
779 464 823 521 si
855 474 963 521 tam
997 469 1305 525 inlidelibus
1332 470 1545 539 plenum
1573 470 1760 522 orbem
1792 472 1836 529 Α
1867 469 2113 537 poribus.
2150 484 2215 522 ex
2256 480 2429 536 eaque
2454 464 2773 520 diversitate
2807 463 2991 519 mundi
3025 462 3437 519 consonantiam

182 564 449 609 terrarum
483 556 736 613 Christus
767 559 1046 629 prioribus
1074 562 1287 615 saeculis
1314 570 1559 626 noverat,
1602 572 1658 614 ut
1680 562 1761 615 eis

181 656 467 715 apparere,
514 648 599 703 vel
651 652 940 717 pmdicari
999 653 1194 706 merito
1233 652 1420 719 nollet,
1476 667 1611 722 quos
1662 666 1761 707 nec

179 738 379 805 verbis,
412 755 515 795 nec
547 742 827 797 miraculis
864 742 979 798 suis
1020 742 1330 799 credituros
1361 758 1483 799 esse
1508 744 1760 814 praescie-

180 832 307 885 hat?
331 848 351 884 ι
381 841 436 886 ει
463 832 873 903 Chrysostomo,
895 834 988 903 qui
1015 848 1182 890 serm.
1218 835 1252 889 4
1272 835 1329 889 in
1363 833 1533 903 Epist.
1564 837 1635 889 ad
1652 834 1758 889 Co-

178 924 331 985 loss.,
374 924 440 977 ad
481 938 626 982 vers.
656 925 728 979 25
759 926 839 981 sic
878 927 1041 981 habet
1081 942 1096 979 :
1145 925 1205 979 Ὁ
1236 925 1345 998 γὰρ
1375 927 1510 990 Θεὸς
1541 928 1642 980 οὐκ
1692 928 1760 980 ἀ-

181 1012 362 1085 Θρόως
412 1016 594 1070 πάντα
638 1020 804 1078 ποιεῖ,
852 1016 989 1071 ἀλλὰ
1048 1015 1312 1088 κέχρηται
1364 1018 1761 1087 συγχαταδάσει

173 1104 264 1157 διὰ
304 1105 402 1176 τὴν
430 1106 629 1177 πολλὴν
661 1109 825 1162 αὐτοῦ
859 1110 1286 1183 φιλωθρωπὶαν.
1330 1111 1441 1163 Καὶ
1471 1110 1629 1163 τοῦτο
1676 1110 1761 1165 αἷ-

173 1213 291 1249 τιον
317 1198 411 1252 τοῦ
444 1199 543 1253 νῦν
571 1200 974 1271 παραγενέσθαι
1003 1202 1095 1255 τὸν
1117 1201 1369 1273 Χριστὸν,
1402 1200 1539 1255 ἀλλὰ
1564 1201 1638 1273 μὴ
1664 1202 1761 1256 πάξ

175 1288 269 1342 λαι
294 1306 309 1320 ο
339 1308 359 1343 r
386 1292 526 1347 Deus
557 1292 705 1347 enim
741 1309 845 1348 non
877 1306 1099 1364 repente
1127 1296 1254 1349 lacit
1276 1296 1479 1358 omnia,
1505 1296 1598 1350 sed
1633 1310 1760 1363 pro-

174 1389 302 1447 pter
343 1396 609 1436 summam
664 1397 814 1438 suam
870 1384 1267 1440 humanitatem
1309 1400 1431 1440 sese
1473 1385 1631 1441 rebus
1671 1402 1764 1441 ac-

174 1473 510 1527 commodat.
565 1471 629 1527 Et
658 1473 774 1528 haec
802 1488 965 1528 causa
1013 1484 1118 1538 est,
1163 1490 1261 1530 cur
1297 1491 1436 1531 nunc
1484 1476 1761 1531 advenerit

174 1558 458 1625 Servator.
491 1578 595 1618 non
628 1564 757 1620 olim
785 1581 802 1633 ;
828 1583 847 1615 ι
898 1566 1042 1634 quod
1073 1566 1248 1623 fusius
1295 1568 1517 1622 disserit
1552 1569 1605 1623 in
1652 1569 1760 1622 line

174 1652 415 1708 homiliaa
443 1655 721 1722 ejusdem;
776 1667 831 1711 et
860 1656 1102 1722 Sedulio,
1158 1660 1248 1728 qui
1281 1662 1336 1713 in
1372 1658 1594 1715 Roman.
1633 1674 1757 1726 vrtr,

170 1743 270 1811 28,
311 1748 645 1815 propositum
673 1748 804 1804 illud
846 1751 941 1804 Dei
969 1750 1042 1805 ibi
1077 1750 1487 1822 intelligendum
1517 1766 1643 1809 esse
1673 1752 1760 1806 di-

1862 558 2224 622 eillorescere,
2253 556 2403 612 addit
2433 554 2694 624 quasdam
2720 569 2789 608 ex
2814 554 2901 607 his
2930 568 3051 622 qua:
3078 570 3096 604 ι
3127 552 3439 608 melioribus

1862 651 2075 706 meritis
2101 662 2248 717 sunt,
2306 652 2374 704 ad
2400 648 2772 703 exornandum
2811 647 2995 701 mundi
3048 656 3249 702 statum
3290 660 3440 701 com-

1861 744 1970 814 pati
1996 743 2241 812 reliquis,
2276 751 2332 797 et
2374 738 2606 796 oﬁicium
2647 740 2891 810 praebere
2925 738 3295 803 inferioribus,
3330 750 3439 807 quo

1860 846 1959 903 per
2006 833 2111 888 hoc
2137 816 2431 901 participes
2478 829 2749 885 exsistant
2784 829 3063 900 patientiae
3108 828 3435 884 Creatoris:

1862 924 2159 980 secundum
2222 924 2363 993 quod
2417 921 2709 991 Apostolus
2766 922 2883 991 ipse
2937 921 3155 976 dicit“:
3198 920 3439 976 Vanitatl

1860 1016 2008 1071 enim
2039 1025 2290 1071 creatura
2334 1014 2573 1083 subjecta
2611 1025 2695 1070 est
2736 1029 2842 1068 non
2867 1013 3073 1079 volens,
3099 1014 3192 1067 sed
3220 1018 3441 1083 propter

1860 1122 1985 1163 eum
2014 1112 2108 1178 qui
2140 1108 2437 1179 subjecerit
2483 1108 2536 1163 iu
2572 1121 2748 1178 spem.
2782 1123 2801 1157 ι
2849 1104 3002 1174 Quod
3024 1104 3092 1160 de
3116 1106 3281 1160 astris
3318 1106 3441 1161 sine

1860 1202 2029 1257 dubio
2062 1200 2466 1272 intelligendum
2490 1209 2595 1256 est.

1933 1293 2046 1350 Nec
2096 1294 2337 1348 animam
2392 1293 2660 1347 duntaxat
2713 1291 2987 1347 sideribus
3013 1291 3255 1347 additam
3293 1306 3435 1359 esse,

1860 1387 1955 1440 sed
1987 1395 2053 1442 ea
2074 1385 2237 1441 etiam
2266 1384 2480 1439 ratione
2504 1383 2723 1453 pollere,
2756 1383 2924 1437 Deum
2950 1397 3301 1453 cognoscere,
3330 1382 3440 1437 lau-

1861 1480 1995 1534 dare
2025 1493 2090 1532 ac
2139 1478 2349 1547 precari
2385 1487 2535 1532 ratus
2562 1485 2666 1530 est.
2690 1474 2824 1529 Nam
2852 1484 2980 1531 tom.
3009 1490 3104 1529 xm
3138 1478 3193 1531 in
3222 1475 3440 1540 Matth,

1860 1586 2012 1625 num.
2047 1568 2138 1633 20,
2176 1570 2290 1624 haec
2322 1568 2575 1639 leguntur
2607 1586 2619 1621 :
2661 1567 2894 1621 ’Ἄτοπον
2922 1566 3031 1638 γὰρ
3063 1565 3239 1636 λέγειν
3278 1567 3340 1620 τὸ
3381 1566 3441 1634 ἐξ

1857 1663 2086 1735 οὐρανοῦ
2112 1664 2206 1717 καὶ
2233 1663 2337 1735 γῆς
2366 1663 2591 1716 καὶτῶν
2613 1663 2672 1715 ὲν
2700 1665 2883 1726 αὐτοῖς
2907 1661 3177 1732 σύστημα,
3210 1661 3339 1714 ὥστ’
3360 1662 3439 1715 εἰ·

1860 1758 1982 1809 πεῖν
2009 1755 2075 1810 ἂν
2099 1755 2179 1808 ὅτι
2208 1754 2383 1825 ἣλιος,
2411 1754 2503 1807 καὶ
2538 1754 2757 1825 σελήνη,
2792 1754 2887 1807 καὶ
2912 1756 2942 1806 ὁ
2971 1754 3128 1824 χορὸς
3151 1753 3262 1806 τῶν
3288 1752 3441 1807 ἀστέι

173 1838 277 1900 cit,
330 1856 349 1889 ι
376 1840 670 1895 secundum
704 1842 849 1911 quod
905 1843 1187 1912 proposuit
1229 1844 1443 1899 salvere
1485 1844 1599 1900 sola
1630 1845 1754 1913 lide,

1860 1863 1991 1918 ρων,
2043 1845 2138 1901 καὶ
2187 1846 2236 1898 οἱ
2277 1846 2335 1898 ὲν
2366 1844 2471 1916 ὅλῳ
2500 1844 2580 1916 τῷ
2616 1845 2807 1917 κόσμῳ
2855 1846 3032 1916 τούτῳ
3067 1845 3287 1914 ἄγγελοι
3338 1844 3440 1897 οὐκ

172 1944 313 1997 quos
361 1937 675 1999 praescierat
709 1934 1080 1990 credituros:
1141 1933 1293 1990 Ferri
1345 1937 1512 1991 etiam
1552 1946 1755 2007 posset,

170 2021 321 2089 quod
362 2022 511 2076 addit
534 2023 816 2093 Origenes,
855 2042 961 2081 non
988 2044 1054 2084 ex
1098 2029 1214 2085 sola
1243 2029 1337 2084 Dei
1363 2030 1642 2084 voluntate
1672 2030 1759 2101 ju-

172 2111 562 2169 stiﬁcationem
607 2125 851 2172 nostram
902 2121 1162 2188 pendere,
1203 2136 1379 2191 neque
1426 2120 1653 2176 salutem
1692 2123 1759 2177 de

175 2217 363 2259 nostra
398 2208 617 2273 penitus
637 2222 760 2264 esse
787 2220 1055 2280 pctcstate
1078 2212 1379 2278 sublatam;
1413 2227 1539 2268 nam
1571 2214 1759 2285 gratia:

166 2298 578 2367 justilicationis
621 2301 788 2356 libere
830 2305 1099 2358 consentit
1126 2305 1306 2370 homo,
1341 2321 1369 2359 a
1404 2320 1507 2374 qua
1544 2306 1758 2361 dissen-

174 2392 285 2447 tire
322 2401 535 2462 potest;
585 2401 639 2449 et
665 2394 901 2449 salutem
938 2407 1197 2450 aeternam
1246 2397 1616 2452 dissentiendo
1658 2414 1756 2466 po-

175 2493 289 2539 test
315 2485 582 2550 amittere,
605 2485 760 2555 juxta
790 2488 1109 2544 Tridentiua
1154 2488 1354 2558 placita
1382 2488 1519 2559 (45).
1553 2489 1755 2545 Verum

172 2577 517 2632 commodam
548 2593 763 2634 omnem
797 2580 1299 2652 interpretationem
1324 2581 1619 2635 excludunt
1639 2596 1759 2650 quae

174 2668 402 2737 apponit
429 2665 720 2739 Origenes,
772 2688 791 2722 ι
820 2686 923 2724 non
964 2671 1017 2724 in
1050 2668 1390 2740 praescicntia
1425 2669 1517 2724 Dei
1548 2670 1757 2724 unicui—

172 2773 285 2827 que
315 2759 507 2815 salutis
542 2774 761 2815 causam
800 2762 947 2831 poni,
998 2762 1095 2816 sed
1132 2762 1185 2815 in
1216 2762 1494 2832 proposito
1536 2771 1594 2817 et
1622 2763 1759 2817 acti-

172 2853 280 2909 bus
310 2853 454 2916 suis;
484 2871 502 2904 ι
553 2852 850 2907 excludunt
898 2863 955 2907 et
1006 2852 1215 2922 reliqua
1258 2853 1569 2908 Adamantii
1618 2868 1759 2923 pra:-

172 2942 407 3012 scripta,
438 2942 581 2998 unde
613 2944 727 2998 haec
762 2944 1202 3012 proliciscuntur.
1226 2940 1355 2998 lure
1382 2958 1598 3013 quoque
1628 2944 1758 2999 Patr-

173 3035 275 3088 lini
311 3034 434 3103 loci,
458 3037 549 3105 qui
572 3034 794 3090 exstatl
823 3034 949 3091 Cor.
979 3050 1077 3101 xu,
1106 3034 1198 3101 18,
1230 3036 1503 3105 proposita
1542 3037 1610 3091 ab
1640 3035 1758 3091 Ori-s

169 3140 336 3193 gene,
369 3141 471 3180 non
508 3137 714 3183 asserta
745 3137 921 3183 tamen
948 3130 1018 3183 ab
1041 3142 1128 3191 eo,
1166 3142 1340 3198 neque
1375 3129 1601 3183 omnino
1632 3143 1757 3196 pro-

172 3219 306 3270 bata
360 3218 670 3289 explicatio,
724 3228 913 3291 utpote
956 3220 1191 3275 absurda
1232 3228 1289 3275 et
1328 3219 1561 3275 violenta
1596 3219 1756 3276 τετει-

172 3309 326 3366 Iitur.

721 3401 1046 3472 QUESTIO
1084 3401 1221 3464 VIII.

809 3512 875 3551 DE
910 3512 1121 3551 Αετιιιε.

171 3626 217 3644 δ.
262 3586 449 3643 Utrum
504 3600 651 3643 astra
701 3590 937 3643 animata
979 3604 1110 3651 esse,
1150 3588 1315 3643 Deum
1352 3604 1658 3659 cognoscere
1701 3598 1751 3643 et

246 3662 470 3725 precari,
502 3676 714 3725 peccare
750 3676 921 3729 posse,
943 3660 1244 3729 judicatum
1291 3660 1385 3729 iri.
1426 3675 1488 3712 ac
1527 3661 1752 3729 salutent

247 3746 454 3790 sperare
488 3742 533 3784 et
570 3746 719 3799 posse
751 3725 996 3799 consequi
1027 3727 1279 3799 Origenes
1309 3725 1656 3799 aﬂirmaverit.
1684 3728 1748 3784 ll.

250 3806 290 3855 Α
327 3803 513 3869 multis
536 3798 621 3852 hic
647 3798 925 3869 arguitur.
950 3800 1035 3853 ΙΙΙ.
1082 3798 1195 3852 Nec
1228 3798 1534 3865 defensione
1574 3808 1750 3851 tamen

244 3881 407 3924 caret.
450 3868 537 3924 IV.
585 3868 735 3923 Viam
785 3870 887 3937 ipsi
910 3873 978 3922 ad
1008 3871 1064 3921 id
1087 3870 1401 3923 credendum
1451 3877 1749 3922 straverunt

244 3943 469 4003 antiqui.
512 3940 573 3997 V.
614 3938 801 3993 Utrum
838 3940 1094 3993 sideribus
1143 3939 1445 4008 futurorum
1477 3937 1751 4008 signi/ica-

246 4013 440 4067 tionem
478 4030 512 4065 a
568 4010 674 4065 Deo
704 4011 1011 4076 impressam
1058 4010 1337 4078 putaverit.
1398 4008 1480 4062 \'l.
1522 4011 1602 4061 An
1644 4016 1748 4061 tres

244 4082 441 4149 priores
467 4081 745 4135 creationis
771 4082 883 4133 dies
920 4081 1033 4133 sine
1062 4080 1189 4145 sole,
1219 4081 1347 4132 luna
1373 4088 1419 4131 et
1460 4080 1622 4133 stellis
1646 4092 1751 4133 non

245 4152 411 4220 fuisse
434 4152 735 4204 decreverit.

246 4243 286 4297 Ι.
327 4244 465 4310 Quid
498 4240 758 4313 Origenes
785 4243 851 4296 de
888 4242 1048 4296 astris
1096 4240 1328 4297 senserit
1361 4238 1746 4309 exploraturis,

168 4335 425 4390 animane
471 4351 534 4389 ea
563 4346 617 4389 et
665 4350 901 4405 corpore
934 4344 1187 4389 constare
1220 4333 1291 4387 sit
1333 4331 1648 4396 arbitratus,
1677 4346 1745 4384 an

165 4442 403 4496 corpora
431 4441 553 4480 esse
589 4426 854 4490 inanima,
910 4440 1124 4480 rursum
1160 4425 1403 4479 iteranda
1464 4431 1591 4478 sunt
1630 4437 1750 4492 qua:

1858 1938 2102 2008 ἔγνωσαν
2129 1938 2190 1992 τὸ
2214 1938 2466 2010 ἀληθινὸν
2495 1939 2628 2008 φῶς,
2658 1939 2753 1993 καὶ
2796 1939 3119 2008 ἀγνοοῦντες
3152 1938 3283 1991 αὐτὸ
3314 1938 3443 2009 ὲτή-

1860 2047 2035 2101 ρησαν
2066 2029 2163 2101 τὴν
2188 2030 2618 2102 ὲπιτεταγμένην
2647 2030 2828 2095 αὐτοῖς
2857 2030 2966 2083 ἀπὸ
2988 2030 3122 2083 Θεοῦ
3151 2030 3323 2096 τάξιν.
3370 2031 3443 2083 At.

1859 2121 2000 2178 libro
2022 2140 2056 2177 ν
2084 2133 2267 2178 contra
2292 2122 2453 2191 Cels.,
2486 2139 2635 2180 num.
2661 2123 2751 2192 10,
2776 2140 2899 2196 pag.
2928 2124 3057 2191 585,
3092 2134 3235 2179 astra
3262 2124 3441 2195 appels

1858 2214 1932 2269 lat
1962 2212 2076 2279 ζῶα
2102 2216 2295 2285 λογικὰ
2327 2217 2421 2271 καὶ
2446 2216 2729 2281 σπουδαῖα,
2756 2217 2850 2271 καὶ
2874 2216 3211 2287 φωτισθέντα
3233 2215 3309 2287 τῷ
3336 2234 3443 2286 φωο

1856 2308 1910 2361 τὶ
1932 2307 2031 2378 τῆς
2045 2308 2297 2377 γνώσεως
2311 2310 2416 2366 ὑπὸ
2433 2309 2534 2380 τῆς
2557 2310 2766 2379 σοφίας,
2788 2312 2909 2381 ἥτις
2934 2309 3080 2363 ἐστὶν
3100 2310 3438 2381 ἀπαύγασμα

1860 2399 2037 2467 φωτὸς
2061 2398 2254 2453 ἀϊδίου.
2307 2400 2506 2454 Eadem
2538 2414 2727 2469 preces
2756 2399 2955 2456 oll'erre
2978 2402 3086 2456 Deo
3116 2417 3213 2471 per
3249 2402 3438 2467 unige-

1861 2491 2038 2545 nitum
2098 2490 2215 2559 ejus
2236 2491 2453 2556 Filium,
2491 2492 2776 2562 ipsumque
2805 2491 3028 2546 laudare
3065 2493 3255 2562 probat
3283 2508 3431 2546 num.

1860 2583 1947 2645 15,
1984 2598 2048 2638 ex
2077 2583 2296 2638 Davidis
2325 2582 2519 2653 psalm.
2544 2599 2766 2647 chvnr,
2787 2585 2842 2649 ὅ,
2876 2585 2911 2639 4
2940 2601 2955 2638 :
2985 2602 3005 2635 ι
3027 2584 3265 2639 Laudate
3288 2600 3438 2654 eum,

1858 2692 2049 2733 omnes
2086 2678 2253 2732 stella:
2293 2690 2349 2734 et
2382 2678 2560 2733 lumen
2609 2695 2623 2731 :
2668 2678 2883 2734 laudate
2927 2695 3073 2742 eum,
3113 2678 3237 2734 εωιί
3271 2678 3440 2735 creto-

1861 2783 2004 2821 rum.
2031 2786 2049 2819 ι
2088 2766 2207 2835 Quo
2256 2777 2311 2824 et
2344 2769 2475 2825 illud
2508 2769 2675 2825 refert
2716 2786 2786 2825 ex
2821 2770 2992 2841 Epist.
3024 2772 3088 2825 ad
3136 2771 3292 2825 Rom.
3319 2783 3437 2836 νιν,

1860 2861 2025 2916 l9-2l
2085 2875 2101 2915 :
2159 2880 2179 2914 r
2215 2860 2562 2932 Exspectatio
2616 2873 2881 2920 creatura:
2933 2865 3314 2920 revelationem
3371 2864 3438 2918 li-

1862 2953 2057 3008 liorum
2095 2953 2186 3010 Dei
2225 2962 2519 3023 exspectat;
2560 2955 2795 3011 Vanitati
2839 2956 2985 3012 enim
3019 2966 3273 3013 creatura
3309 2957 3440 3012 sub—

1855 3046 2001 3117 jecta
2030 3056 2114 3102 est
2150 3062 2254 3102 non
2286 3047 2497 3111 volens,
2535 3048 2629 3102 sed
2664 3058 2887 3118 propter
2913 3063 3037 3104 eum
3075 3050 3168 3119 qui
3201 3050 3439 3118 subjecit

1862 3154 1981 3192 eam
2021 3139 2074 3192 in
2117 3153 2265 3208 spe:
2311 3140 2437 3208 quia
2468 3149 2522 3193 et
2572 3139 2685 3208 ipsa
2732 3147 2981 3194 creatura
3036 3140 3353 3195 liberabitur
3401 3157 3433 3195 a

1856 3231 2117 3285 servitute
2141 3229 2504 3298 corruptionis
2540 3231 2591 3285 in
2628 3230 2929 3286 libertatem
2979 3230 3164 3300 gloria:
3198 3232 3431 3286 ﬁliorum

1858 3324 1949 3377 Dei
1976 3341 1991 3389 ;
2023 3340 2041 3374 ι
2076 3333 2129 3378 ει
2159 3323 2250 3378 lib.
2284 3339 2377 3377 vru
2409 3325 2591 3393 cperis
2630 3322 2872 3392 ejusdem
2917 3338 3067 3379 num.
3098 3322 3168 3378 66
3206 3340 3220 3377 :
3252 3323 3436 3394 Εὐφηέ

1858 3417 1960 3488 μοῦ
1971 3434 2068 3488 μεν
2097 3412 2188 3470 οὖν
2213 3417 2384 3488 ἥλιον,
2421 3416 2616 3486 inquit,
2642 3415 2719 3480 ὡς
2739 3416 2903 3471 καλὸν
2937 3416 3072 3472 Θεοῦ
3100 3416 3436 3489 δημιούργη-

1858 3524 1933 3578 μα
1960 3508 2053 3561 καὶ
2077 3509 2205 3571 τοὺς
2236 3508 2433 3579 νόμους
2460 3507 2732 3577 φυλάσσεν
2758 3507 2917 3571 Θεοῦ,
2951 3508 3044 3560 καὶ
3076 3507 3274 3561 ἀκοῦον
3299 3507 3395 3561 τοῦ
3415 3524 3431 3538 ·

1854 3602 2059 3654 Αἰνεῖτε
2078 3599 2167 3653 τὸν
2193 3600 2416 3672 Κύριον,
2433 3600 2582 3670 ἥλιος
2607 3601 2699 3653 καὶ
2722 3600 2934 3671 σελήνη.
2951 3600 3044 3654 καὶ
3067 3600 3164 3671 ὅση
3185 3600 3433 3670 δύναμις,

1854 3694 2070 3763 ὑμνεῖτε
2103 3692 2192 3745 τὸν
2222 3693 2460 3763 Πατέρα,
2497 3692 2701 3746 καὶτὸν
2730 3691 3057 3764 δημιουργὸν
3076 3692 3170 3744 τοῦ
3200 3691 3396 3754 παντός
3416 3708 3431 3722 ·

1853 3794 1909 3837 et
1967 3783 2129 3853 paulo
2185 3793 2325 3852 post,
2380 3798 2531 3838 num.
2564 3783 2634 3838 67
2670 3801 2683 3837 :
2720 3783 3123 3855 'Tpvobpév‘ye
3150 3784 3302 3848 Θεὸν,
3340 3787 3435 3839 καὶ

1851 3875 1941 3928 τὸν
1970 3876 2245 3948 Μονογενῆ
2288 3875 2475 3942 αὐτοῦ,
2512 3875 2587 3939 ὼς
2616 3877 2708 3929 καὶ
2747 3875 2915 3946 ἥλιος,
2958 3876 3050 3929 καὶ
3090 3876 3304 3949 σελήνη,
3339 3879 3433 3931 καὶ

1851 3971 2044 4040 ἄστρα,
2080 3969 2175 4022 καὶ⁸
2205 3970 2353 4022 πᾶσα
2402 3972 2435 4040 ἡ
2465 3969 2692 4039 οὐρανία
2751 3969 3013 4040 στρατιάν
3058 3970 3284 4041 ὑμνοῦσι
3320 3970 3431 4042 γὰρ

1853 4063 2053 4125 πάντες
2079 4054 2248 4127 οὗτοι,
2296 4062 2438 4125 θεῖος
2477 4063 2628 4126 ὄντες
2652 4063 2809 4133 χορὸς
2846 4063 2982 4133 μετὰ
3001 4063 3109 4116 τῶν
3136 4066 3195 4117 ὲν
3226 4063 3435 4135 ἀνθρώ-

1851 4170 1975 4216 ποις
2014 4152 2237 4206 δικαίων
2266 4152 2357 4207 τὸν
2404 4154 2496 4206 ἐπὶ
2528 4154 2662 4206 πᾶσι
2691 4152 2845 4219 Θεὸν,
2901 4152 2992 4205 καὶ
3035 4152 3126 4205 τὸν
3154 4151 3432 4222 Μονογενῆ

1851 4244 2037 4300 αὐτοῦ.

1924 4336 2126 4393 Eadem
2170 4338 2406 4407 peccatis
2432 4351 2552 4392 esse
2590 4336 2863 4402 obnoxia;
2918 4350 3016 4389 nec
3052 4344 3195 4388 astra
3247 4333 3429 4400 modo,

1854 4431 1948 4484 sed
1975 4429 2249 4484 elementa
2280 4430 2468 4495 etiam,
2510 4442 2574 4482 ac
2623 4428 2852 4498 proinde
2888 4426 3151 4495 judicium
3180 4424 3270 4479 Dei
3301 4424 3429 4478 oliui

167 4527 288 4573 tem
324 4532 464 4588 saepe
487 4533 650 4587 supra
683 4516 1038 4571 disseruimus
1086 4536 1099 4572 :
1132 4525 1337 4572 mentes
1370 4525 1493 4570 ante
1518 4529 1746 4583 corpora
1782 4536 1826 4594 ι)
1859 4519 2107 4574 subitura
2148 4517 2284 4584 fore,
2317 4518 2589 4573 sententia
2643 4516 2810 4587 ipsius
2854 4526 2960 4581 εει,
2995 4516 3080 4570 his
3112 4514 3430 4585 consignata

162 4610 419 4664 conditas
463 4609 744 4678 opinatum
772 4608 1177 4674 Adamantiunt,
1231 4621 1296 4662 ac
1328 4622 1426 4678 pro
1460 4605 1668 4661 meritis
1696 4605 1751 4659 in

164 4700 349 4763 varia,
391 4703 655 4769 variaque
680 4714 911 4769 corpora
954 4699 1232 4765 detrusas;
1278 4698 1538 4769 quasdam
1572 4706 1750 4752 autem

161 4808 239 4848 ex
276 4792 380 4848 illis
406 4808 530 4861 qua:
556 4808 661 4846 non
695 4795 928 4863 pessime
953 4805 1074 4847 sese
1096 4793 1413 4862 gessissent,
1446 4791 1754 4847 animandis

162 4885 308 4941 solis
328 4897 382 4938 et
413 4884 575 4949 quat,
603 4885 941 4955 aliorumque
970 4885 1209 4940 siderum
1238 4883 1577 4954 corporibus,
1608 4900 1756 4938 mund

160 4980 352 5047 doque
374 4977 693 5031 illustraudo
719 4991 783 5031 ac
820 4978 1153 5040 exornando,
1194 4977 1355 5031 nobili
1387 4976 1599 5031 scilicet
1632 4991 1751 5029 mue

165 5070 291 5125 ueri
321 5069 488 5124 fuisse
516 5069 820 5139 praelectas.
862 5068 916 5123 Id
946 5083 1107 5138 supra
1136 5068 1248 5137 jam
1283 5068 1574 5121 delibatum
1610 5081 1753 5120 nunc

162 5175 239 5215 eo
264 5162 425 5214 etiam
470 5162 701 5230 amplius
741 5162 1076 5231 probandum
1109 5171 1211 5215 est.
1255 5160 1345 5215 Sic
1378 5160 1610 5214 habetur
1639 5158 1752 5226 qui-

161 5252 295 5305 dem
331 5263 474 5307 tomu
506 5270 517 5307 I
547 5253 798 5323 Origeuis
824 5254 881 5306 in
905 5252 1090 5317 Joan.,
1131 5267 1277 5305 num.
1313 5251 1401 5314 Π,
1449 5250 1544 5303 καὶ
1574 5249 1682 5320 γὰρ
1712 5250 1746 5321 ἡ

160 5343 315 5415 ψυχὴ
340 5346 433 5398 τοῦ
461 5345 609 5416 ἡλὲου
641 5348 701 5398 ὲν
734 5344 968 5415 σώματι.
999 5344 1111 5397 Hoc
1140 5352 1247 5409 est,
1284 5360 1303 5392 ι
1323 5343 1504 5396 anima
1542 5342 1696 5407 solis,
1722 5358 1741 5391 ι

1857 4609 2033 4665 verbis
2062 4609 2249 4663 homil.
2273 4608 2308 4663 4
2329 4610 2385 4663 in
2407 4608 2626 4673 Ezech.,
2650 4623 2798 4662 num.
2825 4609 2847 4662 l
2883 4625 2897 4661 :
2932 4624 2951 4657 ι
2976 4606 3237 4660 Futurum
3266 4601 3348 4660 est
3373 4614 3432 4658 ut

1855 4701 1907 4754 in
1941 4700 2244 4768 diejudicii
2275 4715 2379 4755 non
2408 4700 2583 4755 solum
2631 4700 2814 4765 homo,
2847 4700 2940 4754 sed
2973 4698 3139 4753 etiam
3174 4698 3429 4751 universa

1854 4792 2094 4846 Conditio
2115 4793 2405 4861 judicetur.
2439 4792 2625 4847 Omnis
2661 4792 2861 4862 quippe
2896 4802 3138 4845 creatura
3167 4790 3427 4859 congemi-

1852 4884 1949 4935 scit
1981 4893 2028 4936 et
2050 4883 2290 4937 condolet
2310 4884 2351 4938 ⁷.
2390 4883 2446 4938 Si
2492 4884 2670 4939 omnis
2708 4893 2954 4937 creatura
2996 4880 3346 4950 congemiscit
3373 4888 3429 4933 et

1852 4975 2122 5037 condolet,
2156 4986 2242 5030 est
2269 4986 2448 5031 autem
2482 4986 2853 5030 creaturarum
2888 4988 3014 5043 pars
3048 4983 3193 5027 terra
3227 4981 3281 5026 et
3312 4984 3426 5026 ca:-

1851 5068 1984 5132 lum,
2016 5078 2068 5121 et
2092 5076 2288 5122 caetera
2328 5082 2555 5135 quaeque
2586 5081 2706 5133 qua:
2730 5065 2831 5121 sub
2873 5065 3012 5120 creto
3043 5074 3188 5127 sunt,
3218 5070 3272 5117 et
3306 5077 3427 5131 qua:

1848 5174 2013 5227 super
2040 5159 2227 5223 caelos,
2254 5168 2309 5212 et
2341 5158 2659 5213 liberabitur
2687 5157 2867 5211 omnis
2900 5163 3152 5209 creatura
3197 5169 3225 5207 a
3259 5155 3429 5207 servi-

1851 5260 1963 5305 tute
1987 5251 2355 5319 corruptionis
2394 5251 2448 5305 in
2484 5250 2786 5305 libertatem
2812 5249 2998 5319 glorizc
3048 5247 3277 5302 ﬁliorum
3305 5247 3425 5311 Dei,

1854 5341 1977 5411 quis
2003 5342 2107 5397 scit
2134 5352 2189 5396 et
2217 5342 2285 5396 de
2341 5352 2507 5405 terra,
2547 5356 2616 5396 au
2647 5341 2945 5396 secundum
2975 5350 3222 5393 naturam
3270 5354 3425 5391 suam

161 5450 278 5488 non
310 5435 455 5499 tiliae,
501 5446 560 5489 ut
604 5437 783 5505 inepte
820 5436 983 5489 vertit
1032 5435 1321 5503 interpres.
1360 5430 1525 5485 Libro
1557 5446 1683 5487 vero
1707 5446 1743 5485 ll
1854 5432 1907 5486 in
1932 5433 2111 5503 aliquo
2137 5444 2358 5504 peccato
2390 5443 2633 5489 teneatur
2658 5434 2930 5489 obnoxia?
2959 5432 3015 5486 Si
3048 5434 3191 5486 enim
3220 5428 3421 5483 aninml

157 5525 312 5593 Περὶ
359 5524 583 5594 ἀρχῶν,
646 5542 768 5596 cap.
798 5526 855 5590 9,
908 5541 1056 5579 num.
1092 5524 1146 5589 7,
1195 5534 1478 5593 postquam
1537 5525 1747 5578 animas
1852 5536 1955 5593 est,
1990 5529 2037 5583 si
2069 5529 2409 5585 rationabilis
2430 5540 2530 5593 est,
2556 5530 2599 5585 si
2629 5530 2831 5599 indiget
2861 5528 3136 5583 auditione
3155 5525 3422 5582 sermonis

154 5623 327 5690 juxta
358 5623 583 5675 virtutes
611 5636 675 5675 ac
709 5621 899 5674 merita
928 5619 1155 5675 diversis
1180 5618 1360 5673 sanxit
1383 5617 1595 5672 adnecti
1618 5632 1745 5674 cor-
1850 5621 2149 5690 prophetici
2185 5622 2449 5678 dicentis:
2489 5620 2709 5676 Attende
2733 5619 2916 5675 cretum
2941 5619 3219 5689 et-loquar,
3248 5626 3295 5671 et
3322 5629 3423 5669 and

240 5716 263 5748 ⁶
292 5713 448 5769 Rom.
473 5729 592 5779 vm,
616 5715 707 5768 20.
774 5712 794 5744 ⁷
821 5713 949 5767 ibid.
983 5712 1075 5770 Ὠ.

238 5808 352 5883 (45)
376 5806 618 5864 Trident.
652 5823 828 5876 conc..
864 5822 996 5863 sess.
1030 5821 1105 5875 vr,
1129 5822 1245 5879 cap.
1282 5808 1338 5876 5,
1366 5817 1417 5863 et
1448 5822 1571 5865 ciu.
1596 5808 1649 5862 ι,
