3834 6226
424 317 540 374 ⁷9ῗὸ

1739 312 1797 367 Ρ.
1839 309 2159 366 DANIEUS
2196 311 2430 370 ινιυετιι

3617 316 3710 369 976

433 442 542 495 diat
565 450 705 494 terra
728 439 878 494 verba
913 441 1020 493 oris
1058 439 1236 503 mei“;
1271 449 1325 491 et
1363 457 1376 493 :
1409 440 1570 501 Audi,
1602 437 1809 500 mlum,
1849 446 1895 488 et
1920 453 2016 488 αα-
2048 439 2093 494 Α
2126 434 2231 488 Deo
2261 445 2311 488 et
2343 434 2509 497 Patri,
2545 444 2669 489 tunc
2699 435 2862 490 etiam
2911 435 3012 490 ista
3043 435 3340 490 animantia
3376 450 3508 490 cum
3563 436 3709 500 prius

434 535 578 587 ribus
609 533 834 603 percipe,
866 543 1006 587 terra
1025 534 1045 564 °
1175 547 1344 601 quare
1371 547 1476 585 non
1506 541 1662 585 terra:
1689 539 1741 583 et
1765 528 2011 594 aerisjn-

435 624 634 679 dicium
667 623 1075 678 sitfuturum?»
1135 623 1189 676 ld
1223 623 1419 677 deinde
1451 621 1642 690 probat
1671 620 1838 674 variis
1864 618 2005 673 Scri-

433 730 606 788 pturm
632 718 986 782 testimoniis;
1015 727 1128 771 tum
1159 717 1309 770 addit
1340 734 1353 769 :
1383 734 1402 767 t
1423 715 1605 784 Capax
1634 725 1736 772 ρει.
1764 714 2008 781 inquam,

433 810 625 881 (terra)
657 821 719 866 ut
748 810 946 864 animal
984 809 1136 878 juxta
1182 807 1417 878 partium
1457 805 1774 876 qualitates.
1810 814 1866 857 et
1910 802 2008 855 bo-

434 920 624 959 norum
661 914 903 965 actuum,
933 911 989 956 et
1021 901 1311 964 malorum,
1347 900 1398 953 in
1432 900 1629 968 quibus
1664 909 1754 950 aut
1791 897 2004 950 laudem

432 1007 702 1051 mereatur
730 1005 824 1048 aut
870 1009 1105 1063 poenam.
1138 1009 1156 1044 ι
1221 991 1398 1060 Super
1433 1005 1496 1044 eo
1546 999 1807 1058 praeterea
1865 989 2008 1059 quod

430 1091 659 1145 habetur
694 1088 878 1143 Matth.
914 1103 1058 1152 xxiv,
1093 1087 1182 1148 ‘55,
1213 1086 1410 1139 Caelum
1432 1095 1478 1138 et
1510 1094 1648 1138 terra
1683 1083 2004 1136 transibunt.

437 1199 456 1232 ε
480 1181 588 1236 Cur
616 1180 839 1242 cmlnm,
871 1180 1063 1249 inquit,
1093 1179 1548 1247 praetergreditur,
1572 1189 1693 1229 cum
1725 1185 1867 1228 terra
1886 1188 2010 1241 per-

431 1275 649 1338 transit,
691 1275 792 1328 nisi
829 1275 953 1341 quia
995 1272 1253 1326 transitus
1291 1271 1369 1324 sui
1399 1269 1642 1338 quaedam
1671 1268 1829 1336 digna
1867 1267 2007 1322 fece-

430 1367 642 1422 runt?»
692 1367 870 1434 Atque
922 1366 1037 1420 haec
1082 1374 1480 1419 commentatur
1524 1363 1578 1416 in
1629 1361 1755 1415 illttd
1805 1360 2003 1416 Ezeeb.

429 1475 542 1522 xiv,
575 1459 642 1514 15
667 1477 679 1512 :
718 1477 735 1510 ι
758 1457 925 1514 Terra
957 1471 1061 1511 non
1090 1456 1397 1525 peccaverit
1425 1456 1574 1519 mihi,
1601 1464 1658 1509 ut
1682 1459 2004 1524 praevarice-

428 1562 515 1606 tur
563 1551 947 1619 praevaricans,
998 1549 1285 1603 extendam
1345 1562 1562 1600 manum
1613 1562 1790 1601 meam
1845 1563 2006 1618 super

425 1657 570 1706 eam,
605 1652 659 1696 et
685 1651 961 1696 conteram
997 1640 1202 1710 virgam
1237 1639 1390 1708 panis
1415 1638 1548 1707 ejus.
1571 1656 1592 1690 ι
1626 1637 1850 1692 Frustra
1876 1651 2006 1692 vero

427 1735 568 1789 dicta
611 1734 722 1788 htrc
761 1732 827 1786 ab
857 1732 1090 1798 Origene
1120 1747 1215 1801 per
1249 1730 1684 1800 prOSOpopmiam
1728 1732 2003 1784 existimat

2122 539 2344 594 regnum
2388 527 2587 581 Christi
2644 527 2842 583 fuerint
2890 526 3104 591 effecta,
3165 528 3324 582 simul
3375 542 3506 581 cum
3563 529 3706 581 omni

2120 631 2286 686 regno
2325 619 2490 673 etiam
2524 619 2667 674 Patri
2711 622 2945 689 regenda
2996 620 3251 674 traditum
3305 620 3414 682 iri;
3466 631 3534 674 ut
3590 634 3706 673 cum

2120 709 2258 764 Deus
2313 711 2418 765 erit
2467 713 2647 766 omnia
2705 713 2758 766 in
2814 713 3105 777 omnibus,
3179 713 3342 767 etiam
3417 713 3526 768 ista
3587 727 3704 767 cunt

2117 800 2226 855 sint
2277 817 2341 857 ex
2390 803 2675 868 omnibus,
2742 806 2815 858 sit
2871 815 2926 859 et
2974 803 3028 858 in
3081 805 3198 860 istis
3243 805 3382 861 Deus
3441 807 3596 862 sicut
3654 805 3703 859 in

2116 893 2386 948 omnibus.
2408 913 2427 946 ι

2189 986 2248 1041 ΙΙ.
2290 985 2603 1057 Opportuna
2657 988 2756 1042 fuit
2813 989 2900 1043 illa
2931 988 3184 1059 Origenis
3237 991 3580 1045 adversariis
3638 992 3699 1044 ad

2118 1077 2290 1144 ipsum
2340 1078 2756 1132 insimulandum
2805 1081 3042 1134 occasio.
3096 1079 3428 1149 Theophilus
3462 1082 3698 1136 Alexan-

2115 1170 2303 1224 drinus
2332 1170 2526 1224 Pasch.
2571 1173 2724 1240 epist.
2760 1173 2780 1226 1
2819 1184 2873 1227 et
2906 1172 2942 1226 2
2979 1174 3118 1227 inter
3147 1175 3407 1228 damnosa
3455 1175 3580 1244 ejus
3623 1176 3697 1229 ef-

2116 1263 2222 1314 fata
2259 1263 2410 1330 ponit
2440 1262 2589 1316 illud.
2624 1262 2781 1318 Ponit
2820 1272 2874 1317 et
2908 1263 3269 1334 Hieronymus
3301 1262 3357 1318 in
3389 1266 3564 1335 epist.
3605 1265 3691 1327 59.

2114 1352 2179 1405 ad
2210 1349 2451 1416 Avitum,
2490 1367 2609 1422 cap.
2638 1355 2757 1420 1-5,
2787 1362 2841 1407 et
2874 1353 2926 1407 in
2951 1355 3107 1424 epist.
3140 1354 3228 1417 61,
3254 1356 3322 1408 ad
3348 1354 3691 1420 Pammach.,

2113 1458 2234 1514 cap.
2261 1445 2326 1507 5,
2362 1456 2526 1515 atque
2575 1448 2625 1500 id
2667 1462 2787 1501 esse
2832 1448 2906 1499 ait
2943 1447 3139 1517 dogma
3170 1447 3455 1518 gentilium
3482 1489 3498 1515 ,
3545 1460 3604 1502 et
3632 1465 3692 1502 ex

2113 1546 2266 1604 parte
2289 1535 2648 1591 Platonicum.
2677 1537 2901 1592 Orosius
2926 1538 2976 1592 iu
2993 1537 3402 1592 Caiiimonitorio
3431 1541 3500 1592 ad
3516 1540 3692 1610 Augu-

2114 1632 2318 1684 stinum
2373 1631 2745 1701 opinationem
2801 1633 2940 1686 hanc
2984 1628 3312 1700 Origenistis
3363 1633 3687 1701 quibusdam

2113 1733 2222 1772 suae
2253 1721 2430 1774 artatis
2455 1721 2722 1787 ascribit;
2756 1735 2985 1789 eamque
3017 1721 3194 1776 valide
3229 1723 3492 1776 convellit
3519 1724 3686 1793 Augu-

429 1827 616 1880 Sixtus
656 1825 914 1880 Senensis
964 1824 1210 1878 Bibliotli.
1250 1823 1342 1876 lib.
1380 1838 1431 1884 v,
1470 1825 1648 1876 adnot.
1698 1821 1824 1887 242,
1855 1833 1909 1874 ut
1942 1837 1993 1876 e1

2111 1812 2287 1864 stinus
2313 1811 2364 1864 in
2393 1812 2574 1866 libello
2601 1822 2786 1865 contra
2811 1811 3244 1866 Priscillianistas
3267 1824 3315 1866 et
3335 1813 3688 1882 Ongenistas,

425 1917 686 1971 doctrina:
720 1917 884 1985 ipsius
919 1916 1255 1970 connexione
1303 1912 1648 1968 manifestum
1681 1923 1782 1967 est.
1820 1911 2006 1968 Melius

424 2009 642 2079 Origeni
677 2007 949 2062 consuluit
982 2007 1384 2073 Genelirardus,
1444 2007 1780 2074 respondens
1838 2007 2006 2060 fuisse

425 2102 539 2155 haec
569 2099 890 2169 inquirendo
931 2111 982 2153 et
1007 2099 1325 2152 disserendo
1367 2098 1736 2166 pronuntiata.
1783 2096 1920 2164 Quin
1951 2106 2006 2151 et

422 2207 519 2261 spe
568 2191 730 2245 futuri
776 2203 920 2246 aSIra
970 2190 1089 2244 duci
1133 2192 1328 2244 asserit
1368 2190 1464 2242 lib.
1510 2205 1581 2242 vti
1635 2203 1808 2245 contr.
1840 2190 1998 2254 Cels.,

423 2300 575 2339 num.
600 2283 704 2349 65;
763 2299 887 2336 nam
921 2293 1205 2352 postquam
1241 2284 1488 2336 eumdem
1529 2283 1678 2336 Pauli
1726 2282 1902 2337 locum
1937 2300 2000 2337 ex

423 2380 657 2449 Epistula
687 2382 750 2432 ad
776 2378 932 2432 Rom.
962 2383 1028 2433 ad
1058 2381 1233 2434 sidera
1262 2379 1468 2442 retulit,
1498 2379 1774 2450 subjungit
1797 2379 1870 2452 μὴ
1893 2381 2002 2435 δεῖν

416 2471 485 2524 τὰ
512 2471 602 2523 ἐπὶ
631 2472 697 2542 τῇ
720 2469 929 2538 δουλείᾳ
955 2471 1054 2540 τῆς
1077 2470 1302 2541 φθορᾶς,
1336 2470 1429 2522 καὶ
1455 2471 1546 2522 ἐπὶ
1578 2474 1644 2543 τῇ
1683 2473 2000 2545 ματαιότητι

417 2561 853 2633 ὑποτεταγμένα,
885 2561 979 2614 καὶ
1017 2563 1102 2614 ἐπ’
1127 2562 1298 2614 ἑλπίδι
1328 2563 1598 2634 κρείττονι
1623 2564 1795 2617 ταῦτα
1825 2566 2000 2636 πράτ-

418 2669 598 2717 τοντα,
633 2655 689 2706 ὲν
719 2651 872 2724 χώρᾳ
901 2653 1063 2723 τιμᾷν
1091 2652 1250 2706 Θεοῦ.
1291 2653 1426 2720 Spes
1463 2664 1642 2706 autent
1677 2655 1791 2708 haec
1822 2666 1907 2709 est
1938 2657 2001 2709 li-

419 2745 647 2799 bertatis
677 2744 960 2799 etfuturte
995 2742 1349 2811 sejunctionis
1379 2759 1407 2796 a
1450 2744 1771 2812 corporibus
1804 2748 2000 2813 quibus

417 2838 701 2907 COnjuncta
736 2846 882 2900 sunt,
920 2847 974 2890 et
1018 2836 1226 2890 salutis.

487 2929 556 2982 At
579 2941 740 2982 omne
775 2927 826 2980 id
855 2939 1228 2994 argumentum
1261 2926 1513 2980 exhausit
1543 2925 1638 2980 lib.
1673 2943 1687 2980 ι
1722 2927 1860 2994 Περὶ
1895 2929 1999 2995 dp-

415 3017 572 3088 χῶν,
609 3033 729 3085 cap.
759 3016 789 3067 7
813 3055 827 3080 ,
859 3015 1002 3070 unde
1037 3015 1152 3068 loca
1200 3015 1378 3083 aliqua
1425 3017 1610 3084 selegit
1634 3014 1994 3079 Justinianus,

414 3121 469 3164 et
503 3109 622 3162 fidei
651 3107 1029 3175 comparandae
1057 3107 1228 3176 gratia
1259 3108 1308 3160 in
1339 3109 1445 3159 line
1471 3109 1714 3176 epistola:
1741 3124 1850 3162 suae
1874 3125 1994 3177 qua:

412 3213 496 3256 est
524 3203 588 3253 ad
616 3200 852 3264 Menam,
875 3198 1077 3252 retulit.
1116 3198 1352 3252 Primum
1381 3199 1594 3267 quidem
1629 3215 1780 3253 num.
1807 3202 1842 3253 2
1869 3203 1992 3255 stel-

417 3297 496 3350 las
527 3312 554 3348 a
591 3294 797 3364 peccati
849 3304 1077 3360 contage
1121 3293 1390 3345 immunes
1444 3308 1547 3345 non
1595 3306 1715 3346 esse
1758 3293 1994 3347 ostendit

413 3402 477 3440 ex
510 3385 628 3440 Jobi
661 3399 801 3448 xxv,
841 3383 906 3438 5:
953 3400 970 3433 ι
1013 3383 1193 3436 Stella:
1234 3398 1335 3436 nou
1384 3391 1506 3437 sunt
1540 3386 1749 3438 mundae
1782 3385 1834 3438 iit
1862 3401 1994 3438 con-

415 3487 600 3546 spectu
634 3475 772 3545 ejus.
802 3495 820 3528 i
860 3475 1011 3542 Quod
1037 3485 1095 3527 ut
1127 3475 1317 3528 melius
1348 3483 1577 3537 astruat,
1605 3486 1698 3530 eas
1725 3490 1846 3530 esse
1877 3491 1994 3544 pro.

416 3571 509 3624 bat
538 3567 825 3635 animalia;
860 3569 1001 3636 quod
1052 3568 1300 3620 mandata
1352 3583 1381 3620 a
1431 3567 1538 3621 Deo
1570 3569 1819 3622 dicantur
1851 3567 1992 3621 acci-

416 3678 581 3732 pere;
631 3661 887 3715 mandare
928 3670 1108 3713 autem
1151 3659 1280 3727 ipsis
1305 3657 1493 3724 Deum,
1533 3669 1593 3712 ut
1622 3660 1778 3712 statis
1807 3673 1992 3712 move-

415 3763 577 3808 antur
607 3754 977 3822 temporibus;
1036 3761 1212 3804 motus
1244 3767 1372 3804 vero
1407 3750 1528 3805 illos
1561 3765 1734 3820 neque
1776 3750 1988 3804 absolvi

414 3859 570 3915 posse
599 3844 714 3899 sine
743 3847 957 3908 anima;
993 3858 1165 3913 neque
1191 3843 1306 3896 sine
1347 3853 1491 3896 motu
1534 3857 1653 3897 esse
1684 3857 1843 3912 posse
1867 3857 1990 3911 qua:

414 3938 594 3991 anima
622 3936 844 4005 praedita
875 3938 982 3990 sint
1011 3951 1026 3990 :
1063 3950 1160 3990 nec
1189 3935 1368 3988 anima
1400 3936 1574 3988 solum
1600 3974 1613 3998 ,
1652 3935 1747 3988 sed
1795 3942 1848 3986 et
1898 3948 1988 3986 ra-

415 4035 559 4088 tione
601 4033 842 4103 pollere;
891 4048 954 4086 ac
1005 4032 1228 4101 proinde
1267 4031 1602 4084 incrementa
1644 4044 1837 4098 capere
1869 4029 1989 4083 sine

413 4127 574 4180 dubio
606 4127 841 4187 virtutis,
873 4125 953 4176 vel
986 4125 1333 4177 decrementa
1364 4141 1376 4174 :
1410 4124 1475 4174 ad
1510 4122 1623 4174 haec
1651 4122 1859 4172 animas
1888 4135 1989 4171 an-

415 4216 674 4284 tiquiores
721 4215 1116 4268 recentioribus
1151 4215 1390 4267 siderum
1426 4214 1748 4281 corporibus
1780 4215 1987 4264 extrin-

412 4322 572 4362 secus
603 4307 762 4360 inseri
805 4307 997 4376 probat
1043 4306 1275 4375 primum
1310 4305 1520 4358 ratione
1549 4306 1670 4369 hac,
1698 4305 1838 4372 quod
1862 4319 1983 4356 cum

411 4399 662 4453 humanae
690 4400 902 4462 animae,
951 4413 1071 4467 qua:
1116 4397 1244 4451 dum
1293 4397 1567 4450 hominum
1614 4397 1806 4449 animae
1835 4407 1980 4458 sunt,

2108 1917 2227 1971 cap.
2253 1904 2408 1970 8-11,
2443 1904 2657 1973 duoque
2695 1905 2969 1974 dogmatis
3017 1905 3176 1972 hujus
3209 1904 3574 1960 fundamenta
3617 1907 3689 1960 la-

2107 1995 2364 2061 befactat,
2427 2012 2710 2066 perversas
2758 1997 3011 2052 nimirum
3057 1997 3514 2068 interpolationes
3556 1998 3691 2052 Pau-

2107 2088 2230 2142 lina),
2283 2088 2444 2158 hujus
2478 2095 2765 2145 sententia:
2789 2091 2873 2144 “‘z
2916 2109 2935 2143 ι
2961 2091 3196 2146 Vanitati
3244 2093 3390 2145 enim
3438 2105 3689 2145 creatura

2104 2179 2345 2248 subjecta
2377 2193 2460 2235 est
2489 2197 2592 2235 non
2630 2185 2836 2243 volens.
2884 2185 2976 2237 sed
3021 2192 3242 2252 propter
3269 2197 3396 2236 eum
3429 2185 3526 2252 qui
3565 2185 3689 2237 sub-

2099 2271 2226 2340 jecit
2253 2287 2371 2326 eam
2401 2273 2452 2327 in
2482 2287 2606 2342 spe;
2641 2293 2659 2324 ι
2696 2282 2749 2327 et
2782 2273 2936 2328 istius
2959 2288 3079 2342 quae
3103 2281 3282 2327 exstat
3307 2270 3435 2327 Jobi
3466 2287 3573 2338 xv,
3606 2273 3688 2336 15,

2107 2384 2124 2415 ι
2153 2365 2286 2420 lei
2315 2380 2420 2419 non
2451 2377 2576 2420 sunt
2605 2367 2787 2419 mundi
2816 2368 2868 2418 in
2903 2377 3194 2434 conspectu
3231 2365 3387 2434 ejus;
3412 2384 3431 2416 ι
3476 2366 3566 2419 cui
3601 2366 3690 2419 ad-

2100 2467 2258 2513 sonat
2284 2459 2370 2512 illa
2389 2473 2509 2528 cap.
2537 2474 2664 2524 xxv,
2682 2473 2820 2513 vers.
2839 2458 2892 2522 5,
2927 2476 2945 2508 ι
2974 2457 3154 2512 Stella:
3180 2471 3286 2510 non
3313 2465 3450 2510 sunt
3482 2459 3692 2510 munda

2101 2550 2153 2605 in
2211 2560 2500 2620 conspectu
2557 2552 2696 2620 ejus.
2727 2569 2746 2602 ι
2804 2550 3123 2619 Quanquam
3164 2549 3285 2604 sine
3335 2562 3534 2603 errore
3587 2550 3689 2603 dici

2101 2657 2262 2713 posse
2310 2643 2560 2698 concedit
2601 2659 2667 2696 ne
2709 2642 2932 2713 angelos
2965 2642 3182 2711 quidem
3227 2641 3441 2696 ratione
3491 2641 3690 2695 divinae

2095 2737 2320 2809 justitize
2373 2737 2551 2808 justos
2598 2751 2752 2800 esse;
2793 2752 2856 2791 ac
2893 2736 3116 2806 proinde
3146 2735 3191 2789 si
3228 2736 3391 2790 detur
3416 2735 3690 2790 sideribus

2102 2835 2283 2888 inesse
2333 2831 2593 2900 angelos;
2644 2830 2985 2899 perspicuum
3035 2828 3152 2883 fore
3199 2829 3277 2881 ait
3328 2843 3432 2882 cur
3488 2828 3687 2882 dixerit

2097 2926 2266 2981 Jobus
2296 2925 2480 2979 stelias
2508 2938 2610 2976 non
2639 2937 2761 2978 esse
2803 2923 3033 2975 mundas
3061 2921 3112 2974 in
3144 2930 3440 2990 conspectu
3470 2921 3586 2974 Dei.
3623 2921 3686 2972 At

2099 3031 2278 3074 utrum
2315 3019 2540 3072 rationis
2571 3023 2853 3084 compotes
2885 3014 3109 3084 spiritus
3155 3015 3239 3067 his
3289 3013 3468 3066 insint
3495 3011 3685 3066 lucidis

2098 3113 2418 3184 corporibus
2453 3110 2662 3163 nescire
2697 3123 2757 3162 se
2785 3107 3002 3169 fatetur,
3031 3116 3085 3160 et
3117 3116 3276 3159 caute
3309 3104 3681 3172 indagandum

2098 3214 2304 3260 monet.
2355 3203 2484 3258 Utut
2516 3210 2640 3265 est,
2685 3215 2750 3254 ex
2785 3199 3068 3268 Augustini
3118 3199 3451 3252 auctoritate
3498 3198 3682 3252 multis

2093 3298 2401 3369 opinionem
2444 3297 2601 3350 istam
2642 3293 2896 3362 Origenis
2945 3294 3220 3361 impugnat
3258 3287 3553 3362 Remigius
3586 3293 3684 3346 Re-

2095 3391 2297 3445 mensis
2323 3390 2377 3442 in
2409 3387 2558 3441 lieni.
2588 3403 2704 3445 vui.
2731 3385 2821 3440 20.
2849 3385 3141 3453 Consurgit
3165 3395 3218 3438 et
3235 3385 3508 3439 adversus
3540 3386 3685 3437 illan:

2092 3482 2430 3538 Justinianus
2467 3483 2518 3536 in
2557 3480 2787 3550 epistola
2826 3480 2892 3533 ad
2923 3478 3156 3540 Menam,
3186 3488 3238 3531 et
3270 3476 3458 3531 Basilii
3499 3487 3686 3530 aucto-

2094 3578 2310 3631 ritatem
2345 3574 2619 3637 adsciscit,
2669 3573 2758 3641 qui
2807 3572 2990 3626 humil.
3021 3572 3055 3625 ὅ
3100 3571 3152 3624 in
3184 3570 3446 3624 Ilerdam.
3479 3572 3682 3640 Orige-

2091 3683 2212 3721 nem
2243 3667 2438 3735 carpit,
2463 3665 2604 3735 quod
2651 3679 2820 3733 aquas
2851 3680 2969 3732 qua:
3005 3677 3166 3732 supra
3203 3672 3257 3716 et
3305 3663 3450 3716 infra
3491 3665 3677 3716 firma-

2092 3767 2331 3812 mentum
2364 3766 2526 3820 sunt,
2561 3758 2783 3823 angelos
2814 3759 3020 3826 tropice
3049 3757 3361 3827 significare
3390 3758 3678 3819 docuerit;

2093 3865 2191 3904 nec
2246 3850 2446 3904 idcirco
2492 3865 2652 3904 sensu
2707 3851 2989 3919 praeditum
3028 3851 3230 3903 animal
3267 3850 3681 3904 firmamentum

2088 3958 2208 4000 esse
2242 3945 2431 4010 tradit,
2462 3946 2606 4015 quod
2638 3945 2863 4015 gloriam
2899 3945 2990 3999 Dei
3022 3953 3258 4010 enarret,
3285 3946 3535 4014 alioquin
3565 3947 3684 3999 ani-

2090 4037 2249 4090 malia
2285 4037 2467 4091 futura
2503 4052 2704 4102 rorem,
2743 4048 2797 4091 et
2823 4039 3094 4105 pruinam,
3129 4046 3183 4092 et
3211 4039 3498 4108 abyssum,
3535 4039 3682 4107 quod

2088 4128 2153 4182 iis
2195 4129 2409 4183 laudem
2438 4130 2529 4184 Dei
2565 4130 2822 4198 propheta
2857 4131 3217 4184 commendet.
3254 4129 3424 4183 Sexto
3452 4132 3678 4183 demum

2087 4233 2151 4273 ex
2187 4222 2658 4277 auathematismis
2691 4223 2816 4276 huic
2848 4221 3142 4276 Justiniani
3173 4222 3420 4290 epistolae
3465 4223 3678 4275 subue-

2085 4313 2167 4367 xis
2196 4313 2384 4368 eadem
2414 4314 2524 4368 bsic
2549 4312 2802 4382 Origenis
2835 4315 3102 4368 sententia
3131 4313 3196 4367 de
3233 4313 3516 4367 sideribus
3552 4317 3677 4368 ani-

2087 4407 2246 4459 matis
2274 4405 2605 4459 confoditur.
2644 4405 2700 4458 ln
2738 4421 2844 4473 quo
2889 4418 3020 4459 sane
3062 4405 3230 4458 miror
3261 4407 3459 4472 ecquid
3498 4407 3572 4459 de
3605 4409 3676 4460 si-

412 4490 698 4544 inferiores
737 4498 861 4543 sunt
893 4491 1126 4543 siderum
1179 4489 1403 4553 animis,
1453 4489 1772 4558 corporibus
1812 4489 1984 4541 hOItti-
2019 4497 2062 4551 D
2088 4496 2309 4551 dcribus
2334 4509 2556 4565 peccato
2578 4497 2852 4558 obnoxiis,
2880 4496 2946 4550 de
2967 4512 3154 4550 eorum
3183 4511 3276 4564 spe
3301 4507 3351 4549 et
3382 4495 3569 4551 futura
3597 4514 3676 4551 εει.

412 4600 538 4637 num
586 4583 693 4639 sint
747 4583 1116 4653 antiquiores,
1171 4581 1464 4635 verisimile
1515 4581 1585 4634 sit
1644 4579 1982 4647 antiquiores

413 4689 530 4728 esse
561 4688 774 4743 quoque
802 4676 1035 4729 siderum
1079 4673 1284 4727 animas
1327 4673 1565 4727 siderum
1611 4673 1931 4740 corporibus
1967 4689 1978 4724 :

412 4765 604 4833 probat
653 4766 881 4834 idipsqu
931 4765 1125 4819 deinde
1155 4781 1312 4833 supra
1346 4766 1580 4819 adducto
1618 4765 1760 4818 Pauli
1800 4765 1920 4819 loco
1952 4779 1982 4817 θ

412 4854 640 4911 Roman.
694 4870 813 4917 vttt.
868 4858 1066 4919 19-22;
1127 4859 1416 4912 vanitatem
1473 4859 1669 4926 quippe
1722 4857 1979 4925 appellari

412 4966 606 5020 corpus
636 4952 761 5005 illud
792 4955 1108 5018 auhereum,
1150 4955 1291 5021 quod
1331 4954 1494 5006 invita
1518 4955 1663 5007 subit
1698 4954 1876 5005 anima
1908 4955 1981 5004 si-

413 5043 576 5105 deris,
607 5058 830 5112 sperans
863 5045 1099 5098 futurum
1131 5055 1187 5100 ttt
1217 5046 1430 5114 expleto
1457 5045 1558 5099 hoc
1588 5045 1887 5098 ministerio
1917 5046 1980 5096 li-

412 5133 633 5187 beretur
664 5153 681 5183 ι
703 5151 730 5186 a
773 5138 1030 5190 servitute
1068 5137 1428 5208 corruptionis
1458 5147 1512 5191 et
1538 5138 1810 5197 vanitatis,
1856 5153 1975 5189 eum

411 5224 796 5291 redemptionis
844 5229 1025 5295 gloria:
1063 5229 1294 5282 filiorum
1335 5229 1425 5282 Del
1477 5238 1690 5298 tempus
1744 5231 1978 5284 advene-

414 5317 520 5380 rit;
555 5335 575 5366 ι
614 5317 766 5385 cujus
808 5319 911 5371 voti
950 5321 1288 5387 adeptionem
1336 5322 1462 5372 dum
1515 5329 1832 5388 exspectat,
1893 5334 1984 5386 ge-

412 5427 578 5472 mere,
597 5421 650 5466 et
678 5430 695 5462 ι
735 5422 919 5480 utpote
943 5413 1188 5468 affectum
1214 5415 1499 5468 habentem
1524 5430 1647 5483 erga
1675 5428 1765 5468 eos
1791 5414 1984 5480 quibus

413 5507 703 5571 ministrat,
733 5509 1015 5563 condolere
1047 5527 1058 5564 :
1094 5529 1111 5561 ι
1158 5510 1368 5561 demum
1407 5519 1583 5561 autem
1617 5509 1875 5561 servitute
1911 5508 1981 5560 li-

412 5596 655 5650 beratum
694 5599 781 5661 iri,
828 5619 845 5650 ‹
876 5611 928 5654 et
966 5615 1085 5654 cum
1139 5601 1415 5654 tradiderit
1453 5599 1703 5653 Christus
1737 5613 1962 5656 regnum

483 5771 502 5800 ⁸
541 5773 690 5825 Deut.
720 5788 886 5838 xxxii,
919 5775 968 5828 1.
1046 5776 1064 5805 θ
1088 5775 1206 5829 lsai.
1240 5789 1276 5843 t,
1306 5776 1358 5829 2.
1438 5777 1480 5807 ¹⁰
1511 5775 1670 5835 Rom.
1704 5792 1816 5843 vui,
1851 5777 1938 5831 '20.

2083 4586 2197 4642 lute
2223 4604 2288 4642 ne
2315 4588 2533 4642 verbum
2560 4589 2773 4657 quidem
2800 4588 2850 4640 in
2875 4589 3343 4642 auathematismis
3372 4589 3677 4657 imperator

2085 4680 2173 4734 ille
2206 4680 2421 4743 fecerit,
2453 4695 2573 4732 cum
2606 4678 2722 4746 ejus
2753 4689 2930 4733 tamen
2959 4679 3120 4733 verba
3151 4679 3262 4748 ipsa
3291 4695 3322 4732 e
3354 4680 3451 4733 lib.
3478 4697 3493 4735 ι
3531 4681 3671 4748 Περὶ

2081 4769 2317 4838 ἀρχῶν,
2349 4787 2468 4839 cap.
2492 4771 2522 4823 7
2547 4812 2562 4835 ,
2611 4772 2772 4840 petita
2813 4779 3195 4837 repraesentet,
3243 4771 3452 4839 quibus
3483 4775 3671 4826 verbis

2082 4869 2136 4915 et
2165 4862 2343 4915 anima
2370 4861 2639 4915 sideribus
2672 4858 2948 4925 tribuitur,
2975 4870 3029 4914 et
3058 4859 3138 4913 sol
3168 4859 3449 4914 inducitur
3479 4862 3669 4914 dicens

2087 4961 2346 5018 prmstare
2394 4951 2611 5005 dissolvi
2657 4959 2713 5005 et
2754 4964 2874 5003 esse
2917 4964 3038 5003 cum
3067 4948 3288 5003 Christo
3319 4951 3391 5014 “,
3441 4953 3536 5005 sed
3575 4966 3665 5003 ne-

2087 5045 2380 5097 cessarium
2417 5043 2592 5113 magis
2636 5059 2755 5097 esse
2790 5056 3008 5095 manere
3058 5041 3110 5094 in
3149 5055 3406 5110 corpore,
3444 5054 3666 5112 propter

2087 5135 2472 5189 revelationem
2538 5135 2768 5188 filiorum
2806 5134 2920 5199 Dei,
2953 5139 3219 5188 eteadem
3248 5136 3454 5188 acriter
3483 5151 3666 5203 repre-

2086 5225 2286 5279 hendat
2312 5227 2365 5280 in
2400 5226 2625 5294 epistola
2661 5225 2728 5279 ad
2763 5227 3010 5295 quintum
3033 5225 3346 5286 concilium,
3375 5243 3542 5296 quem
3582 5242 3665 5280 re-

2088 5315 2191 5368 fert
2212 5317 2522 5380 Cedrenus;
2561 5333 2721 5369 unum
2753 5317 2801 5370 id
2828 5315 3155 5384 culpandum
3192 5330 3256 5369 ac
3289 5316 3659 5371 damnandum

2085 5408 2407 5475 Susceperit,
2440 5407 2583 5476 quod
2620 5407 2733 5460 suis
2773 5417 2949 5460 tamen
2984 5420 3089 5460 non
3133 5417 3287 5459 caret
3320 5409 3567 5475 patronis
3599 5421 3662 5458 ac

2083 5500 2477 5553 del'ensoribus.
2525 5499 2750 5552 Rufinus
2783 5514 2998 5567 quoque
3027 5498 3357 5553 Palaestiuus
3391 5499 3450 5552 in
3484 5500 3663 5554 libello

2086 5590 2159 5643 De
2187 5591 2307 5656 ﬁde,
2344 5592 2643 5645 doctrinam
2687 5592 2822 5646 hanc
2856 5592 3163 5644 Adamantii
3199 5590 3469 5660 gravibus
3507 5607 3663 5665 argu-

2020 5778 2058 5808 ίι
2097 5773 2289 5842 rain...
2327 5769 2485 5836 1,23.
