3860 6226
434 335 537 390 979

1728 332 1788 389 P.
1828 328 2144 386 DANIELIS
2182 326 2413 384 HUETII

3569 307 3684 376 989

435 452 722 505 confutans
773 450 965 520 dogma
997 449 1087 519 qui
1134 468 1152 500 ι
1180 450 1295 504 sine
1341 450 1434 506 Dei
1486 450 1762 505 voluntate
1811 450 1999 505 decer-
2031 458 2076 511 Α
2105 463 2156 501 νι
2190 456 2372 501 contra
2399 443 2604 498 Cetsmn
2648 440 2840 510 legitur
2865 453 3014 493 num.
3042 437 3131 502 50,
3161 438 3253 502 5i,
3286 436 3392 490 falli
3429 450 3551 501 eos,
3580 440 3676 506 qui

438 558 571 597 nere
596 543 888 612 opinantur
921 544 1096 597 sidera
1117 542 1245 611 quid
1279 556 1520 612 agamus,
1552 543 1634 596 vel
1677 541 1802 612 quid
1830 541 1997 595 bono-

438 648 557 686 rum
590 632 906 698 habeamus,
948 632 1278 687 malorumve
1326 633 1627 701 patiamur;
1662 650 1681 683 ι
1717 632 1829 686 haec
1870 631 2001 685 sub-

433 720 650 792 iungit:
694 740 712 773 ι
745 723 895 788 Quod
930 720 976 776 si
1003 721 1260 776 dicuntur
1291 723 1459 777 stellae
1483 723 1793 792 signiﬁcare
1821 724 2000 792 potius

438 812 564 877 ista,
594 827 754 881 quam
788 813 979 877 facere,
1022 821 1082 866 ut
1120 813 1272 882 quasi
1303 814 1504 868 locutio
1535 816 1778 883 quaedam
1806 813 1880 867 sit
1909 813 1997 868 illa

438 905 637 975 positio
676 906 974 974 praedicens
1006 908 1204 973 futura,
1232 924 1335 963 non
1367 921 1529 977 agens
1553 906 1682 977 (non
1711 906 1854 960 enim
1884 921 1998 961 me-

439 995 696 1051 diocriter
731 997 1009 1052 doctorum
1036 998 1313 1053 hominum
1350 995 1657 1068 [Origenem
1690 994 1863 1067 notat]
1901 994 2000 1049 l‘nit

437 1088 541 1144 ista
580 1088 888 1161 sententia),
940 1106 1046 1145 non
1074 1091 1286 1160 quidem
1315 1090 1387 1144 ita
1418 1089 1590 1145 solent
1610 1089 1754 1159 loqui
1790 1089 1999 1143 matbe-

438 1177 644 1241 matici,
677 1187 737 1231 ut
770 1178 916 1232 verbi
948 1178 1123 1248 gratia
1148 1178 1351 1245 dicant,
1379 1176 1520 1232 Mars
1551 1178 1622 1231 ita
1661 1178 1870 1246 positus
1898 1177 1999 1231 bo-

444 1267 694 1322 micidam
750 1268 1049 1337 signiﬁcat;
1099 1272 1193 1325 sed
1246 1270 1569 1326 homicidam
1621 1269 1769 1329 facit.
1799 1288 1818 1322 ι
1882 1267 1995 1331 His,

437 1356 683 1427 inquam,
710 1358 999 1431 Origenem
1028 1360 1340 1431 designasse
1359 1361 1595 1416 creditus
1624 1370 1708 1415 est
1736 1378 1751 1415 ε
1788 1376 1912 1415 nam
1945 1362 1997 1414 in

439 1459 506 1499 eo
527 1447 829 1516 fragmento
857 1451 997 1519 quod
1030 1466 1059 1504 e
1089 1449 1593 1506 Commentariorum
1635 1453 1801 1521 ipsius
1826 1454 1882 1506 in
1904 1451 2000 1507 Ge-

437 1540 602 1593 nesim
645 1550 795 1595 tomo
827 1542 890 1596 lll
937 1553 1249 1614 excerptum
1282 1543 1549 1600 Eusebius
1581 1544 1997 1616 Prceparationis

435 1632 746 1701 euangelium
796 1634 935 1688 libro
970 1646 1127 1692 sexto
1172 1638 1438 1702 inseruit,
1486 1641 1648 1694 astris
1693 1641 1995 1695 futurorum

437 1723 618 1777 inesse
643 1723 1089 1788 significationem
1128 1728 1378 1795 allirmat,
1421 1746 1568 1784 num.
1594 1730 1660 1794 5,
1694 1731 1729 1786 9
1755 1741 1813 1786 et
1842 1747 1994 1800 seq.,

438 1831 544 1869 non
587 1817 748 1870 etiam
780 1833 1023 1884 causam,
1062 1822 1202 1888 quod
1236 1820 1440 1877 iaciunt
1465 1823 1803 1879 Genetbliaci
1831 1842 1846 1889 ;
1878 1840 1997 1879 mo-

438 1916 548 1960 tum
579 1922 710 1975 ergo
743 1908 806 1962 iis
833 1924 861 1961 a
899 1909 1006 1963 Deo
1034 1919 1089 1963 et
1114 1911 1361 1965 ordinem
1390 1912 1643 1979 inditum,
1674 1921 1733 1966 ut
1762 1912 1887 1967 inde
1918 1912 2002 1966 fu-

437 2004 680 2051 turorum
735 1997 1095 2071 cognitionem
1143 2000 1318 2072 angeli
1364 2001 1653 2067 hauriant;
1696 2001 1848 2070 cujus
1880 2003 2001 2069 qni-

436 2087 557 2140 dem
601 2088 925 2157 cognitionis
971 2088 1335 2160 adeptionem,
1373 2106 1496 2147 cum
1543 2094 1689 2147 vires
1721 2105 2001 2162 superaret

434 2178 721 2243 bmnanas,
751 2179 818 2233 ab
847 2179 1053 2250 angelis
1079 2182 1346 2249 apostatis
1374 2182 1425 2236 in
1458 2184 1705 2238 homines
1730 2184 1910 2253 aliqua
1931 2199 1998 2241 ex

433 2276 587 2336 parte
649 2267 816 2323 fuisse
865 2264 1282 2333 transmissam;
1340 2271 1547 2326 nullam
1601 2284 1782 2326 autem
1832 2274 1999 2329 libero

433 2360 659 2414 arbitrio
689 2361 795 2414 vim
835 2361 918 2414 vel
954 2361 1332 2415 necessitatem
1379 2361 1507 2415 hinc
1542 2361 1753 2415 inferri.
1797 2360 2001 2417 Praeter

433 2450 792 2520 Augustinum
826 2453 941 2507 haec
966 2452 1317 2506 vehementer
1345 2452 1610 2521 castigant
1634 2451 1860 2509 Ruﬁnus
1891 2452 1995 2506 Pa-

432 2541 674 2597 laestinus
706 2542 757 2595 in
793 2541 974 2596 libello
1002 2540 1079 2595 De
1114 2542 1219 2610 ﬁde
1241 2583 1255 2608 ,
1285 2551 1339 2596 et
1364 2541 1660 2612 ProcOpius
1684 2542 1908 2598 Gasazns
1941 2545 1995 2595 in

432 2635 564 2691 Gen.
596 2652 653 2703 ι,
706 2636 803 2702 14,
839 2636 930 2706 qui
959 2637 1025 2690 ab
1051 2636 1283 2707 Origene
1307 2677 1321 2700 ,
1355 2650 1517 2705 quem
1551 2636 1605 2690 in
1634 2636 1755 2690 aliis
1784 2636 1850 2690 ad
1876 2651 1997 2689 ver-

430 2728 556 2783 bnm
598 2725 711 2782 fere
743 2727 1010 2797 sequitur,
1050 2727 1154 2784 hac
1185 2727 1238 2781 in
1279 2737 1433 2796 parte
1460 2727 1728 2783 discessit.

502 2819 645 2875 Sane
673 2820 718 2874 si
769 2821 943 2874 futura
980 2819 1145 2874 multa
1182 2834 1290 2873 non
1338 2821 1404 2875 ab
1446 2820 1610 2875 astris
1641 2818 1992 2889 pramuntiari

431 2916 716 2979 duntaxat,
748 2912 843 2968 sed
872 2921 927 2967 et
958 2911 1093 2967 ellici
1121 2912 1344 2967 dixisset
1368 2910 1649 2981 Origenes,
1675 2922 1728 2968 et
1757 2912 1991 2966 siderum

432 3005 633 3059 viribus
663 3017 891 3073 corpora
928 3004 1043 3058 haec
1072 3012 1285 3058 terrena
1314 3003 1477 3057 variis
1522 3004 1659 3059 allici
1698 3004 1904 3069 modis,
1937 3010 1995 3059 et

2099 554 2226 593 vera
2254 538 2461 592 dierum
2490 549 2583 589 sex
2614 533 2789 601 spatia
2827 531 3062 603 Moysem
3098 531 3151 584 in
3181 531 3363 583 mundi
3398 530 3675 583 narranda

2101 630 2375 685 creatione
2418 626 2756 695 signiﬁcasse
2801 633 3045 694 putant:
3082 637 3328 694 quosque
3359 637 3417 678 se
3456 622 3509 675 in
3556 624 3679 677 suis

2100 724 2170 773 ad
2192 716 2429 773 Genesim
2456 715 2858 772 Commentariis
2894 715 3157 770 refellisse
3180 716 3274 769 ait.
3317 714 3375 767 In
3406 729 3516 783 quo
3541 712 3674 766 Phi—

2101 811 2277 865 lonem
2332 819 2554 865 secutus
2613 818 2718 869 est,
2771 809 2926 877 cujus
2983 808 3099 861 lucc
3147 805 3309 861 verba
3350 816 3480 860 sunt
3522 804 3617 858 lib.
3652 820 3671 858 |

2101 901 2354 970 Allegor.,
2400 899 2607 971 Εὖηθες
2647 899 2787 952 πάνυ
2812 899 2871 952 τὸ
2897 897 3103 951 οἴεσθαι
3136 896 3199 962 ἓξ
3222 896 3476 968 ἡμέραις,
3502 896 3539 967 ἢ
3570 912 3675 949 κα-

2100 991 2253 1045 θόλου
2288 991 2464 1062 χρόνῳ
2498 990 2700 1060 κόσμον
2732 989 3032 1058 γεγονέναι.
3088 987 3287 1058 Nempe
3320 988 3434 1042 haee
3464 989 3673 1056 tropice

2102 1084 2446 1153 intelligenda
2492 1084 2919 1152 explicandaque
2969 1082 3225 1137 censebat
3265 1080 3557 1151 Origenes,
3608 1089 3675 1134 ut

2102 1175 2204 1228 alia
2238 1176 2513 1243 pleraque.
2555 1175 2607 1228 in
2648 1175 2848 1242 quibus
2878 1172 3172 1242 allegorico
3213 1172 3391 1226 sensui
3435 1172 3671 1225 nimium

2102 1264 2365 1330 tribuens,
2418 1264 2659 1320 nativum
2690 1273 2747 1321 et
2807 1264 3099 1319 litteralem
3148 1263 3512 1318 subvertebat.
3563 1261 3669 1327 Qui

2099 1356 2357 1423 quoniam
2381 1368 2540 1410 error
2561 1371 2718 1411 suum
2753 1355 2855 1409 sibi
2882 1354 3121 1424 postulat
3146 1367 3371 1408 examen
3392 1390 3409 1417 ,
3439 1354 3671 1407 verbum

2102 1459 2206 1498 non
2250 1443 2469 1499 addam.

2666 1513 2996 1582 ρυΑῑδτιο
3034 1511 3125 1568 IX.

2416 1622 2482 1662 DE
2531 1621 2964 1664 RESUBBECTIONE
2996 1619 3346 1665 IOBTUORUI.

2100 1697 2144 1753 1.
2184 1697 2366 1753 Status
2389 1701 2697 1768 qurestionis
2726 1701 3059 1767 proponitur.
3098 1698 3172 1768 Il._
3191 1696 3442 1768 Doctrina
3474 1695 3669 1767 Orige—

2182 1772 2265 1821 nis
2304 1772 2369 1823 de
2393 1765 2774 1821 resurrectione
2801 1765 3129 1821 enucleatur.
3157 1765 3242 1821 Ill.
3280 1765 3467 1820 Utrum
3490 1765 3670 1821 resur-

2182 1840 2464 1891 rectionem
2516 1838 2753 1891 absolute
2795 1838 3080 1891 sustulerit.
3139 1835 3226 1889 IV.
3278 1835 3392 1889 Hoc
3448 1838 3672 1889 crimine

2178 1919 2459 1978 purgatur.
2496 1906 2559 1959 ν.
2587 1905 2784 1978 Utrum
2817 1907 3053 1974 corporis
3086 1907 3522 1978 resurrectionem
3573 1908 3669 1978 atl-

2177 1974 2400 2040 misErit,
2446 1977 2622 2030 carnis
2662 1977 2926 2043 inﬁciatus
2964 1978 3055 2030 sit.
3085 1976 3171 2030 Vl.
3205 1974 3271 2029 In
3298 1992 3357 2027 eo
3380 1977 3536 2028 etiam
3565 1976 3668 2027 Iuc-

2175 2049 2327 2111 sitat,
2366 2057 2412 2099 et
2457 2046 2748 2099 multorum
2781 2060 3033 2115 prauerea
3075 2062 3286 2099 assensu
3313 2046 3526 2113 gaudet.
3553 2043 3664 2097 VII.

2176 2115 2369 2170 Utrum
2415 2126 2461 2168 et
2494 2115 2753 2185 quomodo
2796 2131 3014 2185 corpora
3050 2116 3512 2185 infesurrectione
3545 2131 3667 2165 mu-

2174 2196 2339 2238 tatum
2379 2187 2447 2238 iri
2481 2181 2872 2238 existimaverit.
2914 2183 3045 2238 VIII.
3082 2183 3184 2254 Hic
3215 2200 3415 2254 quoque
3440 2181 3668 2236 Patrum

2176 2257 2377 2325 aliquot
2400 2257 2740 2309 consensione
2792 2271 2847 2307 se
2891 2264 3084 2325 tuetur.
3116 2253 3323 2307 ΙΧρΑη
3364 2268 3585 2325 corpora
3601 2255 3667 2325 in

2177 2323 2561 2379 resurrectione
2614 2326 2871 2390 sphwrica
2926 2324 3113 2390 futura
3179 2323 3549 2376 autumarerit.
3600 2323 3667 2375 Χ.

2174 2392 2360 2448 Utrum
2386 2396 2569 2462 impios
2601 2394 2930 2461 aﬂ'imzaverit
2959 2398 3260 2462 neutiquam
3290 2395 3343 2445 in
3364 2393 3517 2445 vitam
3543 2396 3672 2444 red-

2170 2465 2357 2519 ituros.
2401 2462 2491 2517 XI.
2536 2462 2685 2517 Unde
2726 2479 2874 2517 suam
2896 2466 2959 2514 de
2975 2467 3345 2515 resurrectione
3370 2463 3667 2514 doctrinam

2172 2536 2431 2598 hauserit,
2459 2535 2718 2601 aperitur.
2765 2532 2877 2591 XII.
2924 2532 3197 2585 Nonnulla
3233 2535 3302 2585 ad
3356 2532 3471 2601 ejus
3500 2547 3665 2601 excu-

2171 2606 2427 2663 sationem
2452 2599 2645 2671 prtrter
2671 2604 2942 2669 superiora
2974 2602 3310 2669 colliguntur.
3360 2599 3495 2656 XIII.
3538 2600 3664 2667 Quo

2173 2690 2328 2728 sensu
2361 2674 2553 2731 dixerit
2604 2683 2934 2741 peccatorum
2969 2688 3185 2725 causam
3234 2675 3300 2724 ad
3346 2688 3533 2739 corpus
3574 2686 3658 2723 rc-

2168 2744 2317 2812 ferri.

2170 2836 2211 2889 l.
2250 2854 2268 2886 ι
2298 2832 2665 2888 Transeamus
2715 2833 2840 2886 hinc
2889 2832 2954 2887 ad
3008 2832 3421 2886 famosissimam
3469 2833 3538 2887 de
3584 2848 3670 2887 re-

2099 2926 2447 2983 surrectione
2475 2926 2655 2979 carnis
2690 2934 2745 2978 ct
2772 2924 3015 2993 corporis
3046 2925 3419 2992 quaestionem.
3448 2943 3465 2975 ι
3515 2923 3670 2979 Licet

2094 3019 2244 3073 etiim
2284 3016 2363 3071 nti
2386 3016 2563 3072 verbis
2589 3015 2897 3085 Hieronymi
2928 3016 3085 3084 epist.
3116 3015 3205 3079 61,
3234 3016 3298 3068 ad
3326 3014 3669 3080 Pammach.,

432 3097 498 3149 ad
536 3096 649 3150 haec
692 3094 853 3150 illave
899 3095 1230 3149 commoveri
1280 3104 1334 3148 et
1378 3093 1665 3165 inclinari,
1704 3094 1755 3148 in
1802 3097 1988 3150 eadem
2018 3128 2060 3186 α
2095 3123 2213 3177 cap.
2258 3108 2310 3172 7,
2344 3108 2445 3162 hoc
2480 3118 2856 3175 argumentum
2912 3108 3176 3161 adversus
3222 3108 3509 3176 Origene“,
3540 3123 3669 3177 per-

431 3199 575 3242 esset
605 3200 769 3242 causa
812 3201 878 3240 ac
900 3185 1365 3255 Apostelesmatici
1399 3200 1609 3253 omnes,
1640 3195 1696 3240 et
1742 3185 1989 3241 hodierni

433 3277 736 3347 astrologiae
764 3278 1001 3347 patroni,
1029 3292 1262 3347 quormn
1284 3277 1573 3341 sententia,
1603 3278 1811 3347 integra
1837 3279 1993 3333 modo

431 3376 680 3423 servetur
724 3369 941 3422 humani
980 3368 1204 3424 libertas
1260 3370 1494 3436 arbitrii,
1545 3370 1817 3425 haereseos
1867 3380 1989 3425 nota

431 3459 685 3516 immunis
716 3470 817 3514 est.
854 3461 921 3514 At
950 3476 1072 3515 cum
1097 3462 1547 3533 signiﬁcationem
1578 3463 1747 3518 solum
1780 3461 1990 3519 futuro-

435 3566 575 3615 rum,
606 3550 789 3605 itidem
819 3562 877 3605 ut
903 3551 1161 3623 Synesius
1188 3553 1280 3607 lib.
1309 3552 1386 3607 De
1415 3556 1709 3617 insomniis,
1735 3571 1840 3611 non
1871 3570 1993 3609 can.

432 3659 547 3699 sam
581 3644 744 3699 astris
770 3643 1125 3714 ascripserit,
1155 3646 1319 3701 illaesa
1353 3645 1561 3701 arbitrii
1611 3646 1859 3702 libertate
1883 3688 1898 3712 ,
1928 3663 1994 3703 eo

431 3737 612 3791 minus
656 3736 820 3791 etiam
875 3737 1110 3792 decretis
1173 3737 1430 3792 Ecclesiae
1485 3738 1800 3793 adversatur
1852 3738 1995 3795 illius

428 3831 651 3900 Opinio;
682 3846 841 3901 quam
873 3844 1123 3885 manasse
1148 3844 1178 3885 e
1210 3828 1606 3885 Platonicorum
1629 3830 1831 3886 scholis
1862 3833 1995 3886 satis

429 3930 655 3989 apparet
697 3936 764 3976 ex
802 3919 996 3975 Plotini
1030 3919 1170 3975 Enn.
1205 3937 1266 3988 ιι,
1316 3921 1410 3976 lib.
1436 3939 1473 3989 ι,
1517 3937 1637 3992 cap.
1684 3923 1710 3975 1
1745 3934 1800 3977 et
1840 3923 1893 3987 7,
1940 3932 1995 3977 et

434 4010 573 4066 Enn.
600 4028 695 4078 ιιι,
756 4011 850 4067 lib.
883 4027 922 4075 ι,
954 4026 1074 4082 cap.
1103 4014 1170 4075 6,
1206 4027 1364 4081 quem
1409 4024 1628 4068 secutus
1670 4024 1751 4067 est
1788 4012 1993 4069 Macro-

428 4102 553 4162 bius.
580 4103 672 4157 lib.
709 4118 722 4156 ι
766 4104 820 4156 in
852 4102 1037 4158 Somn.
1075 4102 1261 4172 Scip.,
1302 4118 1420 4172 cap.
1449 4105 1498 4159 1.

499 4192 631 4247 Cum
676 4191 727 4247 in
758 4208 824 4249 eo
852 4202 1053 4258 autem,
1090 4194 1231 4263 quod
1277 4193 1538 4259 diximus,
1589 4193 1910 4266 fragmento,
1940 4206 1995 4251 et

430 4283 555 4341 alibi
590 4299 804 4353 quoque
830 4324 847 4350 ,
888 4299 1106 4339 causam
1161 4287 1465 4339 futurorum
1514 4286 1782 4341 sideribus
1816 4289 1993 4343 neuti-

428 4392 591 4447 quam
641 4378 822 4433 inesse
874 4394 1069 4448 magno
1126 4387 1323 4435 conatu
1352 4378 1613 4448 Origenes
1662 4380 1990 4448 probaverit,

2092 3200 2393 3268 sequentis.
2423 3197 2672 3252 Cohaeret
2696 3208 2876 3252 autem
2902 3197 2987 3251 illa
3018 3212 3231 3267 quoque
3261 3214 3385 3252 cum
3413 3201 3664 3267 superio-

2094 3290 2268 3355 ribus,
2322 3303 2448 3342 nam
2500 3297 2641 3342 statu
2697 3288 2999 3342 animarum
3032 3298 3158 3341 ante
3193 3290 3329 3343 hanc
3356 3290 3523 3342 vitam
3565 3307 3668 3344 ex-

2092 3382 2319 3452 quisito,
2366 3382 2602 3449 ipsarum
2648 3393 2865 3448 quoque
2912 3377 3090 3431 l'utura
3143 3387 3260 3446 post
3311 3378 3450 3431 hanc
3498 3379 3669 3432 vitam

2094 3489 2215 3531 sors
2236 3472 2565 3543 exploranda
2593 3479 2676 3526 est
2704 3488 2717 3523 :
2753 3470 3009 3523 nimirqu
3032 3470 3249 3525 solasne
3271 3484 3333 3539 at;
3364 3470 3665 3531 solilarias,

2094 3580 2162 3618 an
2240 3561 2556 3630 coniunctas
2639 3561 2956 3628 corporibus
3024 3562 3220 3629 quibus
3306 3562 3668 3615 convixcrunt

2092 3666 2425 3726 postremum
2459 3654 2737 3709 subiturus
2761 3651 3050 3717 judicium,
3084 3652 3387 3720 iisdemque
3410 3653 3673 3721 deinceps

2094 3747 2409 3801 adhmsuras
2442 3743 2828 3798 autumaverit.
2886 3745 2961 3797 Ac
3010 3759 3265 3813 magnum
3294 3742 3541 3813 profecto
3567 3744 3669 3797 ha-

2094 3838 2343 3893 beremus
2372 3837 2436 3889 ad
2469 3835 2782 3906 qua:stionis
2810 3832 2955 3887 illius
2991 3834 3371 3887 tractationem
3401 3848 3666 3901 compen-

2093 3931 2263 3993 dium,
2290 3928 2333 3984 si
2367 3928 2526 3997 hnjus
2552 3926 2859 3994 argumenti
2888 3935 2946 3979 et
2976 3924 3117 3978 tituli
3151 3923 3311 3978 libris
3343 3925 3414 3977 ab
3448 3937 3515 3977 eo
3538 3939 3673 3978 con—

2094 4020 2313 4088 scriptis
2345 4018 2610 4087 temporis
2664 4016 2994 4071 diuturnitas
3040 4014 3403 4084 pepercisset;
3442 4024 3500 4067 et
3524 4030 3672 4082 quae-

2094 4124 2311 4180 cunque
2345 4112 2397 4163 in
2450 4110 2517 4163 iis
2564 4107 2693 4160 olim
2733 4107 2959 4162 fuerunt
3013 4106 3363 4176 reprehensa,
3420 4116 3668 4159 veterum

2097 4208 2445 4257 monumenta
2478 4213 2588 4265 pra:
2616 4211 2675 4251 se
2707 4195 2948 4251 ferrent:
2984 4198 3047 4250 de
3073 4210 3131 4249 se
3160 4196 3357 4265 quippe
3387 4196 3506 4263 ipse
3539 4213 3666 4247 nar-

2095 4302 2179 4347 rat
2207 4293 2301 4347 lib.
2337 4308 2372 4345 ιι
2403 4289 2545 4358 Περὶ
2595 4289 2817 4357 ἀρχῶν,
2843 4304 2961 4358 cap.
2992 4289 3080 4352 l0,
3109 4303 3255 4340 num.
3297 4289 3350 4346 l.
3382 4287 3671 4356 publicatis

2097 4383 2208 4436 suis
2257 4381 2335 4435 De
2372 4389 2748 4434 resurrectione
2797 4374 3291 4438 lucubrationibus,
3355 4392 3375 4424 ‹
3428 4373 3665 4429 offensos

431 4470 597 4523 miror
646 4468 695 4524 id
759 4470 810 4524 ei
862 4471 1053 4540 dogma
1117 4469 1349 4524 aﬁictum
1392 4493 1402 4526 ;
1443 4471 1527 4533 ὅτι
1582 4470 1836 4542 ποιητικὴ
1887 4472 1993 4524 τῶν
2025 4471 2359 4541 unosdan:
2399 4471 2451 4523 in
2496 4466 2865 4522 ecclesiastica
2916 4468 3037 4530 lide,
3074 4465 3232 4535 quasi
3283 4464 3427 4519 velut
3478 4466 3663 4527 stulte,

428 4561 816 4633 πραττομένων
856 4564 889 4634 ἡ
936 4563 1287 4634 ἀστρονομία,
1324 4581 1343 4613 ι
1372 4564 1756 4617 astronomiam
1804 4578 1989 4618 eorum

427 4667 549 4720 qum
606 4652 740 4707 ﬁunt
797 4668 1016 4708 causam
1070 4667 1209 4718 esse,
1240 4672 1260 4705 ι
1308 4654 1451 4722 quod
1498 4655 1639 4707 inter
1682 4656 1785 4709 alia
1817 4656 1989 4713 eidem

427 4743 745 4811 exprobrari
806 4744 963 4800 solita
1029 4746 1239 4800 decimo
1297 4745 1414 4801 loco
1483 4756 1727 4803 recenset
1782 4762 1991 4817 anony-

428 4850 548 4889 mns
583 4846 773 4891 auctor
802 4836 1075 4906 Apologia:
1128 4854 1224 4906 pro
1259 4836 1480 4907 Origene
1501 4877 1516 4905 ,
1560 4839 1701 4909 apud
1741 4837 1990 4894 Pbotium

427 4926 549 4980 cod.
573 4942 742 4985 cxvu.

500 5014 585 5077 Vl.
619 5017 822 5071 Praeter
860 5017 1302 5088 snperiora,illud
1320 5033 1538 5088 quoque
1560 5017 1988 5089 reprehendendi

428 5123 592 5163 causa
615 5125 646 5164 e
663 5110 754 5164 lib.
775 5126 825 5169 tv
843 5110 978 5178 Περὶ
997 5110 1216 5180 ἀρχῶν,
1235 5126 1384 5164 num.
1416 5110 1503 5174 16,
1529 5108 1991 5166 recitatJustinia-

429 5211 530 5250 nus
559 5197 627 5259 ad
660 5196 863 5251 calcem
889 5201 1045 5266 epist.
1074 5200 1140 5252 ad
1167 5198 1408 5253 Menam:
1442 5199 1538 5262 Τίς
1568 5198 1690 5252 νοῦν
1719 5199 1856 5269 ἔχων
1879 5202 1991 5272 ὁρί-

426 5284 573 5353 ζεται
596 5288 837 5361 πρώτην,
852 5291 944 5351 καὶ
959 5292 1232 5362 δευτέραν,
1256 5292 1347 5357 καὶ
1363 5293 1549 5364 τρίτην
1574 5296 1606 5365 ἡ
1617 5294 1807 5364 μέραν,
1824 5294 1990 5346 ὲσπέι-

428 5396 528 5451 ραν
558 5397 616 5431 τε
642 5382 734 5434 καὶ
762 5383 970 5453 πρωῖαν
994 5384 1160 5453 χωρὶς
1187 5384 1337 5454 ἡλίου
1365 5384 1641 5452 γεγονέναι
1666 5424 1681 5448 ,
1713 5385 1807 5437 καὶ¹
1837 5383 1992 5454 σελή-

427 5486 549 5539 νης,
582 5469 676 5524 καὶ
719 5472 998 5543 ἁστέρων;
1050 5491 1068 5523 ι
1100 5473 1230 5539 Quis
1279 5475 1475 5529 utentis
1520 5489 1740 5544 compos
1795 5484 1996 5530 statuat

428 5564 683 5630 primum,
721 5573 775 5617 et
808 5565 1122 5629 secundum,
1157 5574 1211 5619 et
1258 5566 1475 5620 tertium
1500 5566 1665 5631 diem,
1707 5574 1761 5622 et
1800 5582 1993 5636 vespe-

430 5668 568 5719 ram,
599 5660 660 5707 ac
686 5657 1008 5710 matutinum
1038 5667 1249 5727 tempus
1271 5660 1389 5714 sine
1410 5659 1525 5713 sole
1552 5658 1739 5723 fuisse,
1771 5668 1823 5713 et
1844 5658 1989 5721 luna,

434 5750 487 5805 et,
518 5741 766 5807 stellisii
804 5743 902 5802 Cui
945 5754 998 5806 et
1027 5746 1153 5809 illud
1206 5757 1381 5823 potest
1412 5748 1650 5823 adjungi,
1703 5750 1843 5830 quod
1887 5749 1981 5810 lib.

2096 4572 2151 4617 et
2210 4562 2427 4631 penitus
2470 4560 2795 4631 insipienter
2843 4559 2911 4613 de
2955 4559 3356 4613 resurrectione
3393 4559 3670 4620 crederet,

2102 4652 2376 4723 przrcipue
2409 4651 2714 4705 haereticos.
2767 4668 2788 4701 ι
2843 4647 3065 4703 Multum
3102 4664 3318 4718 quoque
3344 4649 3668 4718 prodessent

2098 4746 2165 4798 ad
2202 4743 2365 4811 hujus
2386 4743 2690 4811 argumenti
2710 4742 3124 4797 illustrationem
3142 4739 3460 4794 Hammonis
3475 4741 3667 4793 Adria-

2100 4836 2355 4905 nopolitte
2394 4835 2515 4891 libri
2552 4835 2809 4888 adversus
2882 4834 3169 4902 Origenem
3214 4847 3375 4900 super
3412 4846 3475 4886 ea
3518 4848 3667 4900 quae-

2098 4926 2277 4982 stione
2302 4926 2510 4994 scripti,
2541 4925 2585 4979 si
2613 4927 2695 4979 vel
2717 4933 3059 4994 superessent
3095 4925 3194 4989 illi,
3217 4924 3301 4980 vel
3331 4926 3666 4978 tantumdem

2099 5022 2250 5070 certe
2274 5029 2340 5069 ex
2369 5016 2435 5068 iis
2468 5015 2846 5083 depromptum
2871 5013 3212 5084 pervenisset
3241 5014 3308 5067 ad
3341 5026 3466 5076 nos,
3494 5027 3667 5081 quan-

2099 5117 2210 5161 tum
2239 5122 2270 5159 e
2295 5105 2551 5159 Methodii
2586 5120 2750 5174 opere
2780 5106 3019 5173 ejusdem
3054 5104 3283 5158 instituti
3326 5103 3671 5173 Epiphanius

2096 5208 2153 5253 et
2186 5197 2411 5252 Pbotius
2438 5207 2756 5266 excerptum
2808 5208 3116 5251 servarunt.
3152 5193 3349 5249 Verum
3392 5203 3669 5248 vetustate

2096 5292 2433 5358 consumptis
2467 5289 2551 5344 his
2596 5289 3167 5352 commentationibus,
3208 5288 3311 5342 hac
3342 5301 3446 5354 ope
3490 5287 3663 5341 desti-

2099 5382 2222 5443 tuti.
2275 5386 2471 5450 partim
2524 5397 2592 5435 ex
2636 5380 2882 5450 Origenis
2948 5384 3256 5449 dogmatum
3316 5377 3667 5450 ἀλληλουχᾱξ,

2100 5475 2296 5544 partim
2346 5490 2411 5529 ex
2462 5474 2693 5529 aliorum
2736 5473 3293 5542 expostulationibus,
3344 5473 3552 5540 partim
3600 5487 3665 5523 ex

2097 5564 2215 5632 cjus
2246 5565 2488 5634 scriptis,
2525 5564 2831 5634 cujusmodi
2886 5564 2954 5618 ad
3003 5573 3243 5618 nostram
3296 5569 3666 5632 pervenerunt

2096 5664 2335 5724 aetatem,
2380 5656 2510 5727 quid
2560 5656 2660 5727 ipsi
2714 5655 2893 5716 visum
2940 5656 3010 5711 sit
3043 5670 3142 5727 pro
3184 5654 3390 5710 viribus
3431 5656 3667 5709 rstintev

2096 5763 2236 5810 mus.
