3860 6226
248 322 347 379 981

1055 315 1629 374 ORIGENIANORUM
1670 314 1794 369 LIB.
1832 312 1896 379 ll,
1935 311 2085 369 CAP.
2127 310 2192 379 ll,
2228 308 2506 378 QUIEST.
2541 308 2630 365 IX.

3366 294 3472 359 9.8%

326 441 393 498 ll.
435 439 588 507 Quod
628 439 672 495 si
706 454 821 494 rem
846 439 1081 509 primum
1112 454 1176 495 ex
1204 441 1466 496 doctrinm
1498 439 1668 510 ipsius
1696 447 1809 493 tex-
1838 440 1884 496 Α
1915 450 2013 489 nec
2041 433 2202 487 ullam
2231 431 2455 502 proinde
2485 437 2821 485 mortuorum
2849 437 2970 480 esse
2992 416 3467 477 resurrectionem.

254 542 374 585 tura
406 538 655 601 spectare
684 528 939 593 velimus,
987 530 1297 585 meminisse
1342 539 1560 600 Oportet
1591 545 1811 585 accusa-

256 636 366 677 tum
415 622 583 678 fuisse
638 636 785 690 eum,
838 624 983 693 quod
1030 623 1265 679 animam
1319 624 1488 678 solam
1538 623 1810 677 hominem

252 711 611 773 constituere.
658 721 781 782 post
830 711 1137 776 Platonem,
1167 712 1366 767 dixerit
1396 730 1410 766 :
1441 722 1496 767 et
1527 713 1669 781 quod
1696 712 1813 766 ani-

255 814 373 854 mas
399 814 495 868 pro
524 800 766 869 peccatis
802 800 857 855 in
891 800 1040 854 varia
1072 816 1328 871 corpora,
1361 802 1440 856 sic
1472 811 1729 871 tanquam
1760 803 1810 856 in

254 891 468 947 vincula
514 891 794 959 coniectas
842 891 1145 954 tradiderit,
1198 902 1257 947 ut
1301 907 1465 961 supra
1500 893 1814 949 observavi-

257 998 396 1038 mus.
427 981 631 1038 Ferunt
663 992 923 1053 praeterea
961 997 1279 1053 persuasum
1322 983 1492 1039 fuisse
1531 982 1635 1048 illi,
1672 982 1814 1037 Ada-

257 1089 403 1128 mum
437 1083 658 1144 propter
707 1088 902 1129 noxam
938 1074 1155 1129 mortali
1204 1074 1370 1129 fuisse
1399 1088 1628 1144 corpore
1657 1075 1815 1130 indu-

256 1174 399 1227 tum,
426 1178 534 1234 quo
556 1163 711 1232 prius
735 1164 981 1230 carebat,
1011 1179 1132 1218 cum
1150 1165 1472 1221 immortalis
1500 1181 1529 1219 a
1557 1167 1666 1222 Deo
1690 1164 1814 1220 fuis-

256 1266 340 1309 set
369 1265 714 1325 procreatus;
746 1255 1112 1325 pelliceasque
1139 1255 1371 1320 tunicas,
1404 1272 1538 1327 quas
1579 1259 1627 1313 ei
1672 1256 1815 1313 Deus

257 1355 380 1414 post
419 1347 919 1418 praevaricationem
948 1349 1404 1419 circumposuisse
1427 1350 1644 1416 dicitur,
1680 1351 1811 1405 nihil

260 1440 431 1496 fuisse
461 1440 604 1494 aliud
635 1454 799 1510 quam
839 1454 1070 1508 corpora
1122 1443 1370 1496 mortalia
1410 1459 1424 1509 ;
1456 1458 1577 1499 ossa
1606 1458 1735 1497 vero
1764 1453 1818 1498 et

259 1545 451 1586 carnes
503 1544 642 1599 quas
709 1539 837 1584 ante
891 1539 1171 1599 peccatum
1240 1531 1495 1587 habuisse
1552 1533 1815 1587 Adamum

262 1623 543 1692 Scriptura
597 1629 1014 1686 commemorat,
1048 1637 1242 1676 carnes
1279 1636 1401 1676 esse
1432 1622 1813 1691 intelligihiles,

260 1727 316 1771 et
364 1729 487 1770 ossa
532 1711 918 1784 intelligibilia.
957 1710 1089 1767 Cum
1142 1710 1309 1781 igitur
1352 1712 1580 1767 mortale
1622 1727 1818 1782 corpus

1912 527 2097 596 Itaque
2146 525 2476 595 Augustinus
2533 524 2600 576 ad
2653 517 3075 586 Quodvultdeum
3124 514 3256 567 liter.
3313 523 3471 571 xuii,

1914 617 2366 673 resurrectionem
2420 614 2489 668 ab
2546 611 2798 680 Origenis
2826 606 3184 663 sectatoribus
3219 608 3469 670 negatam

1912 709 2120 765 scribit.
2150 707 2507 777 Hieronymus
2546 704 2597 757 in
2640 702 2797 770 epist.
2831 699 2927 766 59,
2962 698 3027 751 ad
3058 694 3230 758 Avit.,
3261 707 3385 760 cap.
3416 690 3467 750 Ι,

1914 801 2117 856 dixisse
2163 797 2455 869 Origenem
2507 794 2668 848 tradit
2710 810 2729 843 ι
2774 788 3086 861 corporales
3138 782 3471 841 substantias

1914 894 2129 962 penitus
2168 891 2472 959 dilapsuras
2504 907 2519 955 ;
2570 895 2663 940 aut
2687 894 2837 940 certe
2873 885 2925 937 in
2974 880 3077 935 [lue
3101 878 3339 934 omnium
3369 875 3471 927 hoc

1913 1000 2037 1041 esse
2090 984 2269 1038 futura
2315 996 2569 1051 corpora,
2598 978 2740 1049 quod
2772 990 2915 1030 nunc
2952 982 3035 1028 est
3063 970 3249 1035 aether,
3276 974 3330 1022 et
3363 979 3471 1018 coa-

1917 1075 2053 1140 lum,
2090 1083 2144 1129 et
2171 1074 2215 1128 si
2264 1076 2406 1143 quod
2452 1071 2597 1125 aliud
2644 1083 2840 1138 corpus
2882 1063 3153 1120 sincerius
3186 1070 3239 1114 et
3285 1058 3473 1127 purius

1917 1166 2138 1237 intelligi
2171 1173 2385 1233 potest;
2418 1182 2437 1216 i
2472 1172 2581 1218 tum
2612 1162 2760 1215 addit
2788 1177 2800 1213 :
2855 1177 2873 1210 ι
2913 1155 3067 1222 Quod
3113 1167 3233 1207 cum
3264 1152 3333 1204 ita
3376 1149 3470 1212 sit,

1915 1256 2043 1324 quid
2093 1257 2162 1310 de
2204 1253 2602 1309 resurrectione
2652 1251 2849 1305 sentiat
2895 1246 3239 1317 perspicuum
3285 1248 3385 1295 est.
3448 1258 3467 1290 ι

1919 1347 2121 1403 Deinde
2167 1347 2330 1403 verba
2374 1344 2624 1414 Origenis
2679 1343 2731 1397 in
2803 1340 3046 1395 eamdem
3101 1331 3472 1404 conspirantia

1916 1436 2244 1493 sententiam
2276 1434 2630 1505 sequentibus
2651 1430 2920 1501 capitibus
2952 1426 3222 1497 producit.
3265 1422 3473 1478 Similia

1917 1529 2093 1600 carpit
2132 1530 2185 1583 in
2252 1527 2459 1583 Joanne
2520 1523 2998 1595 Jerosolymitano,
3052 1519 3210 1588 epist.
3263 1517 3352 1583 6|,
3408 1515 3473 1569 ad

1917 1621 2236 1677 Pammach.
2290 1620 2407 1687 Quo
2453 1627 2508 1674 et
2575 1616 2705 1671 illud
2758 1614 2992 1685 pertinet
3065 1611 3204 1681 quod
3262 1607 3477 1676 scripsit

1920 1712 2011 1767 lib.
2060 1727 2132 1766 xtl
2179 1712 2232 1765 in
2275 1707 2464 1763 Ezech.
2524 1722 2630 1761 ιιι
2671 1724 2690 1761 ι
2722 1704 2839 1759 Νοη
2864 1704 3005 1772 quod
3043 1701 3195 1771 juxta
3243 1696 3477 1753 saevissi-

262 1806 616 1862 adveutitium
653 1804 782 1875 quid
821 1818 885 1857 ac
917 1812 1238 1858 extraneum
1263 1818 1385 1859 esse
1407 1803 1699 1858 arbitratus
1725 1804 1818 1869 sit,
1852 1772 1893 1831 Β
1924 1819 2065 1859 mam
2098 1801 2347 1857 haeresim
2378 1815 2607 1868 corpora
2637 1797 2895 1853 abolenda
2926 1793 3231 1850 credamus.
3256 1811 3274 1843 ι
3304 1790 3481 1845 Theo-

261 1902 512 1970 sequitur
537 1901 665 1958 inde
690 1906 1018 1969 necessario,
1063 1904 1375 1976 expurgatis
1424 1905 1681 1975 peccatis,
1724 1918 1825 1959 ex-

264 1994 573 2065 solutisque
626 1994 933 2064 suppliciis,
998 1995 1224 2052 liberam
1278 1996 1491 2051 tandem
1538 1995 1823 2065 aliquando

266 2088 528 2151 animam,
564 2088 1036 2158 corporaliumque
1089 2089 1407 2157 compedum
1458 2088 1696 2158 pondere
1724 2102 1822 2142 ex-

268 2191 551 2237 oneratam
582 2195 889 2251 resurgere.
923 2179 1055 2234 Nam
1087 2181 1130 2235 si
1161 2194 1318 2250 paena
1348 2190 1428 2234 est
1453 2189 1672 2251 gestare
1701 2194 1823 2234 cor—

262 2287 391 2341 pus,
421 2281 637 2338 gestare
657 2283 808 2327 certe
824 2286 1021 2342 corpus
1042 2271 1257 2326 desinet
1289 2272 1489 2336 anima,
1518 2287 1637 2326 cum
1668 2286 1825 2340 poena

268 2362 530 2418 cessabit.
587 2362 797 2432 Corpus
838 2361 965 2417 illud
1005 2360 1268 2431 intelligo,
1314 2362 1461 2430 quod
1499 2361 1554 2415 in
1600 2361 1824 2416 sceleris

269 2454 467 2509 luelam
496 2453 665 2509 subiit
692 2453 827 2522 ipsa,
857 2466 1019 2522 grave
1067 2451 1193 2506 illud
1223 2465 1434 2519 nempe,
1473 2460 1745 2505 terrenum
1774 2458 1830 2504 et

265 2560 574 2607 carneum;
608 2560 713 2599 non
744 2543 872 2599 illud
899 2554 1082 2598 autem
1114 2543 1331 2612 quicum
1385 2550 1670 2611 procreata
1716 2541 1827 2610 pri-

269 2651 420 2689 mum
460 2642 517 2689 et
571 2648 601 2687 a
629 2634 743 2689 Deo
787 2634 1018 2688 formata
1066 2641 1168 2687 est.
1246 2630 1382 2686 Huic
1430 2632 1828 2686 consectarium

270 2737 373 2790 est,
417 2725 655 2780 futurum
685 2732 744 2778 ut
774 2725 954 2778 anima
983 2724 1346 2777 humanorum
1402 2721 1547 2777 illam
1590 2721 1831 2791 conligu-

278 2817 545 2871 rationem
618 2813 982 2869 membrorum
1026 2828 1055 2866 a
1095 2827 1155 2865 se
1195 2810 1431 2878 abjiciat,
1472 2820 1654 2879 utpote
1711 2824 1832 2879 quae

272 2908 457 2961 carnei
500 2905 748 2975 corporis
794 2904 1006 2973 propria
1049 2903 1170 2968 sit;
1226 2903 1502 2956 meliorem
1551 2912 1729 2955 autem
1776 2910 1833 2956 et

273 2996 660 3068 perfectioretn
709 2995 938 3049 formam
979 2992 1262 3063 suscipiat,
1305 3002 1363 3044 ut
1399 3007 1518 3060 quae
1550 2991 1602 3045 in
1639 2989 1832 3046 melius

1921 1894 2100 1967 philus
2131 1891 2531 1948 Alexandrinus
2561 1891 2728 1960 Epist.
2772 1888 2960 1941 Pasch.
2991 1886 3027 1939 2
3069 1903 3082 1940 :
3139 1904 3158 1936 ι
3202 1885 3348 1939 Inter
3378 1899 3482 1939 ca:-

1925 1997 2038 2042 tera
2067 1987 2231 2042 etiam
2262 1982 2718 2040 resurrectionem
2749 1997 2778 2035 a
2808 1981 3058 2044 mortuis,
3086 1993 3207 2049 quae
3236 1991 3358 2046 spes
3388 1990 3481 2030 sa-

1925 2079 2052 2134 lutis
2081 2085 2280 2133 nostra:
2315 2086 2422 2139 est,
2455 2074 2527 2128 ita
2560 2072 2861 2141 corrumpit
2892 2080 2949 2126 et
2986 2070 3149 2124 violat
3176 2064 3481 2140 (Origenes)

1924 2182 1983 2225 ut
2015 2170 2210 2223 audeat
2236 2168 2416 2222 dicere
2440 2180 2668 2235 corpora
2695 2173 2875 2239 nostra
2900 2179 2960 2216 ru
2972 2177 3115 2217 rsum
3148 2156 3480 2227 corruptioni

1925 2271 1981 2317 et
2009 2259 2167 2314 morti
2200 2256 2536 2326 suhjacentia
2564 2254 2856 2320 suscitari;
2902 2271 2921 2304 ι
2954 2262 3009 2306 et
3038 2260 3261 2319 postea:
3294 2266 3313 2299 ι
3347 2245 3486 2300 Dicit

1927 2364 2156 2420 corpora
2187 2363 2309 2418 quae
2337 2356 2626 2416 resurgunt
2658 2353 2777 2414 post
2807 2342 2969 2397 multa
3001 2340 3214 2405 saecula,
3256 2339 3310 2393 in
3339 2337 3483 2392 nihl-

1927 2441 2035 2496 lum
2073 2438 2437 2502 dissolvenda,
2486 2449 2585 2490 nec
2627 2433 2807 2488 futura
2858 2430 3082 2499 aliquid,
3123 2429 3225 2483 nisi
3268 2443 3387 2482 cmn
3418 2427 3485 2481 de

1920 2533 2190 2591 caelorum
2222 2527 2596 2585 mansionibus
2640 2526 2833 2579 animae
2863 2524 2929 2577 ad
2975 2522 3230 2576 inferiora
3270 2520 3489 2588 dilapsa:

1929 2622 2257 2695 indiguerint
2282 2621 2457 2686 nobis,
2484 2633 2605 2690 quae
2634 2617 2749 2672 alia;
2784 2629 3002 2669 rursum
3041 2611 3189 2677 ﬁant,
3220 2609 3489 2680 prioribus

1929 2716 2149 2770 omnino
2170 2713 2394 2781 deletis;
2434 2729 2453 2764 ι
2503 2720 2618 2764 tum
2680 2707 2861 2763 infra:
2913 2705 3108 2771 tQuod
3154 2704 3224 2767 si,
3261 2713 3320 2757 ut
3353 2700 3490 2756 falso

1930 2813 2079 2875 putat
2135 2802 2415 2871 Origenes,
2480 2814 2586 2855 non
2635 2799 2807 2853 solum
2858 2794 3231 2865 corruptibile,
3285 2793 3379 2849 sed
3434 2800 3493 2847 et

1932 2894 2160 2950 mortale
2188 2908 2383 2963 corpus
2420 2901 2505 2948 est
2534 2890 2920 2953 suscitandum,
2969 2903 3097 2957 ergo
3124 2901 3288 2941 unum
3325 2893 3492 2947 atque

1935 2988 2073 3043 idem
2115 2987 2392 3056 corruptio
2436 2994 2491 3039 et
2526 2982 2875 3052 iucorruptio.
2918 2999 2937 3034 ι
2981 2980 3132 3035 Alter
3180 2979 3297 3049 ejus
3344 2977 3493 3033 locus

273 3098 502 3152 mutata,
533 3096 589 3142 et
622 3083 930 3155 perfectiori
963 3083 1126 3136 statui
1158 3083 1365 3136 reddita
1392 3083 1494 3149 sit;
1538 3082 1829 3138 formarum
1857 3108 1901 3168 α
1936 3080 2193 3134 adversus
2223 3077 2363 3131 hanc
2392 3074 2638 3130 haeresim
2669 3087 2734 3128 ex
2768 3072 2997 3143 quadam
3025 3069 3246 3139 epistola
3275 3068 3340 3122 ad
3363 3083 3491 3122 san-

273 3192 457 3235 autem
508 3180 750 3234 omnium
801 3192 925 3233 cum
964 3174 1357 3246 perfectissima
1413 3173 1486 3228 sit
1542 3173 1828 3243 Sphaerica,

274 3276 517 3328 futurum
543 3284 757 3341 quoque
785 3278 844 3323 ut
879 3269 933 3323 in
973 3267 1186 3338 globum
1236 3266 1433 3321 animae
1475 3265 1831 3335 perfectiores

276 3380 309 3417 a
341 3362 568 3419 mortuis
610 3359 882 3415 suscitata:
927 3356 1309 3411 rotundentur.
1347 3355 1425 3410 Ex
1464 3370 1527 3410 ea
1569 3369 1830 3423 praeterea

277 3452 604 3515 assertione,
654 3464 775 3519 qua:
814 3447 1013 3502 animis
1045 3460 1144 3515 pro
1179 3446 1468 3500 criminum
1517 3445 1675 3500 modo
1708 3458 1833 3499 cor-

275 3560 411 3614 pora
445 3542 563 3615 plus
599 3542 843 3596 minusve
882 3554 1063 3594 crassa
1123 3537 1323 3607 imponi
1352 3537 1559 3600 sciscit.
1605 3535 1837 3592 eﬂicitur

278 3633 433 3701 illud,
482 3633 753 3689 diversum
794 3629 914 3684 fore
959 3627 1271 3697 resurgendi
1317 3626 1833 3697 modum;splendi-

281 3725 511 3793 diusque
541 3737 603 3776 ac
628 3720 883 3776 subtilius
910 3718 1138 3773 iuituras
1162 3731 1357 3785 corpus
1384 3716 1613 3779 animas,
1639 3732 1759 3786 quae
1782 3716 1833 3770 in

281 3815 575 3871 virtutibus
621 3826 764 3876 sese,
816 3810 942 3866 dum
991 3810 1044 3864 in
1092 3810 1254 3864 terris
1290 3816 1480 3877 agunt,
1524 3806 1838 3877 diligentius

282 3912 579 3967 cxerccnt;
609 3918 729 3973 quae
751 3912 938 3956 contra
973 3907 1331 3969 prorumpunt
1361 3897 1413 3952 in
1440 3897 1591 3964 vitia,
1625 3899 1842 3954 densio-

286 3997 436 4049 ribus
461 4010 525 4048 ac
557 3992 868 4047 rudioribus
898 3990 1213 4059 corporibus
1234 3988 1542 4058 adjunctum
1571 3986 1658 4042 iri.
1690 3986 1842 4045 Nunc

285 4095 464 4139 utrum
508 4085 769 4140 doctrinm
818 4098 928 4138 sum
992 4082 1236 4137 ordinem
1296 4095 1359 4133 ac
1403 4078 1840 4133 consecutionem

283 4178 546 4247 Origenes
601 4176 858 4239 tenuerit,
921 4190 986 4228 ex
1048 4172 1274 4227 aliorum
1347 4168 1840 4235 criminationibus,

286 4271 565 4339 ipsiusque
592 4268 833 4337 scriptis,
857 4266 1239 4337 expendamus.

356 4380 446 4436 ill.
477 4382 805 4437 Accusatum
835 4392 957 4433 eum
1005 4375 1173 4430 refert
1204 4374 1546 4444 Pamphilus,
1589 4375 1731 4444 quod
1761 4390 1845 4429 re-

1936 3182 2052 3228 ctos
2087 3171 2178 3241 qui
2207 3178 2359 3225 erant
2394 3167 2447 3221 in
2481 3165 2644 3230 Secti,
2670 3164 3003 3234 depromitur
3035 3177 3066 3215 a
3096 3161 3403 3216 Justiniano
3430 3158 3483 3212 in

1936 3261 2162 3330 epistola
2201 3261 2267 3315 ad
2317 3259 2568 3314 Menam:
2619 3270 2825 3313 necnon
2872 3263 2927 3309 et
2972 3253 3122 3308 locus
3165 3267 3235 3307 ex
3268 3249 3494 3323 epistola

1938 3351 2123 3424 Cyl-illi
2146 3351 2212 3405 ad
2244 3349 2536 3405 monachos
2563 3348 2651 3416 qui
2684 3354 2838 3401 erant
2868 3345 2920 3399 in
2948 3342 3120 3407 Phua,
3152 3357 3260 3412 quo
3286 3340 3498 3410 signiﬁ-

1942 3451 2097 3495 catur
2133 3436 2463 3493 anathemati
2487 3437 2786 3506 subjectum
2821 3434 2986 3488 fuisse
3018 3433 3326 3503 Origenem.
3351 3430 3495 3499 quod

1942 3539 2272 3584 mortuorum
2308 3529 2759 3584 resurrectionem
2791 3525 3083 3597 negaverit.
3101 3524 3234 3578 Huic
3253 3521 3498 3593 epistolae

1943 3626 2011 3676 ad
2032 3621 2242 3676 Menam
2276 3620 2546 3691 geminum
2583 3617 2929 3688 subiungitur
2964 3632 3031 3672 ex
3064 3616 3295 3684 Origene
3343 3616 3500 3668 testi—

1944 3717 2185 3772 monium
2208 3717 2309 3772 hoc
2328 3730 2513 3771 errore
2543 3728 2857 3783 aspersum;
2891 3710 3034 3766 aliud
3058 3726 3124 3765 ex
3150 3710 3241 3765 lib.
3272 3724 3310 3764 ιι
3359 3708 3501 3776 Περὶ

1948 3807 2169 3878 ἀρχῶν,
2211 3823 2318 3877 quo
2349 3820 2573 3875 corpora
2622 3804 2688 3859 ab
2730 3804 2985 3858 omnibus
3019 3801 3341 3871 depositum,
3368 3800 3500 3853 etin

1949 3901 2173 3955 nihilum
2206 3900 2482 3955 redactum
2515 3897 2581 3952 iri
2612 3896 2890 3962 statuitur,
2916 3908 3037 3949 cum
3058 3892 3165 3948 Deo
3180 3891 3358 3946 omnia
3380 3892 3506 3944 suh-

1940 3989 2238 4059 jicientur;
2269 4003 2586 4058 rursumque
2615 3987 2793 4042 futura
2828 4000 3080 4055 corpora,
3126 3984 3170 4040 si
3207 3982 3500 4038 rationales

1948 4098 1979 4137 a
2008 4082 2377 4152 superioribus
2404 4081 2764 4135 descendant:
2802 4078 2947 4133 aliud
2990 4094 3060 4135 ex
3106 4077 3247 4133 libro
3278 4083 3496 4147 quarto,

1948 4189 2055 4244 quo
2083 4176 2221 4230 idem
2257 4172 2611 4241 significatur.
2639 4171 2893 4239 Queritur
2939 4181 3199 4242 praeterea
3244 4168 3506 4224 Justiuia-

1951 4281 2050 4321 nus
2084 4265 2221 4333 apud
2263 4264 2505 4333 quintam
2547 4265 2834 4335 synodum,
2867 4264 2918 4317 in
2944 4263 3168 4330 epistola
3213 4276 3371 4329 quam
3406 4260 3505 4315 de-

1952 4355 2168 4425 scripsit
2190 4354 2487 4421 Cedrenus,
2518 4352 2787 4407 afﬁrmare
2823 4349 3179 4423 Origenistas,
3203 4350 3329 4403 Ὅτι
3366 4365 3505 4403 παν-

287 4470 685 4526 surrectionem
716 4476 1052 4522 mortuorum
1078 4462 1327 4518 absolute
1353 4463 1656 4531 sustulerit,
1685 4473 1847 4532 atque

1950 4448 2108 4519 τελής
2139 4448 2253 4500 ἐστι
2291 4447 2399 4499 τῶν
2440 4444 2707 4514 σωμάτων
2750 4442 3043 4515 ἀναίρεσις,
3072 4439 3236 4497 αὐτοῦ
3273 4439 3367 4493 τοῦ
3397 4441 3510 4492 Κυ-

290 4562 434 4617 hanc
488 4559 924 4615 criminationem
963 4555 1197 4624 septimo
1237 4554 1358 4609 loco
1402 4555 1630 4622 positam
1658 4556 1848 4609 confu-

294 4663 392 4709 tat.
440 4651 773 4741 Epipbapius
810 4649 942 4704 har.
981 4663 1123 4713 thv,
1174 4660 1292 4714 cap.
1343 4645 1431 4709 ll,
1478 4654 1729 4700 conatum
1774 4646 1854 4699 ait

292 4764 415 4804 eum
443 4747 496 4802 in
528 4736 915 4801 Com'ntentario
964 4743 1017 4795 in
1055 4740 1317 4809 psalmum
1346 4755 1385 4803 ι,
1426 4739 1519 4792 Ἐκ
1568 4737 1678 4793 τῶν
1713 4736 1855 4791 κατὰ

293 4839 457 4909 φύσιν
478 4840 609 4910 ἡμῖν
644 4834 1044 4908 συμϐαινόντων
1076 4830 1371 4902 ἀνατρέψαι
1401 4830 1499 4901 τῆς
1529 4829 1698 4899 αὐτῆς
1729 4831 1857 4883 ἀνα-

295 4931 538 4993 στάσεως
588 4929 744 5002 ὴμῶν
787 4928 845 4979 ἐν
891 4923 1117 4997 ἀληθείᾳ
1157 4922 1365 4985 ἐλπίδος
1403 4919 1500 4992 τὴν
1545 4919 1850 4991 ὁμολογίαν.

302 5039 323 5073 ι
353 5020 429 5076 Ex
465 5020 532 5074 iis
585 5018 740 5087 ipsis.
787 5030 908 5084 quae
960 5014 1281 5067 naturaliter
1306 5010 1459 5065 nobis
1481 5010 1765 5073 eveniunt,
1798 5007 1851 5062 id

302 5110 521 5180 assequi
578 5119 639 5164 ut
686 5104 1104 5163 resurrectionis
1145 5112 1344 5158 nostra:
1389 5115 1513 5156 cum
1559 5114 1656 5169 spe
1704 5107 1854 5153 certa

298 5200 642 5268 coniunctam
682 5196 1073 5267 professionem
1129 5192 1371 5247 funditus
1418 5189 1654 5247 tolleret.
1705 5187 1850 5243 Idem

302 5307 426 5362 cap.
476 5292 547 5348 65
594 5288 824 5345 subdole
862 5301 984 5341 eum
1022 5285 1099 5339 ait
1150 5294 1203 5339 et
1235 5282 1387 5338 vafre
1443 5280 1856 5337 resurrectionis

307 5399 507 5441 nomen
536 5382 845 5447 admittere,
880 5395 992 5436 rem
1024 5379 1197 5449 ipsam
1225 5374 1456 5430 inliciari
1478 5389 1493 5428 ε
1519 5373 1720 5441 quippe
1745 5386 1861 5425 cor-

306 5493 407 5548 pus
434 5478 742 5546 neutiquam
771 5485 1074 5543 resurgere,
1091 5467 1187 5524 sed
1212 5466 1380 5522 solam
1410 5467 1645 5519 animam
1675 5464 1861 5518 decer-

311 5576 437 5630 nat;
493 5565 728 5619 auimam
780 5572 959 5617 autem
1026 5574 1132 5615 non
1196 5569 1506 5625 resurgere,
1574 5568 1695 5623 qua:
1755 5566 1862 5606 non

312 5657 480 5724 cadit,
520 5670 621 5712 nec
656 5654 1055 5726 exstinguitur;
1090 5664 1289 5720 corpus
1335 5660 1547 5715 quoque
1578 5644 1727 5712 juxta
1780 5644 1859 5712 ip-

305 5751 418 5809 sius
461 5750 669 5808 saucita
708 5764 815 5807 non
844 5759 1163 5817 resurgere;
1207 5740 1527 5809 nihiligitur
1555 5752 1860 5807 resurgere,

1958 4541 2071 4613 ρίου
2115 4537 2330 4610 πρώτου
2374 4536 2761 4609 ἀποτιθεμένου
2808 4534 2870 4588 τὸ
2913 4533 3045 4588 [διον
3071 4532 3249 4602 σῶμα,
3278 4530 3513 4584 καὶτῶν

1954 4634 2155 4690 λοιπῶν
2227 4632 2501 4697 ἁπάντων,
2566 4631 2661 4684 καὶ
2716 4630 2797 4682 ὅτι
2869 4624 3289 4697 ἀνακομίζονται
3350 4623 3510 4677 πάλιν

1958 4726 2196 4786 ἅπαντες
2252 4722 2329 4785 εἰς
2381 4722 2479 4792 τὴν
2525 4720 2693 4790 αὐτὴν
2732 4716 2913 4778 ἐνάδα,
2958 4716 3049 4770 καὶ
3092 4713 3329 4783 γίνονται
3370 4712 3509 4776 νόες,

1960 4816 2101 4871 καθὰ
2127 4815 2220 4868 καὶ
2253 4816 2309 4867 ἐν
2353 4817 2420 4885 τῇ
2471 4810 2807 4884 προϋπάρξει
2849 4808 3167 4879 ἐτύγχανον.
3226 4825 3245 4858 r
3272 4805 3512 4875 Corpora

1958 4908 2170 4978 penitus
2198 4906 2445 4969 interire,
2488 4904 2605 4972 ipso
2647 4902 2875 4957 Domino
2924 4901 3157 4971 primum
3214 4898 3517 4966 deponente

1957 4999 2230 5071 proprium
2255 5012 2472 5066 corpus,
2508 5005 2563 5050 et
2606 4994 2826 5062 reliquis
2867 4992 3117 5049 omnibus
3158 5007 3173 5057 ;
3229 4997 3284 5045 et
3326 5003 3516 5044 omnes

1958 5105 2145 5146 rursus
2166 5089 2230 5143 ad
2260 5090 2501 5143 eamdem
2532 5086 2789 5141 unitatem
2824 5085 3023 5149 redire,
3054 5094 3109 5137 et
3134 5092 3342 5138 mentes
3378 5080 3515 5144 fieri,

1960 5181 2264 5251 cuiusmodi
2315 5187 2470 5233 antea
2511 5185 2686 5233 erant.
2734 5194 2754 5230 ι
2796 5175 2982 5245 Itaque
3011 5183 3231 5246 propter
3253 5172 3517 5247 sublatam

1963 5288 2247 5343 corporum
2299 5271 2753 5327 resurrectionem
2793 5271 3103 5325 damnatum
3146 5260 3317 5323 fuisse
3358 5281 3387 5320 a
3434 5280 3522 5335 sy-

1969 5370 2109 5422 nodo
2156 5365 2342 5435 quiuta
2382 5361 2667 5433 Origenem
2711 5369 2938 5416 testatur
2985 5358 3209 5413 Photius
3249 5357 3302 5410 in
3344 5354 3527 5409 libello

1971 5458 2046 5513 De
2074 5458 2308 5528 synodis,
2353 5463 2410 5509 et
2448 5462 2638 5508 auctor
2677 5453 2917 5507 incertus
2959 5449 3123 5505 libelli
3168 5446 3246 5501 De
3285 5444 3523 5513 synodis,

1968 5550 2058 5620 qui
2091 5550 2142 5603 in
2176 5546 2450 5602 Justellina
2489 5544 2811 5599 Bibliotheca
2826 5543 2966 5611 juris
2998 5539 3236 5594 canonici
3291 5537 3526 5590 insertus

1965 5650 2065 5705 est,
2097 5651 2149 5694 et
2174 5654 2345 5693 canon
2376 5637 2584 5707 primus
2612 5634 2799 5706 synodi
2846 5633 3190 5703 quiuisextaz,
3229 5635 3283 5682 et
3325 5627 3525 5681 Cedre-

1974 5747 2100 5788 uus.
2134 5729 2400 5788 Placitum
2436 5729 2560 5785 huic
2613 5728 2752 5784 idem
2784 5727 3063 5782 ascribunt
3103 5719 3439 5791 Sophronias
3470 5719 3522 5772 in
