3834 6226
366 257 473 309 983
1672 263 1731 317 P.
1774 259 2089 315 DANELIS
2128 258 2358 315 HUETII

365 373 589 437 epistola
637 374 702 428 ad
757 373 1032 445 Sergium,
1067 387 1119 431 et
1165 392 1468 448 auonymus
1502 379 1640 448 apud
1686 378 1936 433 Photium
1967 381 2012 437 Α
2043 375 2273 428 mediam
2306 376 2543 431 tenuisse
2584 376 2722 429 viain
2760 376 2897 430 inter
2934 375 3236 431 Catholieos
3264 391 3450 431 veram
3478 393 3607 431 ear-

362 462 483 515 eod.
514 479 686 524 cxvii.
716 474 773 519 et
809 466 1043 524 Joannes
1072 469 1437 525 Damascenus
1469 472 1519 525 in
1563 472 1699 526 libro
1732 471 1805 524 De
1829 473 1929 526 Ita:-

363 555 587 620 resibus,
620 566 675 611 et
704 559 1096 617 Constantinus
1146 563 1575 635 HarmenOpolus
1602 564 1655 619 in
1686 564 1823 619 libro
1854 565 1930 619 De

362 650 539 710 sectis,
593 662 649 704 et
700 662 830 707 aute
878 670 1000 707 eum
1063 656 1260 726 Glycas
1318 660 1605 712 Annalium
1653 667 1790 728 part.
1846 673 1927 724 ιιι,

360 743 611 805 quamvis
684 755 838 806 parte
891 761 943 799 tv
995 762 1218 816 corpora
1261 752 1475 818 quidem
1531 763 1926 812 resurrmuura,

360 832 454 884 sed
486 848 589 886 non
624 836 813 891 eadem
848 840 1125 893 censuisse
1154 841 1324 907 ipsum
1362 853 1656 899 assereret.
1688 843 1929 911 Denique

359 919 624 988 Cyriacus
648 928 788 993 apud
824 926 1134 981 Simeonem
1179 928 1598 999 Metaphrastem
1622 932 1821 986 dixisse
1852 935 1928 986 ait

358 1010 696 1081 Origeuistas
750 1017 911 1072 Novae
960 1018 1151 1075 Laurze
1187 1022 1239 1074 in
1284 1022 1597 1087 Palaestina,
1640 1041 1660 1075 ι
1700 1040 1927 1092 corpora

360 1115 543 1158 nostra
572 1122 692 1174 quae
722 1107 1070 1162 habuerimus
1098 1126 1165 1164 ex
1203 1114 1624 1178 resurrectione,
1673 1130 1793 1169 esse
1827 1133 1924 1186 pe-

359 1196 508 1250 nitus
543 1208 772 1253 ventura
802 1202 867 1253 ad
898 1201 1202 1263 interitum.
1234 1214 1288 1257 et
1318 1204 1518 1259 Christi
1553 1207 1736 1274 primi.
1764 1227 1782 1259 ι

426 1285 516 1340 1V.
548 1289 629 1343 Ab
648 1292 742 1345 his
774 1292 1089 1349 criminibus
1140 1306 1334 1365 purgat
1370 1296 1757 1353 Adamantium
1784 1301 1927 1368 quod

360 1395 521 1449 supra
551 1383 1064 1449 demonstravimus.
1097 1399 1339 1442 creatum
1380 1390 1535 1455 nihil,
1583 1406 1650 1444 ex
1710 1391 1929 1450 decreto

358 1472 630 1543 Origenis,
681 1491 909 1545 corpore
948 1494 1163 1546 carere,
1216 1483 1355 1535 unde
1404 1484 1649 1551 sequitur
1672 1485 1755 1538 vel
1793 1485 1929 1553 inju-

357 1568 493 1618 riam
528 1566 652 1621 huic
686 1567 889 1636 facere,
933 1571 1023 1640 qui
1070 1573 1305 1627 sensisse
1350 1589 1473 1628 eum
1507 1574 1685 1629 ferunt
1714 1578 1930 1644 penitus

356 1657 642 1713 interitura
673 1676 926 1729 corpora,
963 1672 1018 1717 et
1064 1664 1117 1717 in
1164 1664 1389 1721 nihilum
1441 1668 1800 1731 dissolvenda,
1837 1667 1925 1724 vei

2039 462 2123 517 nis
2175 467 2629 519 resurrectionem
2668 473 2901 529 tuentes,
2949 475 3004 520 et
3050 468 3332 521 haereticos
3365 466 3609 522 Marcio.

2032 568 2179 617 nem,
2228 552 2490 622 Apellem,
2551 552 2903 609 Valentinum
2949 565 3003 610 et
3047 555 3277 622 Martem,
3347 572 3603 613 resurre-

2032 645 2267 700 ctionem
2302 645 2513 700 nonnisi
2547 646 2598 700 in
2633 647 3009 718 phantasmate
3040 648 3273 703 futuram
3326 652 3607 706 arbitran-

2038 745 2138 793 tes.
2172 755 2190 788 ι
2221 737 2332 792 Sibi
2380 748 2560 793 autem
2614 749 2898 808 utramque
2935 740 3219 809 displicere
3274 743 3606 797 sententiam

2040 830 2265 899 (asserit
2318 829 2609 899 Origenes)
2665 831 2851 902 fugere
2882 848 2938 887 se
2971 844 3022 887 et
3064 843 3376 889 nostrorum
3410 851 3609 890 carnes

2035 919 2222 987 (verba
2276 931 2401 976 sunt
2446 921 2786 993 Hieronymi)
2824 933 2880 978 et
2937 923 3312 979 haereticorum
3370 927 3606 995 phantao

2032 1027 2227 1078 smata,
2260 1015 2382 1081 quia
2423 1025 2651 1083 utraque
2704 1030 2830 1082 pars
2876 1015 2926 1067 in
2972 1017 3301 1070 contrarium
3320 1018 3485 1071 nimia
3510 1020 3604 1084 sit,

2031 1106 2154 1159 aliis
2184 1107 2233 1159 id
2264 1106 2564 1161 volentibus
2591 1121 2650 1159 se
2679 1120 2800 1159 esse
2828 1107 2970 1174 quod
3004 1108 3238 1171 luerunt,
3269 1109 3393 1164 aliis
3413 1124 3603 1165 resur-

2041 1199 2338 1252 rectionem
2366 1214 2653 1268 corporntn
2677 1199 2901 1253 omnino
2931 1201 3333 1269 deuegantibus.
3375 1221 3397 1256 ι

2105 1290 2169 1344 ν.
2212 1290 2461 1348 Ostendit
2498 1292 2660 1346 etiam
2711 1306 2816 1344 non
2853 1294 3068 1360 penitus
3106 1295 3368 1349 sublatam
3420 1295 3492 1349 ab
3536 1311 3604 1350 ec

2032 1380 2199 1436 fuisse
2231 1398 2518 1452 corporum
2547 1384 3021 1448 resurrectionem,
3043 1385 3184 1452 quod
3221 1396 3409 1439 narrat
3439 1386 3601 1439 Pant-

2031 1473 2211 1541 philus
2252 1474 2303 1527 in
2330 1473 2607 1541 Apologia,
2644 1493 2662 1524 ι
2688 1489 2810 1528 eum
2836 1490 3036 1543 corpus
3064 1477 3278 1545 quidem
3314 1493 3603 1546 resurgere

2029 1566 2299 1630 conliteri,
2329 1579 2549 1619 carnem
2579 1580 2707 1618 vero
2742 1580 2960 1635 negare.
2988 1585 3007 1618 ι
3050 1565 3195 1621 Idem
3234 1569 3285 1621 iu
3313 1584 3379 1623 eo
3416 1570 3602 1636 culpat

2034 1654 2366 1720 Methodius,
2398 1656 2451 1710 in
2486 1656 2628 1711 libro
2663 1656 2742 1711 De
2768 1660 3170 1723 resurrectione,
3193 1674 3300 1729 quo
3324 1660 3430 1715 hoc
3474 1662 3605 1717 Ori-

357 1751 530 1819 ipsum
585 1762 755 1819 certe,
807 1754 960 1823 juxta
1008 1773 1210 1811 morem
1274 1758 1593 1827 Scripturte,
1648 1760 1922 1816 interitum

2035 1750 2187 1818 genis
2220 1750 2414 1819 dogma
2443 1750 2717 1814 convellit,
2750 1761 2804 1805 et
2850 1752 3005 1821 cujus
3039 1752 3318 1821 Epitonten
3351 1752 3598 1807 Panario

355 1841 655 1910 appellasse
687 1845 1130 1901 instaurationem
1158 1849 1287 1903 etin
1322 1850 1515 1905 melius
1543 1852 1924 1908 mutationem:

356 1932 437 1985 sic
466 1934 610 1985 enim
666 1933 968 1991 Methodius
1000 1938 1131 1991 haer.
1167 1954 1310 2001 utv,
1339 1956 1460 2009 cap.
1492 1942 1583 2007 32,
1617 1942 1776 2005 Ἐθος
1810 1946 1928 2007 ταῖς

357 2026 598 2096 Γραφαῖς
649 2027 872 2099 λέξομεν
916 2031 1014 2103 τὴν
1053 2034 1132 2095 εἰς
1179 2032 1239 2085 τὸ
1286 2038 1531 2105 κρεῖττον
1575 2038 1669 2091 καὶ
1723 2038 1922 2104 ἐνδοξό-

354 2133 507 2185 τερον
549 2118 988 2175 ἀποκατάστασιν
1032 2126 1235 2196 ταύτην
1273 2126 1368 2179 τοῦ
1438 2127 1643 2198 κόσμου
1693 2131 1925 2199 μεταϐο-

354 2206 451 2276 λὴν
500 2207 773 2264 ἀπώλειαν
826 2210 1026 2282 λέγειν,
1078 2209 1189 2269 οἷον
1235 2216 1328 2270 τοῦ
1388 2217 1621 2289 πρόσθεν
1650 2220 1926 2289 σχήματος

354 2297 729 2368 ἀπολλυμένου
772 2302 911 2356 κατὰ
944 2304 1043 2375 τὴν
1078 2307 1157 2368 εἰς
1188 2306 1248 2358 τὸ
1280 2306 1634 2377 φαιδρότατον
1670 2308 1924 2362 ἁπάντων

357 2386 679 2460 ἐξαλλαγήν.
719 2409 738 2441 ι
770 2390 972 2447 Morem
1004 2395 1147 2449 hunc
1174 2410 1295 2450 esse
1323 2398 1561 2453 dicemus
1606 2400 1922 2467 Scriptum),

355 2489 419 2534 ut
450 2484 632 2537 mundi
666 2484 1137 2552 instaurationem,
1166 2498 1329 2558 atque
1362 2490 1413 2543 in
1447 2491 1636 2546 melius
1680 2502 1731 2547 et
1787 2507 1924 2561 prie—

354 2575 592 2630 stantius
624 2580 994 2645 mutationem,
1023 2581 1299 2636 interitum
1333 2583 1581 2653 appellet,
1610 2594 1797 2653 utpote
1827 2586 1915 2639 in-

356 2676 604 2723 tereunte
629 2670 809 2736 priore
842 2671 1185 2739 l'orma,dum
1224 2674 1276 2728 iu
1308 2676 1665 2745 pulchriorem
1690 2676 1917 2732 formam

353 2763 706 2815 convertitur.
736 2782 755 2815 ι
801 2763 1002 2832 Purgat
1044 2780 1166 2821 eum
1206 2782 1422 2838 quoque
1460 2768 1825 2840 Hieronymus
1864 2770 1915 2823 in

352 2855 512 2921 epist.
560 2857 627 2909 ad
661 2854 1000 2926 Pammach.,
1051 2875 1173 2931 cap.
1221 2861 1276 2927 8,
1332 2878 1452 2916 cum
1507 2863 1680 2932 ipsum
1729 2862 1920 2917 scribit

2033 1855 2133 1894 suo
2183 1840 2413 1895 inseruit
2460 1841 2795 1910 Epiphanius
2843 1843 2976 1897 hmr.
3024 1859 3170 1910 utr,
3196 1860 3467 1915 quamque
3508 1862 3601 1899 re—

2028 1934 2375 2003 praesentavit
2406 1932 2629 1988 Pbotius
2659 1933 2778 1991 cod.
2802 1950 3058 1999 ccxxxw,
3083 1937 3267 2006 aitque
3300 1935 3598 2008 Origenetu

2029 2042 2195 2095 super
2244 2028 2602 2095 responsione
2660 2024 2968 2081 Sadducaeis
3011 2043 3041 2081 a
3083 2029 3311 2084 Domino
3354 2030 3482 2085 data
3519 2032 3603 2086 di-

2026 2121 2174 2174 xisse
2224 2118 2465 2173 futurum
2524 2128 2583 2173 ut
2635 2119 2840 2190 angelis
2894 2120 3100 2177 similes
3150 2124 3472 2190 evadamus,
3532 2140 3603 2179 ac

2026 2213 2252 2281 proinde
2300 2226 2468 2267 carne
2523 2213 2813 2268 nudemur.
2862 2212 3003 2279 Quin
3040 2214 3206 2269 etiam
3260 2214 3605 2285 Origenistas

2025 2305 2219 2373 carpit,
2248 2304 2393 2358 velut
2430 2320 2648 2359 carnem
2692 2304 2835 2359 inter
2876 2316 2929 2360 et
2968 2321 3164 2376 corpus
3197 2307 3398 2377 aliquid
3430 2310 3601 2364 inter-

2024 2412 2141 2453 esse
2185 2398 2522 2467 suspicantcs
2549 2397 2697 2468 (46);
2726 2400 2881 2468 quasi
2914 2414 3113 2469 corpus
3155 2402 3229 2455 sit
3257 2403 3455 2456 animae
3480 2419 3606 2471 pro-

2025 2490 2224 2560 prium,
2261 2490 2402 2559 quod
2434 2492 2582 2545 cerni
2617 2507 2723 2546 non
2754 2493 2924 2563 possit
2964 2511 2979 2558 ;
3022 2508 3152 2549 caro
3186 2504 3368 2549 autem
3402 2498 3478 2549 sit
3500 2512 3604 2550 ex-

2027 2590 2237 2636 ternum
2282 2580 2434 2644 illud,
2504 2583 2648 2649 quod
2704 2582 2878 2635 oculis
2947 2591 3260 2650 usurpatur.
3318 2583 3604 2639 Adversus

2024 2674 2280 2727 eumdem
2360 2686 2605 2727 errorem
2674 2673 3003 2728 auctoritate
3065 2673 3320 2728 Methodii
3388 2689 3603 2744 pugnat

2024 2763 2341 2820 Anastasius
2373 2762 2584 2818 Sinaita
2614 2763 2968 2834 Contemplat.
2990 2766 3226 2837 Anagog.
3257 2767 3355 2820 lib.
3378 2782 3458 2822 ιι.
3487 2766 3602 2823 Nec

2026 2856 2133 2911 alio
2162 2855 2379 2910 videtur
2408 2864 2658 2925 spectare
2683 2855 2975 2926 Epiphanii
3002 2857 3266 2913 adversus
3298 2857 3597 2928 Origenem

417 3033 538 3107 {46)
571 3034 712 3101 Quin
741 3036 895 3089 etiam
914 3035 1253 3111 Δφνίξμνηξειίη
1291 3040 1482 3106 carpit,
1547 3036 1685 3111 pelut
1716 3053 1927 3091 carnem
1956 3041 1998 3099 C
2038 3035 2273 3111 ratione.
2312 3034 2405 3111 [iis
2430 3036 2736 3111 praemissis
2772 3036 2931 3093 facile
2966 3040 3292 3111 intelligetur
3317 3038 3595 3111 quid_sibi

356 3106 495 3160 iirter
527 3115 575 3159 et
626 3122 814 3172 corpus
871 3108 1073 3174 aliquid
1130 3109 1378 3162 interesse
1425 3108 1771 3167 suspicantes,
1812 3119 1918 3161 etc.

354 3177 518 3231 Certe
554 3176 750 3244 ubique
779 3177 1040 3246 Origenes
1064 3192 1159 3244 per
1175 3194 1373 3247 corpus
1398 3178 1649 3246 intelligit
1670 3192 1916 3244 carnem,

358 3248 500 3301 sicut
552 3260 647 3315 per
681 3260 898 3300 carnem
935 3247 1186 3316 intelligit
1234 3264 1449 3316 corpus.
1499 3248 1606 3301 Sed
1656 3247 1923 3315 quemad-

357 3317 576 3370 modum
624 3316 823 3379 aliquid
883 3316 1150 3371 interesse
1217 3321 1409 3372 statuit
1456 3318 1598 3371 inter
1627 3332 1827 3385 corpus
1868 3325 1923 3370 et

355 3401 575 3454 corpus,
604 3400 823 3439 carnem
859 3396 914 3439 et
936 3401 1176 3448 carnem,
1203 3388 1383 3441 habita
1422 3388 1555 3441 varii
1592 3386 1707 3453 ejus
1746 3397 1919 3440 status

355 3458 610 3519 ratione;
648 3456 731 3509 sic
769 3457 971 3525 aliquid
1022 3458 1284 3513 interesse
1326 3459 1459 3512 dicit
1515 3460 1657 3511 inter
1696 3472 1918 3511 carnem

354 3535 411 3581 et
439 3541 655 3593 corpus.
708 3526 809 3579 Per
844 3541 1062 3581 carnem
1106 3530 1252 3581 enim
1290 3529 1424 3581 nihil
1472 3527 1616 3581 aliud
1664 3526 1919 3595 intelligit

354 3611 519 3666 quam
556 3610 794 3649 crassam
843 3597 986 3649 illam
1038 3614 1103 3652 ac
1149 3608 1418 3651 terrenam
1449 3601 1697 3665 corporis
1723 3598 1917 3650 molem

352 3677 409 3720 et
429 3681 737 3735 compagem
766 3667 1098 3734 corruptioni
1122 3669 1483 3737 omnibusque
1514 3668 1919 3737 inﬁrmitatibus

353 3738 651 3791 obnoxiam
692 3753 706 3799 ;
760 3752 857 3805 per
912 3753 1112 3807 corpus
1163 3753 1290 3802 vero
1340 3736 1510 3808 ipsam
1562 3736 1918 3806 eamdemque

355 3822 599 3867 carnem,
631 3808 725 3861 sed
760 3824 899 3875 quae,
930 3809 1305 3876 qualitatibus,
1336 3827 1441 3863 ttutt
1475 3819 1691 3872 natura,
1739 3818 1915 3860 muta-

358 3878 447 3943 tis,
510 3878 631 3932 talis
663 3877 715 3930 in
752 3879 1153 3935 resurrectione
1198 3881 1390 3944 evasit,
1438 3878 1649 3947 qualem
1705 3886 1919 3945 oportet

356 3963 479 4002 esse
521 3962 641 4001 eain
675 3964 795 4015 qua:
831 3950 882 4002 in
914 3950 1118 4003 aethere
1157 3963 1328 4017 eoque
1379 3947 1915 4018 superioribusloeis

357 4021 567 4089 versari
600 4019 780 4081 debet,
815 4034 987 4087 neque
1009 4021 1119 4084 jam
1161 4017 1516 4089 corruptioni,
1548 4034 1647 4089 nec
1688 4017 1916 4070 infirmi-

359 4090 454 4142 tati
515 4088 604 4141 ulli
660 4090 919 4155 snbjacet.
976 4089 1127 4156 Quod
1174 4088 1515 4145 manifestum
1567 4088 1627 4143 lit
1676 4096 1787 4140 tnttt
1845 4101 1912 4139 ex

357 4158 452 4213 lib.
486 4174 543 4212 tn
578 4158 717 4225 Περὶ
763 4157 979 4238 ἁρχῷν,
1023 4178 1142 4238 cap.
1183 4162 1237 4227 6,
1280 4177 1448 4238 ttt_iu_t_._
1607 4176 1626 4208 ι
1677 4156 1914 4238 lienique

355 4243 486 4283 euro
545 4241 728 4284 nostra
780 4236 848 4283 ab
899 4232 1162 4298 imperitis
1210 4240 1267 4285 et
1321 4230 1627 4284 iulidelibus
1680 4230 1751 4279 ita
1791 4236 1912 4296 post

356 4308 587 4353 mortem
625 4301 869 4366 deperire
885 4302 1253 4365 existimatur,
1280 4320 1296 4351 ι
1336 4315 1469 4365 etc.,
1496 4312 1663 4365 usque
1690 4299 1778 4362 ad,
1810 4316 1828 4347 ί
1856 4299 1907 4349 in

2034 3105 2267 3160 voluerit
2310 3106 2570 3176 Origenes
2611 3106 2667 3176 in
2704 3107 2768 3164 iis
2792 3105 3420 3164 coutextibtis'iuira'ab
3456 3109 3598 3164 Huc-

2032 3177 2126 3248 t‘io,
2167 3188 2237 3248 et
2284 3192 2447 3248 supra
2500 3177 2567 3230 ab
2594 3175 2941 3248 Hieronymo
2986 3192 3038 3234 et
3084 3179 3357 3234 Metltodio
3389 3181 3593 3233 allatis.

2029 3245 2178 3311 Quod
2211 3247 2357 3299 enim
2396 3247 2495 3304 ait.
2530 3266 2548 3297 ε
2585 3247 2769 3315 lugere
2797 3245 2858 3303 se
2890 3258 3194 3305 nostrorum
3252 3264 3448 3305 carnes
3503 3265 3597 3302 ue-

2028 3330 2181 3369 cesse
2225 3333 2347 3370 esse
2401 3326 2462 3369 ut
2513 3318 2567 3369 in
2625 3318 3023 3373 resurrectione
3067 3337 3235 3375 cat-ue
3293 3322 3586 3373 nudemur:

2028 3400 2131 3439 nec
2162 3386 2377 3440 easdem
2409 3402 2605 3441 carnes
2651 3400 3079 3455 resnrrccturas,
3120 3411 3139 3443 ι
3180 3402 3309 3449 etc.,
3347 3390 3399 3444 id
3433 3391 3595 3443 intel-

2027 3455 2141 3525 ligit
2186 3457 2250 3509 de
2288 3472 2454 3510 carne
2493 3457 2831 3525 corruptibili
2877 3470 2932 3514 et
2978 3460 3385 3514 inﬁrmitatibus
3416 3460 3596 3514 adhuc

2026 3526 2284 3596 obnoxia,
2328 3542 2490 3594 quam
2540 3527 2620 3581 sic
2667 3538 2969 3596 acceptam,
3014 3532 3264 3585 videlicet
3300 3530 3354 3583 in
3403 3531 3593 3583 iisdem

2024 3594 2454 3660 infirmitatibus,
2494 3597 2747 3666 nullaque
2788 3594 2839 3651 in
2889 3601 3082 3655 melius
3121 3602 3261 3654 facta
3292 3600 3595 3654 mutatione

2027 3678 2454 3739 resurrecturain
2490 3682 2611 3739 esse
2651 3680 2834 3736 negat:
2886 3673 2979 3724 sed
3012 3673 3146 3726 hanc
3181 3672 3377 3739 ipsam,
3411 3681 3595 3724 muta-

2027 3736 2097 3809 tis
2144 3736 2519 3809 qualitatibus,
2570 3738 2619 3789 in
2669 3740 3096 3809 incorruptione,
3136 3736 3421 3794 iu'virtute
3451 3752 3507 3794 et
3537 3741 3594 3793 in

2023 3805 2191 3873 gloria
2247 3820 2673 3878 resurrecturum
2734 3824 2853 3863 esse
2891 3805 3253 3878 'prouuntiat.
3321 3809 3451 3863 Haec
3508 3820 3594 3865 est

2023 3884 2279 3949 constans
2308 3876 2559 3949 Origeuis
2583 3878 2765 3949 opinio
2795 3876 2956 3946 quam
2983 3882 3186 3949 apertis
3217 3882 3399 3934 verbis
3426 3894 3597 3947 expo-

2025 3946 2106 4017 nit
2158 3946 2251 4001 lib.
2297 3962 2356 3999 Ill
2399 3948 2557 4017 Περὶ,
2580 3946 2800 4015 ἀρχῶν,
2848 3966 2966 4017 cap.
3013 3946 3066 4013 ii,
3114 3967 3259 4004 num.
3299 3949 3332 4003 5
3381 3960 3433 4003 et
3462 3946 3593 4012 G,et

2022 4013 2235 4091 [ἢκ-*ιιι
2288 4013 2488 4091 contra
2523 4013 2753 4091 Celsum,
2813 4013 2956 4091 nutu.
3000 4021 3086 4076 42.
3145 4022 3318 4091 Εἴπερ
3366 4020 3590 4073 δυνατὸν

2020 4084 2266 4161 ᾲμείϐειν
2281 4086 2569 4161 stateram;
2584 4087 2678 4158 τὴν
2690 4089 2886 4161 972018:
2894 4090 3059 4161 μένην
3079 4084 3297 4161 πάσαιξ
3308 4092 3592 4161 ποιότησιν

2021 4154 2186 4231 ξῦληνς
2243 4159 2360 4220 πῶς
2408 4154 2744 4231 οὖ-δυνατὺν
2788 4154 3026 4231 καὶ’τὴν’
3052 4160 3230 4231 σάρκα
3263 4160 3356 4213 τοῦ
3411 4154 3589 4229 Ἰηὼῦ

2017 4227 2326 4299 ἀμείψασαν
2385 4229 2693 4299 ποιότητας
2732 4227 3007 4297 γεγονέναι
3071 4227 3345 4299 τοιαύτην.
3402 4227 3592 4284 ὁποὲαν

2018 4295 2182 4370 ἐχρῆν
2214 4295 2350 4350 εἶναι
2384 4299 2480 4368 τὴν
2520 4295 2575 4370 ἐν
2619 4295 2818 4370 αἰθέρι
2842 4301 2935 4353 καὶ
2966 4304 3073 4364 τοῖς
3110 4295 3369 4354 ἀνωτάτω
3422 4302 3590 4355 αὑτοῦ

357 4371 827 4446 gloriaLcorporis
877 4373 1134 4446 proliciet
1176 4371 1465 4446 spiritalis;
1509 4390 1528 4423 ι
1577 4383 1698 4446 quae
1745 4369 1906 4446 verba

2028 4369 2458 4446 πολιτευομένην,
2489 4369 2705 4446 Ποὺκέτι
2748 4369 2998 4440 ἔχουσαν
3054 4373 3121 4423 τὰ
3165 4374 3263 4441 τῆς
3316 4373 3590 4443 σαρκικῆς

358 4457 464 4493 non
520 4438 697 4494 aliter'
730 4457 793 4494 ac
842 4438 940 4496 nos
989 4438 1319 4498 intellexisse
1373 4442 1585 4494 videtur
1641 4438 1903 4499 lluetius,

355 4511 553 4580 quippe
578 4526 697 4580 qua:
724 4511 982 4565 catholica
1020 4517 1285 4581 reperiat:
1321 4521 1431 4564 tum
1462 4526 1527 4564 ex
1558 4509 1685 4581 ipsis
1724 4509 1907 4581 gerbis

359 4576 647 4648 quze'iufra
686 4582 852 4635 refert
894 4583 1036 4636 idem
1073 4576 1411 4636 clarissimus
1435 4580 1628 4649 pra’sul
1658 4593 1688 4632 e
1715 4576 1919 4632 Catena

356 4652 684 4706 Corderiaua
746 4655 802 4705 in
850 4653 1041 4720 psalm.
1098 4669 1288 4716 cxvut,
1352 4668 1495 4705 vers.
1541 4650 1636 4713 25,
1699 4663 1926 4717 quaeque

360 4722 626 4777 catholica
674 4723 855 4775 itidem
909 4725 1152 4791 reperire
1199 4726 1501 4788 debuisset,
1572 4730 1765 4791 utpote
1788 4734 1926 4791 pra:-

360 4793 675 4846 cedentibus
713 4794 764 4844 in
793 4787 1045 4847 omnibus
1093 4795 1288 4847 similia
1313 4811 1326 4823 ·
1356 4792 1469 4845 Νῦν
1520 4787 1923 4896 μὲνὲκολλήθη

360 4862 438 4896 m7.
500 4863 679 4896 ERAme-u
733 4863 765 4896 ὗε
818 4862 962 4896 Λ...νᾶ
1046 4865 1133 4896 υηι
1185 4864 1371 4896 vlumus,-
1415 4864 1516 4896 enim
1582 4879 1594 4891 -
1647 4862 1732 4896 ιιΙιί
1768 4856 1901 4896 «An;

357 4862 438 4931 τῷ
500 4863 684 4931 ἐδάφει
733 4863 767 4932 ή
818 4862 984 4934 ψυχὴ,
1046 4865 1139 4918 καὶ⁸
1185 4864 1373 4933 γέγονε
1415 4856 1549 4933 σάρξ
1582 4879 1594 4891 ·
1647 4862 1732 4913 ubi
1768 4856 1924 4928 ετάρξῷ

359 4948 508 4995 caro,
541 4935 675 4987 nihil
712 4937 855 4986 aliud
892 4936 1162 5004 stgnibcat
1207 4952 1367 5003 quam
1399 4934 1923 5004 caruemiulirmaut

358 5012 417 5080 et
448 5003 851 5080 corruptibilem
877 5024 896 5080 :_
927 4999 1015 5080 ’Ev
1046 5006 1103 5058 δὲ
1128 5009 1193 5080 τῇ
1223 4999 1516 5080 ἆναστάσει
1538 4999 1926 5080 κολλῃρήσετιξι

359 5075 405 5151 ᾗ,
433 5072 569 5151 “alii
598 5073 764 5151 ψυχῇ,
817 5077 916 5151 και
952 5076 1103 5151 ἔσται
1146 5072 1292 5147 ψύχὴ
1333 5078 1453 5151 ἣτις
1486 5072 1818 5151 κολληθῖςῖσα
1849 5072 1927 5140 τῷ

361 5144 553 5220 Κυρίῳ
595 5147 652 5197 ὲν
674 5149 739 5217 τῇ
770 5147 1031 5220 καθολικῇ
1048 5144 1338 5201 ἀναστᾶσει
1360 5144 1570 5220 γίνεται
1594 5144 1657 5220 ’ἓν
1682 5144 1925 5220 ῌνεῦ-μα,

362 5212 466 5271 καῖ
494 5212 808 5280 vivemus?)
857 5212 1031 5287 σῶμαῗ
1076 5212 1483 5288 πνευματικόνι
1516 5215 1608 5288 tibi
1660 5212 1722 5265 τὸ
1768 5216 1927 5283 σῶμα

363 5288 758 5364 πνευματικόν,
808 5304 1048 5364 «corpus
1098 5287 1362 5358 spiritale,
1410 5309 1429 5341 ι
1476 5287 1618 5340 idem
1665 5294 1821 5364 sonat
1865 5299 1929 5336 ac

364 5354 805 5434 earo'spiritalis,
832 5354 984 5427 cujus
1016 5354 1208 5427 nempe
1226 5370 1445 5434 mutata:
1466 5364 1592 5434 sntit
1612 5354 1925 5434 qualitates.

368 5430 502 5482 bam
549 5426 595 5483 si
641 5443 769 5482 caro
811 5426 932 5498 post
977 5430 1430 5483 resurrectionem
1466 5426 1929 5498 adlueretanima:

363 5509 421 5553 et
436 5500 507 5575 _li_t
533 5494 1189 5575 corpus__spiritale,_er_go
1218 5500 1451 5568 resurgit
1475 5512 1605 5551 caro
1633 5494 1773 5575 et_ﬁt
1799 5509 1928 5575 caro

366 5570 650 5638 spiritalis,
695 5571 941 5639 nihilque
991 5570 1138 5624 aliud
1182 5574 1409 5623 interest
1453 5580 1651 5635 corpus
1697 5570 1839 5617 inter
1876 5573 1930 5616 et

368 5653 612 5701 carnem,
648 5654 811 5708 quam
854 5641 993 5710 quod
1036 5644 1531 5717 interes_t_carnem_
1558 5640 1696 5717 inter
1725 5645 1929 5717 etear-

372 5724 518 5777 nem,
556 5725 751 5781 corpus
802 5721 855 5769 et
884 5727 1103 5783 corpus,
1163 5711 1345 5769 habita
1399 5710 1534 5767 varii
1588 5710 1705 5778 ejus
1758 5716 1930 5764 status

2011 4440 2288 4502 ἀσθενείας
2315 4440 2455 4504 lata;
2484 4438 2539 4491 Si
2570 4438 3166 4508 materia!qualitatibus
3200 4438 3442 4495 omnibus
3475 4438 3593 4495 suls-

2009 4512 2171 4576 jecla:
2203 4524 2395 4563 muturt
2425 4512 2620 4577 possint
2655 4513 2955 4579 qualitates,
2985 4528 3078 4563 cur
3105 4511 3223 4578 ﬁeri
3256 4528 3361 4564 non
3395 4517 3589 4579 patuit.

2026 4595 2079 4632 ut
2144 4597 2268 4633 caro
2325 4579 2476 4639 Jesu,
2515 4582 2731 4632 mutatis
2768 4582 3127 4645 qualitatibus,
3163 4582 3287 4635 talis
3338 4585 3589 4645 evaserit,

2026 4652 2232 4717 qualem
2276 4650 2501 4715 Oporluit
2558 4665 2668 4702 esse
2722 4666 2859 4710 cam,
2898 4669 3015 4719 quu'
3058 4653 3112 4705 in
3157 4651 3372 4710 trthere,
3427 4671 3591 4720 coque

2026 4723 2377 4787 superioribus
2406 4721 2532 4772 locis
2568 4731 2881 4783 versaretur,
2921 4722 3147 4785 nihilque
3167 4724 3375 4775 haberet
3404 4739 3589 4775 eorum

2025 4807 2141 4862 qua:
2189 4792 2411 4859 ἐηῇνηιιε
2453 4791 2628 4862 carnis
2667 4794 2877 4858 propria
2923 4805 3042 4843 sunt
3074 4794 3099 4845 ?
3144 4791 3237 4845 His
3280 4794 3420 4846 adde
3466 4811 3591 4862 qua:

2027 4857 2279 4930 leguntur
2305 4862 2396 4913 lib.
2438 4876 2451 4913 ι
2498 4857 2577 4912 De
2621 4857 2897 4914 resurrect.
2923 4873 2976 4914 et
3006 4864 3059 4917 in
3087 4862 3274 4929 psalm.
3311 4879 3402 4915 xv.
3452 4857 3591 4916 Con-

2028 4929 2110 4984 fer
2138 4933 2299 4984 etiam
2339 4946 2460 4999 qua).
2517 4930 2785 4982 habentur
2817 4931 2910 4985 lib.
2953 4949 2989 4986 tt
3030 4943 3086 4985 et
3134 4948 3186 4985 tv
3230 4931 3307 4985 De
3344 4950 3583 4986 resurre-

2027 5003 2235 5066 ctione;
2271 5002 2361 5056 lib.
2400 5019 2415 5055 l
2446 5000 2583 5066 Περὶ
2615 4999 2835 5069 ἀρχῶν,
2866 5017 2983 5069 cap.
3022 5002 3124 5068 10;
3166 5003 3261 5055 lib.
3291 5018 3344 5056 tv
3401 5015 3588 5055 contra

2029 5070 2258 5138 Celsum,
2288 5088 2435 5126 nutu.
2456 5071 2557 5136 15;
2585 5072 2676 5125 lib.
2704 5087 2754 5135 ν,
2773 5088 2917 5126 num.
2953 5073 3150 5140 “~23;
3198 5073 3291 5127 lib.
3321 5088 3398 5137 νι,
3433 5090 3585 5127 nunt.

2027 5141 2117 5204 29,
2159 5146 2211 5194 iu
2245 5143 2431 5211 psalnt.
2466 5157 2504 5204 l,
2554 5156 2695 5194 vers.
2738 5142 2793 5205 5,
2833 5152 2884 5195 et
2929 5143 3020 5197 lib.
3056 5160 3246 5204 xxvnt,
3288 5144 3346 5197 in
3380 5142 3587 5198 Isaiam

2028 5214 2349 5279 prophetam,
2378 5223 2434 5265 et
2466 5228 2530 5266 ex
2559 5212 2891 5282 singulorum
2920 5214 3157 5268 locorum
3194 5226 3452 5267 accurata
3476 5216 3589 5267 col-

2032 5282 2228 5353 latione
2257 5282 2514 5353 fateberis
2536 5282 2668 5335 nihil
2699 5282 2804 5336 illis
2841 5284 3019 5338 inesse
3042 5287 3180 5353 quod
3218 5285 3496 5337 catholico
3519 5288 3586 5336 de

2030 5351 2446 5408 liesurrectione
2497 5353 2733 5422 dogmati
2777 5368 2879 5406 non
2919 5351 3085 5423 possit
3114 5355 3309 5418 aptari,
3342 5356 3386 5407 si
3425 5358 3585 5406 modo

2029 5425 2289 5491 quasdam
2328 5427 2609 5492 exceperis
2653 5424 3071 5491 qumstiuuculas
3121 5440 3257 5494 quas
3298 5425 3587 5479 luxurians

2030 5495 2280 5560 Origcuis
2309 5494 2579 5563 ingenium
2607 5494 2874 5564 curiosius
2902 5510 3254 5563 persequens,
3288 5496 3449 5564 paulo
3468 5498 3585 5548 lon-

2030 5566 2150 5633 gius
2209 5564 2572 5632 prosequitur.
2618 5563 2751 5616 Nam
2801 5565 3091 5634 aliquando
3145 5566 3218 5619 ita
3265 5563 3450 5619 carnis
3495 5567 3582 5618 vel

2030 5637 2275 5702 corporis
2304 5637 2554 5688 immutat
2592 5635 2903 5702 qualitates,
2951 5647 3008 5688 ut
3036 5646 3089 5688 et
3131 5637 3298 5704 ipsius
3324 5646 3579 5692 naturam

2032 5706 2315 5762 immutare
2342 5705 2609 5763 videatur.
2638 5704 2711 5761 De
2738 5719 2844 5775 quo
2866 5705 3005 5762 inira
3033 5707 3276 5763 lluetius.

3735 91 3793 333 i

3795 342 3797 373 l
