  <div class='ocr_page' id='page_1' title='image "/cluster/home/n/w/nwhite01/storage/ocr_20150623/17/nnc1.0046978615/502.png"; bbox 0 0 3860 6226; ppageno 0'>
   <div class='ocr_carea' id='block_1_1' title="bbox 189 324 292 379">
    <p class='ocr_par' dir='ltr' id='par_1_1' title="bbox 189 324 292 379">
     <span class='ocr_line' id='line_1_1' title="bbox 189 324 292 379; baseline -0.01 -2"><span class='ocrx_word' id='word_1_1' title='bbox 189 324 292 379; x_wconf 67' lang='lat'><strong>995</strong></span> 
     </span>
    </p>
   </div>
   <div class='ocr_carea' id='block_1_2' title="bbox 998 316 2593 383">
    <p class='ocr_par' dir='ltr' id='par_1_2' title="bbox 998 316 2593 383">
     <span class='ocr_line' id='line_1_2' title="bbox 998 316 2593 383; baseline 0.001 -10"><span class='ocrx_word' id='word_1_2' title='bbox 998 316 1573 374; x_wconf 63' lang='lat' dir='ltr'><strong>ORIGENHNORUM</strong></span> <span class='ocrx_word' id='word_1_3' title='bbox 1614 317 1739 373; x_wconf 78' lang='lat' dir='ltr'><strong>LIB.</strong></span> <span class='ocrx_word' id='word_1_4' title='bbox 1783 317 1845 381; x_wconf 88' lang='lat' dir='ltr'><strong>ll,</strong></span> <span class='ocrx_word' id='word_1_5' title='bbox 1885 316 2041 373; x_wconf 71' lang='lat' dir='ltr'><strong>CAP.</strong></span> <span class='ocrx_word' id='word_1_6' title='bbox 2086 316 2146 383; x_wconf 91' lang='grc' dir='ltr'><strong>ΙΙ,</strong></span> <span class='ocrx_word' id='word_1_7' title='bbox 2187 317 2462 383; x_wconf 63' lang='lat' dir='ltr'><strong>QUIEST.</strong></span> <span class='ocrx_word' id='word_1_8' title='bbox 2506 317 2593 374; x_wconf 77' lang='lat' dir='ltr'><strong>IX.</strong></span> 
     </span>
    </p>
   </div>
   <div class='ocr_carea' id='block_1_3' title="bbox 3332 322 3443 376">
    <p class='ocr_par' dir='ltr' id='par_1_3' title="bbox 3332 322 3443 376">
     <span class='ocr_line' id='line_1_3' title="bbox 3332 322 3443 376; baseline 0 0"><span class='ocrx_word' id='word_1_9' title='bbox 3332 322 3443 376; x_wconf 81' lang='lat'><strong>986</strong></span> 
     </span>
    </p>
   </div>
   <div class='ocr_carea' id='block_1_4' title="bbox 193 435 1794 508">
    <p class='ocr_par' dir='ltr' id='par_1_4' title="bbox 193 435 1763 508">
     <span class='ocr_line' id='line_1_4' title="bbox 193 435 1763 508; baseline -0.001 -19"><span class='ocrx_word' id='word_1_10' title='bbox 193 436 411 505; x_wconf 78' lang='lat' dir='ltr'><strong>querela</strong></span> <span class='ocrx_word' id='word_1_11' title='bbox 454 437 585 490; x_wconf 62' lang='lat' dir='ltr'><strong>hair.</strong></span> <span class='ocrx_word' id='word_1_12' title='bbox 615 451 759 499; x_wconf 64' lang='grc' dir='ltr'>μιν,</span> <span class='ocrx_word' id='word_1_13' title='bbox 784 450 904 503; x_wconf 79' lang='lat' dir='ltr'><strong>cap.</strong></span> <span class='ocrx_word' id='word_1_14' title='bbox 934 437 986 501; x_wconf 77' lang='grc' dir='ltr'>ι,</span> <span class='ocrx_word' id='word_1_15' title='bbox 1012 437 1123 507; x_wconf 79' lang='grc' dir='ltr'>Τὴν</span> <span class='ocrx_word' id='word_1_16' title='bbox 1170 435 1280 490; x_wconf 78' lang='grc' dir='ltr'><strong>τῶν</strong></span> <span class='ocrx_word' id='word_1_17' title='bbox 1316 437 1546 508; x_wconf 77' lang='grc' dir='ltr'>νεκρῶν,</span> <span class='ocrx_word' id='word_1_18' title='bbox 1566 437 1763 505; x_wconf 87' lang='lat' dir='ltr'><strong>inquit,</strong></span> 
     </span>
    </p>
   </div>
   <div class='ocr_carea' id='block_1_5' title="bbox 1862 435 3442 508">
    <p class='ocr_par' dir='ltr' id='par_1_5' title="bbox 1867 435 3442 506">
     <span class='ocr_line' id='line_1_5' title="bbox 1867 435 3442 506; baseline 0 -15"><span class='ocrx_word' id='word_1_19' title='bbox 1867 437 1990 505; x_wconf 84' lang='lat' dir='ltr'><strong>quia</strong></span> <span class='ocrx_word' id='word_1_20' title='bbox 2050 435 2191 491; x_wconf 97' lang='lat' dir='ltr'><strong>sicut</strong></span> <span class='ocrx_word' id='word_1_21' title='bbox 2239 436 2629 506; x_wconf 87' lang='lat' dir='ltr'><strong>primogenitns</strong></span> <span class='ocrx_word' id='word_1_22' title='bbox 2670 450 2736 489; x_wconf 76' lang='lat' dir='ltr'><strong>ex</strong></span> <span class='ocrx_word' id='word_1_23' title='bbox 2792 438 3119 493; x_wconf 90' lang='lat' dir='ltr'><strong>mortuisest</strong></span> <span class='ocrx_word' id='word_1_24' title='bbox 3155 437 3442 503; x_wconf 85' lang='lat' dir='ltr'><strong>Christus,</strong></span> 
     </span>
    </p>
   </div>
   <div class='ocr_carea' id='block_1_6' title="bbox 188 526 1763 600">
    <p class='ocr_par' dir='ltr' id='par_1_6' title="bbox 188 526 1763 600">
     <span class='ocr_line' id='line_1_6' title="bbox 188 526 1763 600; baseline -0.002 -17"><span class='ocrx_word' id='word_1_25' title='bbox 188 527 486 583; x_wconf 77' lang='grc' dir='ltr'><strong>ἀνάστασιν</strong></span> <span class='ocrx_word' id='word_1_26' title='bbox 520 526 712 598; x_wconf 76' lang='grc' dir='ltr'>ἐλλιπῆ</span> <span class='ocrx_word' id='word_1_27' title='bbox 744 530 1001 591; x_wconf 79' lang='grc' dir='ltr'>ποιεῖται,</span> <span class='ocrx_word' id='word_1_28' title='bbox 1033 528 1108 600; x_wconf 83' lang='grc' dir='ltr'>πῆ</span> <span class='ocrx_word' id='word_1_29' title='bbox 1160 528 1257 598; x_wconf 83' lang='grc' dir='ltr'><strong>μὲν</strong></span> <span class='ocrx_word' id='word_1_30' title='bbox 1302 528 1446 599; x_wconf 82' lang='grc' dir='ltr'>λόγῳ</span> <span class='ocrx_word' id='word_1_31' title='bbox 1483 528 1763 599; x_wconf 85' lang='grc' dir='ltr'>παριστῶν</span> 
     </span>
    </p>
   </div>
   <div class='ocr_carea' id='block_1_7' title="bbox 188 619 1764 692">
    <p class='ocr_par' dir='ltr' id='par_1_7' title="bbox 188 619 1764 692">
     <span class='ocr_line' id='line_1_7' title="bbox 188 619 1764 692; baseline 0.001 -19"><span class='ocrx_word' id='word_1_32' title='bbox 188 619 413 691; x_wconf 75' lang='grc' dir='ltr'>ταύτην,</span> <span class='ocrx_word' id='word_1_33' title='bbox 455 620 529 690; x_wconf 88' lang='grc' dir='ltr'><strong>πῆ</strong></span> <span class='ocrx_word' id='word_1_34' title='bbox 581 620 637 672; x_wconf 80' lang='grc' dir='ltr'><strong>δὲ</strong></span> <span class='ocrx_word' id='word_1_35' title='bbox 694 619 1087 692; x_wconf 76' lang='grc' dir='ltr'><strong>ἐξαρνούμενος</strong></span> <span class='ocrx_word' id='word_1_36' title='bbox 1129 620 1454 685; x_wconf 80' lang='grc' dir='ltr'><strong>τελεώτατα,</strong></span> <span class='ocrx_word' id='word_1_37' title='bbox 1493 620 1678 675; x_wconf 76' lang='grc' dir='ltr'>ἄλλοτε</span> <span class='ocrx_word' id='word_1_38' title='bbox 1706 622 1764 675; x_wconf 79' lang='grc' dir='ltr'>δὲ</span> 
     </span>
    </p>
   </div>
   <div class='ocr_carea' id='block_1_8' title="bbox 191 712 1763 784">
    <p class='ocr_par' dir='ltr' id='par_1_8' title="bbox 191 712 1763 784">
     <span class='ocr_line' id='line_1_8' title="bbox 191 712 1763 784; baseline 0 -18"><span class='ocrx_word' id='word_1_39' title='bbox 191 713 282 766; x_wconf 78' lang='grc' dir='ltr'>καὶ</span> <span class='ocrx_word' id='word_1_40' title='bbox 309 712 471 784; x_wconf 83' lang='grc' dir='ltr'><strong>μέρος</strong></span> <span class='ocrx_word' id='word_1_41' title='bbox 494 712 552 779; x_wconf 80' lang='grc' dir='ltr'><strong>ἐξ</strong></span> <span class='ocrx_word' id='word_1_42' title='bbox 568 712 739 783; x_wconf 78' lang='grc' dir='ltr'>αὐτῆς</span> <span class='ocrx_word' id='word_1_43' title='bbox 768 713 1110 776; x_wconf 74' lang='grc' dir='ltr'>ἀνίστασθαιο</span> <span class='ocrx_word' id='word_1_44' title='bbox 1145 732 1164 765; x_wconf 75' lang='grc' dir='ltr'><strong>ι</strong></span> <span class='ocrx_word' id='word_1_45' title='bbox 1200 715 1530 770; x_wconf 84' lang='lat' dir='ltr'><strong>Mortuorum</strong></span> <span class='ocrx_word' id='word_1_46' title='bbox 1577 730 1763 769; x_wconf 90' lang='lat' dir='ltr'><strong>resur-</strong></span> 
     </span>
    </p>
   </div>
   <div class='ocr_carea' id='block_1_9' title="bbox 193 806 1761 878">
    <p class='ocr_par' dir='ltr' id='par_1_9' title="bbox 193 806 1761 878">
     <span class='ocr_line' id='line_1_9' title="bbox 193 806 1761 878; baseline 0.003 -21"><span class='ocrx_word' id='word_1_47' title='bbox 193 806 488 860; x_wconf 75' lang='lat' dir='ltr'><strong>rectionem</strong></span> <span class='ocrx_word' id='word_1_48' title='bbox 545 806 919 876; x_wconf 81' lang='lat' dir='ltr'><strong>imperl’ectam</strong></span> <span class='ocrx_word' id='word_1_49' title='bbox 972 822 1092 862; x_wconf 89' lang='lat' dir='ltr'><strong>esse</strong></span> <span class='ocrx_word' id='word_1_50' title='bbox 1145 808 1348 869; x_wconf 87' lang='lat' dir='ltr'><strong>docet;</strong></span> <span class='ocrx_word' id='word_1_51' title='bbox 1392 808 1591 878; x_wconf 85' lang='lat' dir='ltr'><strong>partim</strong></span> <span class='ocrx_word' id='word_1_52' title='bbox 1636 821 1761 862; x_wconf 85' lang='lat' dir='ltr'><strong>eam</strong></span> 
     </span>
    </p>
   </div>
   <div class='ocr_carea' id='block_1_10' title="bbox 187 897 1762 966">
    <p class='ocr_par' dir='ltr' id='par_1_10' title="bbox 187 897 1762 966">
     <span class='ocr_line' id='line_1_10' title="bbox 187 897 1762 966; baseline 0.001 -16"><span class='ocrx_word' id='word_1_53' title='bbox 187 897 370 951; x_wconf 81' lang='lat' dir='ltr'><strong>verbis</strong></span> <span class='ocrx_word' id='word_1_54' title='bbox 397 911 676 961; x_wconf 84' lang='lat' dir='ltr'><strong>asserens,</strong></span> <span class='ocrx_word' id='word_1_55' title='bbox 717 899 913 966; x_wconf 89' lang='lat' dir='ltr'><strong>partim</strong></span> <span class='ocrx_word' id='word_1_56' title='bbox 940 899 1180 955; x_wconf 75' lang='lat' dir='ltr'><strong>funditus</strong></span> <span class='ocrx_word' id='word_1_57' title='bbox 1216 900 1447 965; x_wconf 86' lang='lat' dir='ltr'><strong>tollens;</strong></span> <span class='ocrx_word' id='word_1_58' title='bbox 1481 897 1614 954; x_wconf 88' lang='lat' dir='ltr'><strong>alias</strong></span> <span class='ocrx_word' id='word_1_59' title='bbox 1635 914 1762 953; x_wconf 91' lang='lat' dir='ltr'><strong>vero</strong></span> 
     </span>
    </p>
   </div>
   <div class='ocr_carea' id='block_1_11' title="bbox 192 987 1759 1059">
    <p class='ocr_par' dir='ltr' id='par_1_11' title="bbox 192 987 1759 1059">
     <span class='ocr_line' id='line_1_11' title="bbox 192 987 1759 1059; baseline 0.002 -19"><span class='ocrx_word' id='word_1_60' title='bbox 192 996 401 1055; x_wconf 89' lang='lat' dir='ltr'><strong>partem</strong></span> <span class='ocrx_word' id='word_1_61' title='bbox 432 987 549 1055; x_wconf 82' lang='lat' dir='ltr'><strong>ejus</strong></span> <span class='ocrx_word' id='word_1_62' title='bbox 570 987 838 1042; x_wconf 78' lang='lat' dir='ltr'><strong>duntaxat</strong></span> <span class='ocrx_word' id='word_1_63' title='bbox 886 1003 1174 1059; x_wconf 79' lang='lat' dir='ltr'><strong>resurgere</strong></span> <span class='ocrx_word' id='word_1_64' title='bbox 1222 990 1480 1057; x_wconf 88' lang='lat' dir='ltr'><strong>tradens;</strong></span> <span class='ocrx_word' id='word_1_65' title='bbox 1527 1007 1545 1041; x_wconf 77' lang='grc' dir='ltr'><strong>ι</strong></span> <span class='ocrx_word' id='word_1_66' title='bbox 1577 998 1633 1044; x_wconf 91' lang='lat' dir='ltr'><strong>et</strong></span> <span class='ocrx_word' id='word_1_67' title='bbox 1671 988 1759 1043; x_wconf 88' lang='lat' dir='ltr'><strong>illa</strong></span> 
     </span>
    </p>
   </div>
   <div class='ocr_carea' id='block_1_12' title="bbox 190 1076 1761 1148">
    <p class='ocr_par' dir='ltr' id='par_1_12' title="bbox 190 1076 1761 1148">
     <span class='ocr_line' id='line_1_12' title="bbox 190 1076 1761 1148; baseline 0.001 -16"><span class='ocrx_word' id='word_1_68' title='bbox 190 1076 465 1134; x_wconf 84' lang='lat' dir='ltr'><strong>Vincentii</strong></span> <span class='ocrx_word' id='word_1_69' title='bbox 490 1077 893 1135; x_wconf 87' lang='lat' dir='ltr'><strong>Bellovacensis</strong></span> <span class='ocrx_word' id='word_1_70' title='bbox 920 1079 1131 1148; x_wconf 84' lang='lat' dir='ltr'><strong>Speculi</strong></span> <span class='ocrx_word' id='word_1_71' title='bbox 1161 1080 1445 1135; x_wconf 81' lang='lat' dir='ltr'><strong>doctrinal.</strong></span> <span class='ocrx_word' id='word_1_72' title='bbox 1475 1080 1571 1136; x_wconf 87' lang='lat' dir='ltr'><strong>lib.</strong></span> <span class='ocrx_word' id='word_1_73' title='bbox 1601 1096 1761 1145; x_wconf 82' lang='lat' dir='ltr'><strong>xvm,</strong></span> 
     </span>
    </p>
   </div>
   <div class='ocr_carea' id='block_1_13' title="bbox 184 1171 1764 1239">
    <p class='ocr_par' dir='ltr' id='par_1_13' title="bbox 184 1171 1764 1239">
     <span class='ocr_line' id='line_1_13' title="bbox 184 1171 1764 1239; baseline 0.002 -13"><span class='ocrx_word' id='word_1_74' title='bbox 184 1186 308 1239; x_wconf 90' lang='lat' dir='ltr'><strong>cap.</strong></span> <span class='ocrx_word' id='word_1_75' title='bbox 370 1171 461 1236; x_wconf 75' lang='grc'><strong>45,</strong></span> <span class='ocrx_word' id='word_1_76' title='bbox 520 1186 645 1228; x_wconf 92' lang='lat' dir='ltr'><strong>cum</strong></span> <span class='ocrx_word' id='word_1_77' title='bbox 693 1186 876 1226; x_wconf 80' lang='lat' dir='ltr'><strong>veram</strong></span> <span class='ocrx_word' id='word_1_78' title='bbox 928 1173 1005 1226; x_wconf 86' lang='lat' dir='ltr'><strong>ait</strong></span> <span class='ocrx_word' id='word_1_79' title='bbox 1060 1174 1507 1229; x_wconf 87' lang='lat' dir='ltr'><strong>resurrectionem</strong></span> <span class='ocrx_word' id='word_1_80' title='bbox 1580 1174 1764 1229; x_wconf 89' lang='lat' dir='ltr'><strong>carnis</strong></span> 
     </span>
    </p>
   </div>
   <div class='ocr_carea' id='block_1_14' title="bbox 185 1262 1763 1335">
    <p class='ocr_par' dir='ltr' id='par_1_14' title="bbox 185 1262 1763 1335">
     <span class='ocr_line' id='line_1_14' title="bbox 185 1262 1763 1335; baseline 0.001 -17"><span class='ocrx_word' id='word_1_81' title='bbox 185 1263 475 1333; x_wconf 88' lang='lat' dir='ltr'><strong>Origenem</strong></span> <span class='ocrx_word' id='word_1_82' title='bbox 528 1277 778 1332; x_wconf 87' lang='lat' dir='ltr'><strong>negasse.</strong></span> <span class='ocrx_word' id='word_1_83' title='bbox 835 1262 950 1317; x_wconf 86' lang='lat' dir='ltr'><strong>Non</strong></span> <span class='ocrx_word' id='word_1_84' title='bbox 1003 1263 1140 1318; x_wconf 85' lang='lat' dir='ltr'><strong>satis</strong></span> <span class='ocrx_word' id='word_1_85' title='bbox 1198 1274 1380 1319; x_wconf 88' lang='lat' dir='ltr'><strong>autem</strong></span> <span class='ocrx_word' id='word_1_86' title='bbox 1433 1265 1763 1335; x_wconf 87' lang='lat' dir='ltr'><strong>intelligitur</strong></span> 
     </span>
    </p>
   </div>
   <div class='ocr_carea' id='block_1_15' title="bbox 184 1353 1763 1425">
    <p class='ocr_par' dir='ltr' id='par_1_15' title="bbox 184 1353 1763 1425">
     <span class='ocr_line' id='line_1_15' title="bbox 184 1353 1763 1425; baseline 0.002 -19"><span class='ocrx_word' id='word_1_87' title='bbox 184 1354 314 1423; x_wconf 85' lang='lat' dir='ltr'><strong>quid</strong></span> <span class='ocrx_word' id='word_1_88' title='bbox 340 1354 444 1410; x_wconf 91' lang='lat' dir='ltr'><strong>sibi</strong></span> <span class='ocrx_word' id='word_1_89' title='bbox 480 1353 713 1409; x_wconf 86' lang='lat' dir='ltr'><strong>voluerit</strong></span> <span class='ocrx_word' id='word_1_90' title='bbox 738 1353 1097 1425; x_wconf 87' lang='lat' dir='ltr'><strong>Theophanes</strong></span> <span class='ocrx_word' id='word_1_91' title='bbox 1131 1355 1452 1421; x_wconf 90' lang='lat' dir='ltr'><strong>Cerameus,</strong></span> <span class='ocrx_word' id='word_1_92' title='bbox 1475 1372 1598 1412; x_wconf 91' lang='lat' dir='ltr'><strong>cum</strong></span> <span class='ocrx_word' id='word_1_93' title='bbox 1631 1358 1763 1412; x_wconf 85' lang='lat' dir='ltr'><strong>scri-</strong></span> 
     </span>
    </p>
   </div>
   <div class='ocr_carea' id='block_1_16' title="bbox 182 1444 1760 1517">
    <p class='ocr_par' dir='ltr' id='par_1_16' title="bbox 182 1444 1760 1517">
     <span class='ocr_line' id='line_1_16' title="bbox 182 1444 1760 1517; baseline 0.004 -18"><span class='ocrx_word' id='word_1_94' title='bbox 182 1447 295 1513; x_wconf 86' lang='lat' dir='ltr'><strong>psit</strong></span> <span class='ocrx_word' id='word_1_95' title='bbox 325 1444 511 1500; x_wconf 90' lang='lat' dir='ltr'><strong>bomil.</strong></span> <span class='ocrx_word' id='word_1_96' title='bbox 536 1445 629 1512; x_wconf 73' lang='lat'><strong>22,</strong></span> <span class='ocrx_word' id='word_1_97' title='bbox 675 1446 769 1499; x_wconf 84' lang='grc' dir='ltr'><strong>Ἐκ</strong></span> <span class='ocrx_word' id='word_1_98' title='bbox 795 1446 981 1517; x_wconf 85' lang='grc' dir='ltr'>μέντοι</span> <span class='ocrx_word' id='word_1_99' title='bbox 999 1446 1092 1501; x_wconf 81' lang='grc' dir='ltr'>τοῦ</span> <span class='ocrx_word' id='word_1_100' title='bbox 1128 1449 1303 1501; x_wconf 73' lang='grc' dir='ltr'>εἰπεῖν</span> <span class='ocrx_word' id='word_1_101' title='bbox 1322 1465 1336 1478; x_wconf 83' lang='lat'><strong><em>°</em></strong></span> <span class='ocrx_word' id='word_1_102' title='bbox 1382 1451 1455 1505; x_wconf 87' lang='grc' dir='ltr'><strong><em>Ἥ</em></strong></span> <span class='ocrx_word' id='word_1_103' title='bbox 1485 1467 1540 1504; x_wconf 86' lang='grc' dir='ltr'><strong>τι</strong></span> <span class='ocrx_word' id='word_1_104' title='bbox 1567 1450 1760 1517; x_wconf 69' lang='grc' dir='ltr'>,δώσει</span> 
     </span>
    </p>
   </div>
   <div class='ocr_carea' id='block_1_17' title="bbox 179 1538 1756 1613">
    <p class='ocr_par' dir='ltr' id='par_1_17' title="bbox 179 1538 1756 1613">
     <span class='ocr_line' id='line_1_17' title="bbox 179 1538 1756 1613; baseline 0.004 -20"><span class='ocrx_word' id='word_1_105' title='bbox 179 1539 494 1608; x_wconf 79' lang='grc' dir='ltr'>ἄνθρωπος</span> <span class='ocrx_word' id='word_1_106' title='bbox 513 1538 905 1610; x_wconf 69' lang='grc' dir='ltr'><strong>ἀντάλλαγμα</strong></span> <span class='ocrx_word' id='word_1_107' title='bbox 928 1541 1037 1608; x_wconf 81' lang='grc' dir='ltr'><strong>τῆς</strong></span> <span class='ocrx_word' id='word_1_108' title='bbox 1062 1543 1272 1613; x_wconf 65' lang='grc' dir='ltr'><strong>ψυχῆς</strong></span> <span class='ocrx_word' id='word_1_109' title='bbox 1290 1544 1517 1609; x_wconf 82' lang='grc' dir='ltr'>αὐτοῦ;</span> <span class='ocrx_word' id='word_1_110' title='bbox 1544 1547 1756 1600; x_wconf 74' lang='grc' dir='ltr'>ἐπιστο-</span> 
     </span>
    </p>
   </div>
   <div class='ocr_carea' id='block_1_18' title="bbox 182 1632 1763 1710">
    <p class='ocr_par' dir='ltr' id='par_1_18' title="bbox 182 1632 1763 1710">
     <span class='ocr_line' id='line_1_18' title="bbox 182 1632 1763 1710; baseline 0.004 -25"><span class='ocrx_word' id='word_1_111' title='bbox 182 1632 399 1703; x_wconf 78' lang='grc' dir='ltr'>μεζεται</span> <span class='ocrx_word' id='word_1_112' title='bbox 428 1634 461 1705; x_wconf 83' lang='grc' dir='ltr'><strong>ἡ</strong></span> <span class='ocrx_word' id='word_1_113' title='bbox 492 1633 644 1705; x_wconf 87' lang='grc' dir='ltr'><strong>παρά</strong></span> <span class='ocrx_word' id='word_1_114' title='bbox 674 1634 768 1687; x_wconf 82' lang='grc' dir='ltr'>τοῦ</span> <span class='ocrx_word' id='word_1_115' title='bbox 801 1634 1090 1706; x_wconf 79' lang='grc' dir='ltr'><strong>ἐπωνύμου</strong></span> <span class='ocrx_word' id='word_1_116' title='bbox 1118 1637 1216 1707; x_wconf 82' lang='grc' dir='ltr'><strong>τῆς</strong></span> <span class='ocrx_word' id='word_1_117' title='bbox 1242 1637 1411 1709; x_wconf 81' lang='grc' dir='ltr'><strong>ὀργῆς</strong></span> <span class='ocrx_word' id='word_1_118' title='bbox 1452 1638 1763 1710; x_wconf 81' lang='grc' dir='ltr'>Ὠριγένους</span> 
     </span>
    </p>
   </div>
   <div class='ocr_carea' id='block_1_19' title="bbox 180 1723 1760 1795">
    <p class='ocr_par' dir='ltr' id='par_1_19' title="bbox 180 1723 1760 1795">
     <span class='ocr_line' id='line_1_19' title="bbox 180 1723 1760 1795; baseline 0.004 -19"><span class='ocrx_word' id='word_1_119' title='bbox 180 1723 539 1795; x_wconf 82' lang='grc' dir='ltr'>πεπλασμένη</span> <span class='ocrx_word' id='word_1_120' title='bbox 599 1724 917 1789; x_wconf 81' lang='grc' dir='ltr'>ἀνάστασις.</span> <span class='ocrx_word' id='word_1_121' title='bbox 958 1745 977 1778; x_wconf 75' lang='grc' dir='ltr'><strong>ι</strong></span> <span class='ocrx_word' id='word_1_122' title='bbox 1015 1728 1282 1782; x_wconf 66' lang='lat' dir='ltr'><strong>Caeterum</strong></span> <span class='ocrx_word' id='word_1_123' title='bbox 1333 1729 1563 1786; x_wconf 85' lang='lat' dir='ltr'><strong>dicendo</strong></span> <span class='ocrx_word' id='word_1_124' title='bbox 1594 1748 1607 1760; x_wconf 78' lang='grc'><strong>’</strong></span> <span class='ocrx_word' id='word_1_125' title='bbox 1656 1730 1760 1783; x_wconf 77' lang='lat' dir='ltr'><strong>Aut</strong></span> 
     </span>
    </p>
   </div>
   <div class='ocr_carea' id='block_1_20' title="bbox 177 1817 1759 1890">
    <p class='ocr_par' dir='ltr' id='par_1_20' title="bbox 177 1817 1759 1890">
     <span class='ocr_line' id='line_1_20' title="bbox 177 1817 1759 1890; baseline 0.006 -21"><span class='ocrx_word' id='word_1_126' title='bbox 177 1833 342 1885; x_wconf 79' lang='lat' dir='ltr'><strong>quam</strong></span> <span class='ocrx_word' id='word_1_127' title='bbox 376 1817 521 1871; x_wconf 79' lang='lat' dir='ltr'><strong>dabit</strong></span> <span class='ocrx_word' id='word_1_128' title='bbox 555 1818 711 1872; x_wconf 85' lang='lat' dir='ltr'><strong>homo</strong></span> <span class='ocrx_word' id='word_1_129' title='bbox 739 1821 1173 1887; x_wconf 73' lang='lat' dir='ltr'><strong>permutationem</strong></span> <span class='ocrx_word' id='word_1_130' title='bbox 1198 1838 1296 1890; x_wconf 81' lang='lat' dir='ltr'><strong>pro</strong></span> <span class='ocrx_word' id='word_1_131' title='bbox 1337 1826 1519 1877; x_wconf 83' lang='lat' dir='ltr'><strong>anima</strong></span> <span class='ocrx_word' id='word_1_132' title='bbox 1548 1841 1647 1879; x_wconf 76' lang='lat' dir='ltr'><strong>sua</strong></span> <span class='ocrx_word' id='word_1_133' title='bbox 1675 1825 1759 1878; x_wconf 68' lang='lat'><strong>&quot;1</strong></span> 
     </span>
    </p>
   </div>
   <div class='ocr_carea' id='block_1_21' title="bbox 179 1902 1762 1984">
    <p class='ocr_par' dir='ltr' id='par_1_21' title="bbox 179 1902 1762 1984">
     <span class='ocr_line' id='line_1_21' title="bbox 179 1902 1762 1984; baseline 0.005 -23"><span class='ocrx_word' id='word_1_134' title='bbox 179 1902 459 1962; x_wconf 73' lang='lat' dir='ltr'><strong>refellitur</strong></span> <span class='ocrx_word' id='word_1_135' title='bbox 487 1908 718 1963; x_wconf 89' lang='lat' dir='ltr'><strong>conﬁcta</strong></span> <span class='ocrx_word' id='word_1_136' title='bbox 748 1911 1084 1964; x_wconf 87' lang='lat' dir='ltr'><strong>resurrectio</strong></span> <span class='ocrx_word' id='word_1_137' title='bbox 1125 1913 1192 1967; x_wconf 89' lang='lat' dir='ltr'><strong>ab</strong></span> <span class='ocrx_word' id='word_1_138' title='bbox 1227 1912 1482 1984; x_wconf 81' lang='lat' dir='ltr'><strong>Origene,</strong></span> <span class='ocrx_word' id='word_1_139' title='bbox 1532 1916 1619 1971; x_wconf 89' lang='lat' dir='ltr'><strong>cui</strong></span> <span class='ocrx_word' id='word_1_140' title='bbox 1662 1916 1762 1971; x_wconf 84' lang='lat' dir='ltr'><strong>fuit</strong></span> 
     </span>
    </p>
   </div>
   <div class='ocr_carea' id='block_1_22' title="bbox 180 2000 1252 2073">
    <p class='ocr_par' dir='ltr' id='par_1_22' title="bbox 180 2000 1252 2073">
     <span class='ocr_line' id='line_1_22' title="bbox 180 2000 1252 2073; baseline 0.003 -19"><span class='ocrx_word' id='word_1_141' title='bbox 180 2015 381 2055; x_wconf 88' lang='lat' dir='ltr'><strong>nomen</strong></span> <span class='ocrx_word' id='word_1_142' title='bbox 402 2000 510 2054; x_wconf 72' lang='grc' dir='ltr'><strong>ἀπὸ</strong></span> <span class='ocrx_word' id='word_1_143' title='bbox 531 2000 631 2071; x_wconf 81' lang='grc' dir='ltr'><strong>τῆς</strong></span> <span class='ocrx_word' id='word_1_144' title='bbox 655 2002 826 2073; x_wconf 78' lang='grc' dir='ltr'><strong>ὀργῆς</strong></span> <span class='ocrx_word' id='word_1_145' title='bbox 858 2002 1180 2059; x_wconf 85' lang='lat' dir='ltr'><strong>derivatum.</strong></span> <span class='ocrx_word' id='word_1_146' title='bbox 1232 2024 1252 2057; x_wconf 73' lang='grc' dir='ltr'><strong>ι</strong></span> 
     </span>
    </p>
   </div>
   <div class='ocr_carea' id='block_1_23' title="bbox 253 2092 1756 2168">
    <p class='ocr_par' dir='ltr' id='par_1_23' title="bbox 253 2092 1756 2168">
     <span class='ocr_line' id='line_1_23' title="bbox 253 2092 1756 2168; baseline 0.007 -23"><span class='ocrx_word' id='word_1_147' title='bbox 253 2092 369 2147; x_wconf 89' lang='lat' dir='ltr'><strong>Non</strong></span> <span class='ocrx_word' id='word_1_148' title='bbox 411 2094 579 2148; x_wconf 87' lang='lat' dir='ltr'><strong>semel</strong></span> <span class='ocrx_word' id='word_1_149' title='bbox 617 2094 669 2149; x_wconf 89' lang='lat' dir='ltr'><strong>id</strong></span> <span class='ocrx_word' id='word_1_150' title='bbox 700 2095 874 2163; x_wconf 83' lang='lat' dir='ltr'><strong>ipsum</strong></span> <span class='ocrx_word' id='word_1_151' title='bbox 920 2110 1295 2161; x_wconf 84' lang='lat' dir='ltr'><strong>asseverasse,</strong></span> <span class='ocrx_word' id='word_1_152' title='bbox 1329 2098 1471 2167; x_wconf 86' lang='lat' dir='ltr'><strong>quod</strong></span> <span class='ocrx_word' id='word_1_153' title='bbox 1504 2099 1756 2168; x_wconf 77' lang='lat' dir='ltr'><strong>proxime</strong></span> 
     </span>
    </p>
   </div>
   <div class='ocr_carea' id='block_1_24' title="bbox 177 2185 1758 2258">
    <p class='ocr_par' dir='ltr' id='par_1_24' title="bbox 177 2185 1758 2258">
     <span class='ocr_line' id='line_1_24' title="bbox 177 2185 1758 2258; baseline 0.003 -18"><span class='ocrx_word' id='word_1_154' title='bbox 177 2186 592 2240; x_wconf 88' lang='lat' dir='ltr'><strong>commemorati</strong></span> <span class='ocrx_word' id='word_1_155' title='bbox 614 2186 907 2255; x_wconf 89' lang='lat' dir='ltr'><strong>scriptores</strong></span> <span class='ocrx_word' id='word_1_156' title='bbox 933 2185 1225 2255; x_wconf 87' lang='lat' dir='ltr'><strong>objiciunt,</strong></span> <span class='ocrx_word' id='word_1_157' title='bbox 1244 2186 1519 2243; x_wconf 81' lang='lat' dir='ltr'><strong>fatendum</strong></span> <span class='ocrx_word' id='word_1_158' title='bbox 1539 2190 1758 2258; x_wconf 90' lang='lat' dir='ltr'><strong>quidem</strong></span> 
     </span>
    </p>
   </div>
   <div class='ocr_carea' id='block_1_25' title="bbox 176 2278 1757 2351">
    <p class='ocr_par' dir='ltr' id='par_1_25' title="bbox 176 2278 1757 2351">
     <span class='ocr_line' id='line_1_25' title="bbox 176 2278 1757 2351; baseline 0.001 -18"><span class='ocrx_word' id='word_1_159' title='bbox 176 2286 265 2333; x_wconf 87' lang='lat' dir='ltr'><strong>est</strong></span> <span class='ocrx_word' id='word_1_160' title='bbox 294 2295 309 2332; x_wconf 90' lang='lat'><strong>:</strong></span> <span class='ocrx_word' id='word_1_161' title='bbox 338 2288 462 2349; x_wconf 88' lang='lat' dir='ltr'><strong>puta</strong></span> <span class='ocrx_word' id='word_1_162' title='bbox 518 2278 612 2333; x_wconf 84' lang='lat' dir='ltr'><strong>li&#39;o.</strong></span> <span class='ocrx_word' id='word_1_163' title='bbox 671 2294 730 2342; x_wconf 86' lang='lat' dir='ltr'><strong>ll,</strong></span> <span class='ocrx_word' id='word_1_164' title='bbox 788 2280 929 2348; x_wconf 79' lang='grc' dir='ltr'>Περὶ</span> <span class='ocrx_word' id='word_1_165' title='bbox 978 2278 1202 2348; x_wconf 81' lang='grc' dir='ltr'><strong>ἀρχῶν,</strong></span> <span class='ocrx_word' id='word_1_166' title='bbox 1237 2296 1363 2351; x_wconf 87' lang='lat' dir='ltr'><strong>cap.</strong></span> <span class='ocrx_word' id='word_1_167' title='bbox 1413 2284 1471 2349; x_wconf 78' lang='lat'><strong>3,</strong></span> <span class='ocrx_word' id='word_1_168' title='bbox 1518 2298 1667 2337; x_wconf 89' lang='lat' dir='ltr'><strong>num.</strong></span> <span class='ocrx_word' id='word_1_169' title='bbox 1701 2282 1757 2349; x_wconf 77' lang='lat'><strong>2,</strong></span> 
     </span>
    </p>
   </div>
   <div class='ocr_carea' id='block_1_26' title="bbox 180 2369 1759 2443">
    <p class='ocr_par' dir='ltr' id='par_1_26' title="bbox 180 2369 1759 2443">
     <span class='ocr_line' id='line_1_26' title="bbox 180 2369 1759 2443; baseline 0.006 -22"><span class='ocrx_word' id='word_1_170' title='bbox 180 2387 202 2421; x_wconf 71' lang='grc' dir='ltr'><strong>ι</strong></span> <span class='ocrx_word' id='word_1_171' title='bbox 232 2369 366 2424; x_wconf 72' lang='lat' dir='ltr'><strong>Mira</strong></span> <span class='ocrx_word' id='word_1_172' title='bbox 413 2383 543 2441; x_wconf 91' lang='lat' dir='ltr'><strong>ergo</strong></span> <span class='ocrx_word' id='word_1_173' title='bbox 578 2369 808 2434; x_wconf 88' lang='lat' dir='ltr'><strong>ratione,</strong></span> <span class='ocrx_word' id='word_1_174' title='bbox 861 2370 1036 2439; x_wconf 87' lang='lat' dir='ltr'><strong>inquit</strong></span> <span class='ocrx_word' id='word_1_175' title='bbox 1083 2379 1307 2427; x_wconf 89' lang='lat' dir='ltr'><strong>sanctus</strong></span> <span class='ocrx_word' id='word_1_176' title='bbox 1352 2372 1641 2443; x_wconf 80' lang='lat' dir='ltr'><strong>Apostolus</strong></span> <span class='ocrx_word' id='word_1_177' title='bbox 1692 2374 1759 2430; x_wconf 90' lang='lat' dir='ltr'><strong>ad</strong></span> 
     </span>
    </p>
   </div>
   <div class='ocr_carea' id='block_1_27' title="bbox 176 2460 1761 2533">
    <p class='ocr_par' dir='ltr' id='par_1_27' title="bbox 176 2460 1761 2533">
     <span class='ocr_line' id='line_1_27' title="bbox 176 2460 1761 2533; baseline 0.005 -19"><span class='ocrx_word' id='word_1_178' title='bbox 176 2460 488 2530; x_wconf 74' lang='lat' dir='ltr'><strong>generalem</strong></span> <span class='ocrx_word' id='word_1_179' title='bbox 546 2462 777 2528; x_wconf 88' lang='lat' dir='ltr'><strong>primam</strong></span> <span class='ocrx_word' id='word_1_180' title='bbox 840 2475 1063 2516; x_wconf 80' lang='lat' dir='ltr'><strong>causam</strong></span> <span class='ocrx_word' id='word_1_181' title='bbox 1119 2464 1458 2533; x_wconf 80' lang='lat' dir='ltr'><strong>respiciens,</strong></span> <span class='ocrx_word' id='word_1_182' title='bbox 1518 2468 1761 2523; x_wconf 72' lang='lat' dir='ltr'><strong>materia:</strong></span> 
     </span>
    </p>
   </div>
   <div class='ocr_carea' id='block_1_28' title="bbox 176 2550 1762 2627">
    <p class='ocr_par' dir='ltr' id='par_1_28' title="bbox 176 2550 1762 2627">
     <span class='ocr_line' id='line_1_28' title="bbox 176 2550 1762 2627; baseline 0.004 -19"><span class='ocrx_word' id='word_1_183' title='bbox 176 2552 503 2623; x_wconf 88' lang='lat' dir='ltr'><strong>corporalis,</strong></span> <span class='ocrx_word' id='word_1_184' title='bbox 526 2550 681 2620; x_wconf 84' lang='lat' dir='ltr'><strong>cujus</strong></span> <span class='ocrx_word' id='word_1_185' title='bbox 706 2552 947 2609; x_wconf 72' lang='lat' dir='ltr'><strong>materia:</strong></span> <span class='ocrx_word' id='word_1_186' title='bbox 971 2554 1152 2608; x_wconf 90' lang='lat' dir='ltr'><strong>anima</strong></span> <span class='ocrx_word' id='word_1_187' title='bbox 1180 2570 1332 2609; x_wconf 90' lang='lat' dir='ltr'><strong>usum</strong></span> <span class='ocrx_word' id='word_1_188' title='bbox 1357 2571 1571 2627; x_wconf 84' lang='lat' dir='ltr'><strong>semper</strong></span> <span class='ocrx_word' id='word_1_189' title='bbox 1599 2560 1762 2614; x_wconf 90' lang='lat' dir='ltr'><strong>habet</strong></span> 
     </span>
    </p>
   </div>
   <div class='ocr_carea' id='block_1_29' title="bbox 178 2643 1758 2716">
    <p class='ocr_par' dir='ltr' id='par_1_29' title="bbox 178 2643 1758 2716">
     <span class='ocr_line' id='line_1_29' title="bbox 178 2643 1758 2716; baseline 0.003 -17"><span class='ocrx_word' id='word_1_190' title='bbox 178 2649 233 2699; x_wconf 94' lang='lat' dir='ltr'><strong>in</strong></span> <span class='ocrx_word' id='word_1_191' title='bbox 267 2646 507 2715; x_wconf 89' lang='lat' dir='ltr'><strong>qualibet</strong></span> <span class='ocrx_word' id='word_1_192' title='bbox 539 2643 802 2715; x_wconf 79' lang='lat' dir='ltr'><strong>qualitate</strong></span> <span class='ocrx_word' id='word_1_193' title='bbox 837 2645 1063 2715; x_wconf 58' lang='lat' dir='ltr'><strong>positae,</strong></span> <span class='ocrx_word' id='word_1_194' title='bbox 1094 2661 1235 2701; x_wconf 93' lang='lat' dir='ltr'><strong>nunc</strong></span> <span class='ocrx_word' id='word_1_195' title='bbox 1274 2649 1493 2716; x_wconf 85' lang='lat' dir='ltr'><strong>quidem</strong></span> <span class='ocrx_word' id='word_1_196' title='bbox 1531 2650 1758 2714; x_wconf 86' lang='lat' dir='ltr'><strong>carnali,</strong></span> 
     </span>
    </p>
   </div>
   <div class='ocr_carea' id='block_1_30' title="bbox 177 2736 1761 2809">
    <p class='ocr_par' dir='ltr' id='par_1_30' title="bbox 177 2736 1761 2809">
     <span class='ocr_line' id='line_1_30' title="bbox 177 2736 1761 2809; baseline 0.003 -17"><span class='ocrx_word' id='word_1_197' title='bbox 177 2739 523 2809; x_wconf 87' lang='lat' dir='ltr'><strong>postmodum</strong></span> <span class='ocrx_word' id='word_1_198' title='bbox 572 2752 702 2793; x_wconf 87' lang='lat' dir='ltr'><strong>vero</strong></span> <span class='ocrx_word' id='word_1_199' title='bbox 746 2736 1015 2792; x_wconf 85' lang='lat' dir='ltr'><strong>subtiliori</strong></span> <span class='ocrx_word' id='word_1_200' title='bbox 1062 2747 1115 2793; x_wconf 86' lang='lat' dir='ltr'><strong>et</strong></span> <span class='ocrx_word' id='word_1_201' title='bbox 1171 2739 1399 2808; x_wconf 88' lang='lat' dir='ltr'><strong>puriori,</strong></span> <span class='ocrx_word' id='word_1_202' title='bbox 1452 2755 1571 2809; x_wconf 69' lang='lat' dir='ltr'><strong>quae</strong></span> <span class='ocrx_word' id='word_1_203' title='bbox 1601 2742 1761 2809; x_wconf 89' lang='lat' dir='ltr'><strong>spiri-</strong></span> 
     </span>
    </p>
   </div>
   <div class='ocr_carea' id='block_1_31' title="bbox 178 2827 1759 2900">
    <p class='ocr_par' dir='ltr' id='par_1_31' title="bbox 178 2827 1759 2900">
     <span class='ocr_line' id='line_1_31' title="bbox 178 2827 1759 2900; baseline 0.001 -16"><span class='ocrx_word' id='word_1_204' title='bbox 178 2832 306 2885; x_wconf 84' lang='lat' dir='ltr'><strong>talis</strong></span> <span class='ocrx_word' id='word_1_205' title='bbox 344 2827 670 2900; x_wconf 73' lang='lat' dir='ltr'><strong>appellatur.</strong></span> <span class='ocrx_word' id='word_1_206' title='bbox 720 2829 833 2895; x_wconf 86' lang='lat' dir='ltr'><strong>ait,</strong></span> <span class='ocrx_word' id='word_1_207' title='bbox 872 2828 1107 2882; x_wconf 84' lang='lat' dir='ltr'><strong>Necesse</strong></span> <span class='ocrx_word' id='word_1_208' title='bbox 1164 2836 1248 2882; x_wconf 86' lang='lat' dir='ltr'><strong>est</strong></span> <span class='ocrx_word' id='word_1_209' title='bbox 1286 2829 1627 2897; x_wconf 85' lang='lat' dir='ltr'><strong>corruptibili</strong></span> <span class='ocrx_word' id='word_1_210' title='bbox 1658 2829 1759 2885; x_wconf 90' lang='lat' dir='ltr'><strong>hoc</strong></span> 
     </span>
    </p>
   </div>
   <div class='ocr_carea' id='block_1_32' title="bbox 178 2920 1756 2990">
    <p class='ocr_par' dir='ltr' id='par_1_32' title="bbox 178 2920 1756 2990">
     <span class='ocr_line' id='line_1_32' title="bbox 178 2920 1756 2990; baseline 0.001 -13"><span class='ocrx_word' id='word_1_211' title='bbox 178 2925 407 2979; x_wconf 89' lang='lat' dir='ltr'><strong>induere</strong></span> <span class='ocrx_word' id='word_1_212' title='bbox 452 2922 913 2990; x_wconf 88' lang='lat' dir='ltr'><strong>incorruptionem</strong></span> <span class='ocrx_word' id='word_1_213' title='bbox 967 2920 1077 2983; x_wconf 70' lang='grc'><strong>³³.»</strong></span> <span class='ocrx_word' id='word_1_214' title='bbox 1140 2929 1286 2989; x_wconf 91' lang='lat' dir='ltr'><strong>etc.;</strong></span> <span class='ocrx_word' id='word_1_215' title='bbox 1342 2929 1398 2976; x_wconf 90' lang='lat' dir='ltr'><strong>et</strong></span> <span class='ocrx_word' id='word_1_216' title='bbox 1451 2922 1505 2975; x_wconf 91' lang='lat' dir='ltr'><strong>in</strong></span> <span class='ocrx_word' id='word_1_217' title='bbox 1555 2922 1756 2979; x_wconf 86' lang='lat' dir='ltr'><strong>Catena</strong></span> 
     </span>
    </p>
   </div>
   <div class='ocr_carea' id='block_1_33' title="bbox 174 3012 1756 3084">
    <p class='ocr_par' dir='ltr' id='par_1_33' title="bbox 174 3012 1756 3084">
     <span class='ocr_line' id='line_1_33' title="bbox 174 3012 1756 3084; baseline -0.002 -12"><span class='ocrx_word' id='word_1_218' title='bbox 174 3015 511 3072; x_wconf 88' lang='lat' dir='ltr'><strong>Corderiana</strong></span> <span class='ocrx_word' id='word_1_219' title='bbox 569 3022 625 3068; x_wconf 82' lang='lat' dir='ltr'><strong>in</strong></span> <span class='ocrx_word' id='word_1_220' title='bbox 679 3012 867 3084; x_wconf 82' lang='lat' dir='ltr'><strong>psalm.</strong></span> <span class='ocrx_word' id='word_1_221' title='bbox 916 3028 1109 3078; x_wconf 81' lang='lat' dir='ltr'><strong>cxvm,</strong></span> <span class='ocrx_word' id='word_1_222' title='bbox 1150 3012 1244 3078; x_wconf 79' lang='lat'><strong>‘25,</strong></span> <span class='ocrx_word' id='word_1_223' title='bbox 1310 3029 1432 3083; x_wconf 76' lang='lat' dir='ltr'><strong>pag.</strong></span> <span class='ocrx_word' id='word_1_224' title='bbox 1471 3014 1756 3069; x_wconf 75' lang='grc' dir='ltr'><strong>799εΝὖν</strong></span> 
     </span>
    </p>
   </div>
   <div class='ocr_carea' id='block_1_34' title="bbox 178 3104 1755 3180">
    <p class='ocr_par' dir='ltr' id='par_1_34' title="bbox 178 3104 1755 3180">
     <span class='ocr_line' id='line_1_34' title="bbox 178 3104 1755 3180; baseline 0.001 -19"><span class='ocrx_word' id='word_1_225' title='bbox 178 3108 282 3180; x_wconf 79' lang='grc' dir='ltr'>μὲν</span> <span class='ocrx_word' id='word_1_226' title='bbox 312 3106 572 3177; x_wconf 77' lang='grc' dir='ltr'><strong>ἐκολλήθη</strong></span> <span class='ocrx_word' id='word_1_227' title='bbox 601 3104 680 3175; x_wconf 83' lang='grc' dir='ltr'><strong>τῷ</strong></span> <span class='ocrx_word' id='word_1_228' title='bbox 711 3105 895 3173; x_wconf 75' lang='grc' dir='ltr'>ἐδάφει</span> <span class='ocrx_word' id='word_1_229' title='bbox 925 3105 958 3176; x_wconf 80' lang='grc' dir='ltr'>ἡ</span> <span class='ocrx_word' id='word_1_230' title='bbox 982 3104 1151 3175; x_wconf 73' lang='grc' dir='ltr'>ψυχὴ,</span> <span class='ocrx_word' id='word_1_231' title='bbox 1182 3105 1275 3158; x_wconf 75' lang='grc' dir='ltr'>καὶ</span> <span class='ocrx_word' id='word_1_232' title='bbox 1301 3105 1491 3174; x_wconf 85' lang='grc' dir='ltr'>γέγονε</span> <span class='ocrx_word' id='word_1_233' title='bbox 1514 3107 1679 3179; x_wconf 81' lang='grc' dir='ltr'>σάρξ·</span> <span class='ocrx_word' id='word_1_234' title='bbox 1698 3110 1755 3162; x_wconf 82' lang='grc' dir='ltr'>ὲν</span> 
     </span>
    </p>
   </div>
   <div class='ocr_carea' id='block_1_35' title="bbox 172 3194 1757 3269">
    <p class='ocr_par' dir='ltr' id='par_1_35' title="bbox 172 3194 1757 3269">
     <span class='ocr_line' id='line_1_35' title="bbox 172 3194 1757 3269; baseline 0 -16"><span class='ocrx_word' id='word_1_235' title='bbox 172 3200 233 3253; x_wconf 79' lang='grc' dir='ltr'><strong>δὲ</strong></span> <span class='ocrx_word' id='word_1_236' title='bbox 265 3200 329 3269; x_wconf 81' lang='grc' dir='ltr'>τῇ</span> <span class='ocrx_word' id='word_1_237' title='bbox 374 3198 666 3250; x_wconf 81' lang='grc' dir='ltr'>ἀναστάσει</span> <span class='ocrx_word' id='word_1_238' title='bbox 702 3194 1093 3267; x_wconf 81' lang='grc' dir='ltr'><strong>κολληθήσεται</strong></span> <span class='ocrx_word' id='word_1_239' title='bbox 1123 3197 1155 3266; x_wconf 81' lang='grc' dir='ltr'>ὴ</span> <span class='ocrx_word' id='word_1_240' title='bbox 1193 3195 1331 3268; x_wconf 79' lang='grc' dir='ltr'>σὰρξ</span> <span class='ocrx_word' id='word_1_241' title='bbox 1361 3199 1426 3267; x_wconf 79' lang='grc' dir='ltr'>τῇ</span> <span class='ocrx_word' id='word_1_242' title='bbox 1457 3196 1626 3269; x_wconf 78' lang='grc' dir='ltr'>ψυχῇ,</span> <span class='ocrx_word' id='word_1_243' title='bbox 1663 3199 1757 3253; x_wconf 72' lang='grc' dir='ltr'>καὶ</span> 
     </span>
    </p>
   </div>
   <div class='ocr_carea' id='block_1_36' title="bbox 174 3288 1757 3363">
    <p class='ocr_par' dir='ltr' id='par_1_36' title="bbox 174 3288 1757 3363">
     <span class='ocr_line' id='line_1_36' title="bbox 174 3288 1757 3363; baseline 0.001 -19"><span class='ocrx_word' id='word_1_244' title='bbox 174 3292 331 3344; x_wconf 75' lang='grc' dir='ltr'>ἔσται</span> <span class='ocrx_word' id='word_1_245' title='bbox 356 3290 501 3361; x_wconf 74' lang='grc' dir='ltr'><strong>ψυχὴ</strong></span> <span class='ocrx_word' id='word_1_246' title='bbox 528 3290 649 3361; x_wconf 79' lang='grc' dir='ltr'>ἥτις</span> <span class='ocrx_word' id='word_1_247' title='bbox 679 3288 999 3361; x_wconf 85' lang='grc' dir='ltr'>κολληθείσα</span> <span class='ocrx_word' id='word_1_248' title='bbox 1017 3288 1095 3360; x_wconf 83' lang='grc' dir='ltr'>τῷ</span> <span class='ocrx_word' id='word_1_249' title='bbox 1115 3288 1304 3359; x_wconf 76' lang='grc' dir='ltr'>Κυρίῳ</span> <span class='ocrx_word' id='word_1_250' title='bbox 1331 3291 1388 3341; x_wconf 85' lang='grc' dir='ltr'><strong>ὲν</strong></span> <span class='ocrx_word' id='word_1_251' title='bbox 1404 3292 1470 3360; x_wconf 79' lang='grc' dir='ltr'><strong>τῇ</strong></span> <span class='ocrx_word' id='word_1_252' title='bbox 1495 3290 1757 3363; x_wconf 83' lang='grc' dir='ltr'>καθολικῇ</span> 
     </span>
    </p>
   </div>
   <div class='ocr_carea' id='block_1_37' title="bbox 172 3381 1758 3455">
    <p class='ocr_par' dir='ltr' id='par_1_37' title="bbox 172 3381 1758 3455">
     <span class='ocr_line' id='line_1_37' title="bbox 172 3381 1758 3455; baseline -0.001 -17"><span class='ocrx_word' id='word_1_253' title='bbox 172 3384 470 3439; x_wconf 79' lang='grc' dir='ltr'>ἀναστάσει</span> <span class='ocrx_word' id='word_1_254' title='bbox 508 3382 714 3452; x_wconf 85' lang='grc' dir='ltr'>γίνεται</span> <span class='ocrx_word' id='word_1_255' title='bbox 753 3381 812 3434; x_wconf 82' lang='grc' dir='ltr'>ἒν</span> <span class='ocrx_word' id='word_1_256' title='bbox 847 3382 1085 3453; x_wconf 80' lang='grc' dir='ltr'>πνεῦμα,</span> <span class='ocrx_word' id='word_1_257' title='bbox 1130 3382 1223 3434; x_wconf 81' lang='grc' dir='ltr'><strong>καὶ</strong></span> <span class='ocrx_word' id='word_1_258' title='bbox 1260 3382 1467 3451; x_wconf 77' lang='grc' dir='ltr'>γίνεται</span> <span class='ocrx_word' id='word_1_259' title='bbox 1495 3383 1555 3435; x_wconf 87' lang='grc' dir='ltr'><strong>τὸ</strong></span> <span class='ocrx_word' id='word_1_260' title='bbox 1600 3383 1758 3455; x_wconf 84' lang='grc' dir='ltr'>σῶμα</span> 
     </span>
    </p>
   </div>
   <div class='ocr_carea' id='block_1_38' title="bbox 174 3473 1757 3548">
    <p class='ocr_par' dir='ltr' id='par_1_38' title="bbox 174 3473 1757 3548">
     <span class='ocr_line' id='line_1_38' title="bbox 174 3473 1757 3548; baseline 0 -18"><span class='ocrx_word' id='word_1_261' title='bbox 174 3475 564 3548; x_wconf 82' lang='grc' dir='ltr'>πνευματικόν.</span> <span class='ocrx_word' id='word_1_262' title='bbox 587 3474 699 3528; x_wconf 82' lang='lat' dir='ltr'><strong>Nec</strong></span> <span class='ocrx_word' id='word_1_263' title='bbox 727 3474 887 3528; x_wconf 85' lang='lat' dir='ltr'><strong>aliter</strong></span> <span class='ocrx_word' id='word_1_264' title='bbox 913 3473 1281 3544; x_wconf 89' lang='lat' dir='ltr'><strong>intelligimus,</strong></span> <span class='ocrx_word' id='word_1_265' title='bbox 1305 3489 1425 3543; x_wconf 71' lang='lat' dir='ltr'><strong>quae</strong></span> <span class='ocrx_word' id='word_1_266' title='bbox 1446 3475 1757 3545; x_wconf 88' lang='lat' dir='ltr'><strong>consignata</strong></span> 
     </span>
    </p>
   </div>
   <div class='ocr_carea' id='block_1_39' title="bbox 174 3562 1759 3637">
    <p class='ocr_par' dir='ltr' id='par_1_39' title="bbox 174 3562 1759 3637">
     <span class='ocr_line' id='line_1_39' title="bbox 174 3562 1759 3637; baseline -0.001 -16"><span class='ocrx_word' id='word_1_267' title='bbox 174 3576 304 3621; x_wconf 89' lang='lat' dir='ltr'><strong>sunt</strong></span> <span class='ocrx_word' id='word_1_268' title='bbox 355 3566 446 3622; x_wconf 89' lang='lat' dir='ltr'><strong>lib.</strong></span> <span class='ocrx_word' id='word_1_269' title='bbox 501 3581 535 3618; x_wconf 88' lang='lat' dir='ltr'><strong>v</strong></span> <span class='ocrx_word' id='word_1_270' title='bbox 590 3574 775 3619; x_wconf 84' lang='lat' dir='ltr'><strong>contra</strong></span> <span class='ocrx_word' id='word_1_271' title='bbox 814 3562 979 3628; x_wconf 71' lang='grc' dir='ltr'><strong>σεῖε..</strong></span> <span class='ocrx_word' id='word_1_272' title='bbox 1023 3580 1176 3619; x_wconf 92' lang='lat' dir='ltr'><strong>num.</strong></span> <span class='ocrx_word' id='word_1_273' title='bbox 1217 3564 1304 3629; x_wconf 78' lang='grc'><strong>18,</strong></span> <span class='ocrx_word' id='word_1_274' title='bbox 1347 3563 1487 3620; x_wconf 78' lang='grc' dir='ltr'>Οὔτε</span> <span class='ocrx_word' id='word_1_275' title='bbox 1535 3567 1634 3637; x_wconf 84' lang='grc' dir='ltr'><strong>μὲν</strong></span> <span class='ocrx_word' id='word_1_276' title='bbox 1665 3564 1759 3620; x_wconf 81' lang='grc' dir='ltr'><strong>οὖν</strong></span> 
     </span>
    </p>
   </div>
   <div class='ocr_carea' id='block_1_40' title="bbox 174 3657 1757 3732">
    <p class='ocr_par' dir='ltr' id='par_1_40' title="bbox 174 3657 1757 3732">
     <span class='ocr_line' id='line_1_40' title="bbox 174 3657 1757 3732; baseline 0 -21"><span class='ocrx_word' id='word_1_277' title='bbox 174 3662 357 3732; x_wconf 72' lang='grc' dir='ltr'>ἡμεῖς,</span> <span class='ocrx_word' id='word_1_278' title='bbox 386 3657 512 3712; x_wconf 70' lang='grc' dir='ltr'>οὔτε</span> <span class='ocrx_word' id='word_1_279' title='bbox 543 3657 611 3711; x_wconf 80' lang='grc' dir='ltr'>τὰ</span> <span class='ocrx_word' id='word_1_280' title='bbox 653 3657 772 3710; x_wconf 80' lang='grc' dir='ltr'>θεῖα</span> <span class='ocrx_word' id='word_1_281' title='bbox 814 3657 1120 3728; x_wconf 78' lang='grc' dir='ltr'>γράμματα</span> <span class='ocrx_word' id='word_1_282' title='bbox 1165 3657 1359 3721; x_wconf 85' lang='grc' dir='ltr'>αὑταῖς</span> <span class='ocrx_word' id='word_1_283' title='bbox 1391 3675 1527 3729; x_wconf 84' lang='grc' dir='ltr'>φησι</span> <span class='ocrx_word' id='word_1_284' title='bbox 1564 3658 1757 3731; x_wconf 75' lang='grc' dir='ltr'>σαρξὶ,</span> 
     </span>
    </p>
   </div>
   <div class='ocr_carea' id='block_1_41' title="bbox 177 3748 1755 3823">
    <p class='ocr_par' dir='ltr' id='par_1_41' title="bbox 177 3748 1755 3823">
     <span class='ocr_line' id='line_1_41' title="bbox 177 3748 1755 3823; baseline 0 -19"><span class='ocrx_word' id='word_1_285' title='bbox 177 3750 448 3823; x_wconf 75' lang='grc' dir='ltr'>μηδεμίαν</span> <span class='ocrx_word' id='word_1_286' title='bbox 482 3748 781 3821; x_wconf 77' lang='grc' dir='ltr'>μεταϐολὴν</span> <span class='ocrx_word' id='word_1_287' title='bbox 804 3748 1180 3819; x_wconf 80' lang='grc' dir='ltr'>ἀνειληφυίαις</span> <span class='ocrx_word' id='word_1_288' title='bbox 1200 3750 1297 3819; x_wconf 79' lang='grc' dir='ltr'><strong>τὴν</strong></span> <span class='ocrx_word' id='word_1_289' title='bbox 1321 3750 1414 3803; x_wconf 74' lang='grc' dir='ltr'><strong>ἐπὶ</strong></span> <span class='ocrx_word' id='word_1_290' title='bbox 1442 3750 1505 3802; x_wconf 83' lang='grc' dir='ltr'><strong>τὸ</strong></span> <span class='ocrx_word' id='word_1_291' title='bbox 1528 3749 1755 3821; x_wconf 85' lang='grc' dir='ltr'>βέλτιον,</span> 
     </span>
    </p>
   </div>
   <div class='ocr_carea' id='block_1_42' title="bbox 174 3839 1758 3913">
    <p class='ocr_par' dir='ltr' id='par_1_42' title="bbox 174 3839 1758 3913">
     <span class='ocr_line' id='line_1_42' title="bbox 174 3839 1758 3913; baseline -0.001 -18"><span class='ocrx_word' id='word_1_292' title='bbox 174 3840 440 3913; x_wconf 78' lang='grc' dir='ltr'>ζήσεσθαι</span> <span class='ocrx_word' id='word_1_293' title='bbox 469 3841 593 3904; x_wconf 80' lang='grc' dir='ltr'>τοὺς</span> <span class='ocrx_word' id='word_1_294' title='bbox 627 3839 795 3895; x_wconf 85' lang='grc' dir='ltr'>πάλαι</span> <span class='ocrx_word' id='word_1_295' title='bbox 826 3839 1214 3906; x_wconf 77' lang='grc' dir='ltr'>ἀποθανόντας,</span> <span class='ocrx_word' id='word_1_296' title='bbox 1238 3842 1347 3895; x_wconf 87' lang='grc' dir='ltr'><strong>ἀπὸ</strong></span> <span class='ocrx_word' id='word_1_297' title='bbox 1376 3842 1473 3913; x_wconf 83' lang='grc' dir='ltr'><strong>τῆς</strong></span> <span class='ocrx_word' id='word_1_298' title='bbox 1502 3842 1606 3913; x_wconf 84' lang='grc' dir='ltr'><strong>γῆς</strong></span> <span class='ocrx_word' id='word_1_299' title='bbox 1626 3844 1758 3899; x_wconf 80' lang='grc' dir='ltr'>ἀνα-</span> 
     </span>
    </p>
   </div>
   <div class='ocr_carea' id='block_1_43' title="bbox 171 3932 1759 4002">
    <p class='ocr_par' dir='ltr' id='par_1_43' title="bbox 171 3932 1759 4002">
     <span class='ocr_line' id='line_1_43' title="bbox 171 3932 1759 4002; baseline 0.002 -13"><span class='ocrx_word' id='word_1_300' title='bbox 171 3934 390 3998; x_wconf 81' lang='grc' dir='ltr'>δύντας.</span> <span class='ocrx_word' id='word_1_301' title='bbox 425 3932 560 3987; x_wconf 89' lang='lat' dir='ltr'><strong>Nam</strong></span> <span class='ocrx_word' id='word_1_302' title='bbox 588 3933 878 4002; x_wconf 86' lang='lat' dir='ltr'><strong>quominus</strong></span> <span class='ocrx_word' id='word_1_303' title='bbox 910 3942 1057 3987; x_wconf 88' lang='lat' dir='ltr'><strong>recta</strong></span> <span class='ocrx_word' id='word_1_304' title='bbox 1108 3933 1194 3989; x_wconf 91' lang='lat' dir='ltr'><strong>his</strong></span> <span class='ocrx_word' id='word_1_305' title='bbox 1241 3934 1509 3989; x_wconf 87' lang='lat' dir='ltr'><strong>sententia</strong></span> <span class='ocrx_word' id='word_1_306' title='bbox 1545 3950 1759 3992; x_wconf 86' lang='lat' dir='ltr'><strong>accom-</strong></span> 
     </span>
    </p>
   </div>
   <div class='ocr_carea' id='block_1_44' title="bbox 176 4024 1755 4098">
    <p class='ocr_par' dir='ltr' id='par_1_44' title="bbox 176 4024 1755 4098">
     <span class='ocr_line' id='line_1_44' title="bbox 176 4024 1755 4098; baseline 0 -17"><span class='ocrx_word' id='word_1_307' title='bbox 176 4027 387 4083; x_wconf 78' lang='lat' dir='ltr'><strong>rnodari</strong></span> <span class='ocrx_word' id='word_1_308' title='bbox 459 4026 668 4097; x_wconf 84' lang='lat' dir='ltr'><strong>possit.</strong></span> <span class='ocrx_word' id='word_1_309' title='bbox 734 4024 1123 4095; x_wconf 89' lang='lat' dir='ltr'><strong>impedimento</strong></span> <span class='ocrx_word' id='word_1_310' title='bbox 1196 4036 1283 4082; x_wconf 92' lang='lat' dir='ltr'><strong>est</strong></span> <span class='ocrx_word' id='word_1_311' title='bbox 1357 4026 1446 4083; x_wconf 91' lang='lat' dir='ltr'><strong>hic</strong></span> <span class='ocrx_word' id='word_1_312' title='bbox 1514 4028 1755 4098; x_wconf 87' lang='lat' dir='ltr'><strong>Apostoli</strong></span> 
     </span>
    </p>
   </div>
   <div class='ocr_carea' id='block_1_45' title="bbox 176 4116 1759 4190">
    <p class='ocr_par' dir='ltr' id='par_1_45' title="bbox 176 4116 1759 4190">
     <span class='ocr_line' id='line_1_45' title="bbox 176 4116 1759 4190; baseline 0 -16"><span class='ocrx_word' id='word_1_313' title='bbox 176 4122 331 4177; x_wconf 88' lang='lat' dir='ltr'><strong>locus</strong></span> <span class='ocrx_word' id='word_1_314' title='bbox 361 4119 405 4151; x_wconf 74' lang='lat'>“</span> <span class='ocrx_word' id='word_1_315' title='bbox 437 4116 465 4173; x_wconf 74' lang='lat'><strong>:‘</strong></span> <span class='ocrx_word' id='word_1_316' title='bbox 491 4136 510 4170; x_wconf 78' lang='grc' dir='ltr'><strong>ι</strong></span> <span class='ocrx_word' id='word_1_317' title='bbox 540 4116 654 4171; x_wconf 87' lang='lat' dir='ltr'><strong>Hoc</strong></span> <span class='ocrx_word' id='word_1_318' title='bbox 676 4126 856 4171; x_wconf 85' lang='lat' dir='ltr'><strong>autem</strong></span> <span class='ocrx_word' id='word_1_319' title='bbox 885 4116 1032 4181; x_wconf 90' lang='lat' dir='ltr'><strong>dico,</strong></span> <span class='ocrx_word' id='word_1_320' title='bbox 1076 4116 1301 4183; x_wconf 82' lang='lat' dir='ltr'><strong>fratres,</strong></span> <span class='ocrx_word' id='word_1_321' title='bbox 1347 4119 1475 4190; x_wconf 87' lang='lat' dir='ltr'><strong>quia</strong></span> <span class='ocrx_word' id='word_1_322' title='bbox 1521 4135 1657 4177; x_wconf 87' lang='lat' dir='ltr'><strong>caro</strong></span> <span class='ocrx_word' id='word_1_323' title='bbox 1703 4130 1759 4176; x_wconf 90' lang='lat' dir='ltr'><strong>et</strong></span> 
     </span>
    </p>
   </div>
   <div class='ocr_carea' id='block_1_46' title="bbox 172 4207 1750 4281">
    <p class='ocr_par' dir='ltr' id='par_1_46' title="bbox 172 4207 1750 4281">
     <span class='ocr_line' id='line_1_46' title="bbox 172 4207 1750 4281; baseline 0 -17"><span class='ocrx_word' id='word_1_324' title='bbox 172 4210 400 4281; x_wconf 77' lang='lat' dir='ltr'><strong>sanguis</strong></span> <span class='ocrx_word' id='word_1_325' title='bbox 454 4224 682 4278; x_wconf 87' lang='lat' dir='ltr'><strong>regnum</strong></span> <span class='ocrx_word' id='word_1_326' title='bbox 734 4207 826 4262; x_wconf 90' lang='lat' dir='ltr'><strong>Dei</strong></span> <span class='ocrx_word' id='word_1_327' title='bbox 888 4208 1210 4264; x_wconf 67' lang='lat' dir='ltr'><strong>haereditare</strong></span> <span class='ocrx_word' id='word_1_328' title='bbox 1253 4224 1361 4265; x_wconf 91' lang='lat' dir='ltr'><strong>non</strong></span> <span class='ocrx_word' id='word_1_329' title='bbox 1422 4221 1693 4281; x_wconf 87' lang='lat' dir='ltr'><strong>possunt:</strong></span> <span class='ocrx_word' id='word_1_330' title='bbox 1732 4230 1750 4264; x_wconf 77' lang='grc' dir='ltr'><strong>ι</strong></span> 
     </span>
    </p>
   </div>
   <div class='ocr_carea' id='block_1_47' title="bbox 172 4300 1758 4379">
    <p class='ocr_par' dir='ltr' id='par_1_47' title="bbox 172 4300 1758 4379">
     <span class='ocr_line' id='line_1_47' title="bbox 172 4300 1758 4379; baseline 0.001 -22"><span class='ocrx_word' id='word_1_331' title='bbox 172 4317 288 4375; x_wconf 87' lang='lat' dir='ltr'><strong>quo</strong></span> <span class='ocrx_word' id='word_1_332' title='bbox 315 4302 569 4357; x_wconf 83' lang='lat' dir='ltr'><strong>seusilem</strong></span> <span class='ocrx_word' id='word_1_333' title='bbox 612 4300 754 4355; x_wconf 87' lang='lat' dir='ltr'><strong>hanc</strong></span> <span class='ocrx_word' id='word_1_334' title='bbox 787 4310 843 4356; x_wconf 91' lang='lat' dir='ltr'><strong>et</strong></span> <span class='ocrx_word' id='word_1_335' title='bbox 881 4302 1271 4370; x_wconf 85' lang='lat' dir='ltr'><strong>aspectabtlem</strong></span> <span class='ocrx_word' id='word_1_336' title='bbox 1320 4305 1758 4379; x_wconf 33' lang='lat' dir='ltr'><strong>quamogerimus</strong></span> 
     </span>
    </p>
   </div>
   <div class='ocr_carea' id='block_1_48' title="bbox 171 4393 1757 4465">
    <p class='ocr_par' dir='ltr' id='par_1_48' title="bbox 171 4393 1757 4465">
     <span class='ocr_line' id='line_1_48' title="bbox 171 4393 1757 4465; baseline 0.001 -15"><span class='ocrx_word' id='word_1_337' title='bbox 171 4410 393 4450; x_wconf 85' lang='lat' dir='ltr'><strong>carnem</strong></span> <span class='ocrx_word' id='word_1_338' title='bbox 412 4409 579 4465; x_wconf 89' lang='lat' dir='ltr'><strong>regno</strong></span> <span class='ocrx_word' id='word_1_339' title='bbox 603 4394 809 4450; x_wconf 69' lang='lat' dir='ltr'><strong>caalesti</strong></span> <span class='ocrx_word' id='word_1_340' title='bbox 826 4393 1238 4462; x_wconf 81' lang='lat' dir='ltr'><strong>excludendam,</strong></span> <span class='ocrx_word' id='word_1_341' title='bbox 1262 4404 1317 4450; x_wconf 93' lang='lat' dir='ltr'><strong>et</strong></span> <span class='ocrx_word' id='word_1_342' title='bbox 1339 4397 1757 4452; x_wconf 90' lang='lat' dir='ltr'><strong>resurrectionis</strong></span> 
     </span>
    </p>
   </div>
   <div class='ocr_carea' id='block_1_49' title="bbox 173 4476 1831 4561">
    <p class='ocr_par' dir='ltr' id='par_1_49' title="bbox 173 4476 1831 4561">
     <span class='ocr_line' id='line_1_49' title="bbox 173 4476 1831 4561; baseline 0 -19"><span class='ocrx_word' id='word_1_343' title='bbox 173 4487 444 4542; x_wconf 87' lang='lat' dir='ltr'><strong>beneﬁcio</strong></span> <span class='ocrx_word' id='word_1_344' title='bbox 492 4486 813 4555; x_wconf 76' lang='lat' dir='ltr'><strong>privandum</strong></span> <span class='ocrx_word' id='word_1_345' title='bbox 869 4485 1170 4555; x_wconf 89' lang='lat' dir='ltr'><strong>signiﬁcari</strong></span> <span class='ocrx_word' id='word_1_346' title='bbox 1219 4496 1391 4555; x_wconf 91' lang='lat' dir='ltr'><strong>putat.</strong></span> <span class='ocrx_word' id='word_1_347' title='bbox 1459 4486 1597 4543; x_wconf 81' lang='lat' dir='ltr'><strong>Hinc</strong></span> <span class='ocrx_word' id='word_1_348' title='bbox 1654 4489 1755 4561; x_wconf 82' lang='grc' dir='ltr'>τὴν</span> <span class='ocrx_word' id='word_1_349' title='bbox 1785 4476 1831 4531; x_wconf 81' lang='grc' dir='ltr'><strong>Ι)</strong></span> 
     </span>
    </p>
   </div>
   <div class='ocr_carea' id='block_1_50' title="bbox 170 4577 1752 4651">
    <p class='ocr_par' dir='ltr' id='par_1_50' title="bbox 170 4577 1752 4651">
     <span class='ocr_line' id='line_1_50' title="bbox 170 4577 1752 4651; baseline -0.001 -18"><span class='ocrx_word' id='word_1_350' title='bbox 170 4577 596 4651; x_wconf 77' lang='grc' dir='ltr'><strong>κεκηρυγμένην</strong></span> <span class='ocrx_word' id='word_1_351' title='bbox 616 4577 717 4649; x_wconf 84' lang='grc' dir='ltr'><strong>τῆς</strong></span> <span class='ocrx_word' id='word_1_352' title='bbox 750 4578 951 4649; x_wconf 81' lang='grc' dir='ltr'>σαρκὸς</span> <span class='ocrx_word' id='word_1_353' title='bbox 987 4577 1283 4632; x_wconf 83' lang='grc' dir='ltr'>ἀνάστασιν</span> <span class='ocrx_word' id='word_1_354' title='bbox 1312 4579 1371 4630; x_wconf 85' lang='grc' dir='ltr'>ὲν</span> <span class='ocrx_word' id='word_1_355' title='bbox 1394 4582 1514 4643; x_wconf 83' lang='grc' dir='ltr'>ταῖς</span> <span class='ocrx_word' id='word_1_356' title='bbox 1551 4578 1752 4651; x_wconf 80' lang='grc' dir='ltr'>ἐκκλη-</span> 
     </span>
    </p>
   </div>
   <div class='ocr_carea' id='block_1_51' title="bbox 172 4672 1753 4744">
    <p class='ocr_par' dir='ltr' id='par_1_51' title="bbox 172 4672 1753 4744">
     <span class='ocr_line' id='line_1_51' title="bbox 172 4672 1753 4744; baseline 0.001 -17"><span class='ocrx_word' id='word_1_357' title='bbox 172 4673 342 4737; x_wconf 78' lang='grc' dir='ltr'>σίαις,</span> <span class='ocrx_word' id='word_1_358' title='bbox 400 4672 505 4726; x_wconf 83' lang='grc' dir='ltr'><strong>ὑπὸ</strong></span> <span class='ocrx_word' id='word_1_359' title='bbox 548 4672 656 4726; x_wconf 82' lang='grc' dir='ltr'><strong>τῶν</strong></span> <span class='ocrx_word' id='word_1_360' title='bbox 706 4672 1085 4743; x_wconf 82' lang='grc' dir='ltr'>συνετωτέρων</span> <span class='ocrx_word' id='word_1_361' title='bbox 1137 4673 1459 4744; x_wconf 87' lang='grc' dir='ltr'>τρανότερον</span> <span class='ocrx_word' id='word_1_362' title='bbox 1518 4674 1753 4729; x_wconf 87' lang='grc' dir='ltr'>νοεῖσθαι</span> 
     </span>
    </p>
   </div>
   <div class='ocr_carea' id='block_1_52' title="bbox 172 4764 1752 4839">
    <p class='ocr_par' dir='ltr' id='par_1_52' title="bbox 172 4764 1752 4839">
     <span class='ocr_line' id='line_1_52' title="bbox 172 4764 1752 4839; baseline 0.002 -20"><span class='ocrx_word' id='word_1_363' title='bbox 172 4766 376 4821; x_wconf 89' lang='lat' dir='ltr'><strong>ibidem</strong></span> <span class='ocrx_word' id='word_1_364' title='bbox 412 4764 639 4829; x_wconf 81' lang='lat' dir='ltr'><strong>scribit;</strong></span> <span class='ocrx_word' id='word_1_365' title='bbox 668 4775 724 4820; x_wconf 89' lang='lat' dir='ltr'><strong>et</strong></span> <span class='ocrx_word' id='word_1_366' title='bbox 755 4765 882 4818; x_wconf 82' lang='lat' dir='ltr'><strong>alibi</strong></span> <span class='ocrx_word' id='word_1_367' title='bbox 916 4766 1367 4821; x_wconf 86' lang='lat' dir='ltr'><strong>resurrectionem</strong></span> <span class='ocrx_word' id='word_1_368' title='bbox 1425 4767 1484 4820; x_wconf 85' lang='grc' dir='ltr'>ὲν</span> <span class='ocrx_word' id='word_1_369' title='bbox 1522 4769 1589 4839; x_wconf 80' lang='grc' dir='ltr'><strong>τῇ</strong></span> <span class='ocrx_word' id='word_1_370' title='bbox 1626 4783 1752 4822; x_wconf 89' lang='grc' dir='ltr'>συν-</span> 
     </span>
    </p>
   </div>
   <div class='ocr_carea' id='block_1_53' title="bbox 166 4856 1750 4930">
    <p class='ocr_par' dir='ltr' id='par_1_53' title="bbox 166 4856 1750 4930">
     <span class='ocr_line' id='line_1_53' title="bbox 166 4856 1750 4930; baseline 0.001 -18"><span class='ocrx_word' id='word_1_371' title='bbox 166 4857 333 4930; x_wconf 72' lang='grc' dir='ltr'>ηθείᾳ</span> <span class='ocrx_word' id='word_1_372' title='bbox 368 4856 476 4913; x_wconf 77' lang='grc' dir='ltr'>τῶν</span> <span class='ocrx_word' id='word_1_373' title='bbox 489 4857 872 4929; x_wconf 83' lang='grc' dir='ltr'>ἁπλουστέρων</span> <span class='ocrx_word' id='word_1_374' title='bbox 899 4856 1258 4929; x_wconf 72' lang='grc' dir='ltr'>ὀνομάζεσθαι</span> <span class='ocrx_word' id='word_1_375' title='bbox 1293 4858 1587 4914; x_wconf 82' lang='grc' dir='ltr'>ἀνάστασιν</span> <span class='ocrx_word' id='word_1_376' title='bbox 1618 4876 1750 4930; x_wconf 83' lang='grc' dir='ltr'>σαρ-</span> 
     </span>
    </p>
   </div>
   <div class='ocr_carea' id='block_1_54' title="bbox 245 5040 1749 5112">
    <p class='ocr_par' dir='ltr' id='par_1_54' title="bbox 245 5040 1749 5112">
     <span class='ocr_line' id='line_1_54' title="bbox 245 5040 1749 5112; baseline 0.003 -17"><span class='ocrx_word' id='word_1_377' title='bbox 245 5040 340 5097; x_wconf 66' lang='grc' dir='ltr'><strong>γι.</strong></span> <span class='ocrx_word' id='word_1_378' title='bbox 388 5041 746 5108; x_wconf 86' lang='lat' dir='ltr'><strong>Quantumvis</strong></span> <span class='ocrx_word' id='word_1_379' title='bbox 780 5049 961 5098; x_wconf 89' lang='lat' dir='ltr'><strong>autem</strong></span> <span class='ocrx_word' id='word_1_380' title='bbox 1006 5042 1295 5112; x_wconf 88' lang='lat' dir='ltr'><strong>perspicua</strong></span> <span class='ocrx_word' id='word_1_381' title='bbox 1343 5043 1595 5097; x_wconf 86' lang='lat' dir='ltr'><strong>videatur</strong></span> <span class='ocrx_word' id='word_1_382' title='bbox 1632 5044 1749 5100; x_wconf 85' lang='lat' dir='ltr'><strong>Ori-</strong></span> 
     </span>
    </p>
   </div>
   <div class='ocr_carea' id='block_1_55' title="bbox 168 5130 1749 5202">
    <p class='ocr_par' dir='ltr' id='par_1_55' title="bbox 168 5130 1749 5202">
     <span class='ocr_line' id='line_1_55' title="bbox 168 5130 1749 5202; baseline -0.001 -14"><span class='ocrx_word' id='word_1_383' title='bbox 168 5132 329 5201; x_wconf 85' lang='lat' dir='ltr'><strong>genis</strong></span> <span class='ocrx_word' id='word_1_384' title='bbox 355 5141 411 5186; x_wconf 90' lang='lat' dir='ltr'><strong>et</strong></span> <span class='ocrx_word' id='word_1_385' title='bbox 437 5142 697 5187; x_wconf 87' lang='lat' dir='ltr'><strong>constans</strong></span> <span class='ocrx_word' id='word_1_386' title='bbox 724 5130 911 5201; x_wconf 90' lang='lat' dir='ltr'><strong>opinio</strong></span> <span class='ocrx_word' id='word_1_387' title='bbox 930 5170 947 5198; x_wconf 95' lang='lat'><strong>,</strong></span> <span class='ocrx_word' id='word_1_388' title='bbox 984 5141 1251 5202; x_wconf 85' lang='lat' dir='ltr'><strong>repugnat</strong></span> <span class='ocrx_word' id='word_1_389' title='bbox 1279 5139 1457 5187; x_wconf 90' lang='lat' dir='ltr'><strong>tamen</strong></span> <span class='ocrx_word' id='word_1_390' title='bbox 1492 5130 1749 5200; x_wconf 86' lang='lat' dir='ltr'><strong>Pamphi-</strong></span> 
     </span>
    </p>
   </div>
   <div class='ocr_carea' id='block_1_56' title="bbox 172 5223 1748 5292">
    <p class='ocr_par' dir='ltr' id='par_1_56' title="bbox 172 5223 1748 5292">
     <span class='ocr_line' id='line_1_56' title="bbox 172 5223 1748 5292; baseline 0.001 -14"><span class='ocrx_word' id='word_1_391' title='bbox 172 5225 281 5289; x_wconf 87' lang='lat' dir='ltr'><strong>lus,</strong></span> <span class='ocrx_word' id='word_1_392' title='bbox 341 5233 394 5277; x_wconf 90' lang='lat' dir='ltr'><strong>et</strong></span> <span class='ocrx_word' id='word_1_393' title='bbox 450 5239 519 5278; x_wconf 89' lang='lat' dir='ltr'><strong>ne</strong></span> <span class='ocrx_word' id='word_1_394' title='bbox 563 5238 593 5277; x_wconf 90' lang='lat' dir='ltr'><strong>a</strong></span> <span class='ocrx_word' id='word_1_395' title='bbox 650 5238 817 5278; x_wconf 86' lang='lat' dir='ltr'><strong>carne</strong></span> <span class='ocrx_word' id='word_1_396' title='bbox 866 5223 1082 5292; x_wconf 86' lang='lat' dir='ltr'><strong>quidem</strong></span> <span class='ocrx_word' id='word_1_397' title='bbox 1118 5224 1230 5291; x_wconf 90' lang='lat' dir='ltr'><strong>ipsa</strong></span> <span class='ocrx_word' id='word_1_398' title='bbox 1294 5224 1748 5279; x_wconf 84' lang='lat' dir='ltr'><strong>resurrectionem</strong></span> 
     </span>
    </p>
   </div>
   <div class='ocr_carea' id='block_1_57' title="bbox 170 5313 1750 5385">
    <p class='ocr_par' dir='ltr' id='par_1_57' title="bbox 170 5313 1750 5385">
     <span class='ocr_line' id='line_1_57' title="bbox 170 5313 1750 5385; baseline 0.003 -16"><span class='ocrx_word' id='word_1_399' title='bbox 170 5313 518 5384; x_wconf 83' lang='lat' dir='ltr'><strong>abjndicasse</strong></span> <span class='ocrx_word' id='word_1_400' title='bbox 582 5330 705 5370; x_wconf 91' lang='lat' dir='ltr'><strong>eum</strong></span> <span class='ocrx_word' id='word_1_401' title='bbox 764 5315 1143 5380; x_wconf 87' lang='lat' dir='ltr'><strong>demonstrat,</strong></span> <span class='ocrx_word' id='word_1_402' title='bbox 1204 5315 1537 5385; x_wconf 88' lang='lat' dir='ltr'><strong>depromptis</strong></span> <span class='ocrx_word' id='word_1_403' title='bbox 1606 5316 1750 5373; x_wconf 89' lang='lat' dir='ltr'><strong>illius</strong></span> 
     </span>
    </p>
   </div>
   <div class='ocr_carea' id='block_1_58' title="bbox 170 5405 1752 5477">
    <p class='ocr_par' dir='ltr' id='par_1_58' title="bbox 170 5405 1752 5477">
     <span class='ocr_line' id='line_1_58' title="bbox 170 5405 1752 5477; baseline 0.004 -18"><span class='ocrx_word' id='word_1_404' title='bbox 170 5409 353 5464; x_wconf 83' lang='lat' dir='ltr'><strong>verbis</strong></span> <span class='ocrx_word' id='word_1_405' title='bbox 390 5423 423 5462; x_wconf 89' lang='lat' dir='ltr'><strong>e</strong></span> <span class='ocrx_word' id='word_1_406' title='bbox 458 5406 846 5462; x_wconf 74' lang='lat' dir='ltr'><strong>Commentario</strong></span> <span class='ocrx_word' id='word_1_407' title='bbox 891 5406 948 5459; x_wconf 83' lang='lat' dir='ltr'><strong>in</strong></span> <span class='ocrx_word' id='word_1_408' title='bbox 1006 5405 1266 5475; x_wconf 74' lang='lat' dir='ltr'><strong>psalmum</strong></span> <span class='ocrx_word' id='word_1_409' title='bbox 1324 5422 1413 5473; x_wconf 84' lang='lat' dir='ltr'><strong>xv,</strong></span> <span class='ocrx_word' id='word_1_410' title='bbox 1460 5423 1581 5477; x_wconf 63' lang='lat' dir='ltr'><strong>quae</strong></span> <span class='ocrx_word' id='word_1_411' title='bbox 1624 5418 1752 5465; x_wconf 90' lang='lat' dir='ltr'><strong>sunt</strong></span> 
     </span>
    </p>
   </div>
   <div class='ocr_carea' id='block_1_59' title="bbox 173 5497 1748 5569">
    <p class='ocr_par' dir='ltr' id='par_1_59' title="bbox 173 5497 1748 5569">
     <span class='ocr_line' id='line_1_59' title="bbox 173 5497 1748 5569; baseline 0 -14"><span class='ocrx_word' id='word_1_412' title='bbox 173 5498 523 5567; x_wconf 76' lang='lat' dir='ltr'><strong>huiusmodi:</strong></span> <span class='ocrx_word' id='word_1_413' title='bbox 563 5497 926 5555; x_wconf 66' lang='lat' dir='ltr'><strong>«Oﬁendatur</strong></span> <span class='ocrx_word' id='word_1_414' title='bbox 973 5498 1066 5569; x_wconf 90' lang='lat' dir='ltr'><strong>qui</strong></span> <span class='ocrx_word' id='word_1_415' title='bbox 1126 5497 1240 5553; x_wconf 90' lang='lat' dir='ltr'><strong>vult</strong></span> <span class='ocrx_word' id='word_1_416' title='bbox 1287 5514 1350 5553; x_wconf 85' lang='lat' dir='ltr'><strong>ex</strong></span> <span class='ocrx_word' id='word_1_417' title='bbox 1408 5510 1595 5554; x_wconf 89' lang='lat' dir='ltr'><strong>nostro</strong></span> <span class='ocrx_word' id='word_1_418' title='bbox 1632 5514 1748 5555; x_wconf 89' lang='lat' dir='ltr'><strong>ser-</strong></span> 
     </span>
    </p>
   </div>
   <div class='ocr_carea' id='block_1_60' title="bbox 172 5590 1744 5664">
    <p class='ocr_par' dir='ltr' id='par_1_60' title="bbox 172 5590 1744 5664">
     <span class='ocr_line' id='line_1_60' title="bbox 172 5590 1744 5664; baseline 0 -17"><span class='ocrx_word' id='word_1_419' title='bbox 172 5608 333 5648; x_wconf 90' lang='lat' dir='ltr'><strong>mone</strong></span> <span class='ocrx_word' id='word_1_420' title='bbox 368 5612 382 5647; x_wconf 92' lang='lat'><strong>:</strong></span> <span class='ocrx_word' id='word_1_421' title='bbox 418 5608 520 5664; x_wconf 87' lang='lat' dir='ltr'><strong>ego</strong></span> <span class='ocrx_word' id='word_1_422' title='bbox 570 5602 754 5648; x_wconf 88' lang='lat' dir='ltr'><strong>autem</strong></span> <span class='ocrx_word' id='word_1_423' title='bbox 823 5608 945 5648; x_wconf 91' lang='lat' dir='ltr'><strong>cum</strong></span> <span class='ocrx_word' id='word_1_424' title='bbox 1002 5591 1150 5647; x_wconf 88' lang='lat' dir='ltr'><strong>omni</strong></span> <span class='ocrx_word' id='word_1_425' title='bbox 1215 5590 1413 5647; x_wconf 89' lang='lat' dir='ltr'><strong>ﬁducia</strong></span> <span class='ocrx_word' id='word_1_426' title='bbox 1471 5607 1744 5658; x_wconf 89' lang='lat' dir='ltr'><strong>assevero,</strong></span> 
     </span>
    </p>
   </div>
   <div class='ocr_carea' id='block_1_61' title="bbox 257 5778 1317 5848">
    <p class='ocr_par' dir='ltr' id='par_1_61' title="bbox 257 5778 1317 5848">
     <span class='ocr_line' id='line_1_61' title="bbox 257 5778 1317 5848; baseline 0.001 -14"><span class='ocrx_word' id='word_1_427' title='bbox 257 5778 502 5838; x_wconf 77' lang='lat' dir='ltr'><strong>&quot;Matth.</strong></span> <span class='ocrx_word' id='word_1_428' title='bbox 534 5796 643 5848; x_wconf 79' lang='lat' dir='ltr'><strong>xvr,</strong></span> <span class='ocrx_word' id='word_1_429' title='bbox 678 5780 765 5838; x_wconf 74' lang='lat'><strong>26.</strong></span> <span class='ocrx_word' id='word_1_430' title='bbox 847 5779 888 5811; x_wconf 82' lang='grc'>¹³</span> <span class='ocrx_word' id='word_1_431' title='bbox 916 5778 934 5835; x_wconf 89' lang='lat' dir='ltr'><strong>l</strong></span> <span class='ocrx_word' id='word_1_432' title='bbox 960 5778 1078 5837; x_wconf 83' lang='lat' dir='ltr'><strong>Cor.</strong></span> <span class='ocrx_word' id='word_1_433' title='bbox 1114 5795 1202 5848; x_wconf 90' lang='lat' dir='ltr'><strong>xv,</strong></span> <span class='ocrx_word' id='word_1_434' title='bbox 1231 5779 1317 5837; x_wconf 72' lang='lat'><strong>55.</strong></span> 
     </span>
    </p>
   </div>
   <div class='ocr_carea' id='block_1_62' title="bbox 1866 527 3444 599">
    <p class='ocr_par' dir='ltr' id='par_1_62' title="bbox 1866 527 3444 599">
     <span class='ocr_line' id='line_1_62' title="bbox 1866 527 3444 599; baseline 0.002 -17"><span class='ocrx_word' id='word_1_435' title='bbox 1866 529 1939 583; x_wconf 91' lang='lat' dir='ltr'><strong>ita</strong></span> <span class='ocrx_word' id='word_1_436' title='bbox 1989 527 2199 599; x_wconf 87' lang='lat' dir='ltr'><strong>primus</strong></span> <span class='ocrx_word' id='word_1_437' title='bbox 2242 542 2463 581; x_wconf 88' lang='lat' dir='ltr'><strong>carnem</strong></span> <span class='ocrx_word' id='word_1_438' title='bbox 2522 528 2701 580; x_wconf 79' lang='lat' dir='ltr'><strong>evexit</strong></span> <span class='ocrx_word' id='word_1_439' title='bbox 2745 528 2810 580; x_wconf 89' lang='lat' dir='ltr'><strong>ad</strong></span> <span class='ocrx_word' id='word_1_440' title='bbox 2842 528 3118 594; x_wconf 63' lang='lat' dir='ltr'><strong>caelum,»</strong></span> <span class='ocrx_word' id='word_1_441' title='bbox 3180 538 3235 584; x_wconf 91' lang='lat' dir='ltr'><strong>et</strong></span> <span class='ocrx_word' id='word_1_442' title='bbox 3284 533 3444 599; x_wconf 86' lang='lat' dir='ltr'><strong>paulo</strong></span> 
     </span>
    </p>
   </div>
   <div class='ocr_carea' id='block_1_63' title="bbox 1864 617 3425 688">
    <p class='ocr_par' dir='ltr' id='par_1_63' title="bbox 1864 617 3425 688">
     <span class='ocr_line' id='line_1_63' title="bbox 1864 617 3425 688; baseline 0 -15"><span class='ocrx_word' id='word_1_443' title='bbox 1864 626 1987 687; x_wconf 90' lang='lat' dir='ltr'><strong>post</strong></span> <span class='ocrx_word' id='word_1_444' title='bbox 2024 636 2038 673; x_wconf 89' lang='lat'><strong>:</strong></span> <span class='ocrx_word' id='word_1_445' title='bbox 2076 635 2097 671; x_wconf 73' lang='grc' dir='ltr'><strong>ι</strong></span> <span class='ocrx_word' id='word_1_446' title='bbox 2123 617 2248 673; x_wconf 67' lang='lat' dir='ltr'><strong>limo</strong></span> <span class='ocrx_word' id='word_1_447' title='bbox 2271 628 2491 688; x_wconf 87' lang='lat' dir='ltr'><strong>propter</strong></span> <span class='ocrx_word' id='word_1_448' title='bbox 2529 617 2656 673; x_wconf 87' lang='lat' dir='ltr'><strong>illud</strong></span> <span class='ocrx_word' id='word_1_449' title='bbox 2703 619 2844 687; x_wconf 86' lang='lat' dir='ltr'><strong>quod</strong></span> <span class='ocrx_word' id='word_1_450' title='bbox 2883 620 3086 675; x_wconf 86' lang='lat' dir='ltr'><strong>dictum</strong></span> <span class='ocrx_word' id='word_1_451' title='bbox 3122 631 3245 677; x_wconf 88' lang='lat' dir='ltr'><strong>est:</strong></span> <span class='ocrx_word' id='word_1_452' title='bbox 3275 620 3425 687; x_wconf 89' lang='lat' dir='ltr'><strong>Quo-</strong></span> 
     </span>
    </p>
   </div>
   <div class='ocr_carea' id='block_1_64' title="bbox 1865 709 3431 782">
    <p class='ocr_par' dir='ltr' id='par_1_64' title="bbox 1865 709 3431 782">
     <span class='ocr_line' id='line_1_64' title="bbox 1865 709 3431 782; baseline -0.001 -16"><span class='ocrx_word' id='word_1_453' title='bbox 1865 712 2009 766; x_wconf 90' lang='lat' dir='ltr'><strong>niam</strong></span> <span class='ocrx_word' id='word_1_454' title='bbox 2048 729 2173 767; x_wconf 88' lang='lat' dir='ltr'><strong>caro</strong></span> <span class='ocrx_word' id='word_1_455' title='bbox 2204 728 2319 766; x_wconf 86' lang='lat' dir='ltr'><strong>mea</strong></span> <span class='ocrx_word' id='word_1_456' title='bbox 2344 711 2623 782; x_wconf 77' lang='lat' dir='ltr'><strong>requiescet</strong></span> <span class='ocrx_word' id='word_1_457' title='bbox 2653 711 2707 763; x_wconf 84' lang='lat' dir='ltr'><strong>in</strong></span> <span class='ocrx_word' id='word_1_458' title='bbox 2728 728 2819 777; x_wconf 77' lang='lat' dir='ltr'><strong>spe</strong></span> <span class='ocrx_word' id='word_1_459' title='bbox 2843 710 2906 763; x_wconf 80' lang='grc'><strong>¹⁸.</strong></span> <span class='ocrx_word' id='word_1_460' title='bbox 2932 711 2985 764; x_wconf 93' lang='lat' dir='ltr'><strong>In</strong></span> <span class='ocrx_word' id='word_1_461' title='bbox 3012 725 3118 780; x_wconf 91' lang='lat' dir='ltr'><strong>qua</strong></span> <span class='ocrx_word' id='word_1_462' title='bbox 3140 710 3277 781; x_wconf 80' lang='lat' dir='ltr'><strong>spe?</strong></span> <span class='ocrx_word' id='word_1_463' title='bbox 3311 709 3431 765; x_wconf 82' lang='lat' dir='ltr'><strong>Non</strong></span> 
     </span>
    </p>
   </div>
   <div class='ocr_carea' id='block_1_65' title="bbox 1863 801 3439 872">
    <p class='ocr_par' dir='ltr' id='par_1_65' title="bbox 1863 801 3439 872">
     <span class='ocr_line' id='line_1_65' title="bbox 1863 801 3439 872; baseline 0.001 -15"><span class='ocrx_word' id='word_1_464' title='bbox 1863 803 2040 857; x_wconf 89' lang='lat' dir='ltr'><strong>solum</strong></span> <span class='ocrx_word' id='word_1_465' title='bbox 2068 803 2192 872; x_wconf 88' lang='lat' dir='ltr'><strong>quia</strong></span> <span class='ocrx_word' id='word_1_466' title='bbox 2225 817 2290 857; x_wconf 83' lang='lat' dir='ltr'><strong>ex</strong></span> <span class='ocrx_word' id='word_1_467' title='bbox 2337 802 2562 857; x_wconf 87' lang='lat' dir='ltr'><strong>mortuis</strong></span> <span class='ocrx_word' id='word_1_468' title='bbox 2596 801 2857 871; x_wconf 67' lang='lat' dir='ltr'><strong>resurgit;</strong></span> <span class='ocrx_word' id='word_1_469' title='bbox 2906 817 3094 869; x_wconf 91' lang='lat' dir='ltr'><strong>parum</strong></span> <span class='ocrx_word' id='word_1_470' title='bbox 3142 803 3287 858; x_wconf 89' lang='lat' dir='ltr'><strong>enim</strong></span> <span class='ocrx_word' id='word_1_471' title='bbox 3338 802 3439 858; x_wconf 88' lang='lat' dir='ltr'><strong>hoc</strong></span> 
     </span>
    </p>
   </div>
   <div class='ocr_carea' id='block_1_66' title="bbox 1863 892 3437 963">
    <p class='ocr_par' dir='ltr' id='par_1_66' title="bbox 1863 892 3437 963">
     <span class='ocr_line' id='line_1_66' title="bbox 1863 892 3437 963; baseline -0.001 -13"><span class='ocrx_word' id='word_1_472' title='bbox 1863 902 1948 950; x_wconf 88' lang='lat' dir='ltr'><strong>est</strong></span> <span class='ocrx_word' id='word_1_473' title='bbox 1974 911 1989 949; x_wconf 92' lang='lat'><strong>:</strong></span> <span class='ocrx_word' id='word_1_474' title='bbox 2020 896 2115 950; x_wconf 88' lang='lat' dir='ltr'><strong>sed</strong></span> <span class='ocrx_word' id='word_1_475' title='bbox 2143 894 2196 948; x_wconf 92' lang='lat' dir='ltr'><strong>in</strong></span> <span class='ocrx_word' id='word_1_476' title='bbox 2227 908 2289 948; x_wconf 90' lang='lat' dir='ltr'><strong>ea</strong></span> <span class='ocrx_word' id='word_1_477' title='bbox 2314 908 2409 963; x_wconf 90' lang='lat' dir='ltr'><strong>spe</strong></span> <span class='ocrx_word' id='word_1_478' title='bbox 2442 892 2751 962; x_wconf 88' lang='lat' dir='ltr'><strong>requiescit,</strong></span> <span class='ocrx_word' id='word_1_479' title='bbox 2781 893 2924 961; x_wconf 88' lang='lat' dir='ltr'><strong>quod</strong></span> <span class='ocrx_word' id='word_1_480' title='bbox 2964 904 3239 962; x_wconf 88' lang='lat' dir='ltr'><strong>assumpta</strong></span> <span class='ocrx_word' id='word_1_481' title='bbox 3268 903 3354 949; x_wconf 92' lang='lat' dir='ltr'><strong>est</strong></span> <span class='ocrx_word' id='word_1_482' title='bbox 3383 894 3437 949; x_wconf 92' lang='lat' dir='ltr'><strong>in</strong></span> 
     </span>
    </p>
   </div>
   <div class='ocr_carea' id='block_1_67' title="bbox 1863 984 3439 1055">
    <p class='ocr_par' dir='ltr' id='par_1_67' title="bbox 1863 984 3439 1055">
     <span class='ocr_line' id='line_1_67' title="bbox 1863 984 3439 1055; baseline -0.001 -14"><span class='ocrx_word' id='word_1_483' title='bbox 1863 985 2083 1042; x_wconf 72' lang='lat' dir='ltr'><strong>cmlum.</strong></span> <span class='ocrx_word' id='word_1_484' title='bbox 2114 1004 2135 1039; x_wconf 74' lang='grc' dir='ltr'><strong>ι</strong></span> <span class='ocrx_word' id='word_1_485' title='bbox 2161 984 2368 1052; x_wconf 86' lang='lat' dir='ltr'><strong>Quibus</strong></span> <span class='ocrx_word' id='word_1_486' title='bbox 2398 985 2649 1039; x_wconf 91' lang='lat' dir='ltr'><strong>adderem</strong></span> <span class='ocrx_word' id='word_1_487' title='bbox 2680 994 2735 1040; x_wconf 89' lang='lat' dir='ltr'><strong>et</strong></span> <span class='ocrx_word' id='word_1_488' title='bbox 2759 984 2885 1038; x_wconf 89' lang='lat' dir='ltr'><strong>illud</strong></span> <span class='ocrx_word' id='word_1_489' title='bbox 2916 1000 2946 1039; x_wconf 91' lang='lat' dir='ltr'><strong>e</strong></span> <span class='ocrx_word' id='word_1_490' title='bbox 2983 984 3151 1040; x_wconf 88' lang='lat' dir='ltr'><strong>lib.m</strong></span> <span class='ocrx_word' id='word_1_491' title='bbox 3171 987 3310 1055; x_wconf 77' lang='grc' dir='ltr'>Περὶ</span> <span class='ocrx_word' id='word_1_492' title='bbox 3334 986 3439 1055; x_wconf 74' lang='lat' dir='ltr'><strong>dp-</strong></span> 
     </span>
    </p>
   </div>
   <div class='ocr_carea' id='block_1_68' title="bbox 1864 1076 3441 1150">
    <p class='ocr_par' dir='ltr' id='par_1_68' title="bbox 1864 1076 3441 1150">
     <span class='ocr_line' id='line_1_68' title="bbox 1864 1076 3441 1150; baseline 0.001 -19"><span class='ocrx_word' id='word_1_493' title='bbox 1864 1077 2011 1149; x_wconf 82' lang='grc' dir='ltr'><strong>χῶν,</strong></span> <span class='ocrx_word' id='word_1_494' title='bbox 2051 1094 2171 1150; x_wconf 89' lang='lat' dir='ltr'><strong>cap.</strong></span> <span class='ocrx_word' id='word_1_495' title='bbox 2202 1078 2257 1145; x_wconf 86' lang='lat'><strong>6,</strong></span> <span class='ocrx_word' id='word_1_496' title='bbox 2300 1093 2449 1132; x_wconf 91' lang='lat' dir='ltr'><strong>num.</strong></span> <span class='ocrx_word' id='word_1_497' title='bbox 2493 1077 2550 1144; x_wconf 85' lang='lat'><strong>5,</strong></span> <span class='ocrx_word' id='word_1_498' title='bbox 2583 1076 2685 1133; x_wconf 91' lang='lat' dir='ltr'><strong>nisi</strong></span> <span class='ocrx_word' id='word_1_499' title='bbox 2740 1077 2919 1131; x_wconf 71' lang='lat' dir='ltr'><strong>ltuﬁni</strong></span> <span class='ocrx_word' id='word_1_500' title='bbox 2958 1078 3265 1147; x_wconf 73' lang='lat' dir='ltr'><strong>interpretis</strong></span> <span class='ocrx_word' id='word_1_501' title='bbox 3294 1079 3441 1132; x_wconf 82' lang='lat' dir='ltr'><strong>frau-</strong></span> 
     </span>
    </p>
   </div>
   <div class='ocr_carea' id='block_1_69' title="bbox 1864 1168 3442 1240">
    <p class='ocr_par' dir='ltr' id='par_1_69' title="bbox 1864 1168 3442 1240">
     <span class='ocr_line' id='line_1_69' title="bbox 1864 1168 3442 1240; baseline 0.001 -14"><span class='ocrx_word' id='word_1_502' title='bbox 1864 1171 1961 1226; x_wconf 88' lang='lat' dir='ltr'><strong>des</strong></span> <span class='ocrx_word' id='word_1_503' title='bbox 1988 1172 2333 1225; x_wconf 89' lang='lat' dir='ltr'><strong>subvererer.</strong></span> <span class='ocrx_word' id='word_1_504' title='bbox 2377 1186 2396 1221; x_wconf 77' lang='grc' dir='ltr'><strong>ι</strong></span> <span class='ocrx_word' id='word_1_505' title='bbox 2449 1168 2687 1239; x_wconf 88' lang='lat' dir='ltr'><strong>Denique</strong></span> <span class='ocrx_word' id='word_1_506' title='bbox 2712 1184 2839 1223; x_wconf 89' lang='lat' dir='ltr'><strong>caro</strong></span> <span class='ocrx_word' id='word_1_507' title='bbox 2870 1180 3052 1225; x_wconf 89' lang='lat' dir='ltr'><strong>nostra</strong></span> <span class='ocrx_word' id='word_1_508' title='bbox 3081 1172 3147 1223; x_wconf 86' lang='lat' dir='ltr'><strong>ab</strong></span> <span class='ocrx_word' id='word_1_509' title='bbox 3178 1170 3442 1240; x_wconf 88' lang='lat' dir='ltr'><strong>imperitis</strong></span> 
     </span>
    </p>
   </div>
   <div class='ocr_carea' id='block_1_70' title="bbox 1863 1260 3442 1331">
    <p class='ocr_par' dir='ltr' id='par_1_70' title="bbox 1863 1260 3442 1331">
     <span class='ocr_line' id='line_1_70' title="bbox 1863 1260 3442 1331; baseline 0 -14"><span class='ocrx_word' id='word_1_510' title='bbox 1863 1272 1920 1317; x_wconf 85' lang='lat' dir='ltr'><strong>et</strong></span> <span class='ocrx_word' id='word_1_511' title='bbox 1970 1260 2283 1317; x_wconf 90' lang='lat' dir='ltr'><strong>inﬁdelibus</strong></span> <span class='ocrx_word' id='word_1_512' title='bbox 2326 1261 2400 1315; x_wconf 91' lang='lat' dir='ltr'><strong>ita</strong></span> <span class='ocrx_word' id='word_1_513' title='bbox 2442 1270 2565 1331; x_wconf 88' lang='lat' dir='ltr'><strong>post</strong></span> <span class='ocrx_word' id='word_1_514' title='bbox 2596 1273 2823 1315; x_wconf 89' lang='lat' dir='ltr'><strong>mortem</strong></span> <span class='ocrx_word' id='word_1_515' title='bbox 2867 1261 3116 1331; x_wconf 89' lang='lat' dir='ltr'><strong>deperire</strong></span> <span class='ocrx_word' id='word_1_516' title='bbox 3161 1263 3442 1317; x_wconf 86' lang='lat' dir='ltr'><strong>existima-</strong></span> 
     </span>
    </p>
   </div>
   <div class='ocr_carea' id='block_1_71' title="bbox 1867 1352 3441 1422">
    <p class='ocr_par' dir='ltr' id='par_1_71' title="bbox 1867 1352 3441 1422">
     <span class='ocr_line' id='line_1_71' title="bbox 1867 1352 3441 1422; baseline 0.001 -15"><span class='ocrx_word' id='word_1_517' title='bbox 1867 1362 1973 1417; x_wconf 85' lang='lat' dir='ltr'><strong>tur,</strong></span> <span class='ocrx_word' id='word_1_518' title='bbox 1992 1362 2050 1407; x_wconf 93' lang='lat' dir='ltr'><strong>ut</strong></span> <span class='ocrx_word' id='word_1_519' title='bbox 2079 1354 2209 1408; x_wconf 87' lang='lat' dir='ltr'><strong>uibii</strong></span> <span class='ocrx_word' id='word_1_520' title='bbox 2230 1369 2451 1422; x_wconf 84' lang='lat' dir='ltr'><strong>prorsus</strong></span> <span class='ocrx_word' id='word_1_521' title='bbox 2478 1352 2741 1422; x_wconf 91' lang='lat' dir='ltr'><strong>reliquum</strong></span> <span class='ocrx_word' id='word_1_522' title='bbox 2764 1352 3079 1408; x_wconf 72' lang='lat' dir='ltr'><strong>substantiae</strong></span> <span class='ocrx_word' id='word_1_523' title='bbox 3102 1370 3214 1409; x_wconf 58' lang='lat' dir='ltr'><strong>sua}</strong></span> <span class='ocrx_word' id='word_1_524' title='bbox 3238 1355 3441 1410; x_wconf 82' lang='lat' dir='ltr'><strong>habere</strong></span> 
     </span>
    </p>
   </div>
   <div class='ocr_carea' id='block_1_72' title="bbox 1864 1444 3440 1515">
    <p class='ocr_par' dir='ltr' id='par_1_72' title="bbox 1864 1444 3440 1515">
     <span class='ocr_line' id='line_1_72' title="bbox 1864 1444 3440 1515; baseline -0.002 -11"><span class='ocrx_word' id='word_1_525' title='bbox 1864 1448 2142 1504; x_wconf 85' lang='lat' dir='ltr'><strong>credatur.</strong></span> <span class='ocrx_word' id='word_1_526' title='bbox 2181 1445 2290 1501; x_wconf 85' lang='lat' dir='ltr'><strong>Nos</strong></span> <span class='ocrx_word' id='word_1_527' title='bbox 2316 1460 2445 1501; x_wconf 92' lang='lat' dir='ltr'><strong>vero</strong></span> <span class='ocrx_word' id='word_1_528' title='bbox 2471 1446 2561 1515; x_wconf 91' lang='lat' dir='ltr'><strong>qui</strong></span> <span class='ocrx_word' id='word_1_529' title='bbox 2609 1447 3062 1501; x_wconf 88' lang='lat' dir='ltr'><strong>resurrectionem</strong></span> <span class='ocrx_word' id='word_1_530' title='bbox 3110 1444 3227 1514; x_wconf 89' lang='lat' dir='ltr'><strong>ejus</strong></span> <span class='ocrx_word' id='word_1_531' title='bbox 3265 1448 3440 1502; x_wconf 84' lang='lat' dir='ltr'><strong>credi-</strong></span> 
     </span>
    </p>
   </div>
   <div class='ocr_carea' id='block_1_73' title="bbox 1865 1537 3437 1607">
    <p class='ocr_par' dir='ltr' id='par_1_73' title="bbox 1865 1537 3437 1607">
     <span class='ocr_line' id='line_1_73' title="bbox 1865 1537 3437 1607; baseline -0.001 -13"><span class='ocrx_word' id='word_1_532' title='bbox 1865 1554 2009 1605; x_wconf 88' lang='lat' dir='ltr'><strong>mus,</strong></span> <span class='ocrx_word' id='word_1_533' title='bbox 2044 1538 2475 1594; x_wconf 86' lang='lat' dir='ltr'><strong>immutationem</strong></span> <span class='ocrx_word' id='word_1_534' title='bbox 2500 1537 2616 1605; x_wconf 87' lang='lat' dir='ltr'><strong>ejus</strong></span> <span class='ocrx_word' id='word_1_535' title='bbox 2642 1540 3013 1594; x_wconf 87' lang='lat' dir='ltr'><strong>tantummodo</strong></span> <span class='ocrx_word' id='word_1_536' title='bbox 3051 1548 3174 1607; x_wconf 87' lang='lat' dir='ltr'><strong>post</strong></span> <span class='ocrx_word' id='word_1_537' title='bbox 3208 1548 3437 1594; x_wconf 89' lang='lat' dir='ltr'><strong>mortem</strong></span> 
     </span>
    </p>
   </div>
   <div class='ocr_carea' id='block_1_74' title="bbox 1864 1629 3438 1702">
    <p class='ocr_par' dir='ltr' id='par_1_74' title="bbox 1864 1629 3438 1702">
     <span class='ocr_line' id='line_1_74' title="bbox 1864 1629 3438 1702; baseline -0.002 -16"><span class='ocrx_word' id='word_1_538' title='bbox 1864 1632 2066 1688; x_wconf 82' lang='lat' dir='ltr'><strong>factam</strong></span> <span class='ocrx_word' id='word_1_539' title='bbox 2112 1630 2487 1702; x_wconf 88' lang='lat' dir='ltr'><strong>intelligimus,</strong></span> <span class='ocrx_word' id='word_1_540' title='bbox 2512 1629 2871 1684; x_wconf 85' lang='lat' dir='ltr'><strong>substantiam</strong></span> <span class='ocrx_word' id='word_1_541' title='bbox 2910 1644 3039 1684; x_wconf 90' lang='lat' dir='ltr'><strong>vero</strong></span> <span class='ocrx_word' id='word_1_542' title='bbox 3074 1631 3191 1699; x_wconf 79' lang='lat' dir='ltr'><strong>eius</strong></span> <span class='ocrx_word' id='word_1_543' title='bbox 3230 1642 3438 1695; x_wconf 82' lang='lat' dir='ltr'><strong>certmn</strong></span> 
     </span>
    </p>
   </div>
   <div class='ocr_carea' id='block_1_75' title="bbox 1864 1721 3438 1794">
    <p class='ocr_par' dir='ltr' id='par_1_75' title="bbox 1864 1721 3438 1794">
     <span class='ocr_line' id='line_1_75' title="bbox 1864 1721 3438 1794; baseline 0.001 -15"><span class='ocrx_word' id='word_1_544' title='bbox 1864 1734 1949 1780; x_wconf 89' lang='lat' dir='ltr'><strong>est</strong></span> <span class='ocrx_word' id='word_1_545' title='bbox 1976 1738 2315 1794; x_wconf 87' lang='lat' dir='ltr'><strong>permanere,</strong></span> <span class='ocrx_word' id='word_1_546' title='bbox 2351 1731 2407 1777; x_wconf 94' lang='lat' dir='ltr'><strong>et</strong></span> <span class='ocrx_word' id='word_1_547' title='bbox 2430 1721 2708 1776; x_wconf 85' lang='lat' dir='ltr'><strong>voluntate</strong></span> <span class='ocrx_word' id='word_1_548' title='bbox 2732 1721 3009 1778; x_wconf 82' lang='lat' dir='ltr'><strong>Creatoris</strong></span> <span class='ocrx_word' id='word_1_549' title='bbox 3032 1724 3151 1791; x_wconf 91' lang='lat' dir='ltr'><strong>sui,</strong></span> <span class='ocrx_word' id='word_1_550' title='bbox 3177 1735 3438 1794; x_wconf 86' lang='lat' dir='ltr'><strong>certoque</strong></span> 
     </span>
    </p>
   </div>
   <div class='ocr_carea' id='block_1_76' title="bbox 1867 1820 3437 1892">
    <p class='ocr_par' dir='ltr' id='par_1_76' title="bbox 1867 1820 3437 1892">
     <span class='ocr_line' id='line_1_76' title="bbox 1867 1820 3437 1892; baseline -0.003 -15"><span class='ocrx_word' id='word_1_551' title='bbox 1867 1833 2108 1892; x_wconf 86' lang='lat' dir='ltr'><strong>tempore</strong></span> <span class='ocrx_word' id='word_1_552' title='bbox 2160 1837 2353 1877; x_wconf 88' lang='lat' dir='ltr'><strong>rursus</strong></span> <span class='ocrx_word' id='word_1_553' title='bbox 2394 1820 2639 1891; x_wconf 88' lang='lat' dir='ltr'><strong>reparari</strong></span> <span class='ocrx_word' id='word_1_554' title='bbox 2676 1821 2742 1875; x_wconf 90' lang='lat' dir='ltr'><strong>ad</strong></span> <span class='ocrx_word' id='word_1_555' title='bbox 2779 1820 2985 1885; x_wconf 86' lang='lat' dir='ltr'><strong>vitam,</strong></span> <span class='ocrx_word' id='word_1_556' title='bbox 3038 1830 3200 1888; x_wconf 85' lang='lat' dir='ltr'><strong>atque</strong></span> <span class='ocrx_word' id='word_1_557' title='bbox 3243 1820 3437 1874; x_wconf 91' lang='lat' dir='ltr'><strong>iterum</strong></span> 
     </span>
    </p>
   </div>
   <div class='ocr_carea' id='block_1_77' title="bbox 1864 1911 3440 1984">
    <p class='ocr_par' dir='ltr' id='par_1_77' title="bbox 1864 1911 3440 1984">
     <span class='ocr_line' id='line_1_77' title="bbox 1864 1911 3440 1984; baseline -0.003 -14"><span class='ocrx_word' id='word_1_558' title='bbox 1864 1914 2327 1984; x_wconf 89' lang='lat' dir='ltr'><strong>permutationem</strong></span> <span class='ocrx_word' id='word_1_559' title='bbox 2355 1912 2473 1984; x_wconf 85' lang='lat' dir='ltr'><strong>ejus</strong></span> <span class='ocrx_word' id='word_1_560' title='bbox 2514 1912 2671 1979; x_wconf 86' lang='lat' dir='ltr'><strong>ﬁeri,</strong></span> <span class='ocrx_word' id='word_1_561' title='bbox 2708 1922 2766 1967; x_wconf 91' lang='lat' dir='ltr'><strong>ut</strong></span> <span class='ocrx_word' id='word_1_562' title='bbox 2802 1928 2922 1983; x_wconf 74' lang='lat' dir='ltr'><strong>qua:</strong></span> <span class='ocrx_word' id='word_1_563' title='bbox 2957 1912 3132 1981; x_wconf 92' lang='lat' dir='ltr'><strong>primo</strong></span> <span class='ocrx_word' id='word_1_564' title='bbox 3169 1911 3269 1966; x_wconf 80' lang='lat' dir='ltr'><strong>fuit</strong></span> <span class='ocrx_word' id='word_1_565' title='bbox 3310 1926 3440 1966; x_wconf 86' lang='lat' dir='ltr'><strong>caro</strong></span> 
     </span>
    </p>
   </div>
   <div class='ocr_carea' id='block_1_78' title="bbox 1861 2005 3434 2075">
    <p class='ocr_par' dir='ltr' id='par_1_78' title="bbox 1861 2005 3434 2075">
     <span class='ocr_line' id='line_1_78' title="bbox 1861 2005 3434 2075; baseline -0.003 -12"><span class='ocrx_word' id='word_1_566' title='bbox 1861 2023 1928 2063; x_wconf 86' lang='lat' dir='ltr'><strong>ex</strong></span> <span class='ocrx_word' id='word_1_567' title='bbox 1953 2018 2097 2062; x_wconf 89' lang='lat' dir='ltr'><strong>terra</strong></span> <span class='ocrx_word' id='word_1_568' title='bbox 2127 2017 2365 2070; x_wconf 90' lang='lat' dir='ltr'><strong>terrena,</strong></span> <span class='ocrx_word' id='word_1_569' title='bbox 2388 2014 2501 2060; x_wconf 90' lang='lat' dir='ltr'><strong>tum</strong></span> <span class='ocrx_word' id='word_1_570' title='bbox 2529 2005 2725 2059; x_wconf 90' lang='lat' dir='ltr'><strong>deinde</strong></span> <span class='ocrx_word' id='word_1_571' title='bbox 2752 2006 3011 2061; x_wconf 89' lang='lat' dir='ltr'><strong>dissoluta</strong></span> <span class='ocrx_word' id='word_1_572' title='bbox 3031 2015 3155 2075; x_wconf 88' lang='lat' dir='ltr'><strong>post</strong></span> <span class='ocrx_word' id='word_1_573' title='bbox 3183 2014 3434 2068; x_wconf 89' lang='lat' dir='ltr'><strong>mortem,</strong></span> 
     </span>
    </p>
   </div>
   <div class='ocr_carea' id='block_1_79' title="bbox 1861 2097 3435 2168">
    <p class='ocr_par' dir='ltr' id='par_1_79' title="bbox 1861 2097 3435 2168">
     <span class='ocr_line' id='line_1_79' title="bbox 1861 2097 3435 2168; baseline -0.002 -12"><span class='ocrx_word' id='word_1_574' title='bbox 1861 2109 1915 2156; x_wconf 88' lang='lat' dir='ltr'><strong>et</strong></span> <span class='ocrx_word' id='word_1_575' title='bbox 1949 2100 2146 2155; x_wconf 80' lang='lat' dir='ltr'><strong>iterum</strong></span> <span class='ocrx_word' id='word_1_576' title='bbox 2189 2097 2328 2152; x_wconf 79' lang='lat' dir='ltr'><strong>facta</strong></span> <span class='ocrx_word' id='word_1_577' title='bbox 2366 2098 2508 2153; x_wconf 90' lang='lat' dir='ltr'><strong>cinis</strong></span> <span class='ocrx_word' id='word_1_578' title='bbox 2534 2111 2598 2151; x_wconf 91' lang='lat' dir='ltr'><strong>ac</strong></span> <span class='ocrx_word' id='word_1_579' title='bbox 2630 2107 2818 2165; x_wconf 88' lang='lat' dir='ltr'><strong>terra;</strong></span> <span class='ocrx_word' id='word_1_580' title='bbox 2869 2099 3119 2168; x_wconf 84' lang='lat' dir='ltr'><strong>quoniam</strong></span> <span class='ocrx_word' id='word_1_581' title='bbox 3153 2110 3292 2151; x_wconf 67' lang='lat' dir='ltr'><strong>terra</strong></span> <span class='ocrx_word' id='word_1_582' title='bbox 3337 2116 3392 2153; x_wconf 73' lang='lat' dir='ltr'><strong>es</strong></span> <span class='ocrx_word' id='word_1_583' title='bbox 3417 2139 3435 2167; x_wconf 92' lang='lat'><strong>,</strong></span> 
     </span>
    </p>
   </div>
   <div class='ocr_carea' id='block_1_80' title="bbox 1863 2191 3436 2263">
    <p class='ocr_par' dir='ltr' id='par_1_80' title="bbox 1863 2191 3436 2263">
     <span class='ocr_line' id='line_1_80' title="bbox 1863 2191 3436 2263; baseline 0.001 -16"><span class='ocrx_word' id='word_1_584' title='bbox 1863 2192 2060 2263; x_wconf 89' lang='lat' dir='ltr'><strong>inquit,</strong></span> <span class='ocrx_word' id='word_1_585' title='bbox 2096 2202 2146 2246; x_wconf 83' lang='lat' dir='ltr'><strong>et</strong></span> <span class='ocrx_word' id='word_1_586' title='bbox 2179 2193 2233 2245; x_wconf 83' lang='lat' dir='ltr'><strong>in</strong></span> <span class='ocrx_word' id='word_1_587' title='bbox 2276 2201 2471 2244; x_wconf 84' lang='lat' dir='ltr'><strong>terram</strong></span> <span class='ocrx_word' id='word_1_588' title='bbox 2516 2191 2615 2244; x_wconf 65' lang='lat' dir='ltr'><strong>ibi:</strong></span> <span class='ocrx_word' id='word_1_589' title='bbox 2651 2192 2716 2257; x_wconf 84' lang='grc'><strong>¹⁶,</strong></span> <span class='ocrx_word' id='word_1_590' title='bbox 2758 2206 2973 2245; x_wconf 88' lang='lat' dir='ltr'><strong>rursum</strong></span> <span class='ocrx_word' id='word_1_591' title='bbox 3021 2192 3370 2246; x_wconf 89' lang='lat' dir='ltr'><strong>resuscitetur</strong></span> <span class='ocrx_word' id='word_1_592' title='bbox 3404 2208 3436 2248; x_wconf 90' lang='lat' dir='ltr'><strong>e</strong></span> 
     </span>
    </p>
   </div>
   <div class='ocr_carea' id='block_1_81' title="bbox 1863 2282 3429 2353">
    <p class='ocr_par' dir='ltr' id='par_1_81' title="bbox 1863 2282 3429 2353">
     <span class='ocr_line' id='line_1_81' title="bbox 1863 2282 3429 2353; baseline 0.001 -14"><span class='ocrx_word' id='word_1_593' title='bbox 1863 2296 2045 2350; x_wconf 87' lang='lat' dir='ltr'><strong>terra;</strong></span> <span class='ocrx_word' id='word_1_594' title='bbox 2077 2293 2133 2339; x_wconf 90' lang='lat' dir='ltr'><strong>et</strong></span> <span class='ocrx_word' id='word_1_595' title='bbox 2162 2294 2283 2353; x_wconf 87' lang='lat' dir='ltr'><strong>post</strong></span> <span class='ocrx_word' id='word_1_596' title='bbox 2303 2284 2405 2338; x_wconf 88' lang='lat' dir='ltr'><strong>hoc</strong></span> <span class='ocrx_word' id='word_1_597' title='bbox 2428 2282 2538 2350; x_wconf 82' lang='lat' dir='ltr'><strong>jam</strong></span> <span class='ocrx_word' id='word_1_598' title='bbox 2577 2283 2722 2338; x_wconf 87' lang='lat' dir='ltr'><strong>velut</strong></span> <span class='ocrx_word' id='word_1_599' title='bbox 2764 2284 3017 2338; x_wconf 91' lang='lat' dir='ltr'><strong>meritmn</strong></span> <span class='ocrx_word' id='word_1_600' title='bbox 3070 2285 3429 2340; x_wconf 87' lang='lat' dir='ltr'><strong>inbabitamis</strong></span> 
     </span>
    </p>
   </div>
   <div class='ocr_carea' id='block_1_82' title="bbox 1861 2375 3435 2447">
    <p class='ocr_par' dir='ltr' id='par_1_82' title="bbox 1861 2375 3435 2447">
     <span class='ocr_line' id='line_1_82' title="bbox 1861 2375 3435 2447; baseline 0 -15"><span class='ocrx_word' id='word_1_601' title='bbox 1861 2382 2059 2433; x_wconf 69' lang='lat' dir='ltr'><strong>animm</strong></span> <span class='ocrx_word' id='word_1_602' title='bbox 2120 2377 2473 2446; x_wconf 88' lang='lat' dir='ltr'><strong>poposcerit,</strong></span> <span class='ocrx_word' id='word_1_603' title='bbox 2543 2375 2597 2429; x_wconf 91' lang='lat' dir='ltr'><strong>in</strong></span> <span class='ocrx_word' id='word_1_604' title='bbox 2644 2375 2815 2447; x_wconf 87' lang='lat' dir='ltr'><strong>gloria</strong></span> <span class='ocrx_word' id='word_1_605' title='bbox 2876 2377 3125 2446; x_wconf 89' lang='lat' dir='ltr'><strong>corporis</strong></span> <span class='ocrx_word' id='word_1_606' title='bbox 3186 2378 3435 2446; x_wconf 87' lang='lat' dir='ltr'><strong>proﬁciet</strong></span> 
     </span>
    </p>
   </div>
   <div class='ocr_carea' id='block_1_83' title="bbox 1861 2466 3438 2541">
    <p class='ocr_par' dir='ltr' id='par_1_83' title="bbox 1861 2466 3438 2541">
     <span class='ocr_line' id='line_1_83' title="bbox 1861 2466 3438 2541; baseline -0.001 -15"><span class='ocrx_word' id='word_1_607' title='bbox 1861 2469 2147 2541; x_wconf 79' lang='lat' dir='ltr'><strong>spiritalis.</strong></span> <span class='ocrx_word' id='word_1_608' title='bbox 2184 2487 2203 2521; x_wconf 72' lang='grc' dir='ltr'><strong>ι</strong></span> <span class='ocrx_word' id='word_1_609' title='bbox 2231 2466 2433 2541; x_wconf 83' lang='lat' dir='ltr'><strong>Nempe</strong></span> <span class='ocrx_word' id='word_1_610' title='bbox 2469 2466 2559 2521; x_wconf 88' lang='lat' dir='ltr'><strong>hic</strong></span> <span class='ocrx_word' id='word_1_611' title='bbox 2589 2482 2827 2537; x_wconf 89' lang='lat' dir='ltr'><strong>quoque,</strong></span> <span class='ocrx_word' id='word_1_612' title='bbox 2854 2469 2981 2522; x_wconf 91' lang='lat' dir='ltr'><strong>utin</strong></span> <span class='ocrx_word' id='word_1_613' title='bbox 3015 2469 3136 2523; x_wconf 91' lang='lat' dir='ltr'><strong>aliis</strong></span> <span class='ocrx_word' id='word_1_614' title='bbox 3163 2470 3438 2539; x_wconf 87' lang='lat' dir='ltr'><strong>plerisque</strong></span> 
     </span>
    </p>
   </div>
   <div class='ocr_carea' id='block_1_84' title="bbox 1859 2560 3437 2631">
    <p class='ocr_par' dir='ltr' id='par_1_84' title="bbox 1859 2560 3437 2631">
     <span class='ocr_line' id='line_1_84' title="bbox 1859 2560 3437 2631; baseline -0.002 -12"><span class='ocrx_word' id='word_1_615' title='bbox 1859 2564 1960 2620; x_wconf 86' lang='lat' dir='ltr'><strong>sibi</strong></span> <span class='ocrx_word' id='word_1_616' title='bbox 1990 2578 2095 2618; x_wconf 92' lang='lat' dir='ltr'><strong>non</strong></span> <span class='ocrx_word' id='word_1_617' title='bbox 2126 2570 2339 2617; x_wconf 88' lang='lat' dir='ltr'><strong>constat</strong></span> <span class='ocrx_word' id='word_1_618' title='bbox 2377 2560 2661 2631; x_wconf 86' lang='lat' dir='ltr'><strong>Origenes,</strong></span> <span class='ocrx_word' id='word_1_619' title='bbox 2695 2568 2750 2615; x_wconf 86' lang='lat' dir='ltr'><strong>et</strong></span> <span class='ocrx_word' id='word_1_620' title='bbox 2791 2561 2950 2615; x_wconf 88' lang='lat' dir='ltr'><strong>modo</strong></span> <span class='ocrx_word' id='word_1_621' title='bbox 2972 2562 3088 2625; x_wconf 85' lang='lat' dir='ltr'><strong>bas,</strong></span> <span class='ocrx_word' id='word_1_622' title='bbox 3127 2563 3285 2617; x_wconf 88' lang='lat' dir='ltr'><strong>modo</strong></span> <span class='ocrx_word' id='word_1_623' title='bbox 3316 2562 3437 2616; x_wconf 85' lang='lat' dir='ltr'><strong>illas</strong></span> 
     </span>
    </p>
   </div>
   <div class='ocr_carea' id='block_1_85' title="bbox 1860 2653 3436 2724">
    <p class='ocr_par' dir='ltr' id='par_1_85' title="bbox 1860 2653 3436 2724">
     <span class='ocr_line' id='line_1_85' title="bbox 1860 2653 3436 2724; baseline -0.002 -13"><span class='ocrx_word' id='word_1_624' title='bbox 1860 2665 2104 2711; x_wconf 86' lang='lat' dir='ltr'><strong>sectatur</strong></span> <span class='ocrx_word' id='word_1_625' title='bbox 2134 2663 2355 2724; x_wconf 86' lang='lat' dir='ltr'><strong>partes,</strong></span> <span class='ocrx_word' id='word_1_626' title='bbox 2383 2662 2526 2708; x_wconf 90' lang='lat' dir='ltr'><strong>etut</strong></span> <span class='ocrx_word' id='word_1_627' title='bbox 2570 2653 2622 2707; x_wconf 92' lang='lat' dir='ltr'><strong>in</strong></span> <span class='ocrx_word' id='word_1_628' title='bbox 2666 2653 2829 2708; x_wconf 89' lang='lat' dir='ltr'><strong>rebus</strong></span> <span class='ocrx_word' id='word_1_629' title='bbox 2868 2653 3214 2708; x_wconf 88' lang='lat' dir='ltr'><strong>adolescente</strong></span> <span class='ocrx_word' id='word_1_630' title='bbox 3259 2654 3436 2708; x_wconf 90' lang='lat' dir='ltr'><strong>adlmc</strong></span> 
     </span>
    </p>
   </div>
   <div class='ocr_carea' id='block_1_86' title="bbox 1861 2743 3433 2814">
    <p class='ocr_par' dir='ltr' id='par_1_86' title="bbox 1861 2743 3433 2814">
     <span class='ocr_line' id='line_1_86' title="bbox 1861 2743 3433 2814; baseline -0.004 -11"><span class='ocrx_word' id='word_1_631' title='bbox 1861 2747 2285 2804; x_wconf 87' lang='lat' dir='ltr'><strong>Cbristianismo</strong></span> <span class='ocrx_word' id='word_1_632' title='bbox 2338 2746 2710 2811; x_wconf 88' lang='lat' dir='ltr'><strong>subobscuris,</strong></span> <span class='ocrx_word' id='word_1_633' title='bbox 2758 2754 2816 2800; x_wconf 91' lang='lat' dir='ltr'><strong>et</strong></span> <span class='ocrx_word' id='word_1_634' title='bbox 2862 2747 3099 2800; x_wconf 89' lang='lat' dir='ltr'><strong>nondum</strong></span> <span class='ocrx_word' id='word_1_635' title='bbox 3129 2761 3225 2814; x_wconf 91' lang='lat' dir='ltr'><strong>per</strong></span> <span class='ocrx_word' id='word_1_636' title='bbox 3246 2743 3433 2798; x_wconf 86' lang='lat' dir='ltr'><strong>Eccle-</strong></span> 
     </span>
    </p>
   </div>
   <div class='ocr_carea' id='block_1_87' title="bbox 1859 2836 3437 2907">
    <p class='ocr_par' dir='ltr' id='par_1_87' title="bbox 1859 2836 3437 2907">
     <span class='ocr_line' id='line_1_87' title="bbox 1859 2836 3437 2907; baseline -0.004 -12"><span class='ocrx_word' id='word_1_637' title='bbox 1859 2841 1997 2897; x_wconf 81' lang='lat' dir='ltr'><strong>siam</strong></span> <span class='ocrx_word' id='word_1_638' title='bbox 2027 2838 2268 2894; x_wconf 88' lang='lat' dir='ltr'><strong>delinitis</strong></span> <span class='ocrx_word' id='word_1_639' title='bbox 2296 2837 2479 2891; x_wconf 91' lang='lat' dir='ltr'><strong>animo</strong></span> <span class='ocrx_word' id='word_1_640' title='bbox 2512 2836 2772 2906; x_wconf 90' lang='lat' dir='ltr'><strong>indulget,</strong></span> <span class='ocrx_word' id='word_1_641' title='bbox 2808 2846 2865 2892; x_wconf 91' lang='lat' dir='ltr'><strong>et</strong></span> <span class='ocrx_word' id='word_1_642' title='bbox 2894 2837 3156 2907; x_wconf 89' lang='lat' dir='ltr'><strong>quidquid</strong></span> <span class='ocrx_word' id='word_1_643' title='bbox 3200 2836 3299 2890; x_wconf 90' lang='lat' dir='ltr'><strong>sibi</strong></span> <span class='ocrx_word' id='word_1_644' title='bbox 3337 2850 3437 2905; x_wconf 89' lang='lat' dir='ltr'><strong>pro</strong></span> 
     </span>
    </p>
   </div>
   <div class='ocr_carea' id='block_1_88' title="bbox 1861 2926 3436 3000">
    <p class='ocr_par' dir='ltr' id='par_1_88' title="bbox 1861 2926 3436 3000">
     <span class='ocr_line' id='line_1_88' title="bbox 1861 2926 3436 3000; baseline -0.003 -16"><span class='ocrx_word' id='word_1_645' title='bbox 1861 2940 2104 3000; x_wconf 90' lang='lat' dir='ltr'><strong>tempore</strong></span> <span class='ocrx_word' id='word_1_646' title='bbox 2138 2928 2589 2989; x_wconf 84' lang='lat' dir='ltr'><strong>ﬁtverisimilius,</strong></span> <span class='ocrx_word' id='word_1_647' title='bbox 2621 2928 2835 2997; x_wconf 90' lang='lat' dir='ltr'><strong>arripit.</strong></span> <span class='ocrx_word' id='word_1_648' title='bbox 2870 2926 3025 2983; x_wconf 89' lang='lat' dir='ltr'><strong>Unde</strong></span> <span class='ocrx_word' id='word_1_649' title='bbox 3060 2944 3127 2982; x_wconf 90' lang='lat' dir='ltr'><strong>ne</strong></span> <span class='ocrx_word' id='word_1_650' title='bbox 3174 2927 3287 2995; x_wconf 90' lang='lat' dir='ltr'><strong>ipse</strong></span> <span class='ocrx_word' id='word_1_651' title='bbox 3314 2926 3436 2997; x_wconf 84' lang='lat' dir='ltr'><strong>qui-</strong></span> 
     </span>
    </p>
   </div>
   <div class='ocr_carea' id='block_1_89' title="bbox 1859 3019 3431 3097">
    <p class='ocr_par' dir='ltr' id='par_1_89' title="bbox 1859 3019 3431 3097">
     <span class='ocr_line' id='line_1_89' title="bbox 1859 3019 3431 3097; baseline -0.004 -16"><span class='ocrx_word' id='word_1_652' title='bbox 1859 3027 1983 3081; x_wconf 91' lang='lat' dir='ltr'><strong>dem</strong></span> <span class='ocrx_word' id='word_1_653' title='bbox 2006 3023 2260 3097; x_wconf 87' lang='lat' dir='ltr'><strong>Origeuis</strong></span> <span class='ocrx_word' id='word_1_654' title='bbox 2278 3022 2573 3091; x_wconf 86' lang='lat' dir='ltr'><strong>castigator</strong></span> <span class='ocrx_word' id='word_1_655' title='bbox 2604 3019 2909 3077; x_wconf 85' lang='lat' dir='ltr'><strong>Metbodius</strong></span> <span class='ocrx_word' id='word_1_656' title='bbox 2931 3022 3047 3076; x_wconf 89' lang='lat' dir='ltr'><strong>sine</strong></span> <span class='ocrx_word' id='word_1_657' title='bbox 3076 3022 3431 3091; x_wconf 87' lang='lat' dir='ltr'><strong>cespitatione</strong></span> 
     </span>
    </p>
   </div>
   <div class='ocr_carea' id='block_1_90' title="bbox 1783 3114 3432 3195">
    <p class='ocr_par' dir='ltr' id='par_1_90' title="bbox 1783 3114 3432 3195">
     <span class='ocr_line' id='line_1_90' title="bbox 1783 3114 3432 3195; baseline -0.003 -20"><span class='ocrx_word' id='word_1_658' title='bbox 1783 3135 1828 3195; x_wconf 74' lang='grc' dir='ltr'><em>ς</em></span> <span class='ocrx_word' id='word_1_659' title='bbox 1861 3121 1966 3174; x_wconf 86' lang='lat' dir='ltr'><strong>hoc</strong></span> <span class='ocrx_word' id='word_1_660' title='bbox 2014 3125 2393 3185; x_wconf 89' lang='lat' dir='ltr'><strong>argumentum</strong></span> <span class='ocrx_word' id='word_1_661' title='bbox 2447 3118 2735 3181; x_wconf 80' lang='lat' dir='ltr'><strong>tractavit,</strong></span> <span class='ocrx_word' id='word_1_662' title='bbox 2786 3115 3033 3172; x_wconf 86' lang='lat' dir='ltr'><strong>homines</strong></span> <span class='ocrx_word' id='word_1_663' title='bbox 3067 3114 3273 3185; x_wconf 81' lang='lat' dir='ltr'><strong>[ingens</strong></span> <span class='ocrx_word' id='word_1_664' title='bbox 3311 3121 3432 3185; x_wconf 85' lang='lat' dir='ltr'><strong>post</strong></span> 
     </span>
    </p>
   </div>
   <div class='ocr_carea' id='block_1_91' title="bbox 1861 3207 3428 3275">
    <p class='ocr_par' dir='ltr' id='par_1_91' title="bbox 1861 3207 3428 3275">
     <span class='ocr_line' id='line_1_91' title="bbox 1861 3207 3428 3275; baseline -0.003 -10"><span class='ocrx_word' id='word_1_665' title='bbox 1861 3210 2312 3265; x_wconf 90' lang='lat' dir='ltr'><strong>resurrectionem</strong></span> <span class='ocrx_word' id='word_1_666' title='bbox 2342 3207 2678 3263; x_wconf 82' lang='lat' dir='ltr'><strong>habitaturus</strong></span> <span class='ocrx_word' id='word_1_667' title='bbox 2707 3209 2758 3261; x_wconf 94' lang='lat' dir='ltr'><strong>iu</strong></span> <span class='ocrx_word' id='word_1_668' title='bbox 2792 3217 2932 3261; x_wconf 89' lang='lat' dir='ltr'><strong>terra</strong></span> <span class='ocrx_word' id='word_1_669' title='bbox 2968 3207 3075 3275; x_wconf 81' lang='lat' dir='ltr'><strong>iam</strong></span> <span class='ocrx_word' id='word_1_670' title='bbox 3104 3208 3428 3271; x_wconf 83' lang='lat' dir='ltr'><strong>instaurata,</strong></span> 
     </span>
    </p>
   </div>
   <div class='ocr_carea' id='block_1_92' title="bbox 1859 3296 3433 3368">
    <p class='ocr_par' dir='ltr' id='par_1_92' title="bbox 1859 3296 3433 3368">
     <span class='ocr_line' id='line_1_92' title="bbox 1859 3296 3433 3368; baseline -0.003 -12"><span class='ocrx_word' id='word_1_671' title='bbox 1859 3308 1914 3357; x_wconf 86' lang='lat' dir='ltr'><strong>et</strong></span> <span class='ocrx_word' id='word_1_672' title='bbox 1942 3314 2040 3368; x_wconf 90' lang='lat' dir='ltr'><strong>per</strong></span> <span class='ocrx_word' id='word_1_673' title='bbox 2067 3313 2244 3352; x_wconf 83' lang='lat' dir='ltr'><strong>aerem</strong></span> <span class='ocrx_word' id='word_1_674' title='bbox 2269 3298 2780 3365; x_wconf 82' lang='lat' dir='ltr'><strong>temperatissimum</strong></span> <span class='ocrx_word' id='word_1_675' title='bbox 2805 3298 3132 3351; x_wconf 90' lang='lat' dir='ltr'><strong>ambientem</strong></span> <span class='ocrx_word' id='word_1_676' title='bbox 3163 3298 3214 3350; x_wconf 92' lang='lat' dir='ltr'><strong>in</strong></span> <span class='ocrx_word' id='word_1_677' title='bbox 3243 3296 3433 3351; x_wconf 83' lang='lat' dir='ltr'><strong>melius</strong></span> 
     </span>
    </p>
   </div>
   <div class='ocr_carea' id='block_1_93' title="bbox 1862 3388 3434 3460">
    <p class='ocr_par' dir='ltr' id='par_1_93' title="bbox 1862 3388 3434 3460">
     <span class='ocr_line' id='line_1_93' title="bbox 1862 3388 3434 3460; baseline -0.004 -13"><span class='ocrx_word' id='word_1_678' title='bbox 1862 3401 2087 3457; x_wconf 78' lang='lat' dir='ltr'><strong>minata,</strong></span> <span class='ocrx_word' id='word_1_679' title='bbox 2121 3399 2174 3444; x_wconf 88' lang='lat' dir='ltr'><strong>et</strong></span> <span class='ocrx_word' id='word_1_680' title='bbox 2200 3391 2252 3444; x_wconf 93' lang='lat' dir='ltr'><strong>in</strong></span> <span class='ocrx_word' id='word_1_681' title='bbox 2286 3391 2524 3460; x_wconf 86' lang='lat' dir='ltr'><strong>paradisi</strong></span> <span class='ocrx_word' id='word_1_682' title='bbox 2560 3388 2780 3444; x_wconf 77' lang='lat' dir='ltr'><strong>deliciis</strong></span> <span class='ocrx_word' id='word_1_683' title='bbox 2811 3390 3025 3443; x_wconf 86' lang='lat' dir='ltr'><strong>beatum</strong></span> <span class='ocrx_word' id='word_1_684' title='bbox 3070 3404 3241 3443; x_wconf 69' lang='lat' dir='ltr'><strong>aevum</strong></span> <span class='ocrx_word' id='word_1_685' title='bbox 3279 3398 3434 3443; x_wconf 87' lang='lat' dir='ltr'><strong>actu-</strong></span> 
     </span>
    </p>
   </div>
   <div class='ocr_carea' id='block_1_94' title="bbox 1861 3481 3435 3552">
    <p class='ocr_par' dir='ltr' id='par_1_94' title="bbox 1861 3481 3435 3552">
     <span class='ocr_line' id='line_1_94' title="bbox 1861 3481 3435 3552; baseline -0.003 -14"><span class='ocrx_word' id='word_1_686' title='bbox 1861 3500 1950 3539; x_wconf 90' lang='lat' dir='ltr'><strong>ros</strong></span> <span class='ocrx_word' id='word_1_687' title='bbox 1975 3501 1990 3547; x_wconf 90' lang='lat'><strong>;</strong></span> <span class='ocrx_word' id='word_1_688' title='bbox 2032 3484 2237 3552; x_wconf 90' lang='lat' dir='ltr'><strong>angelis</strong></span> <span class='ocrx_word' id='word_1_689' title='bbox 2272 3493 2453 3537; x_wconf 85' lang='lat' dir='ltr'><strong>autem</strong></span> <span class='ocrx_word' id='word_1_690' title='bbox 2483 3481 2736 3537; x_wconf 64' lang='lat' dir='ltr'><strong>caelestes</strong></span> <span class='ocrx_word' id='word_1_691' title='bbox 2762 3481 2928 3535; x_wconf 90' lang='lat' dir='ltr'><strong>orbes</strong></span> <span class='ocrx_word' id='word_1_692' title='bbox 2954 3481 3283 3535; x_wconf 89' lang='lat' dir='ltr'><strong>destinatmu</strong></span> <span class='ocrx_word' id='word_1_693' title='bbox 3309 3494 3435 3534; x_wconf 91' lang='lat' dir='ltr'><strong>esse</strong></span> 
     </span>
    </p>
   </div>
   <div class='ocr_carea' id='block_1_95' title="bbox 1860 3571 3433 3643">
    <p class='ocr_par' dir='ltr' id='par_1_95' title="bbox 1860 3571 3433 3643">
     <span class='ocr_line' id='line_1_95' title="bbox 1860 3571 3433 3643; baseline -0.004 -13"><span class='ocrx_word' id='word_1_694' title='bbox 1860 3574 2216 3630; x_wconf 90' lang='lat' dir='ltr'><strong>domicilium.</strong></span> <span class='ocrx_word' id='word_1_695' title='bbox 2256 3573 2549 3627; x_wconf 82' lang='lat' dir='ltr'><strong>Eusebium</strong></span> <span class='ocrx_word' id='word_1_696' title='bbox 2575 3588 2792 3643; x_wconf 89' lang='lat' dir='ltr'><strong>quoque</strong></span> <span class='ocrx_word' id='word_1_697' title='bbox 2830 3571 3086 3643; x_wconf 76' lang='lat' dir='ltr'><strong>Origeuis</strong></span> <span class='ocrx_word' id='word_1_698' title='bbox 3116 3572 3433 3639; x_wconf 88' lang='lat' dir='ltr'><strong>partiarinm</strong></span> 
     </span>
    </p>
   </div>
   <div class='ocr_carea' id='block_1_96' title="bbox 1861 3663 3434 3722">
    <p class='ocr_par' dir='ltr' id='par_1_96' title="bbox 1861 3663 3434 3722">
     <span class='ocr_line' id='line_1_96' title="bbox 1861 3663 3434 3722; baseline -0.004 0"><span class='ocrx_word' id='word_1_699' title='bbox 1861 3666 2317 3722; x_wconf 90' lang='lat' dir='ltr'><strong>resurrectionem</strong></span> <span class='ocrx_word' id='word_1_700' title='bbox 2351 3674 2688 3718; x_wconf 90' lang='lat' dir='ltr'><strong>mortuorum</strong></span> <span class='ocrx_word' id='word_1_701' title='bbox 2730 3664 3015 3719; x_wconf 88' lang='lat' dir='ltr'><strong>sustulisse</strong></span> <span class='ocrx_word' id='word_1_702' title='bbox 3060 3672 3250 3718; x_wconf 88' lang='lat' dir='ltr'><strong>narrat</strong></span> <span class='ocrx_word' id='word_1_703' title='bbox 3287 3663 3434 3717; x_wconf 74' lang='lat' dir='ltr'><strong>Plio-</strong></span> 
     </span>
    </p>
   </div>
   <div class='ocr_carea' id='block_1_97' title="bbox 1863 3754 3435 3825">
    <p class='ocr_par' dir='ltr' id='par_1_97' title="bbox 1863 3754 3435 3825">
     <span class='ocr_line' id='line_1_97' title="bbox 1863 3754 3435 3825; baseline -0.003 -13"><span class='ocrx_word' id='word_1_704' title='bbox 1863 3759 1969 3812; x_wconf 90' lang='lat' dir='ltr'><strong>tius</strong></span> <span class='ocrx_word' id='word_1_705' title='bbox 1996 3757 2049 3810; x_wconf 92' lang='lat' dir='ltr'><strong>in</strong></span> <span class='ocrx_word' id='word_1_706' title='bbox 2075 3756 2298 3824; x_wconf 88' lang='lat' dir='ltr'><strong>epistola</strong></span> <span class='ocrx_word' id='word_1_707' title='bbox 2329 3757 2561 3825; x_wconf 85' lang='lat' dir='ltr'><strong>quadam</strong></span> <span class='ocrx_word' id='word_1_708' title='bbox 2604 3756 2671 3809; x_wconf 91' lang='lat' dir='ltr'><strong>ad</strong></span> <span class='ocrx_word' id='word_1_709' title='bbox 2702 3754 3142 3810; x_wconf 90' lang='lat' dir='ltr'><strong>Constantinum.</strong></span> <span class='ocrx_word' id='word_1_710' title='bbox 3190 3755 3247 3809; x_wconf 92' lang='lat' dir='ltr'><strong>lu</strong></span> <span class='ocrx_word' id='word_1_711' title='bbox 3292 3754 3435 3823; x_wconf 82' lang='lat' dir='ltr'><strong>ejus-</strong></span> 
     </span>
    </p>
   </div>
   <div class='ocr_carea' id='block_1_98' title="bbox 1860 3845 3437 3915">
    <p class='ocr_par' dir='ltr' id='par_1_98' title="bbox 1860 3845 3437 3915">
     <span class='ocr_line' id='line_1_98' title="bbox 1860 3845 3437 3915; baseline -0.003 -12"><span class='ocrx_word' id='word_1_712' title='bbox 1860 3850 1981 3903; x_wconf 92' lang='lat' dir='ltr'><strong>dem</strong></span> <span class='ocrx_word' id='word_1_713' title='bbox 2006 3850 2211 3903; x_wconf 87' lang='lat' dir='ltr'><strong>erroris</strong></span> <span class='ocrx_word' id='word_1_714' title='bbox 2233 3846 2612 3915; x_wconf 81' lang='lat' dir='ltr'><strong>suspicionem</strong></span> <span class='ocrx_word' id='word_1_715' title='bbox 2649 3856 2838 3900; x_wconf 90' lang='lat' dir='ltr'><strong>mutuo</strong></span> <span class='ocrx_word' id='word_1_716' title='bbox 2866 3861 2987 3902; x_wconf 87' lang='lat' dir='ltr'><strong>sese</strong></span> <span class='ocrx_word' id='word_1_717' title='bbox 3019 3855 3217 3901; x_wconf 89' lang='lat' dir='ltr'><strong>vocant</strong></span> <span class='ocrx_word' id='word_1_718' title='bbox 3246 3845 3437 3900; x_wconf 89' lang='lat' dir='ltr'><strong>lliero-</strong></span> 
     </span>
    </p>
   </div>
   <div class='ocr_carea' id='block_1_99' title="bbox 1863 3937 3431 4013">
    <p class='ocr_par' dir='ltr' id='par_1_99' title="bbox 1863 3937 3431 4013">
     <span class='ocr_line' id='line_1_99' title="bbox 1863 3937 3431 4013; baseline -0.003 -19"><span class='ocrx_word' id='word_1_719' title='bbox 1863 3954 2059 4013; x_wconf 86' lang='lat' dir='ltr'><strong>uymus</strong></span> <span class='ocrx_word' id='word_1_720' title='bbox 2116 3947 2172 3993; x_wconf 89' lang='lat' dir='ltr'><strong>et</strong></span> <span class='ocrx_word' id='word_1_721' title='bbox 2232 3937 2484 4001; x_wconf 84' lang='lat' dir='ltr'><strong>Ruﬁnus,</strong></span> <span class='ocrx_word' id='word_1_722' title='bbox 2539 3951 2696 4004; x_wconf 91' lang='lat' dir='ltr'><strong>quem</strong></span> <span class='ocrx_word' id='word_1_723' title='bbox 2734 3946 2914 3992; x_wconf 90' lang='lat' dir='ltr'><strong>tamen</strong></span> <span class='ocrx_word' id='word_1_724' title='bbox 2950 3948 3178 4005; x_wconf 88' lang='lat' dir='ltr'><strong>uterque</strong></span> <span class='ocrx_word' id='word_1_725' title='bbox 3222 3952 3431 3991; x_wconf 77' lang='lat' dir='ltr'><strong>summa</strong></span> 
     </span>
    </p>
   </div>
   <div class='ocr_carea' id='block_1_100' title="bbox 1859 4027 3435 4090">
    <p class='ocr_par' dir='ltr' id='par_1_100' title="bbox 1859 4027 3435 4090">
     <span class='ocr_line' id='line_1_100' title="bbox 1859 4027 3435 4090; baseline -0.006 0"><span class='ocrx_word' id='word_1_726' title='bbox 1859 4049 1988 4090; x_wconf 88' lang='lat' dir='ltr'><strong>cura</strong></span> <span class='ocrx_word' id='word_1_727' title='bbox 2022 4032 2232 4087; x_wconf 90' lang='lat' dir='ltr'><strong>diluere</strong></span> <span class='ocrx_word' id='word_1_728' title='bbox 2262 4038 2511 4085; x_wconf 88' lang='lat' dir='ltr'><strong>conatur.</strong></span> <span class='ocrx_word' id='word_1_729' title='bbox 2552 4027 2691 4082; x_wconf 89' lang='lat' dir='ltr'><strong>Huic</strong></span> <span class='ocrx_word' id='word_1_730' title='bbox 2736 4028 2902 4081; x_wconf 87' lang='lat' dir='ltr'><strong>etiam</strong></span> <span class='ocrx_word' id='word_1_731' title='bbox 2938 4027 3234 4081; x_wconf 69' lang='lat' dir='ltr'><strong>adltmsissc</strong></span> <span class='ocrx_word' id='word_1_732' title='bbox 3263 4030 3435 4081; x_wconf 78' lang='lat' dir='ltr'><strong>Arno-</strong></span> 
     </span>
    </p>
   </div>
   <div class='ocr_carea' id='block_1_101' title="bbox 1861 4115 3435 4185">
    <p class='ocr_par' dir='ltr' id='par_1_101' title="bbox 1861 4115 3435 4185">
     <span class='ocr_line' id='line_1_101' title="bbox 1861 4115 3435 4185; baseline -0.006 -4"><span class='ocrx_word' id='word_1_733' title='bbox 1861 4126 2007 4181; x_wconf 89' lang='lat' dir='ltr'><strong>bium</strong></span> <span class='ocrx_word' id='word_1_734' title='bbox 2034 4120 2329 4177; x_wconf 88' lang='lat' dir='ltr'><strong>verisimile</strong></span> <span class='ocrx_word' id='word_1_735' title='bbox 2353 4129 2466 4185; x_wconf 88' lang='lat' dir='ltr'><strong>est;</strong></span> <span class='ocrx_word' id='word_1_736' title='bbox 2504 4120 2579 4172; x_wconf 87' lang='lat' dir='ltr'><strong>ait</strong></span> <span class='ocrx_word' id='word_1_737' title='bbox 2602 4117 2745 4173; x_wconf 90' lang='lat' dir='ltr'><strong>enim</strong></span> <span class='ocrx_word' id='word_1_738' title='bbox 2786 4116 2878 4171; x_wconf 93' lang='lat' dir='ltr'><strong>lib.</strong></span> <span class='ocrx_word' id='word_1_739' title='bbox 2913 4133 2950 4171; x_wconf 84' lang='grc' dir='ltr'><strong>ιι</strong></span> <span class='ocrx_word' id='word_1_740' title='bbox 2987 4115 3188 4171; x_wconf 80' lang='lat' dir='ltr'><strong>Contra</strong></span> <span class='ocrx_word' id='word_1_741' title='bbox 3219 4127 3393 4185; x_wconf 73' lang='lat' dir='ltr'><strong>gentes</strong></span> <span class='ocrx_word' id='word_1_742' title='bbox 3414 4132 3435 4171; x_wconf 93' lang='lat'><strong><em>:</em></strong></span> 
     </span>
    </p>
   </div>
   <div class='ocr_carea' id='block_1_102' title="bbox 1866 4210 3435 4281">
    <p class='ocr_par' dir='ltr' id='par_1_102' title="bbox 1866 4210 3435 4281">
     <span class='ocr_line' id='line_1_102' title="bbox 1866 4210 3435 4281; baseline -0.003 -13"><span class='ocrx_word' id='word_1_743' title='bbox 1866 4237 1884 4268; x_wconf 76' lang='grc' dir='ltr'><strong>ι</strong></span> <span class='ocrx_word' id='word_1_744' title='bbox 1919 4216 2143 4271; x_wconf 86' lang='lat' dir='ltr'><strong>Audetis</strong></span> <span class='ocrx_word' id='word_1_745' title='bbox 2186 4214 2370 4269; x_wconf 87' lang='lat' dir='ltr'><strong>videre</strong></span> <span class='ocrx_word' id='word_1_746' title='bbox 2431 4228 2549 4274; x_wconf 88' lang='lat' dir='ltr'><strong>nos,</strong></span> <span class='ocrx_word' id='word_1_747' title='bbox 2608 4211 2750 4281; x_wconf 89' lang='lat' dir='ltr'><strong>quod</strong></span> <span class='ocrx_word' id='word_1_748' title='bbox 2803 4218 3140 4263; x_wconf 90' lang='lat' dir='ltr'><strong>mortuorum</strong></span> <span class='ocrx_word' id='word_1_749' title='bbox 3191 4210 3435 4264; x_wconf 89' lang='lat' dir='ltr'><strong>dicamus</strong></span> 
     </span>
    </p>
   </div>
   <div class='ocr_carea' id='block_1_103' title="bbox 1860 4300 3436 4370">
    <p class='ocr_par' dir='ltr' id='par_1_103' title="bbox 1860 4300 3436 4370">
     <span class='ocr_line' id='line_1_103' title="bbox 1860 4300 3436 4370; baseline -0.006 -7"><span class='ocrx_word' id='word_1_750' title='bbox 1860 4307 2318 4363; x_wconf 80' lang='lat' dir='ltr'><strong>resurrectionem</strong></span> <span class='ocrx_word' id='word_1_751' title='bbox 2360 4305 2619 4368; x_wconf 84' lang='lat' dir='ltr'><strong>futuram,</strong></span> <span class='ocrx_word' id='word_1_752' title='bbox 2654 4316 2814 4370; x_wconf 86' lang='lat' dir='ltr'><strong>quam</strong></span> <span class='ocrx_word' id='word_1_753' title='bbox 2857 4300 3076 4369; x_wconf 90' lang='lat' dir='ltr'><strong>quidem</strong></span> <span class='ocrx_word' id='word_1_754' title='bbox 3121 4314 3218 4352; x_wconf 88' lang='lat' dir='ltr'><strong>nos</strong></span> <span class='ocrx_word' id='word_1_755' title='bbox 3254 4300 3436 4354; x_wconf 85' lang='lat' dir='ltr'><strong>dicere</strong></span> 
     </span>
    </p>
   </div>
   <div class='ocr_carea' id='block_1_104' title="bbox 1859 4392 3430 4460">
    <p class='ocr_par' dir='ltr' id='par_1_104' title="bbox 1859 4392 3430 4460">
     <span class='ocr_line' id='line_1_104' title="bbox 1859 4392 3430 4460; baseline -0.007 -4"><span class='ocrx_word' id='word_1_756' title='bbox 1859 4399 2220 4460; x_wconf 86' lang='lat' dir='ltr'><strong>conﬁtemur;</strong></span> <span class='ocrx_word' id='word_1_757' title='bbox 2279 4397 2375 4451; x_wconf 87' lang='lat' dir='ltr'><strong>sed</strong></span> <span class='ocrx_word' id='word_1_758' title='bbox 2424 4411 2453 4448; x_wconf 90' lang='lat' dir='ltr'><strong>a</strong></span> <span class='ocrx_word' id='word_1_759' title='bbox 2494 4395 2648 4447; x_wconf 85' lang='lat' dir='ltr'><strong>vobis</strong></span> <span class='ocrx_word' id='word_1_760' title='bbox 2698 4393 2858 4445; x_wconf 86' lang='lat' dir='ltr'><strong>aliter</strong></span> <span class='ocrx_word' id='word_1_761' title='bbox 2894 4406 3055 4459; x_wconf 88' lang='lat' dir='ltr'><strong>quam</strong></span> <span class='ocrx_word' id='word_1_762' title='bbox 3105 4392 3430 4453; x_wconf 79' lang='lat' dir='ltr'><strong>sentiamus,</strong></span> 
     </span>
    </p>
   </div>
   <div class='ocr_carea' id='block_1_105' title="bbox 1860 4481 3435 4555">
    <p class='ocr_par' dir='ltr' id='par_1_105' title="bbox 1860 4481 3435 4555">
     <span class='ocr_line' id='line_1_105' title="bbox 1860 4481 3435 4555; baseline -0.006 -10"><span class='ocrx_word' id='word_1_763' title='bbox 1860 4489 2057 4545; x_wconf 90' lang='lat' dir='ltr'><strong>audiri.</strong></span> <span class='ocrx_word' id='word_1_764' title='bbox 2085 4508 2104 4541; x_wconf 74' lang='grc' dir='ltr'><strong>ι</strong></span> <span class='ocrx_word' id='word_1_765' title='bbox 2159 4487 2314 4555; x_wconf 86' lang='lat' dir='ltr'><strong>Quod</strong></span> <span class='ocrx_word' id='word_1_766' title='bbox 2364 4487 2506 4540; x_wconf 89' lang='lat' dir='ltr'><strong>idem</strong></span> <span class='ocrx_word' id='word_1_767' title='bbox 2548 4493 2631 4539; x_wconf 90' lang='lat' dir='ltr'><strong>est</strong></span> <span class='ocrx_word' id='word_1_768' title='bbox 2666 4499 2728 4537; x_wconf 92' lang='lat' dir='ltr'><strong>ac</strong></span> <span class='ocrx_word' id='word_1_769' title='bbox 2782 4482 2912 4536; x_wconf 89' lang='lat' dir='ltr'><strong>illud</strong></span> <span class='ocrx_word' id='word_1_770' title='bbox 2954 4481 3207 4551; x_wconf 82' lang='lat' dir='ltr'><strong>Origeuis</strong></span> <span class='ocrx_word' id='word_1_771' title='bbox 3249 4481 3435 4536; x_wconf 86' lang='lat' dir='ltr'><strong>carnis</strong></span> 
     </span>
    </p>
   </div>
   <div class='ocr_carea' id='block_1_106' title="bbox 1861 4572 3435 4645">
    <p class='ocr_par' dir='ltr' id='par_1_106' title="bbox 1861 4572 3435 4645">
     <span class='ocr_line' id='line_1_106' title="bbox 1861 4572 3435 4645; baseline -0.006 -10"><span class='ocrx_word' id='word_1_772' title='bbox 1861 4580 2315 4635; x_wconf 89' lang='lat' dir='ltr'><strong>resurrectionem</strong></span> <span class='ocrx_word' id='word_1_773' title='bbox 2354 4592 2475 4631; x_wconf 90' lang='lat' dir='ltr'><strong>esse</strong></span> <span class='ocrx_word' id='word_1_774' title='bbox 2516 4576 2743 4631; x_wconf 88' lang='lat' dir='ltr'><strong>dicentis</strong></span> <span class='ocrx_word' id='word_1_775' title='bbox 2780 4572 2885 4628; x_wconf 81' lang='grc' dir='ltr'>ὑπὸ</span> <span class='ocrx_word' id='word_1_776' title='bbox 2918 4572 3024 4627; x_wconf 83' lang='grc' dir='ltr'><strong>τῶν</strong></span> <span class='ocrx_word' id='word_1_777' title='bbox 3058 4572 3435 4645; x_wconf 81' lang='grc' dir='ltr'>συνετωτέρων</span> 
     </span>
    </p>
   </div>
   <div class='ocr_carea' id='block_1_107' title="bbox 1860 4667 3434 4743">
    <p class='ocr_par' dir='ltr' id='par_1_107' title="bbox 1860 4667 3434 4743">
     <span class='ocr_line' id='line_1_107' title="bbox 1860 4667 3434 4743; baseline -0.003 -18"><span class='ocrx_word' id='word_1_778' title='bbox 1860 4672 2186 4743; x_wconf 85' lang='grc' dir='ltr'>τρανότερον</span> <span class='ocrx_word' id='word_1_779' title='bbox 2219 4670 2571 4741; x_wconf 83' lang='grc' dir='ltr'>νενοημένην.</span> <span class='ocrx_word' id='word_1_780' title='bbox 2640 4668 2880 4737; x_wconf 83' lang='lat' dir='ltr'><strong>Denique</strong></span> <span class='ocrx_word' id='word_1_781' title='bbox 2922 4667 3193 4736; x_wconf 89' lang='lat' dir='ltr'><strong>proditum</strong></span> <span class='ocrx_word' id='word_1_782' title='bbox 3238 4675 3321 4721; x_wconf 91' lang='lat' dir='ltr'><strong>est</strong></span> <span class='ocrx_word' id='word_1_783' title='bbox 3364 4667 3434 4721; x_wconf 88' lang='lat' dir='ltr'><strong>ab</strong></span> 
     </span>
    </p>
   </div>
   <div class='ocr_carea' id='block_1_108' title="bbox 1860 4756 3434 4836">
    <p class='ocr_par' dir='ltr' id='par_1_108' title="bbox 1860 4756 3434 4836">
     <span class='ocr_line' id='line_1_108' title="bbox 1860 4756 3434 4836; baseline -0.008 -15"><span class='ocrx_word' id='word_1_784' title='bbox 1860 4765 2163 4836; x_wconf 85' lang='lat' dir='ltr'><strong>Epiphanio</strong></span> <span class='ocrx_word' id='word_1_785' title='bbox 2188 4775 2243 4818; x_wconf 91' lang='lat' dir='ltr'><strong>et</strong></span> <span class='ocrx_word' id='word_1_786' title='bbox 2270 4762 2596 4831; x_wconf 84' lang='lat' dir='ltr'><strong>Hieronymo</strong></span> <span class='ocrx_word' id='word_1_787' title='bbox 2636 4760 2777 4814; x_wconf 90' lang='lat' dir='ltr'><strong>hanc</strong></span> <span class='ocrx_word' id='word_1_788' title='bbox 2807 4762 2977 4830; x_wconf 90' lang='lat' dir='ltr'><strong>ipsam</strong></span> <span class='ocrx_word' id='word_1_789' title='bbox 3009 4758 3176 4812; x_wconf 82' lang='lat' dir='ltr'><strong>fuisse</strong></span> <span class='ocrx_word' id='word_1_790' title='bbox 3206 4756 3434 4811; x_wconf 75' lang='lat' dir='ltr'><strong>Marcio-</strong></span> 
     </span>
    </p>
   </div>
   <div class='ocr_carea' id='block_1_109' title="bbox 1859 4850 3434 4925">
    <p class='ocr_par' dir='ltr' id='par_1_109' title="bbox 1859 4850 3434 4925">
     <span class='ocr_line' id='line_1_109' title="bbox 1859 4850 3434 4925; baseline -0.006 -12"><span class='ocrx_word' id='word_1_791' title='bbox 1859 4859 1943 4913; x_wconf 90' lang='lat' dir='ltr'><strong>nis</strong></span> <span class='ocrx_word' id='word_1_792' title='bbox 1974 4858 2313 4925; x_wconf 91' lang='lat' dir='ltr'><strong>aliorumque</strong></span> <span class='ocrx_word' id='word_1_793' title='bbox 2362 4855 2750 4909; x_wconf 64' lang='lat' dir='ltr'><strong>haereticorum</strong></span> <span class='ocrx_word' id='word_1_794' title='bbox 2791 4856 2857 4908; x_wconf 91' lang='lat' dir='ltr'><strong>de</strong></span> <span class='ocrx_word' id='word_1_795' title='bbox 2900 4851 3299 4906; x_wconf 86' lang='lat' dir='ltr'><strong>resurrectione</strong></span> <span class='ocrx_word' id='word_1_796' title='bbox 3333 4850 3434 4904; x_wconf 81' lang='lat' dir='ltr'><strong>fal-</strong></span> 
     </span>
    </p>
   </div>
   <div class='ocr_carea' id='block_1_110' title="bbox 1853 4946 2358 5007">
    <p class='ocr_par' dir='ltr' id='par_1_110' title="bbox 1853 4946 2358 5007">
     <span class='ocr_line' id='line_1_110' title="bbox 1853 4946 2358 5007; baseline -0.016 -1"><span class='ocrx_word' id='word_1_797' title='bbox 1853 4965 1971 5007; x_wconf 82' lang='lat' dir='ltr'><strong>sam</strong></span> <span class='ocrx_word' id='word_1_798' title='bbox 2015 4946 2358 5003; x_wconf 86' lang='lat' dir='ltr'><strong>sententiam.</strong></span> 
     </span>
    </p>
   </div>
   <div class='ocr_carea' id='block_1_111' title="bbox 1928 5034 3435 5104">
    <p class='ocr_par' dir='ltr' id='par_1_111' title="bbox 1928 5034 3435 5104">
     <span class='ocr_line' id='line_1_111' title="bbox 1928 5034 3435 5104; baseline -0.002 -11"><span class='ocrx_word' id='word_1_799' title='bbox 1928 5039 2041 5094; x_wconf 76' lang='lat' dir='ltr'><strong>VII.</strong></span> <span class='ocrx_word' id='word_1_800' title='bbox 2088 5037 2350 5104; x_wconf 86' lang='lat' dir='ltr'><strong>Quamvis</strong></span> <span class='ocrx_word' id='word_1_801' title='bbox 2395 5052 2641 5092; x_wconf 87' lang='lat' dir='ltr'><strong>crassam</strong></span> <span class='ocrx_word' id='word_1_802' title='bbox 2701 5036 2847 5090; x_wconf 90' lang='lat' dir='ltr'><strong>illam</strong></span> <span class='ocrx_word' id='word_1_803' title='bbox 2894 5035 3076 5091; x_wconf 88' lang='lat' dir='ltr'><strong>carnis</strong></span> <span class='ocrx_word' id='word_1_804' title='bbox 3132 5034 3329 5089; x_wconf 85' lang='lat' dir='ltr'><strong>molem</strong></span> <span class='ocrx_word' id='word_1_805' title='bbox 3377 5044 3435 5090; x_wconf 85' lang='lat' dir='ltr'><strong>et</strong></span> 
     </span>
    </p>
   </div>
   <div class='ocr_carea' id='block_1_112' title="bbox 1856 5126 3432 5199">
    <p class='ocr_par' dir='ltr' id='par_1_112' title="bbox 1856 5126 3432 5199">
     <span class='ocr_line' id='line_1_112' title="bbox 1856 5126 3432 5199; baseline -0.004 -14"><span class='ocrx_word' id='word_1_806' title='bbox 1856 5144 2171 5199; x_wconf 85' lang='lat' dir='ltr'><strong>compagem</strong></span> <span class='ocrx_word' id='word_1_807' title='bbox 2209 5144 2239 5181; x_wconf 90' lang='lat' dir='ltr'><strong>a</strong></span> <span class='ocrx_word' id='word_1_808' title='bbox 2267 5128 2590 5197; x_wconf 89' lang='lat' dir='ltr'><strong>corporibus</strong></span> <span class='ocrx_word' id='word_1_809' title='bbox 2632 5126 3024 5180; x_wconf 87' lang='lat' dir='ltr'><strong>resurrecturis</strong></span> <span class='ocrx_word' id='word_1_810' title='bbox 3052 5136 3325 5181; x_wconf 81' lang='lat' dir='ltr'><strong>secretum</strong></span> <span class='ocrx_word' id='word_1_811' title='bbox 3366 5126 3432 5179; x_wconf 92' lang='lat' dir='ltr'><strong>iri</strong></span> 
     </span>
    </p>
   </div>
   <div class='ocr_carea' id='block_1_113' title="bbox 1856 5217 3434 5289">
    <p class='ocr_par' dir='ltr' id='par_1_113' title="bbox 1856 5217 3434 5289">
     <span class='ocr_line' id='line_1_113' title="bbox 1856 5217 3434 5289; baseline -0.004 -11"><span class='ocrx_word' id='word_1_812' title='bbox 1856 5221 2089 5278; x_wconf 85' lang='lat' dir='ltr'><strong>senserit</strong></span> <span class='ocrx_word' id='word_1_813' title='bbox 2128 5220 2391 5289; x_wconf 84' lang='lat' dir='ltr'><strong>Origenes</strong></span> <span class='ocrx_word' id='word_1_814' title='bbox 2425 5238 2437 5273; x_wconf 89' lang='lat'><strong>:</strong></span> <span class='ocrx_word' id='word_1_815' title='bbox 2468 5220 2667 5289; x_wconf 88' lang='lat' dir='ltr'><strong>quibus</strong></span> <span class='ocrx_word' id='word_1_816' title='bbox 2717 5231 2895 5273; x_wconf 89' lang='lat' dir='ltr'><strong>tamen</strong></span> <span class='ocrx_word' id='word_1_817' title='bbox 2943 5220 3170 5289; x_wconf 75' lang='lat' dir='ltr'><strong>przcdita</strong></span> <span class='ocrx_word' id='word_1_818' title='bbox 3204 5233 3266 5272; x_wconf 89' lang='lat' dir='ltr'><strong>ea</strong></span> <span class='ocrx_word' id='word_1_819' title='bbox 3314 5217 3434 5272; x_wconf 83' lang='lat' dir='ltr'><strong>fore</strong></span> 
     </span>
    </p>
   </div>
   <div class='ocr_carea' id='block_1_114' title="bbox 1857 5313 3430 5383">
    <p class='ocr_par' dir='ltr' id='par_1_114' title="bbox 1857 5313 3430 5383">
     <span class='ocr_line' id='line_1_114' title="bbox 1857 5313 3430 5383; baseline -0.002 -16"><span class='ocrx_word' id='word_1_820' title='bbox 1857 5314 2214 5383; x_wconf 82' lang='lat' dir='ltr'><strong>qualitatibus</strong></span> <span class='ocrx_word' id='word_1_821' title='bbox 2239 5322 2388 5368; x_wconf 89' lang='lat' dir='ltr'><strong>ratus</strong></span> <span class='ocrx_word' id='word_1_822' title='bbox 2421 5313 2515 5379; x_wconf 90' lang='lat' dir='ltr'><strong>sit,</strong></span> <span class='ocrx_word' id='word_1_823' title='bbox 2554 5328 2678 5367; x_wconf 90' lang='lat' dir='ltr'><strong>cum</strong></span> <span class='ocrx_word' id='word_1_824' title='bbox 2722 5322 3042 5382; x_wconf 84' lang='lat' dir='ltr'><strong>resurgeut,</strong></span> <span class='ocrx_word' id='word_1_825' title='bbox 3074 5327 3235 5379; x_wconf 87' lang='lat' dir='ltr'><strong>quam</strong></span> <span class='ocrx_word' id='word_1_826' title='bbox 3272 5326 3430 5379; x_wconf 80' lang='lat' dir='ltr'><strong>passa</strong></span> 
     </span>
    </p>
   </div>
   <div class='ocr_carea' id='block_1_115' title="bbox 1858 5402 3434 5475">
    <p class='ocr_par' dir='ltr' id='par_1_115' title="bbox 1858 5402 3434 5475">
     <span class='ocr_line' id='line_1_115' title="bbox 1858 5402 3434 5475; baseline -0.002 -17"><span class='ocrx_word' id='word_1_827' title='bbox 1858 5405 2245 5471; x_wconf 88' lang='lat' dir='ltr'><strong>mutationem,</strong></span> <span class='ocrx_word' id='word_1_828' title='bbox 2299 5420 2405 5475; x_wconf 89' lang='lat' dir='ltr'><strong>qua</strong></span> <span class='ocrx_word' id='word_1_829' title='bbox 2438 5405 2697 5458; x_wconf 88' lang='lat' dir='ltr'><strong>instructa</strong></span> <span class='ocrx_word' id='word_1_830' title='bbox 2733 5402 2942 5463; x_wconf 80' lang='lat' dir='ltr'><strong>forma,</strong></span> <span class='ocrx_word' id='word_1_831' title='bbox 2979 5418 3083 5457; x_wconf 95' lang='lat' dir='ltr'><strong>uou</strong></span> <span class='ocrx_word' id='word_1_832' title='bbox 3112 5405 3244 5457; x_wconf 91' lang='lat' dir='ltr'><strong>satis</strong></span> <span class='ocrx_word' id='word_1_833' title='bbox 3275 5404 3434 5471; x_wconf 89' lang='lat' dir='ltr'><strong>liqui-</strong></span> 
     </span>
    </p>
   </div>
   <div class='ocr_carea' id='block_1_116' title="bbox 1855 5493 3429 5565">
    <p class='ocr_par' dir='ltr' id='par_1_116' title="bbox 1855 5493 3429 5565">
     <span class='ocr_line' id='line_1_116' title="bbox 1855 5493 3429 5565; baseline -0.003 -16"><span class='ocrx_word' id='word_1_834' title='bbox 1855 5497 1982 5550; x_wconf 92' lang='lat' dir='ltr'><strong>dum</strong></span> <span class='ocrx_word' id='word_1_835' title='bbox 2002 5504 2106 5551; x_wconf 90' lang='lat' dir='ltr'><strong>est.</strong></span> <span class='ocrx_word' id='word_1_836' title='bbox 2136 5494 2539 5565; x_wconf 80' lang='lat' dir='ltr'><strong>Nonnunquam</strong></span> <span class='ocrx_word' id='word_1_837' title='bbox 2566 5496 2712 5549; x_wconf 89' lang='lat' dir='ltr'><strong>enim</strong></span> <span class='ocrx_word' id='word_1_838' title='bbox 2749 5496 3074 5549; x_wconf 80' lang='lat' dir='ltr'><strong>suscitatuu:</strong></span> <span class='ocrx_word' id='word_1_839' title='bbox 3105 5495 3169 5547; x_wconf 89' lang='lat' dir='ltr'><strong>iri</strong></span> <span class='ocrx_word' id='word_1_840' title='bbox 3204 5493 3387 5548; x_wconf 87' lang='lat' dir='ltr'><strong>eadem</strong></span> <span class='ocrx_word' id='word_1_841' title='bbox 3413 5534 3429 5558; x_wconf 92' lang='lat'><strong>,</strong></span> 
     </span>
    </p>
   </div>
   <div class='ocr_carea' id='block_1_117' title="bbox 1855 5585 3429 5659">
    <p class='ocr_par' dir='ltr' id='par_1_117' title="bbox 1855 5585 3429 5659">
     <span class='ocr_line' id='line_1_117' title="bbox 1855 5585 3429 5659; baseline -0.001 -14"><span class='ocrx_word' id='word_1_842' title='bbox 1855 5587 2141 5645; x_wconf 87' lang='lat' dir='ltr'><strong>subtiliora</strong></span> <span class='ocrx_word' id='word_1_843' title='bbox 2177 5588 2303 5643; x_wconf 86' lang='lat' dir='ltr'><strong>licet</strong></span> <span class='ocrx_word' id='word_1_844' title='bbox 2326 5603 2392 5643; x_wconf 87' lang='lat' dir='ltr'><strong>ac</strong></span> <span class='ocrx_word' id='word_1_845' title='bbox 2418 5586 2784 5659; x_wconf 89' lang='lat' dir='ltr'><strong>splendidiora</strong></span> <span class='ocrx_word' id='word_1_846' title='bbox 2812 5628 2827 5655; x_wconf 93' lang='lat'><strong>,</strong></span> <span class='ocrx_word' id='word_1_847' title='bbox 2858 5589 3077 5643; x_wconf 86' lang='lat' dir='ltr'><strong>asserit.</strong></span> <span class='ocrx_word' id='word_1_848' title='bbox 3133 5585 3289 5643; x_wconf 87' lang='lat' dir='ltr'><strong>Velut</strong></span> <span class='ocrx_word' id='word_1_849' title='bbox 3335 5586 3429 5643; x_wconf 90' lang='lat' dir='ltr'><strong>lib.</strong></span> 
     </span>
    </p>
   </div>
   <div class='ocr_carea' id='block_1_118' title="bbox 1400 5777 2987 5848">
    <p class='ocr_par' dir='ltr' id='par_1_118' title="bbox 1400 5777 2987 5848">
     <span class='ocr_line' id='line_1_118' title="bbox 1400 5777 2987 5848; baseline -0.003 -12"><span class='ocrx_word' id='word_1_850' title='bbox 1400 5782 1439 5815; x_wconf 74' lang='grc'><strong>¹³</strong></span> <span class='ocrx_word' id='word_1_851' title='bbox 1474 5780 1637 5839; x_wconf 81' lang='lat' dir='ltr'><strong>lCor.</strong></span> <span class='ocrx_word' id='word_1_852' title='bbox 1667 5797 1753 5848; x_wconf 77' lang='lat' dir='ltr'><strong>xv,</strong></span> <span class='ocrx_word' id='word_1_853' title='bbox 1791 5780 1877 5836; x_wconf 83' lang='lat'><strong>50.</strong></span> <span class='ocrx_word' id='word_1_854' title='bbox 1960 5779 2000 5811; x_wconf 82' lang='lat'>&quot;</span> <span class='ocrx_word' id='word_1_855' title='bbox 2030 5777 2207 5835; x_wconf 86' lang='lat' dir='ltr'><strong>l’salm</strong></span> <span class='ocrx_word' id='word_1_856' title='bbox 2255 5795 2341 5846; x_wconf 86' lang='lat' dir='ltr'><strong>xv,</strong></span> <span class='ocrx_word' id='word_1_857' title='bbox 2377 5779 2461 5836; x_wconf 82' lang='grc'><strong>19.</strong></span> <span class='ocrx_word' id='word_1_858' title='bbox 2542 5780 2583 5811; x_wconf 74' lang='grc'><strong>¹⁶</strong></span> <span class='ocrx_word' id='word_1_859' title='bbox 2612 5778 2747 5835; x_wconf 83' lang='lat' dir='ltr'><strong>Gen.</strong></span> <span class='ocrx_word' id='word_1_860' title='bbox 2789 5794 2869 5844; x_wconf 86' lang='lat' dir='ltr'><strong>ut,</strong></span> <span class='ocrx_word' id='word_1_861' title='bbox 2908 5777 2987 5833; x_wconf 80' lang='grc'><strong>19.</strong></span> 
     </span>
    </p>
   </div>
  </div>
