3834 6226
411 288 516 341 (187

1686 271 1746 329 Ρ.
1786 265 2106 325 υΑΝιιῑιιε
2143 261 2375 320 ιιυιῑτιι

3553 246 3662 301 988

413 427 450 467 ιι
478 410 613 477 Περὶ
642 406 862 477 ἀρχῶν,
886 420 1005 475 cap.
1057 404 1149 469 10,
1191 416 1342 456 num.
1391 400 1413 453 l
1456 397 1595 451 :¢Si
1634 410 1857 451 necesse
1902 401 1986 448 est
2013 395 2057 452 Α
2090 386 2314 441 arbitrio
2357 379 2665 477 impositum
2720 375 2819 441 iri;
2866 383 2976 477 tum
3026 369 3313 477 concludit.
3350 365 3662 477 nur‘n.22:s:

415 519 514 559 nos
534 518 656 559 esse
678 504 731 555 in
764 499 1107 569 corporibus,
1141 496 1282 549 sicut
1303 501 1454 548 certe
1483 502 1706 544 necesse
1729 495 1848 550 est,
1875 501 1981 540 non

416 598 469 652 in
506 596 629 651 aliis
657 610 819 665 (piam
848 594 901 647 in
932 590 1135 645 nostris
1168 586 1486 657 corporibus
1511 597 1633 638 esse
1658 580 1977 647 debemusp

417 700 473 744 et
495 689 624 743 ibid.
660 702 808 741 num.
849 685 882 739 8
913 704 926 739 :
965 704 983 736 ι
1013 682 1317 737 Videndum
1360 692 1574 746 quoque
1602 684 1705 740 est,
1738 688 1807 729 ne
1844 673 1985 729 forte

416 789 577 834 etiam
603 779 732 832 illud
763 779 865 832 iste
906 790 1085 831 sermo
1120 771 1421 844 signiticet,
1464 769 1607 838 quod
1637 770 1778 823 sicut
1811 765 1983 821 sancti

416 887 644 942 corpora
677 885 794 933 sua,
829 868 883 923 in
909 868 1109 937 quibus
1144 872 1335 920 sancte
1369 872 1424 917 et
1447 860 1647 932 purein
1681 858 1839 928 hujus
1864 859 1987 912 vita:

419 961 845 1017 habitationibus
866 960 1144 1022 vixerunt,
1173 956 1349 1011 lucida
1376 963 1431 1007 et
1458 952 1692 1023 gloriosa
1717 966 1782 1006 ex
1810 964 1989 1004 resur-

418 1054 662 1109 rectione
702 1051 1001 1121 suscipient
1031 1068 1045 1104 :
1079 1049 1151 1103 ita
1187 1058 1242 1103 et
1276 1047 1425 1117 impii
1452 1045 1652 1115 quique
1681 1044 1771 1111 qui
1804 1044 1856 1096 in
1885 1043 1989 1096 hac

417 1145 528 1197 vita
551 1158 799 1198 errorum
830 1139 1083 1196 tenebras
1106 1148 1157 1191 et
1191 1147 1400 1192 noctem
1437 1123 1755 1205 ignorantia:
1788 1133 1989 1188 dilexe-

420 1244 580 1301 runt,
604 1234 855 1289 obscuris
880 1242 935 1286 et
970 1232 1124 1285 tetris
1157 1238 1278 1299 post
1306 1227 1763 1283 resurrectionem
1800 1239 1990 1294 corpo-

421 1328 573 1383 ribus
640 1327 1003 1384 induanturzi
1063 1333 1118 1378 et
1168 1322 1264 1376 lib.
1326 1337 1408 1387 ιιι,
1459 1336 1581 1387 cap.
1620 1319 1675 1385 6,
1723 1334 1869 1373 num.
1918 1320 1986 1373 ιε

424 1438 446 1470 ι
481 1416 594 1473 Non
652 1428 832 1471 autem
890 1414 1246 1470 dubitandum
1302 1422 1387 1468 est
1438 1423 1683 1466 naturam
1747 1412 1990 1480 corporis

421 1506 581 1576 hujus
626 1506 838 1569 nostri,
888 1503 1171 1558 voluntate
1210 1500 1305 1555 Dei
1350 1499 1443 1569 qui
1476 1500 1637 1554 talem
1664 1498 1795 1552 fecit
1847 1512 1989 1561 eam,

423 1612 595 1667 usque
627 1597 693 1650 ad
725 1596 871 1649 illam
898 1594 1217 1664 qualitatem
1239 1590 1606 1655 subtilissimi,
1637 1598 1693 1643 et
1718 1588 1990 1659 purissimi

423 1704 489 1743 ac
514 1686 932 1758 splendidissimi
966 1684 1210 1753 corporis
1233 1698 1392 1751 posse
1422 1697 1451 1735 a
1475 1682 1733 1737 Creatore
1748 1680 1990 1749 perduci,

422 1790 585 1847 prout
614 1795 797 1833 rerum
828 1787 1028 1838 status,
1049 1776 1361 1841 vocaverit,
1388 1784 1443 1829 et
1473 1774 1726 1827 meritum
1754 1773 1994 1827 rationa-

424 1870 549 1926 bilis
587 1882 793 1926 natura:
839 1872 1178 1941 poposcerit;
1206 1889 1225 1922 ι
1260 1879 1316 1925 ει
1373 1882 1499 1922 mox
1561 1883 1711 1922 num.
1737 1867 1772 1922 6
1815 1885 1829 1921 :
1867 1884 1886 1920 ι
1916 1866 1991 1921 Ita

424 1964 589 2016 etiam
617 1962 683 2017 de
709 1972 900 2017 natura
934 1965 1177 2033 corporis
1202 1963 1541 2017 sentiendum
1566 1969 1677 2022 est,
1707 1962 1848 2029 quod
1883 1974 1990 2013 non

423 2054 567 2107 aliud
593 2069 792 2124 corpus
824 2064 929 2115 est.
968 2070 1079 2122 quo
1108 2069 1253 2110 nunc
1311 2056 1365 2108 in
1422 2056 1789 2125 ignobilitate,
1841 2065 1898 2113 et
1938 2058 1990 2111 in

421 2146 772 2215 corruptione
819 2155 875 2201 et
922 2146 1238 2201 inﬁrmitate
1293 2149 1533 2211 utimur;
1587 2158 1640 2202 et
1691 2149 1835 2203 aliud
1889 2149 1995 2203 erit

420 2240 552 2294 illud
584 2255 692 2309 quo
720 2240 773 2293 in
804 2239 1215 2307 incorruptione
1246 2248 1300 2293 et
1349 2240 1400 2294 in
1438 2242 1639 2295 virtute
1656 2250 1713 2296 et
1738 2242 1789 2295 in
1820 2241 1988 2313 gloria

420 2331 798 2385 utemurzsed
859 2332 959 2385 hoc
1001 2332 1139 2385 idem
1197 2333 1421 2401 abiectis
1480 2334 1884 2389 inﬁrmitatibus
1938 2335 1990 2388 in

418 2424 614 2491 quibus
648 2441 786 2480 nunc
806 2436 913 2489 est,
946 2428 997 2481 in
1023 2426 1247 2496 gloriam
1283 2428 1739 2484 trausmutabitur
1770 2427 1990 2498 spirita-

422 2516 472 2569 ie
521 2516 791 2583 eﬂ'ectum,
816 2518 1034 2586 utquod
1068 2518 1514 2588 fuitindignitatis
1534 2534 1649 2583 vas,
1680 2520 1783 2574 hoc
1808 2520 1982 2588 ipsum

420 2624 778 2684 expurgatqu
817 2613 908 2669 ﬁat
935 2630 1031 2669 vas
1063 2616 1285 2672 honoris
1309 2659 1323 2680 ,
1372 2626 1427 2672 et
1452 2618 1805 2674 beatitudinis
1834 2619 1992 2673 babi-

421 2704 695 2768 taculum;
728 2724 745 2756 ι
807 2706 999 2760 deinde
1046 2708 1289 2762 ostendit
1329 2725 1431 2763 non
1484 2708 1639 2763 nobis
1684 2724 1747 2763 ex
1803 2710 1993 2779 quinto

422 2794 513 2849 illo
546 2795 985 2867 philosophorum
1019 2813 1247 2868 corpore
1276 2801 1454 2853 fictum
1479 2799 1541 2854 iri
1574 2816 1602 2854 a
1631 2800 1741 2855 Deo
1773 2814 1989 2871 corpus,

423 2904 589 2943 ccum
636 2890 921 2946 manifeste
970 2890 1192 2945 deﬁniat
1241 2902 1460 2947 sanctus
1503 2892 1814 2960 Apostolus,
1864 2894 1989 2962 quia

420 2997 527 3036 non
565 2996 699 3036 nova
740 2982 921 3049 aliqua
967 2998 1193 3050 cm-pora
1236 2982 1643 3053 I'esurgeutibus
1686 2998 1715 3035 a
1765 2984 1991 3038 mortuis

418 3074 631 3135 dentur,
665 3074 758 3129 sed
793 3074 906 3129 haec
938 3076 1048 3143 ipsa
1098 3089 1216 3142 quae
1257 3074 1501 3129 viventes

418 3164 780 3220 deterioribus
838 3166 888 3219 in
951 3164 1147 3219 melius
1205 3166 1592 3220 transformata
1654 3166 1979 3234 recipiant.»

420 3255 661 3318 Denique
688 3255 825 3308 libro
854 3255 1027 3323 primo
1061 3255 1135 3309 De
1165 3256 1545 3309 resurrectione
1566 3295 1582 3319 ,
1626 3266 1684 3309 ut
1722 3265 1808 3310 est
1849 3258 1987 3325 apud

423 3345 761 3411 Pamphilum
792 3348 843 3400 in
869 3348 1149 3417 Apologia,
1182 3347 1476 3401 absurdum
1514 3356 1570 3402 et
1604 3348 1846 3417 iniquum
1874 3347 1989 3402 fore

419 3438 514 3500 ait,
552 3439 595 3493 si
642 3454 737 3492 sua
780 3438 1028 3493 mercede
1080 3438 1358 3493 fraudetur
1413 3454 1632 3508 corpus,
1687 3441 1827 3508 quod
1864 3456 1985 3493 cum

421 3533 602 3585 anima
637 3532 852 3587 fortiter
882 3532 1209 3597 decertavit;
1242 3547 1303 3587 ea
1331 3541 1507 3587 autem
1531 3532 1802 3601 privatum
1835 3532 1897 3586 iri
1932 3533 1985 3586 ni

422 3633 690 3691 resurgat.
747 3622 897 3678 Hauc
944 3623 1189 3692 corporis
1236 3623 1634 3691 reparationem
1687 3623 1740 3677 in
1798 3624 1987 3677 melius

421 3714 711 3784 cogitabat,
748 3714 802 3768 ni
839 3714 1011 3775 fallor,
1055 3714 1252 3785 Glycas
1307 3730 1428 3767 cum
1475 3715 1752 3782 opinatum
1801 3715 1988 3768 scribit

419 3804 705 3878 Origeuetn
739 3806 808 3859 τὰ
838 3805 1062 3876 σώματα
1099 3806 1254 3877 ἡμῶν
1286 3805 1358 3876 μὴ
1390 3806 1706 3861 ἀνίστασθαι
1732 3805 1900 3860 ταῦτα
1928 3808 1987 3859 ὲν

420 3901 486 3971 τῇ
520 3899 849 3953 ἀναστάσειο
883 3913 1001 3969 qum
1024 3900 1188 3951 verba
1232 3900 1429 3966 repetit
1465 3897 1741 3953 Cedrenus
1766 3903 1833 3953 de
1861 3898 1988 3954 Ori-

419 3988 643 4059 genistis
678 3989 902 4056 loquens
934 3988 985 4041 in
1013 3989 1203 4058 quinto
1233 3990 1466 4045 concilio
1491 3992 1780 4045 damnatis.

487 4097 794 4168 Aliquando
818 4112 945 4152 vero
978 4113 1041 4152 ne
1072 4099 1209 4153 idem
1237 4100 1455 4169 quidem
1489 4115 1688 4171 corpus
1726 4102 1779 4156 in
1822 4103 1983 4157 vitam

419 4193 717 4247 rediturum
740 4192 889 4245 visus
918 4200 997 4246 est
1030 4191 1336 4248 tradidisse.
1371 4191 1465 4245 His
1498 4193 1746 4248 videlicet
1766 4209 1986 4261 persua-

418 4300 512 4339 sus
538 4282 778 4352 Apostoli
811 4280 829 4334 1
857 4283 982 4337 Cor.
1014 4297 1104 4347 xv,
1130 4280 1299 4337 42-44
1330 4299 1345 4336 :
1381 4301 1399 4334 ι
1428 4282 1742 4338 Seminatur
1781 4285 1833 4338 in
1862 4301 1985 4340 cor-

415 4378 699 4445 ruptione,
753 4376 925 4445 surgit
984 4375 1036 4427 in
1091 4373 1524 4444 incorruptione;
1579 4377 1876 4431 seminatur
1930 4378 1981 4432 in

2094 479 2283 548 Ἡμεῖς
2320 476 2415 546 μὲν
2432 470 2524 526 οὖν
2548 472 2608 525 οὗ
2647 486 2823 540 φαμεν
2855 466 2914 520 τὸ
2940 465 3229 534 διαφθαρὲν
3247 462 3404 531 σῶμα
3428 458 3665 527 ὲπανὲρ·

2083 563 2269 634 χεσΟαι
2302 564 2381 625 είς
2419 560 2514 631 τὴν
2548 560 2605 625 ἐξ
2632 558 2805 631 ἀρχῆς
2836 554 3017 624 φύσιν,
3043 555 3117 617 ὡς
3157 552 3277 606 οὐδὲ
3317 551 3406 603 τὸν
3433 548 3667 616 διαφθα-

2086 655 2245 727 ρέντα
2272 653 2469 706 κόκκον
2497 650 2588 704 τοῦ
2622 650 2767 702 σίτου
2800 643 3193 717 ἐπανέρχεσθαι
3229 644 3307 704 εἰς
3338 642 3429 694 τὸν
3460 640 3666 692 κόκκον

2085 746 2177 801 τοῦ
2212 746 2356 799 σίτου
2387 761 2400 773 ·
2430 744 2657 813 λέγομεν
2702 737 3037 811 γὰρκῶσπερ
3065 734 3156 788 ἐπὶ
3190 733 3283 786 τοῦ
3326 731 3527 785 κόκκου
3567 728 3665 782 τεῦ

2089 839 2236 892 σίτου
2275 837 2545 908 ἐγείρεται
2593 832 2815 904 στάχυς,
2846 831 2988 884 οὕτω
3022 828 3177 896 λόγος
3200 845 3285 890 τις
3317 826 3562 895 ἔγκειται
3587 824 3666 895 τῷ

2089 929 2321 999 σώματι,
2367 929 2457 996 ἀφ’
2491 921 2551 981 οὗ
2597 926 2671 997 μὴ
2707 922 3060 996 φθειρομένου
3101 920 3367 992 ἐγείρεται
3399 918 3463 971 τὸ
3506 918 3669 988 σῶμα

2088 1021 2145 1071 ὲν
2173 1017 2450 1088 ἀφθαρσίᾳ
2478 1033 2493 1047 ο
2521 1027 2578 1071 et
2620 1018 2776 1086 paulo
2823 1016 3093 1084 superius,
3135 1029 3283 1066 num.
3321 1012 3428 1066 22:
3474 1011 3668 1081 Ἡμεῖς

2087 1111 2145 1165 δὲ
2191 1112 2500 1183 πειθόμενοι
2559 1110 2641 1164 ὅτι
2686 1109 2748 1163 τὸ
2797 1107 3148 1178 σπειρόμενον
3196 1106 3255 1158 οὐ
3300 1105 3667 1169 ζωοποιεῖται,

2090 1205 2184 1259 ἐὰν
2238 1205 2311 1276 μὴ
2351 1204 2596 1274 ἀποθάνῃ
2623 1220 2636 1233 ο
2664 1202 2757 1255 καὶ
2807 1202 2889 1254 ὅτι
2918 1202 2979 1254 οὑ
3008 1200 3067 1254 τὸ
3095 1200 3458 1270 γενησόμενον
3508 1198 3671 1267 σῶμα

2093 1297 2417 1367 σπείρεται·
2449 1297 2477 1349 ὁ
2504 1294 2611 1365 γὰρ
2655 1294 2787 1357 Θεὸς
2834 1292 2984 1362 αὐτῷ
3029 1292 3210 1345 δίδωσι
3259 1291 3437 1361 σῶμα,
3486 1288 3671 1352 καθὼς

2092 1389 2341 1459 ἠθέλησε,
2371 1397 2476 1442 etc.
2506 1386 2711 1440 Similia
2740 1385 2989 1455 leguntur
3014 1383 3152 1438 libro
3182 1401 3218 1437 ιι
3272 1383 3411 1451 Περὶ
3437 1382 3669 1452 ἀρχῶν,

2094 1495 2216 1548 cap.
2245 1480 2333 1546 10,
2360 1494 2509 1534 num.
2548 1480 2601 1535 5.
2634 1479 2751 1543 Quo
2782 1478 2900 1531 loco
2924 1486 3086 1545 atque
3119 1476 3244 1529 item
3276 1474 3368 1528 lib.
3404 1490 3445 1529 ιι
3478 1473 3556 1528 De
3592 1491 3672 1529 re-

2092 1572 2441 1633 surrectione,
2480 1589 2499 1622 ι
2527 1567 2851 1624 substantia:
2880 1568 3144 1621 rationem
3176 1585 3194 1618 ι
3223 1566 3462 1637 appellat
3490 1581 3673 1621 resur-

2094 1662 2355 1717 rectionis
2381 1678 2623 1732 germen,
2661 1675 2769 1729 quo
2804 1674 3029 1727 corpora
3058 1659 3354 1728 reparanda
3386 1659 3671 1723 censebat,

2025 1744 2065 1799 B
2093 1766 2255 1819 quam
2294 1766 2322 1804 a
2348 1748 2692 1804 scholasticis
2739 1766 2758 1800 ι
2789 1746 3147 1801 substantiam
3193 1746 3489 1801 radicalem
3515 1765 3534 1797 ι
3570 1747 3672 1801 dici

2098 1852 2246 1895 recte
2276 1839 2555 1896 adnotavit
2585 1836 3008 1903 Genebrardus;
3041 1836 3166 1891 licet
3193 1836 3299 1891 alio
3340 1837 3568 1906 penitus
3616 1851 3677 1891 ac

2092 1933 2307 1987 diverso
2340 1932 2499 1987 modo
2532 1928 2744 1985 effectio
2780 1928 2897 1996 ejus
2933 1944 2996 1983 ac
3042 1928 3213 1983 virtus
3242 1926 3310 1982 ab
3355 1928 3556 1983 iisdem
3594 1928 3675 1982 in-

2093 2024 2386 2094 telligatur.
2430 2023 2622 2092 Itaque
2664 2019 2979 2076 Gennadius
3031 2019 3127 2075 lib.
3179 2018 3257 2072 De
3315 2019 3673 2089 dogmatibus,

2093 2131 2213 2184 cap.
2246 2114 2299 2179 6,
2326 2114 2405 2169 sic
2432 2115 2671 2183 diSpulat
2703 2130 2717 2167 :
2753 2130 2771 2163 ι
2802 2112 2868 2166 Ει
2899 2127 3002 2166 non
3052 2112 3344 2166 secundum
3383 2110 3677 2180 Origenem

2092 2208 2394 2264 immutatio
2426 2221 2707 2275 corporum
2744 2205 2870 2270 erit,
2912 2205 2966 2258 id
2994 2214 3077 2258 est
3107 2204 3250 2258 aliud
3316 2219 3523 2257 novum
3559 2220 3677 2259 cor-

2091 2313 2189 2368 pus
2220 2313 2318 2365 pro
2361 2310 2562 2362 carne;
2614 2295 2709 2350 sed
2745 2294 2933 2349 eadem
2982 2308 3112 2348 caro
3156 2292 3533 2361 corruptibilis
3564 2308 3677 2361 qua

2091 2390 2253 2452 cadit,
2289 2398 2393 2442 tam
2413 2387 2678 2455 justorum
2710 2400 2871 2456 quam
2904 2383 3226 2452 injustorum
3252 2424 3268 2451 ,
3334 2384 3676 2453 incorrupti—

2090 2480 2212 2536 bilis
2242 2487 2504 2547 resurget.
2549 2497 2567 2529 ι

2161 2572 2417 2638 Quamvis
2447 2580 2624 2625 autem
2671 2568 2814 2623 aliud
2860 2551 3194 2637 proditurum
3237 2582 3479 2634 corpus,
3540 2576 3595 2620 et
3645 2581 3675 2618 ε

2091 2664 2268 2733 priore
2302 2663 2573 2717 diversum
2614 2660 2832 2714 ﬁnxerit
2878 2659 2982 2713 sibi
3026 2659 3387 2713 Adamantius
3416 2700 3432 2723 ,
3478 2660 3673 2713 iisdem

2092 2763 2271 2806 tamen
2306 2753 2468 2818 notis,
2497 2753 2687 2806 eadem
2716 2750 2891 2804 forma
2927 2749 3138 2819 insigne
3164 2749 3407 2803 futurum
3436 2750 3675 2804 afﬁrmat

2090 2844 2145 2899 in
2177 2844 2566 2898 Commentario
2601 2845 2670 2897 ad
2714 2843 2903 2914 psalm.
2933 2859 2972 2909 ι,
3019 2857 3141 2912 pag.
3180 2842 3308 2907 554,
3340 2843 3470 2907 555,
3510 2859 3671 2913 quem

2089 2936 2539 2991 commentarium
2575 2936 2626 2989 in
2653 2937 2924 3005 epitomen
2954 2950 2983 2988 a
3029 2934 3301 2989 Methodio
3328 2945 3672 2991 contractum

2090 3036 2442 3096 repraesentat
2468 3027 2801 3097 Epiphanius
2836 3028 3026 3082 lia‘res.
3057 3043 3201 3090 LXIV,
3226 3043 3347 3094 cap.
3372 3028 3441 3081 12
3470 3037 3527 3081 et
3554 3044 3669 3098 seq.

1546 3075 1877 3139 habuerant,
1916 3090 1983 3129 ex
2092 3075 2441 3096 ’Ἵππη-⁷
2469 3075 2799 3131 Ἵππη-γτ-
3058 3075 3201 3090 ----.
3230 3075 3346 3094 η..-
3376 3075 3453 3130 η.
3474 3075 3526 3081 --
3554 3075 3669 3098 --Ψ

1546 3173 1587 3188 ι-
1654 3166 1909 3188 ---ε-ιη-.
1963 3186 1974 3188 _
2012 3105 2057 3165 ε
2090 3117 2138 3173 18
2160 3133 2290 3188 ergo
2320 3133 2442 3187 cap.
2493 3118 2560 3173 H
2600 3118 2793 3172 scribit
2836 3134 3068 3187 corpora
3112 3134 3231 3188 qua:
3259 3134 3353 3186 per
3381 3120 3670 3175 alimento-

2088 3226 2204 3264 rum
2236 3209 2633 3278 susceptionem
2664 3209 2830 3263 vitam
2866 3208 3120 3273 tolerant,
3170 3225 3448 3279 nunquam
3478 3212 3669 3265 eadem

2090 3313 2402 3362 remanere,
2440 3297 2532 3353 sed
2566 3313 2661 3367 per
2711 3298 2955 3353 ciborum
2997 3312 3147 3351 esum
3197 3309 3252 3352 et
3299 3300 3669 3354 excretionem

2087 3388 2231 3442 ﬂuvii
2286 3387 2498 3453 instar,
2559 3400 2820 3458 perpetuo
2882 3388 3049 3443 liuere
3098 3399 3154 3443 et
3212 3391 3668 3445 mutarizeadem

2089 3488 2266 3533 tamen
2308 3494 2525 3534 manere
2563 3495 2792 3549 corpora
2826 3482 2963 3543 hazc,
3012 3495 3118 3534 non
3151 3482 3358 3535 ratione
3406 3482 3672 3536 duntaxat

2088 3570 2303 3635 animae,
2328 3586 2447 3641 qua:
2467 3571 2653 3625 eadem
2680 3586 2895 3641 semper
2922 3581 3005 3627 est
3029 3590 3041 3631 :
3080 3571 3172 3625 sed
3209 3580 3429 3642 propter
3450 3587 3669 3626 earum-

2089 3663 2210 3717 dem
2248 3662 2408 3716 etiam
2445 3661 2741 3716 formarum
2769 3700 2783 3722 ,
2816 3678 2936 3730 qua:
2986 3677 3272 3730 corporum
3333 3662 3668 3733 singulorum

2089 3762 2227 3807 nota:
2257 3754 2502 3819 quaedam
2552 3753 2784 3823 propriae
2812 3762 2936 3807 sunt
2964 3768 3027 3809 ac
3056 3756 3401 3809 characteres
3433 3798 3447 3819 ,
3488 3770 3669 3824 perse-

2088 3844 2406 3906 verantiam,
2456 3844 2600 3898 unde
2657 3842 2945 3911 lentigiues
2977 3884 2992 3908 ,
3036 3845 3347 3909 cicatrices,
3399 3861 3543 3899 nam
3601 3847 3665 3900 ad

2089 3944 2316 3988 mortem
2375 3949 2546 4002 usque
2596 3934 2911 4004 corporibus
2969 3934 3282 3999 adhaerent;
3357 3936 3409 3989 in
3482 3951 3665 3990 resur-

2088 4022 2326 4076 rectione
2378 4022 2544 4092 igitur
2588 4023 2785 4076 animae
2826 4023 3162 4092 circumponi
3206 4023 3437 4078 formam
3495 4026 3664 4089 illam,

2086 4126 2189 4180 qua
2219 4109 2413 4164 Petrus
2457 4111 2608 4165 verbi
2655 4113 2827 4181 gratia
2871 4112 3238 4175 constituitur,
3284 4113 3500 4167 diversa
3543 4115 3665 4169 licet

2088 4202 2313 4256 materia
2344 4202 2435 4267 sit,
2484 4217 2548 4257 ac
2587 4202 2858 4257 diversum
2907 4218 3144 4272 corpus;
3200 4203 3409 4258 animas
3469 4207 3663 4276 quippe

2090 4294 2253 4349 variis
2312 4308 2411 4363 pro
2467 4294 2705 4349 locorum
2753 4295 3014 4349 varietate
3072 4296 3148 4348 uti
3198 4296 3558 4363 corporibus;
3613 4309 3663 4352 et

2087 4385 2540 4452 quemadmodum
2570 4384 2714 4439 aliud
2764 4400 2988 4439 necesse
3034 4384 3176 4439 foret
3209 4384 3391 4439 subire
3445 4402 3658 4455 corpus,

416 4468 772 4537 ignobilitate,
800 4465 971 4536 surgit
1010 4466 1062 4521 in
1098 4467 1308 4538 gloria;
1342 4468 1639 4522 seminatur
1667 4470 1717 4522 in
1753 4469 1979 4524 inﬁrmi-
2014 4455 2057 4509 ί)
2086 4475 2130 4530 si
2160 4475 2211 4529 in
2238 4474 2393 4544 aquis
2422 4476 2617 4530 victuri
2653 4491 2916 4541 essemus,
2962 4476 3032 4529 ita
3066 4476 3220 4530 nobis
3248 4476 3415 4530 vitam
3464 4480 3658 4534 acturis

415 4569 545 4624 tate,
577 4560 753 4629 surgit
783 4560 834 4613 in
866 4562 1063 4614 virtute
1091 4578 1106 4627 ;
1144 4560 1446 4615 seminatur
1473 4576 1671 4629 corpus
1709 4563 1942 4618 animale
1962 4605 1977 4627 ,

415 4654 586 4722 surgit
651 4668 850 4723 corpus
912 4651 1223 4722 spiritale,»
1288 4667 1489 4722 corpus
1544 4664 1976 4710 resurrecturum

411 4744 628 4811 quidem
657 4745 1008 4810 existimavit,
1054 4744 1149 4798 sed
1186 4745 1529 4799 immutatum
1578 4755 1793 4811 natura,
1848 4757 1902 4800 et
1949 4763 1977 4801 a

413 4836 598 4902 priore
628 4836 923 4902 diversum,
961 4854 1025 4892 ac
1059 4837 1213 4907 plane
1237 4837 1417 4902 aliud;
1454 4839 1910 4907 quemadmodum
1946 4854 1977 4895 e

411 4941 581 4994 grano
625 4928 792 4982 tritici
825 4930 975 4997 Spica
1013 4932 1185 5001 surgit
1236 4947 1265 4985 a
1306 4945 1478 5003 grano
1529 4931 1779 4997 diversa;
1836 4931 1979 5001 quod

409 5019 722 5073 coulirmari
742 5028 888 5089 putat
907 5020 1022 5075 ~isto
1039 5036 1069 5076 e
1092 5024 1269 5086 priore
1291 5022 1357 5076 ad
1382 5023 1631 5077 Corinth.
1661 5038 1750 5088 xv,
1777 5022 1978 5077 '56-'58:

417 5128 435 5160 ε
465 5109 750 5178 lnsipiens,
787 5120 841 5165 tu
884 5113 1029 5181 quod
1068 5114 1307 5167 seminas
1349 5130 1454 5167 non
1508 5114 1837 5179 vivilicatur,
1878 5114 1979 5168 nisi

414 5203 565 5268 prius
590 5203 874 5259 moriatur.
909 5204 974 5257 Et
1006 5205 1148 5273 quod
1175 5205 1436 5268 seminas,
1467 5221 1573 5258 non
1612 5220 1810 5273 corpus
1841 5206 1982 5271 quod

415 5294 653 5349 luturum
681 5303 765 5349 est
794 5297 1056 5362 semiuas,
1097 5297 1192 5350 sed
1223 5295 1425 5349 nudum
1457 5311 1708 5365 granum,
1740 5305 1798 5349 ut
1831 5304 1979 5364 puta,

414 5388 580 5442 tritici
604 5396 697 5441 aut
741 5388 970 5454 alicujus
996 5398 1337 5442 cat-terarum.
1390 5387 1533 5441 Deus
1578 5396 1756 5440 autem
1785 5388 1875 5441 dat
1905 5388 1980 5442 illi

414 5492 615 5547 corpus
631 5478 772 5533 sicut
797 5478 989 5538 voluit,
1014 5488 1067 5531 et
1094 5478 1385 5547 unicuique
1412 5478 1676 5531 seminum
1705 5478 1979 5546 proprium

416 5584 633 5638 corpus.
664 5587 685 5621 ι
719 5568 871 5623 Unde
905 5569 1001 5625 lib.
1048 5584 1078 5622 v
1107 5581 1295 5624 contra
1325 5569 1641 5634 Cels.,num.
1668 5568 1756 5632 22,
1774 5579 1985 5623 mortuo

418 5660 631 5729 corpori
669 5661 817 5716 velut
864 5676 1049 5717 semen
1101 5660 1263 5715 futuri
1315 5663 1557 5731 corporis
1609 5663 1787 5715 inesse
1832 5659 1983 5725 dicit,

426 5752 744 5831 hominique
785 5768 813 5807 e
842 5753 1066 5809 mortuis
1098 5754 1394 5822 resurgcuti
1431 5768 1626 5823 corpus
1659 5767 1757 5824 pro
1807 5752 1987 5806 divino

2084 4568 2135 4620 in
2170 4566 2326 4633 cmlo,
2368 4567 2625 4636 spiritalia
2689 4568 2994 4622 necessario
3024 4569 3031 4595 '
3066 4582 3288 4637 corpora
3351 4582 3476 4624 esse
3531 4572 3657 4623 asci-

2083 4661 2314 4726 scenda;
2354 4658 2447 4712 sed
2485 4668 2690 4713 inutato
2745 4658 2871 4713 licet
2909 4673 3158 4727 corpore,
3200 4659 3447 4712 eamdem
3485 4670 3653 4714 tamen

2086 4750 2393 4819 neutiquam
2420 4749 2745 4804 exstinctum
2775 4749 2839 4802 iri
2863 4750 3093 4817 speciem
3122 4765 3183 4803 ac
3203 4748 3457 4817 formam,
3478 4767 3655 4821 quem-

2082 4842 2367 4896 admodum
2422 4839 2601 4904 Jesus,
2656 4840 2827 4895 Moses
2880 4857 2943 4896 ac
3011 4841 3155 4895 Elias
3205 4841 3257 4894 in
3309 4843 3653 4896 transforma-

2089 4936 2234 4989 tione
2265 4949 2385 4989 sese
2424 4936 2612 4989 eadem
2661 4933 3030 5002 aguosccndos
3076 4933 3253 5001 specie
3294 4932 3651 5001 prmbuerunt.

2091 5026 2357 5095 Explanat
2385 5026 2616 5095 idipsum
2657 5026 2887 5079 subinde
2915 5024 3216 5079 Methodius
3263 5040 3387 5093 cap.
3442 5025 3547 5087 58,
3595 5038 3653 5076 ac

2086 5132 2206 5170 eam
2235 5132 2449 5184 quoque
2476 5114 2727 5185 Origenis
2768 5114 3202 5169 dissertationem
3253 5114 3306 5168 in
3348 5116 3650 5185 Apologim

2088 5224 2241 5262 suam
2267 5207 2579 5277 Pamphilus
2609 5207 2842 5261 infersit.
2870 5206 3182 5261 Eustathius
3207 5207 3579 5261 Antiochenus
3603 5206 3651 5259 in

2094 5301 2234 5354 libro
2262 5301 2337 5354 De
2366 5298 2800 5370 Engastrimytho
2835 5308 3020 5352 narrat
3063 5298 3350 5367 Origenem
3398 5300 3541 5352 male
3593 5300 3653 5351 de

2090 5392 2490 5446 resurrectione
2519 5391 2844 5445 sententiam
2882 5388 3095 5443 abunde
3119 5404 3148 5441 a
3176 5387 3451 5443 Methodio
3492 5390 3651 5443 luisse

2089 5480 2451 5543 confutatum,
2483 5480 2549 5534 ab
2581 5495 2752 5549 eoque
2777 5490 2963 5548 aperte
3008 5481 3433 5534 demonstratum
3471 5496 3649 5535 ansam

2091 5573 2217 5627 inde
2268 5571 2535 5626 haereticis
2577 5572 2874 5640 praebitam,
2929 5584 3027 5623 cur
3078 5569 3256 5635 specie
3305 5570 3508 5634 solum,
3554 5585 3649 5624 non

2094 5677 2320 5733 corpore
2348 5663 2463 5731 ipso
2494 5662 2737 5716 homines
2767 5660 2892 5714 olim
2932 5658 3047 5714 fore
3088 5657 3432 5712 suscitandos
3470 5659 3649 5729 opina-

2098 5765 2303 5813 rentur.
2330 5753 2587 5811 Notabilis
2616 5768 2741 5809 vero
2764 5763 2847 5809 est
2881 5752 3077 5808 Nicetae
3104 5752 3413 5808 Acominau
3439 5768 3649 5809 accusa-
