  <div class='ocr_page' id='page_1' title='image "/cluster/home/n/w/nwhite01/storage/ocr_20150623/17/nnc1.0046978615/504.png"; bbox 0 0 3834 6226; ppageno 0'>
   <div class='ocr_carea' id='block_1_1' title="bbox 234 358 343 417">
    <p class='ocr_par' dir='ltr' id='par_1_1' title="bbox 234 358 343 417">
     <span class='ocr_line' id='line_1_1' title="bbox 234 358 343 417; baseline 0 -1"><span class='ocrx_word' id='word_1_1' title='bbox 234 358 343 417; x_wconf 81' lang='lat'><strong>989</strong></span> 
     </span>
    </p>
   </div>
   <div class='ocr_carea' id='block_1_2' title="bbox 1048 346 2645 419">
    <p class='ocr_par' dir='ltr' id='par_1_2' title="bbox 1048 346 2645 419">
     <span class='ocr_line' id='line_1_2' title="bbox 1048 346 2645 419; baseline -0.006 -4"><span class='ocrx_word' id='word_1_2' title='bbox 1048 357 1626 415; x_wconf 79' lang='lat' dir='ltr'><strong>ORIGENIANORUM</strong></span> <span class='ocrx_word' id='word_1_3' title='bbox 1667 355 1793 414; x_wconf 86' lang='lat' dir='ltr'><strong>LIB.</strong></span> <span class='ocrx_word' id='word_1_4' title='bbox 1836 355 1900 419; x_wconf 91' lang='grc'><strong>11,</strong></span> <span class='ocrx_word' id='word_1_5' title='bbox 1940 352 2091 409; x_wconf 87' lang='lat' dir='ltr'><strong>CAP.</strong></span> <span class='ocrx_word' id='word_1_6' title='bbox 2136 350 2198 417; x_wconf 91' lang='lat' dir='ltr'><strong>ll,</strong></span> <span class='ocrx_word' id='word_1_7' title='bbox 2238 346 2512 418; x_wconf 62' lang='lat' dir='ltr'><strong>QUIEST.</strong></span> <span class='ocrx_word' id='word_1_8' title='bbox 2553 346 2645 405; x_wconf 81' lang='lat' dir='ltr'><strong>IX.</strong></span> 
     </span>
    </p>
   </div>
   <div class='ocr_carea' id='block_1_3' title="bbox 3366 340 3469 397">
    <p class='ocr_par' dir='ltr' id='par_1_3' title="bbox 3366 340 3469 397">
     <span class='ocr_line' id='line_1_3' title="bbox 3366 340 3469 397; baseline 0 0"><span class='ocrx_word' id='word_1_9' title='bbox 3366 340 3469 397; x_wconf 87' lang='lat'><strong>990</strong></span> 
     </span>
    </p>
   </div>
   <div class='ocr_carea' id='block_1_4' title="bbox 233 457 3467 546">
    <p class='ocr_par' dir='ltr' id='par_1_4' title="bbox 233 457 3467 546">
     <span class='ocr_line' id='line_1_4' title="bbox 233 457 3467 546; baseline -0.006 -17"><span class='ocrx_word' id='word_1_10' title='bbox 233 476 315 529; x_wconf 86' lang='lat' dir='ltr'><strong>tio</strong></span> <span class='ocrx_word' id='word_1_11' title='bbox 340 474 434 531; x_wconf 81' lang='lat' dir='ltr'><strong>lib.</strong></span> <span class='ocrx_word' id='word_1_12' title='bbox 467 490 523 531; x_wconf 84' lang='lat' dir='ltr'><strong>tv</strong></span> <span class='ocrx_word' id='word_1_13' title='bbox 551 473 705 532; x_wconf 77' lang='lat' dir='ltr'><strong>Thes.</strong></span> <span class='ocrx_word' id='word_1_14' title='bbox 746 476 955 529; x_wconf 78' lang='lat' dir='ltr'><strong>orlhod.</strong></span> <span class='ocrx_word' id='word_1_15' title='bbox 990 474 1107 540; x_wconf 64' lang='grc' dir='ltr'><strong>βαίη</strong></span> <span class='ocrx_word' id='word_1_16' title='bbox 1153 476 1347 530; x_wconf 69' lang='lat' dir='ltr'><strong>haeres.</strong></span> <span class='ocrx_word' id='word_1_17' title='bbox 1376 492 1527 543; x_wconf 65' lang='grc' dir='ltr'><strong>χιιι,</strong></span> <span class='ocrx_word' id='word_1_18' title='bbox 1556 491 1659 546; x_wconf 90' lang='lat' dir='ltr'><strong>qua</strong></span> <span class='ocrx_word' id='word_1_19' title='bbox 1688 474 1810 531; x_wconf 86' lang='lat' dir='ltr'><strong>Ori-</strong></span> <span class='ocrx_word' id='word_1_20' title='bbox 1838 477 1885 534; x_wconf 82' lang='grc' dir='ltr'><strong>Α</strong></span> <span class='ocrx_word' id='word_1_21' title='bbox 1915 473 2082 536; x_wconf 92' lang='lat' dir='ltr'><strong>nitur,</strong></span> <span class='ocrx_word' id='word_1_22' title='bbox 2124 484 2225 524; x_wconf 89' lang='lat' dir='ltr'><strong>nec</strong></span> <span class='ocrx_word' id='word_1_23' title='bbox 2257 469 2493 538; x_wconf 88' lang='lat' dir='ltr'><strong>pondere</strong></span> <span class='ocrx_word' id='word_1_24' title='bbox 2538 469 2928 535; x_wconf 67' lang='lat' dir='ltr'><strong>prrgravatur,</strong></span> <span class='ocrx_word' id='word_1_25' title='bbox 2960 468 3015 515; x_wconf 89' lang='lat' dir='ltr'><strong>et</strong></span> <span class='ocrx_word' id='word_1_26' title='bbox 3063 473 3160 526; x_wconf 87' lang='lat' dir='ltr'><strong>pro</strong></span> <span class='ocrx_word' id='word_1_27' title='bbox 3206 457 3467 520; x_wconf 87' lang='lat' dir='ltr'><strong>locorum,</strong></span> 
     </span>
    </p>
   </div>
   <div class='ocr_carea' id='block_1_5' title="bbox 237 566 1803 639">
    <p class='ocr_par' dir='ltr' id='par_1_5' title="bbox 237 566 1803 639">
     <span class='ocr_line' id='line_1_5' title="bbox 237 566 1803 639; baseline 0.004 -20"><span class='ocrx_word' id='word_1_28' title='bbox 237 566 391 635; x_wconf 86' lang='lat' dir='ltr'><strong>genis</strong></span> <span class='ocrx_word' id='word_1_29' title='bbox 434 568 753 621; x_wconf 89' lang='lat' dir='ltr'><strong>sententiam</strong></span> <span class='ocrx_word' id='word_1_30' title='bbox 805 568 887 621; x_wconf 90' lang='lat' dir='ltr'><strong>his</strong></span> <span class='ocrx_word' id='word_1_31' title='bbox 921 566 1143 635; x_wconf 82' lang='lat' dir='ltr'><strong>exponit</strong></span> <span class='ocrx_word' id='word_1_32' title='bbox 1188 568 1388 633; x_wconf 81' lang='lat' dir='ltr'><strong>verbis,</strong></span> <span class='ocrx_word' id='word_1_33' title='bbox 1445 568 1597 639; x_wconf 82' lang='lat' dir='ltr'><strong>juxta</strong></span> <span class='ocrx_word' id='word_1_34' title='bbox 1656 568 1803 625; x_wconf 89' lang='lat' dir='ltr'><strong>Petri</strong></span> 
     </span>
    </p>
   </div>
   <div class='ocr_carea' id='block_1_6' title="bbox 239 656 1808 729">
    <p class='ocr_par' dir='ltr' id='par_1_6' title="bbox 239 656 1808 729">
     <span class='ocr_line' id='line_1_6' title="bbox 239 656 1808 729; baseline 0.002 -18"><span class='ocrx_word' id='word_1_35' title='bbox 239 657 441 713; x_wconf 79' lang='lat' dir='ltr'><strong>Morelli</strong></span> <span class='ocrx_word' id='word_1_36' title='bbox 480 658 972 728; x_wconf 89' lang='lat' dir='ltr'><strong>interpretationem</strong></span> <span class='ocrx_word' id='word_1_37' title='bbox 1002 674 1017 712; x_wconf 90' lang='lat'><strong>:</strong></span> <span class='ocrx_word' id='word_1_38' title='bbox 1055 675 1073 708; x_wconf 84' lang='grc'>‹</span> <span class='ocrx_word' id='word_1_39' title='bbox 1105 656 1314 728; x_wconf 84' lang='lat' dir='ltr'><strong>Corpus</strong></span> <span class='ocrx_word' id='word_1_40' title='bbox 1341 658 1808 729; x_wconf 5' lang='lat' dir='ltr'><strong>hocqquoinvolvi-</strong></span> 
     </span>
    </p>
   </div>
   <div class='ocr_carea' id='block_1_7' title="bbox 240 748 1791 821">
    <p class='ocr_par' dir='ltr' id='par_1_7' title="bbox 240 748 1791 821">
     <span class='ocr_line' id='line_1_7' title="bbox 240 748 1791 821; baseline 0.003 -19"><span class='ocrx_word' id='word_1_41' title='bbox 240 764 380 811; x_wconf 86' lang='lat' dir='ltr'><strong>mur,</strong></span> <span class='ocrx_word' id='word_1_42' title='bbox 428 749 837 805; x_wconf 74' lang='lat' dir='ltr'><strong>resurrectionis</strong></span> <span class='ocrx_word' id='word_1_43' title='bbox 894 748 1035 803; x_wconf 91' lang='lat' dir='ltr'><strong>illius</strong></span> <span class='ocrx_word' id='word_1_44' title='bbox 1086 751 1172 804; x_wconf 90' lang='lat' dir='ltr'><strong>die</strong></span> <span class='ocrx_word' id='word_1_45' title='bbox 1226 766 1330 804; x_wconf 94' lang='lat' dir='ltr'><strong>non</strong></span> <span class='ocrx_word' id='word_1_46' title='bbox 1379 760 1644 821; x_wconf 89' lang='lat' dir='ltr'><strong>resurget,</strong></span> <span class='ocrx_word' id='word_1_47' title='bbox 1695 750 1791 806; x_wconf 92' lang='lat' dir='ltr'><strong>sed</strong></span> 
     </span>
    </p>
   </div>
   <div class='ocr_carea' id='block_1_8' title="bbox 240 837 1807 908">
    <p class='ocr_par' dir='ltr' id='par_1_8' title="bbox 240 837 1807 908">
     <span class='ocr_line' id='line_1_8' title="bbox 240 837 1807 908; baseline 0.002 -17"><span class='ocrx_word' id='word_1_48' title='bbox 240 838 475 892; x_wconf 89' lang='lat' dir='ltr'><strong>humana</strong></span> <span class='ocrx_word' id='word_1_49' title='bbox 504 846 708 893; x_wconf 90' lang='lat' dir='ltr'><strong>tantum</strong></span> <span class='ocrx_word' id='word_1_50' title='bbox 735 838 930 905; x_wconf 87' lang='lat' dir='ltr'><strong>forma,</strong></span> <span class='ocrx_word' id='word_1_51' title='bbox 960 853 1068 908; x_wconf 89' lang='lat' dir='ltr'><strong>qua</strong></span> <span class='ocrx_word' id='word_1_52' title='bbox 1106 837 1304 893; x_wconf 87' lang='lat' dir='ltr'><strong>Paulus</strong></span> <span class='ocrx_word' id='word_1_53' title='bbox 1329 838 1465 894; x_wconf 85' lang='lat' dir='ltr'><strong>forte</strong></span> <span class='ocrx_word' id='word_1_54' title='bbox 1493 839 1575 893; x_wconf 90' lang='lat' dir='ltr'><strong>vel</strong></span> <span class='ocrx_word' id='word_1_55' title='bbox 1616 839 1807 894; x_wconf 85' lang='lat' dir='ltr'><strong>Petrus</strong></span> 
     </span>
    </p>
   </div>
   <div class='ocr_carea' id='block_1_9' title="bbox 244 928 1805 1000">
    <p class='ocr_par' dir='ltr' id='par_1_9' title="bbox 244 928 1805 1000">
     <span class='ocr_line' id='line_1_9' title="bbox 244 928 1805 1000; baseline 0 -16"><span class='ocrx_word' id='word_1_56' title='bbox 244 928 619 1000; x_wconf 77' lang='lat' dir='ltr'><strong>dignoscitur;</strong></span> <span class='ocrx_word' id='word_1_57' title='bbox 684 939 845 999; x_wconf 90' lang='lat' dir='ltr'><strong>atque</strong></span> <span class='ocrx_word' id='word_1_58' title='bbox 911 931 1047 985; x_wconf 88' lang='lat' dir='ltr'><strong>adeo</strong></span> <span class='ocrx_word' id='word_1_59' title='bbox 1113 930 1421 986; x_wconf 77' lang='lat' dir='ltr'><strong>extrinseca</strong></span> <span class='ocrx_word' id='word_1_60' title='bbox 1490 930 1581 985; x_wconf 91' lang='lat' dir='ltr'><strong>illa</strong></span> <span class='ocrx_word' id='word_1_61' title='bbox 1635 930 1805 1000; x_wconf 81' lang='lat' dir='ltr'><strong>figura</strong></span> 
     </span>
    </p>
   </div>
   <div class='ocr_carea' id='block_1_10' title="bbox 245 1019 1804 1091">
    <p class='ocr_par' dir='ltr' id='par_1_10' title="bbox 245 1019 1804 1091">
     <span class='ocr_line' id='line_1_10' title="bbox 245 1019 1804 1091; baseline 0.001 -16"><span class='ocrx_word' id='word_1_62' title='bbox 245 1029 515 1090; x_wconf 88' lang='lat' dir='ltr'><strong>resurget,</strong></span> <span class='ocrx_word' id='word_1_63' title='bbox 557 1035 677 1090; x_wconf 66' lang='lat' dir='ltr'><strong>quae</strong></span> <span class='ocrx_word' id='word_1_64' title='bbox 702 1021 802 1075; x_wconf 90' lang='lat' dir='ltr'><strong>sub</strong></span> <span class='ocrx_word' id='word_1_65' title='bbox 845 1019 1018 1076; x_wconf 91' lang='lat' dir='ltr'><strong>forma</strong></span> <span class='ocrx_word' id='word_1_66' title='bbox 1048 1036 1263 1091; x_wconf 93' lang='lat' dir='ltr'><strong>quoque</strong></span> <span class='ocrx_word' id='word_1_67' title='bbox 1312 1022 1804 1091; x_wconf 73' lang='lat' dir='ltr'><strong>comprehenditur.</strong></span> 
     </span>
    </p>
   </div>
   <div class='ocr_carea' id='block_1_11' title="bbox 248 1112 1805 1185">
    <p class='ocr_par' dir='ltr' id='par_1_11' title="bbox 248 1112 1805 1185">
     <span class='ocr_line' id='line_1_11' title="bbox 248 1112 1805 1185; baseline -0.001 -16"><span class='ocrx_word' id='word_1_68' title='bbox 248 1114 415 1169; x_wconf 87' lang='lat' dir='ltr'><strong>Porro</strong></span> <span class='ocrx_word' id='word_1_69' title='bbox 445 1112 742 1181; x_wconf 84' lang='lat' dir='ltr'><strong>subjectum</strong></span> <span class='ocrx_word' id='word_1_70' title='bbox 778 1113 975 1184; x_wconf 91' lang='lat' dir='ltr'><strong>ipsum,</strong></span> <span class='ocrx_word' id='word_1_71' title='bbox 1003 1114 1115 1169; x_wconf 86' lang='lat' dir='ltr'><strong>sive</strong></span> <span class='ocrx_word' id='word_1_72' title='bbox 1147 1126 1365 1185; x_wconf 90' lang='lat' dir='ltr'><strong>corpus,</strong></span> <span class='ocrx_word' id='word_1_73' title='bbox 1394 1113 1805 1182; x_wconf 79' lang='lat' dir='ltr'><strong>haudquaquam</strong></span> 
     </span>
    </p>
   </div>
   <div class='ocr_carea' id='block_1_12' title="bbox 246 1203 1802 1274">
    <p class='ocr_par' dir='ltr' id='par_1_12' title="bbox 246 1203 1802 1274">
     <span class='ocr_line' id='line_1_12' title="bbox 246 1203 1802 1274; baseline -0.001 -13"><span class='ocrx_word' id='word_1_74' title='bbox 246 1208 389 1261; x_wconf 90' lang='lat' dir='ltr'><strong>idem</strong></span> <span class='ocrx_word' id='word_1_75' title='bbox 442 1205 725 1260; x_wconf 90' lang='lat' dir='ltr'><strong>manebit:</strong></span> <span class='ocrx_word' id='word_1_76' title='bbox 762 1203 1073 1261; x_wconf 87' lang='lat' dir='ltr'><strong>Seminatur</strong></span> <span class='ocrx_word' id='word_1_77' title='bbox 1111 1206 1255 1261; x_wconf 91' lang='lat' dir='ltr'><strong>enim</strong></span> <span class='ocrx_word' id='word_1_78' title='bbox 1305 1221 1492 1274; x_wconf 76' lang='lat' dir='ltr'><strong>corpus</strong></span> <span class='ocrx_word' id='word_1_79' title='bbox 1538 1206 1802 1270; x_wconf 86' lang='lat' dir='ltr'><strong>animale,</strong></span> 
     </span>
    </p>
   </div>
   <div class='ocr_carea' id='block_1_13' title="bbox 244 1295 1808 1367">
    <p class='ocr_par' dir='ltr' id='par_1_13' title="bbox 244 1295 1808 1367">
     <span class='ocr_line' id='line_1_13' title="bbox 244 1295 1808 1367; baseline 0.001 -18"><span class='ocrx_word' id='word_1_80' title='bbox 244 1295 416 1365; x_wconf 88' lang='lat' dir='ltr'><strong>inquit</strong></span> <span class='ocrx_word' id='word_1_81' title='bbox 444 1295 729 1367; x_wconf 82' lang='lat' dir='ltr'><strong>Apostolus</strong></span> <span class='ocrx_word' id='word_1_82' title='bbox 757 1297 826 1363; x_wconf 74' lang='lat'><strong>‘7,</strong></span> <span class='ocrx_word' id='word_1_83' title='bbox 860 1312 1047 1365; x_wconf 82' lang='lat' dir='ltr'><strong>corpus</strong></span> <span class='ocrx_word' id='word_1_84' title='bbox 1070 1297 1345 1366; x_wconf 82' lang='lat' dir='ltr'><strong>spirituale</strong></span> <span class='ocrx_word' id='word_1_85' title='bbox 1376 1298 1616 1367; x_wconf 80' lang='lat' dir='ltr'><strong>resurgit.</strong></span> <span class='ocrx_word' id='word_1_86' title='bbox 1666 1295 1808 1362; x_wconf 88' lang='lat' dir='ltr'><strong>Qua-</strong></span> 
     </span>
    </p>
   </div>
   <div class='ocr_carea' id='block_1_14' title="bbox 244 1385 1805 1455">
    <p class='ocr_par' dir='ltr' id='par_1_14' title="bbox 244 1385 1805 1455">
     <span class='ocr_line' id='line_1_14' title="bbox 244 1385 1805 1455; baseline 0.004 -20"><span class='ocrx_word' id='word_1_87' title='bbox 244 1393 466 1455; x_wconf 80' lang='lat' dir='ltr'><strong>propter</strong></span> <span class='ocrx_word' id='word_1_88' title='bbox 522 1400 746 1440; x_wconf 87' lang='lat' dir='ltr'><strong>necesse</strong></span> <span class='ocrx_word' id='word_1_89' title='bbox 797 1394 904 1450; x_wconf 91' lang='lat' dir='ltr'><strong>est,</strong></span> <span class='ocrx_word' id='word_1_90' title='bbox 965 1393 1025 1440; x_wconf 92' lang='lat' dir='ltr'><strong>ut</strong></span> <span class='ocrx_word' id='word_1_91' title='bbox 1082 1385 1534 1441; x_wconf 79' lang='lat' dir='ltr'><strong>resurrectionem</strong></span> <span class='ocrx_word' id='word_1_92' title='bbox 1587 1387 1639 1441; x_wconf 92' lang='lat' dir='ltr'><strong>in</strong></span> <span class='ocrx_word' id='word_1_93' title='bbox 1692 1388 1805 1441; x_wconf 89' lang='lat' dir='ltr'><strong>sola</strong></span> 
     </span>
    </p>
   </div>
   <div class='ocr_carea' id='block_1_15' title="bbox 248 1476 1805 1547">
    <p class='ocr_par' dir='ltr' id='par_1_15' title="bbox 248 1476 1805 1547">
     <span class='ocr_line' id='line_1_15' title="bbox 248 1476 1805 1547; baseline 0.001 -17"><span class='ocrx_word' id='word_1_94' title='bbox 248 1477 422 1531; x_wconf 89' lang='lat' dir='ltr'><strong>forma</strong></span> <span class='ocrx_word' id='word_1_95' title='bbox 456 1476 689 1531; x_wconf 89' lang='lat' dir='ltr'><strong>futuram</strong></span> <span class='ocrx_word' id='word_1_96' title='bbox 734 1492 1050 1546; x_wconf 87' lang='lat' dir='ltr'><strong>speremus;</strong></span> <span class='ocrx_word' id='word_1_97' title='bbox 1102 1478 1157 1532; x_wconf 91' lang='lat' dir='ltr'><strong>in</strong></span> <span class='ocrx_word' id='word_1_98' title='bbox 1218 1478 1461 1547; x_wconf 88' lang='lat' dir='ltr'><strong>subjecto</strong></span> <span class='ocrx_word' id='word_1_99' title='bbox 1520 1492 1650 1533; x_wconf 90' lang='lat' dir='ltr'><strong>vero</strong></span> <span class='ocrx_word' id='word_1_100' title='bbox 1698 1493 1805 1533; x_wconf 91' lang='lat' dir='ltr'><strong>non</strong></span> 
     </span>
    </p>
   </div>
   <div class='ocr_carea' id='block_1_16' title="bbox 245 1569 1807 1626">
    <p class='ocr_par' dir='ltr' id='par_1_16' title="bbox 245 1569 1807 1626">
     <span class='ocr_line' id='line_1_16' title="bbox 245 1569 1807 1626; baseline 0.002 -4"><span class='ocrx_word' id='word_1_101' title='bbox 245 1570 394 1623; x_wconf 85' lang='lat' dir='ltr'><strong>item.</strong></span> <span class='ocrx_word' id='word_1_102' title='bbox 426 1586 445 1620; x_wconf 78' lang='grc' dir='ltr'><strong><em>ι</em></strong></span> <span class='ocrx_word' id='word_1_103' title='bbox 490 1569 653 1624; x_wconf 88' lang='lat' dir='ltr'><strong>Addit</strong></span> <span class='ocrx_word' id='word_1_104' title='bbox 699 1569 891 1624; x_wconf 91' lang='lat' dir='ltr'><strong>deinde</strong></span> <span class='ocrx_word' id='word_1_105' title='bbox 941 1569 1161 1624; x_wconf 79' lang='lat' dir='ltr'><strong>Nieetas</strong></span> <span class='ocrx_word' id='word_1_106' title='bbox 1187 1570 1513 1625; x_wconf 92' lang='lat' dir='ltr'><strong>sententiam</strong></span> <span class='ocrx_word' id='word_1_107' title='bbox 1541 1584 1693 1623; x_wconf 90' lang='lat' dir='ltr'><strong>suam</strong></span> <span class='ocrx_word' id='word_1_108' title='bbox 1739 1571 1807 1626; x_wconf 88' lang='lat' dir='ltr'><strong>de</strong></span> 
     </span>
    </p>
   </div>
   <div class='ocr_carea' id='block_1_17' title="bbox 244 1661 1808 1733">
    <p class='ocr_par' dir='ltr' id='par_1_17' title="bbox 244 1661 1808 1733">
     <span class='ocr_line' id='line_1_17' title="bbox 244 1661 1808 1733; baseline 0.001 -19"><span class='ocrx_word' id='word_1_109' title='bbox 244 1662 689 1716; x_wconf 84' lang='lat' dir='ltr'><strong>resurrectionea</strong></span> <span class='ocrx_word' id='word_1_110' title='bbox 722 1661 1017 1718; x_wconf 86' lang='lat' dir='ltr'><strong>Platonicis</strong></span> <span class='ocrx_word' id='word_1_111' title='bbox 1042 1661 1327 1733; x_wconf 89' lang='lat' dir='ltr'><strong>Origenem</strong></span> <span class='ocrx_word' id='word_1_112' title='bbox 1358 1664 1665 1733; x_wconf 88' lang='lat' dir='ltr'><strong>accepisse;</strong></span> <span class='ocrx_word' id='word_1_113' title='bbox 1696 1673 1808 1718; x_wconf 91' lang='lat' dir='ltr'><strong>tra-</strong></span> 
     </span>
    </p>
   </div>
   <div class='ocr_carea' id='block_1_18' title="bbox 244 1752 1806 1822">
    <p class='ocr_par' dir='ltr' id='par_1_18' title="bbox 244 1752 1806 1822">
     <span class='ocr_line' id='line_1_18' title="bbox 244 1752 1806 1822; baseline 0.003 -18"><span class='ocrx_word' id='word_1_114' title='bbox 244 1752 373 1806; x_wconf 82' lang='lat' dir='ltr'><strong>dere</strong></span> <span class='ocrx_word' id='word_1_115' title='bbox 400 1763 579 1807; x_wconf 90' lang='lat' dir='ltr'><strong>autem</strong></span> <span class='ocrx_word' id='word_1_116' title='bbox 609 1753 731 1807; x_wconf 90' lang='lat' dir='ltr'><strong>illos</strong></span> <span class='ocrx_word' id='word_1_117' title='bbox 761 1753 955 1822; x_wconf 81' lang='lat' dir='ltr'><strong>duplex</strong></span> <span class='ocrx_word' id='word_1_118' title='bbox 996 1753 1121 1807; x_wconf 88' lang='lat' dir='ltr'><strong>idoli</strong></span> <span class='ocrx_word' id='word_1_119' title='bbox 1159 1769 1327 1822; x_wconf 89' lang='lat' dir='ltr'><strong>genus</strong></span> <span class='ocrx_word' id='word_1_120' title='bbox 1359 1754 1554 1809; x_wconf 64' lang='lat' dir='ltr'><strong>animae</strong></span> <span class='ocrx_word' id='word_1_121' title='bbox 1596 1755 1806 1810; x_wconf 89' lang='lat' dir='ltr'><strong>unicui-</strong></span> 
     </span>
    </p>
   </div>
   <div class='ocr_carea' id='block_1_19' title="bbox 1910 547 3466 633">
    <p class='ocr_par' dir='ltr' id='par_1_19' title="bbox 1910 547 3466 633">
     <span class='ocr_line' id='line_1_19' title="bbox 1910 547 3466 633; baseline -0.012 -15"><span class='ocrx_word' id='word_1_122' title='bbox 1910 564 1963 618; x_wconf 94' lang='lat' dir='ltr'><strong>in</strong></span> <span class='ocrx_word' id='word_1_123' title='bbox 2004 561 2198 633; x_wconf 86' lang='lat' dir='ltr'><strong>quibus</strong></span> <span class='ocrx_word' id='word_1_124' title='bbox 2230 557 2467 612; x_wconf 90' lang='lat' dir='ltr'><strong>futurum</strong></span> <span class='ocrx_word' id='word_1_125' title='bbox 2496 565 2601 620; x_wconf 89' lang='lat' dir='ltr'><strong>est,</strong></span> <span class='ocrx_word' id='word_1_126' title='bbox 2632 555 2897 608; x_wconf 88' lang='lat' dir='ltr'><strong>varietate</strong></span> <span class='ocrx_word' id='word_1_127' title='bbox 2930 549 3242 604; x_wconf 85' lang='lat' dir='ltr'><strong>mutabitur.</strong></span> <span class='ocrx_word' id='word_1_128' title='bbox 3270 567 3288 600; x_wconf 75' lang='grc' dir='ltr'><strong><em>ι</em></strong></span> <span class='ocrx_word' id='word_1_129' title='bbox 3330 547 3466 601; x_wconf 87' lang='lat' dir='ltr'><strong>Tum</strong></span> 
     </span>
    </p>
   </div>
   <div class='ocr_carea' id='block_1_20' title="bbox 1907 637 3467 712">
    <p class='ocr_par' dir='ltr' id='par_1_20' title="bbox 1907 637 3467 712">
     <span class='ocr_line' id='line_1_20' title="bbox 1907 637 3467 712; baseline -0.011 -4"><span class='ocrx_word' id='word_1_130' title='bbox 1907 652 2010 708; x_wconf 87' lang='lat' dir='ltr'><strong>sibi</strong></span> <span class='ocrx_word' id='word_1_131' title='bbox 2045 648 2246 705; x_wconf 87' lang='lat' dir='ltr'><strong>Christi</strong></span> <span class='ocrx_word' id='word_1_132' title='bbox 2275 645 2724 701; x_wconf 81' lang='lat' dir='ltr'><strong>resurrectionem</strong></span> <span class='ocrx_word' id='word_1_133' title='bbox 2755 641 2998 712; x_wconf 80' lang='lat' dir='ltr'><strong>Opponit,</strong></span> <span class='ocrx_word' id='word_1_134' title='bbox 3044 648 3101 693; x_wconf 92' lang='lat' dir='ltr'><strong>et</strong></span> <span class='ocrx_word' id='word_1_135' title='bbox 3147 637 3467 692; x_wconf 79' lang='lat' dir='ltr'><strong>suscitatum</strong></span> 
     </span>
    </p>
   </div>
   <div class='ocr_carea' id='block_1_21' title="bbox 1905 727 3468 811">
    <p class='ocr_par' dir='ltr' id='par_1_21' title="bbox 1905 727 3468 811">
     <span class='ocr_line' id='line_1_21' title="bbox 1905 727 3468 811; baseline -0.012 -13"><span class='ocrx_word' id='word_1_136' title='bbox 1905 742 2022 811; x_wconf 88' lang='lat' dir='ltr'><strong>ejus</strong></span> <span class='ocrx_word' id='word_1_137' title='bbox 2077 753 2293 809; x_wconf 89' lang='lat' dir='ltr'><strong>corpus,</strong></span> <span class='ocrx_word' id='word_1_138' title='bbox 2346 748 2522 799; x_wconf 87' lang='lat' dir='ltr'><strong>stans,</strong></span> <span class='ocrx_word' id='word_1_139' title='bbox 2565 733 2875 798; x_wconf 86' lang='lat' dir='ltr'><strong>ambulans,</strong></span> <span class='ocrx_word' id='word_1_140' title='bbox 2932 729 3119 793; x_wconf 83' lang='lat' dir='ltr'><strong>latere,</strong></span> <span class='ocrx_word' id='word_1_141' title='bbox 3182 727 3468 792; x_wconf 89' lang='lat' dir='ltr'><strong>manibus,</strong></span> 
     </span>
    </p>
   </div>
   <div class='ocr_carea' id='block_1_22' title="bbox 1906 817 3468 894">
    <p class='ocr_par' dir='ltr' id='par_1_22' title="bbox 1906 817 3468 894">
     <span class='ocr_line' id='line_1_22' title="bbox 1906 817 3468 894; baseline -0.011 -7"><span class='ocrx_word' id='word_1_142' title='bbox 1906 831 2181 894; x_wconf 91' lang='lat' dir='ltr'><strong>carnibus,</strong></span> <span class='ocrx_word' id='word_1_143' title='bbox 2212 829 2424 885; x_wconf 88' lang='lat' dir='ltr'><strong>ossibus</strong></span> <span class='ocrx_word' id='word_1_144' title='bbox 2455 827 2777 881; x_wconf 85' lang='lat' dir='ltr'><strong>instructum</strong></span> <span class='ocrx_word' id='word_1_145' title='bbox 2810 838 2826 876; x_wconf 86' lang='lat'><strong>:</strong></span> <span class='ocrx_word' id='word_1_146' title='bbox 2860 823 2952 877; x_wconf 89' lang='lat' dir='ltr'><strong>sed</strong></span> <span class='ocrx_word' id='word_1_147' title='bbox 2983 822 3086 874; x_wconf 89' lang='lat' dir='ltr'><strong>alia</strong></span> <span class='ocrx_word' id='word_1_148' title='bbox 3116 820 3319 875; x_wconf 89' lang='lat' dir='ltr'><strong>virtute</strong></span> <span class='ocrx_word' id='word_1_149' title='bbox 3349 817 3468 888; x_wconf 87' lang='lat' dir='ltr'><strong>pol-</strong></span> 
     </span>
    </p>
   </div>
   <div class='ocr_carea' id='block_1_23' title="bbox 1905 914 3467 993">
    <p class='ocr_par' dir='ltr' id='par_1_23' title="bbox 1905 914 3467 993">
     <span class='ocr_line' id='line_1_23' title="bbox 1905 914 3467 993; baseline -0.011 -13"><span class='ocrx_word' id='word_1_150' title='bbox 1905 925 2017 980; x_wconf 89' lang='lat' dir='ltr'><strong>lere</strong></span> <span class='ocrx_word' id='word_1_151' title='bbox 2045 936 2240 993; x_wconf 86' lang='lat' dir='ltr'><strong>corpus</strong></span> <span class='ocrx_word' id='word_1_152' title='bbox 2267 919 2576 991; x_wconf 89' lang='lat' dir='ltr'><strong>respondet,</strong></span> <span class='ocrx_word' id='word_1_153' title='bbox 2600 916 2743 987; x_wconf 91' lang='lat' dir='ltr'><strong>quod</strong></span> <span class='ocrx_word' id='word_1_154' title='bbox 2766 917 2833 970; x_wconf 89' lang='lat' dir='ltr'><strong>de</strong></span> <span class='ocrx_word' id='word_1_155' title='bbox 2863 914 2964 967; x_wconf 91' lang='lat' dir='ltr'><strong>viri</strong></span> <span class='ocrx_word' id='word_1_156' title='bbox 3006 914 3211 968; x_wconf 84' lang='lat' dir='ltr'><strong>semine</strong></span> <span class='ocrx_word' id='word_1_157' title='bbox 3234 925 3467 967; x_wconf 88' lang='lat' dir='ltr'><strong>concre-</strong></span> 
     </span>
    </p>
   </div>
   <div class='ocr_carea' id='block_1_24' title="bbox 1906 1001 3474 1076">
    <p class='ocr_par' dir='ltr' id='par_1_24' title="bbox 1906 1001 3474 1076">
     <span class='ocr_line' id='line_1_24' title="bbox 1906 1001 3474 1076; baseline -0.008 -8"><span class='ocrx_word' id='word_1_158' title='bbox 1906 1023 2019 1069; x_wconf 89' lang='lat' dir='ltr'><strong>tum</strong></span> <span class='ocrx_word' id='word_1_159' title='bbox 2053 1028 2159 1067; x_wconf 94' lang='lat' dir='ltr'><strong>non</strong></span> <span class='ocrx_word' id='word_1_160' title='bbox 2196 1018 2301 1074; x_wconf 90' lang='lat' dir='ltr'><strong>est,</strong></span> <span class='ocrx_word' id='word_1_161' title='bbox 2351 1024 2415 1063; x_wconf 93' lang='lat' dir='ltr'><strong>ae</strong></span> <span class='ocrx_word' id='word_1_162' title='bbox 2464 1016 2651 1063; x_wconf 87' lang='lat' dir='ltr'><strong>nostra</strong></span> <span class='ocrx_word' id='word_1_163' title='bbox 2682 1018 2949 1076; x_wconf 89' lang='lat' dir='ltr'><strong>corpora;</strong></span> <span class='ocrx_word' id='word_1_164' title='bbox 2998 1010 3054 1056; x_wconf 90' lang='lat' dir='ltr'><strong>et</strong></span> <span class='ocrx_word' id='word_1_165' title='bbox 3106 1002 3212 1056; x_wconf 84' lang='lat' dir='ltr'><strong>tale</strong></span> <span class='ocrx_word' id='word_1_166' title='bbox 3264 1001 3474 1055; x_wconf 91' lang='lat' dir='ltr'><strong>idcirco</strong></span> 
     </span>
    </p>
   </div>
   <div class='ocr_carea' id='block_1_25' title="bbox 1905 1091 3474 1173">
    <p class='ocr_par' dir='ltr' id='par_1_25' title="bbox 1905 1091 3474 1173">
     <span class='ocr_line' id='line_1_25' title="bbox 1905 1091 3474 1173; baseline -0.011 -15"><span class='ocrx_word' id='word_1_167' title='bbox 1905 1103 2221 1173; x_wconf 80' lang='lat' dir='ltr'><strong>apparuisse</strong></span> <span class='ocrx_word' id='word_1_168' title='bbox 2269 1097 2473 1154; x_wconf 87' lang='lat' dir='ltr'><strong>Christi</strong></span> <span class='ocrx_word' id='word_1_169' title='bbox 2512 1111 2728 1165; x_wconf 90' lang='lat' dir='ltr'><strong>corpus,</strong></span> <span class='ocrx_word' id='word_1_170' title='bbox 2774 1111 2794 1146; x_wconf 74' lang='grc' dir='ltr'>ι</span> <span class='ocrx_word' id='word_1_171' title='bbox 2849 1103 2907 1147; x_wconf 93' lang='lat' dir='ltr'><strong>ut</strong></span> <span class='ocrx_word' id='word_1_172' title='bbox 2944 1091 3313 1147; x_wconf 83' lang='lat' dir='ltr'><strong>dubitantibus</strong></span> <span class='ocrx_word' id='word_1_173' title='bbox 3344 1103 3474 1158; x_wconf 87' lang='lat' dir='ltr'><strong>apo-</strong></span> 
     </span>
    </p>
   </div>
   <div class='ocr_carea' id='block_1_26' title="bbox 1905 1187 3471 1254">
    <p class='ocr_par' dir='ltr' id='par_1_26' title="bbox 1905 1187 3471 1254">
     <span class='ocr_line' id='line_1_26' title="bbox 1905 1187 3471 1254; baseline -0.013 0"><span class='ocrx_word' id='word_1_174' title='bbox 1905 1196 2062 1254; x_wconf 75' lang='lat' dir='ltr'><strong>uolis</strong></span> <span class='ocrx_word' id='word_1_175' title='bbox 2088 1194 2246 1249; x_wconf 82' lang='lat' dir='ltr'><strong>fidem</strong></span> <span class='ocrx_word' id='word_1_176' title='bbox 2277 1191 2478 1246; x_wconf 81' lang='lat' dir='ltr'><strong>faceret</strong></span> <span class='ocrx_word' id='word_1_177' title='bbox 2504 1187 2949 1251; x_wconf 85' lang='lat' dir='ltr'><strong>resurrectionis;</strong></span> <span class='ocrx_word' id='word_1_178' title='bbox 2990 1204 3008 1237; x_wconf 80' lang='grc' dir='ltr'><strong><em>ι</em></strong></span> <span class='ocrx_word' id='word_1_179' title='bbox 3037 1198 3251 1237; x_wconf 89' lang='lat' dir='ltr'><strong>aereum</strong></span> <span class='ocrx_word' id='word_1_180' title='bbox 3294 1191 3471 1235; x_wconf 90' lang='lat' dir='ltr'><strong>tamen</strong></span> 
     </span>
    </p>
   </div>
   <div class='ocr_carea' id='block_1_27' title="bbox 1905 1272 3472 1353">
    <p class='ocr_par' dir='ltr' id='par_1_27' title="bbox 1905 1272 3472 1353">
     <span class='ocr_line' id='line_1_27' title="bbox 1905 1272 3472 1353; baseline -0.01 -13"><span class='ocrx_word' id='word_1_181' title='bbox 1905 1294 1959 1341; x_wconf 90' lang='lat' dir='ltr'><strong>et</strong></span> <span class='ocrx_word' id='word_1_182' title='bbox 1990 1281 2271 1353; x_wconf 89' lang='lat' dir='ltr'><strong>spirituale</strong></span> <span class='ocrx_word' id='word_1_183' title='bbox 2303 1281 2491 1344; x_wconf 86' lang='lat' dir='ltr'><strong>fuisse,</strong></span> <span class='ocrx_word' id='word_1_184' title='bbox 2520 1288 2579 1333; x_wconf 91' lang='lat' dir='ltr'><strong>ut</strong></span> <span class='ocrx_word' id='word_1_185' title='bbox 2604 1279 2745 1348; x_wconf 92' lang='lat' dir='ltr'><strong>quod</strong></span> <span class='ocrx_word' id='word_1_186' title='bbox 2772 1276 2972 1331; x_wconf 85' lang='lat' dir='ltr'><strong>clausis</strong></span> <span class='ocrx_word' id='word_1_187' title='bbox 2997 1273 3154 1329; x_wconf 86' lang='lat' dir='ltr'><strong>ostiis</strong></span> <span class='ocrx_word' id='word_1_188' title='bbox 3175 1272 3472 1342; x_wconf 86' lang='lat' dir='ltr'><strong>ingressum</strong></span> 
     </span>
    </p>
   </div>
   <div class='ocr_carea' id='block_1_28' title="bbox 1906 1362 3473 1442">
    <p class='ocr_par' dir='ltr' id='par_1_28' title="bbox 1906 1362 3473 1442">
     <span class='ocr_line' id='line_1_28' title="bbox 1906 1362 3473 1442; baseline -0.01 -11"><span class='ocrx_word' id='word_1_189' title='bbox 1906 1377 1995 1442; x_wconf 88' lang='lat' dir='ltr'><strong>sit,</strong></span> <span class='ocrx_word' id='word_1_190' title='bbox 2027 1385 2081 1429; x_wconf 92' lang='lat' dir='ltr'><strong>et</strong></span> <span class='ocrx_word' id='word_1_191' title='bbox 2108 1375 2161 1428; x_wconf 88' lang='lat' dir='ltr'><strong>itt</strong></span> <span class='ocrx_word' id='word_1_192' title='bbox 2193 1372 2454 1427; x_wconf 89' lang='lat' dir='ltr'><strong>fractione</strong></span> <span class='ocrx_word' id='word_1_193' title='bbox 2475 1371 2628 1439; x_wconf 89' lang='lat' dir='ltr'><strong>panis</strong></span> <span class='ocrx_word' id='word_1_194' title='bbox 2660 1385 2724 1423; x_wconf 80' lang='lat' dir='ltr'><strong>ex</strong></span> <span class='ocrx_word' id='word_1_195' title='bbox 2763 1367 2934 1422; x_wconf 91' lang='lat' dir='ltr'><strong>oculis</strong></span> <span class='ocrx_word' id='word_1_196' title='bbox 2967 1365 3267 1419; x_wconf 90' lang='lat' dir='ltr'><strong>evanuerit.</strong></span> <span class='ocrx_word' id='word_1_197' title='bbox 3301 1362 3473 1430; x_wconf 86' lang='lat' dir='ltr'><strong>Quam</strong></span> 
     </span>
    </p>
   </div>
   <div class='ocr_carea' id='block_1_29' title="bbox 1906 1456 3478 1536">
    <p class='ocr_par' dir='ltr' id='par_1_29' title="bbox 1906 1456 3478 1536">
     <span class='ocr_line' id='line_1_29' title="bbox 1906 1456 3478 1536; baseline -0.009 -15"><span class='ocrx_word' id='word_1_198' title='bbox 1906 1466 2337 1536; x_wconf 88' lang='lat' dir='ltr'><strong>responsionem,</strong></span> <span class='ocrx_word' id='word_1_199' title='bbox 2376 1477 2445 1517; x_wconf 92' lang='lat' dir='ltr'><strong>ac</strong></span> <span class='ocrx_word' id='word_1_200' title='bbox 2484 1461 2745 1528; x_wconf 83' lang='lat' dir='ltr'><strong>reliquam</strong></span> <span class='ocrx_word' id='word_1_201' title='bbox 2788 1460 2915 1513; x_wconf 89' lang='lat' dir='ltr'><strong>item</strong></span> <span class='ocrx_word' id='word_1_202' title='bbox 2960 1457 3209 1524; x_wconf 87' lang='lat' dir='ltr'><strong>Origenis</strong></span> <span class='ocrx_word' id='word_1_203' title='bbox 3238 1456 3478 1524; x_wconf 88' lang='lat' dir='ltr'><strong>disputa-</strong></span> 
     </span>
    </p>
   </div>
   <div class='ocr_carea' id='block_1_30' title="bbox 1910 1547 3477 1620">
    <p class='ocr_par' dir='ltr' id='par_1_30' title="bbox 1910 1547 3477 1620">
     <span class='ocr_line' id='line_1_30' title="bbox 1910 1547 3477 1620; baseline -0.008 -8"><span class='ocrx_word' id='word_1_204' title='bbox 1910 1558 2108 1613; x_wconf 86' lang='lat' dir='ltr'><strong>tionem</strong></span> <span class='ocrx_word' id='word_1_205' title='bbox 2157 1555 2335 1608; x_wconf 87' lang='lat' dir='ltr'><strong>valide</strong></span> <span class='ocrx_word' id='word_1_206' title='bbox 2381 1554 2434 1606; x_wconf 90' lang='lat' dir='ltr'><strong>in</strong></span> <span class='ocrx_word' id='word_1_207' title='bbox 2495 1550 2853 1620; x_wconf 86' lang='lat' dir='ltr'><strong>sequentibus</strong></span> <span class='ocrx_word' id='word_1_208' title='bbox 2913 1547 3268 1617; x_wconf 82' lang='lat' dir='ltr'><strong>Hieronymus</strong></span> <span class='ocrx_word' id='word_1_209' title='bbox 3305 1562 3477 1617; x_wconf 86' lang='lat' dir='ltr'><strong>oppu-</strong></span> 
     </span>
    </p>
   </div>
   <div class='ocr_carea' id='block_1_31' title="bbox 1908 1640 3478 1718">
    <p class='ocr_par' dir='ltr' id='par_1_31' title="bbox 1908 1640 3478 1718">
     <span class='ocr_line' id='line_1_31' title="bbox 1908 1640 3478 1718; baseline -0.008 -16"><span class='ocrx_word' id='word_1_210' title='bbox 1908 1656 2054 1718; x_wconf 86' lang='lat' dir='ltr'><strong>gnat.</strong></span> <span class='ocrx_word' id='word_1_211' title='bbox 2084 1645 2162 1701; x_wconf 83' lang='lat' dir='ltr'><strong>Ac</strong></span> <span class='ocrx_word' id='word_1_212' title='bbox 2194 1644 2359 1708; x_wconf 85' lang='lat' dir='ltr'><strong>idem,</strong></span> <span class='ocrx_word' id='word_1_213' title='bbox 2386 1658 2511 1698; x_wconf 89' lang='lat' dir='ltr'><strong>cum</strong></span> <span class='ocrx_word' id='word_1_214' title='bbox 2552 1642 2658 1696; x_wconf 89' lang='lat' dir='ltr'><strong>sibi</strong></span> <span class='ocrx_word' id='word_1_215' title='bbox 2698 1642 2890 1696; x_wconf 87' lang='lat' dir='ltr'><strong>fuisset</strong></span> <span class='ocrx_word' id='word_1_216' title='bbox 2915 1640 3277 1710; x_wconf 86' lang='lat' dir='ltr'><strong>propositum,</strong></span> <span class='ocrx_word' id='word_1_217' title='bbox 3317 1654 3478 1693; x_wconf 83' lang='lat' dir='ltr'><strong>accn-</strong></span> 
     </span>
    </p>
   </div>
   <div class='ocr_carea' id='block_1_32' title="bbox 1909 1730 3479 1809">
    <p class='ocr_par' dir='ltr' id='par_1_32' title="bbox 1909 1730 3479 1809">
     <span class='ocr_line' id='line_1_32' title="bbox 1909 1730 3479 1809; baseline -0.006 -16"><span class='ocrx_word' id='word_1_218' title='bbox 1909 1750 2029 1793; x_wconf 87' lang='lat' dir='ltr'><strong>rate</strong></span> <span class='ocrx_word' id='word_1_219' title='bbox 2055 1750 2269 1809; x_wconf 88' lang='lat' dir='ltr'><strong>quoque</strong></span> <span class='ocrx_word' id='word_1_220' title='bbox 2298 1733 2549 1790; x_wconf 86' lang='lat' dir='ltr'><strong>dissolvit</strong></span> <span class='ocrx_word' id='word_1_221' title='bbox 2576 1732 2907 1803; x_wconf 84' lang='lat' dir='ltr'><strong>Augustinus</strong></span> <span class='ocrx_word' id='word_1_222' title='bbox 2936 1731 3093 1801; x_wconf 89' lang='lat' dir='ltr'><strong>epist.</strong></span> <span class='ocrx_word' id='word_1_223' title='bbox 3121 1730 3215 1797; x_wconf 66' lang='lat'><strong>49,</strong></span> <span class='ocrx_word' id='word_1_224' title='bbox 3255 1733 3318 1785; x_wconf 85' lang='lat' dir='ltr'><strong>ad</strong></span> <span class='ocrx_word' id='word_1_225' title='bbox 3346 1731 3479 1784; x_wconf 81' lang='lat' dir='ltr'><strong>Deo-</strong></span> 
     </span>
    </p>
   </div>
   <div class='ocr_carea' id='block_1_33' title="bbox 247 1824 2137 1918">
    <p class='ocr_par' dir='ltr' id='par_1_33' title="bbox 247 1824 2137 1918">
     <span class='ocr_line' id='line_1_33' title="bbox 247 1824 2137 1918; baseline 0 -19"><span class='ocrx_word' id='word_1_226' title='bbox 247 1858 353 1912; x_wconf 89' lang='lat' dir='ltr'><strong>que</strong></span> <span class='ocrx_word' id='word_1_227' title='bbox 380 1846 655 1900; x_wconf 69' lang='lat' dir='ltr'><strong>adhaerere</strong></span> <span class='ocrx_word' id='word_1_228' title='bbox 682 1864 697 1913; x_wconf 91' lang='lat'><strong>;</strong></span> <span class='ocrx_word' id='word_1_229' title='bbox 729 1845 872 1901; x_wconf 90' lang='lat' dir='ltr'><strong>aliud</strong></span> <span class='ocrx_word' id='word_1_230' title='bbox 900 1844 967 1899; x_wconf 88' lang='lat' dir='ltr'><strong>ab</strong></span> <span class='ocrx_word' id='word_1_231' title='bbox 987 1855 1190 1901; x_wconf 66' lang='lat' dir='ltr'><strong>aeterno</strong></span> <span class='ocrx_word' id='word_1_232' title='bbox 1215 1845 1262 1900; x_wconf 91' lang='lat' dir='ltr'><strong>ei</strong></span> <span class='ocrx_word' id='word_1_233' title='bbox 1299 1845 1592 1911; x_wconf 80' lang='lat' dir='ltr'><strong>adnexum,</strong></span> <span class='ocrx_word' id='word_1_234' title='bbox 1626 1847 1804 1918; x_wconf 79' lang='lat' dir='ltr'><strong>Splen-</strong></span> <span class='ocrx_word' id='word_1_235' title='bbox 1842 1824 1884 1879; x_wconf 75' lang='grc' dir='ltr'><strong>Β</strong></span> <span class='ocrx_word' id='word_1_236' title='bbox 1912 1829 2137 1901; x_wconf 68' lang='grc' dir='ltr'><strong>ετθιίδεο</strong></span> 
     </span>
    </p>
   </div>
   <div class='ocr_carea' id='block_1_34' title="bbox 246 1937 1808 2008">
    <p class='ocr_par' dir='ltr' id='par_1_34' title="bbox 246 1937 1808 2008">
     <span class='ocr_line' id='line_1_34' title="bbox 246 1937 1808 2008; baseline 0.003 -18"><span class='ocrx_word' id='word_1_237' title='bbox 246 1938 429 1992; x_wconf 87' lang='lat' dir='ltr'><strong>didum</strong></span> <span class='ocrx_word' id='word_1_238' title='bbox 455 1947 507 1991; x_wconf 87' lang='lat' dir='ltr'><strong>et</strong></span> <span class='ocrx_word' id='word_1_239' title='bbox 533 1938 749 2001; x_wconf 87' lang='lat' dir='ltr'><strong>lucens;</strong></span> <span class='ocrx_word' id='word_1_240' title='bbox 775 1937 999 1992; x_wconf 90' lang='lat' dir='ltr'><strong>alterum</strong></span> <span class='ocrx_word' id='word_1_241' title='bbox 1024 1938 1281 2003; x_wconf 84' lang='lat' dir='ltr'><strong>crassius,</strong></span> <span class='ocrx_word' id='word_1_242' title='bbox 1307 1938 1514 2008; x_wconf 91' lang='lat' dir='ltr'><strong>ipsique</strong></span> <span class='ocrx_word' id='word_1_243' title='bbox 1541 1955 1606 1994; x_wconf 82' lang='lat' dir='ltr'><strong>ex</strong></span> <span class='ocrx_word' id='word_1_244' title='bbox 1630 1948 1808 1994; x_wconf 86' lang='lat' dir='ltr'><strong>astro-</strong></span> 
     </span>
    </p>
   </div>
   <div class='ocr_carea' id='block_1_35' title="bbox 249 2027 1806 2096">
    <p class='ocr_par' dir='ltr' id='par_1_35' title="bbox 249 2027 1806 2096">
     <span class='ocr_line' id='line_1_35' title="bbox 249 2027 1806 2096; baseline 0.002 -15"><span class='ocrx_word' id='word_1_245' title='bbox 249 2042 368 2081; x_wconf 86' lang='lat' dir='ltr'><strong>rum</strong></span> <span class='ocrx_word' id='word_1_246' title='bbox 416 2027 774 2096; x_wconf 84' lang='lat' dir='ltr'><strong>dispositione</strong></span> <span class='ocrx_word' id='word_1_247' title='bbox 832 2028 1304 2095; x_wconf 89' lang='lat' dir='ltr'><strong>circumpositum;</strong></span> <span class='ocrx_word' id='word_1_248' title='bbox 1366 2029 1490 2083; x_wconf 91' lang='lat' dir='ltr'><strong>huic</strong></span> <span class='ocrx_word' id='word_1_249' title='bbox 1541 2029 1806 2085; x_wconf 82' lang='lat' dir='ltr'><strong>deteriora</strong></span> 
     </span>
    </p>
   </div>
   <div class='ocr_carea' id='block_1_36' title="bbox 250 2118 1806 2191">
    <p class='ocr_par' dir='ltr' id='par_1_36' title="bbox 250 2118 1806 2191">
     <span class='ocr_line' id='line_1_36' title="bbox 250 2118 1806 2191; baseline 0.003 -20"><span class='ocrx_word' id='word_1_250' title='bbox 250 2119 445 2173; x_wconf 70' lang='lat' dir='ltr'><strong>anima:</strong></span> <span class='ocrx_word' id='word_1_251' title='bbox 499 2119 703 2184; x_wconf 91' lang='lat' dir='ltr'><strong>munia,</strong></span> <span class='ocrx_word' id='word_1_252' title='bbox 762 2118 837 2173; x_wconf 91' lang='lat' dir='ltr'><strong>illi</strong></span> <span class='ocrx_word' id='word_1_253' title='bbox 891 2120 1265 2188; x_wconf 68' lang='lat' dir='ltr'><strong>prmstantiora</strong></span> <span class='ocrx_word' id='word_1_254' title='bbox 1314 2120 1806 2191; x_wconf 85' lang='lat' dir='ltr'><strong>deberi:separari</strong></span> 
     </span>
    </p>
   </div>
   <div class='ocr_carea' id='block_1_37' title="bbox 249 2210 1808 2281">
    <p class='ocr_par' dir='ltr' id='par_1_37' title="bbox 249 2210 1808 2281">
     <span class='ocr_line' id='line_1_37' title="bbox 249 2210 1808 2281; baseline 0.003 -17"><span class='ocrx_word' id='word_1_255' title='bbox 249 2210 378 2264; x_wconf 91' lang='lat' dir='ltr'><strong>illud</strong></span> <span class='ocrx_word' id='word_1_256' title='bbox 403 2225 789 2280; x_wconf 88' lang='lat' dir='ltr'><strong>nonnunquam</strong></span> <span class='ocrx_word' id='word_1_257' title='bbox 816 2213 883 2265; x_wconf 91' lang='lat' dir='ltr'><strong>ab</strong></span> <span class='ocrx_word' id='word_1_258' title='bbox 925 2212 1101 2265; x_wconf 91' lang='lat' dir='ltr'><strong>anima</strong></span> <span class='ocrx_word' id='word_1_259' title='bbox 1129 2226 1356 2281; x_wconf 89' lang='lat' dir='ltr'><strong>corpore</strong></span> <span class='ocrx_word' id='word_1_260' title='bbox 1379 2212 1641 2276; x_wconf 81' lang='lat' dir='ltr'><strong>exsoluta,</strong></span> <span class='ocrx_word' id='word_1_261' title='bbox 1668 2222 1722 2267; x_wconf 90' lang='lat' dir='ltr'><strong>et</strong></span> <span class='ocrx_word' id='word_1_262' title='bbox 1741 2212 1808 2268; x_wconf 91' lang='lat' dir='ltr'><strong>ad</strong></span> 
     </span>
    </p>
   </div>
   <div class='ocr_carea' id='block_1_38' title="bbox 250 2302 1807 2371">
    <p class='ocr_par' dir='ltr' id='par_1_38' title="bbox 250 2302 1807 2371">
     <span class='ocr_line' id='line_1_38' title="bbox 250 2302 1807 2371; baseline 0.001 -16"><span class='ocrx_word' id='word_1_263' title='bbox 250 2302 531 2371; x_wconf 90' lang='lat' dir='ltr'><strong>pristinam</strong></span> <span class='ocrx_word' id='word_1_264' title='bbox 555 2307 736 2357; x_wconf 87' lang='lat' dir='ltr'><strong>sedem</strong></span> <span class='ocrx_word' id='word_1_265' title='bbox 774 2303 1054 2358; x_wconf 87' lang='lat' dir='ltr'><strong>revolare:</strong></span> <span class='ocrx_word' id='word_1_266' title='bbox 1089 2303 1193 2358; x_wconf 90' lang='lat' dir='ltr'><strong>hoc</strong></span> <span class='ocrx_word' id='word_1_267' title='bbox 1228 2304 1294 2358; x_wconf 89' lang='lat' dir='ltr'><strong>ab</strong></span> <span class='ocrx_word' id='word_1_268' title='bbox 1340 2304 1426 2357; x_wconf 91' lang='lat' dir='ltr'><strong>illa</strong></span> <span class='ocrx_word' id='word_1_269' title='bbox 1469 2302 1602 2357; x_wconf 88' lang='lat' dir='ltr'><strong>solvi</strong></span> <span class='ocrx_word' id='word_1_270' title='bbox 1632 2305 1807 2359; x_wconf 79' lang='lat' dir='ltr'><strong>neuti-</strong></span> 
     </span>
    </p>
   </div>
   <div class='ocr_carea' id='block_1_39' title="bbox 250 2390 1811 2463">
    <p class='ocr_par' dir='ltr' id='par_1_39' title="bbox 250 2390 1811 2463">
     <span class='ocr_line' id='line_1_39' title="bbox 250 2390 1811 2463; baseline 0.002 -19"><span class='ocrx_word' id='word_1_271' title='bbox 250 2408 412 2461; x_wconf 89' lang='lat' dir='ltr'><strong>quam</strong></span> <span class='ocrx_word' id='word_1_272' title='bbox 445 2406 622 2462; x_wconf 89' lang='lat' dir='ltr'><strong>posse,</strong></span> <span class='ocrx_word' id='word_1_273' title='bbox 652 2392 744 2446; x_wconf 88' lang='lat' dir='ltr'><strong>sed</strong></span> <span class='ocrx_word' id='word_1_274' title='bbox 783 2392 835 2447; x_wconf 91' lang='lat' dir='ltr'><strong>in</strong></span> <span class='ocrx_word' id='word_1_275' title='bbox 869 2390 1098 2457; x_wconf 87' lang='lat' dir='ltr'><strong>Orcum,</strong></span> <span class='ocrx_word' id='word_1_276' title='bbox 1140 2392 1223 2447; x_wconf 90' lang='lat' dir='ltr'><strong>vel</strong></span> <span class='ocrx_word' id='word_1_277' title='bbox 1264 2393 1409 2449; x_wconf 90' lang='lat' dir='ltr'><strong>inter</strong></span> <span class='ocrx_word' id='word_1_278' title='bbox 1462 2394 1640 2449; x_wconf 87' lang='lat' dir='ltr'><strong>sidera</strong></span> <span class='ocrx_word' id='word_1_279' title='bbox 1693 2402 1811 2463; x_wconf 92' lang='lat' dir='ltr'><strong>post</strong></span> 
     </span>
    </p>
   </div>
   <div class='ocr_carea' id='block_1_40' title="bbox 253 2483 1808 2551">
    <p class='ocr_par' dir='ltr' id='par_1_40' title="bbox 253 2483 1808 2551">
     <span class='ocr_line' id='line_1_40' title="bbox 253 2483 1808 2551; baseline -0.001 -13"><span class='ocrx_word' id='word_1_280' title='bbox 253 2494 482 2539; x_wconf 90' lang='lat' dir='ltr'><strong>mortem</strong></span> <span class='ocrx_word' id='word_1_281' title='bbox 535 2483 707 2538; x_wconf 88' lang='lat' dir='ltr'><strong>abire.</strong></span> <span class='ocrx_word' id='word_1_282' title='bbox 749 2483 956 2549; x_wconf 85' lang='lat' dir='ltr'><strong>Quibus</strong></span> <span class='ocrx_word' id='word_1_283' title='bbox 1004 2484 1075 2537; x_wconf 91' lang='lat' dir='ltr'><strong>ita</strong></span> <span class='ocrx_word' id='word_1_284' title='bbox 1123 2483 1382 2551; x_wconf 77' lang='lat' dir='ltr'><strong>expositis</strong></span> <span class='ocrx_word' id='word_1_285' title='bbox 1432 2484 1546 2539; x_wconf 60' lang='lat' dir='ltr'><strong>haec</strong></span> <span class='ocrx_word' id='word_1_286' title='bbox 1594 2485 1808 2540; x_wconf 87' lang='lat' dir='ltr'><strong>demum</strong></span> 
     </span>
    </p>
   </div>
   <div class='ocr_carea' id='block_1_41' title="bbox 253 2572 1811 2645">
    <p class='ocr_par' dir='ltr' id='par_1_41' title="bbox 253 2572 1811 2645">
     <span class='ocr_line' id='line_1_41' title="bbox 253 2572 1811 2645; baseline -0.001 -17"><span class='ocrx_word' id='word_1_287' title='bbox 253 2574 525 2645; x_wconf 77' lang='lat' dir='ltr'><strong>subiungit</strong></span> <span class='ocrx_word' id='word_1_288' title='bbox 555 2592 567 2626; x_wconf 90' lang='lat'>:</span> <span class='ocrx_word' id='word_1_289' title='bbox 598 2592 615 2624; x_wconf 75' lang='grc' dir='ltr'>ι</span> <span class='ocrx_word' id='word_1_290' title='bbox 643 2573 827 2643; x_wconf 89' lang='lat' dir='ltr'><strong>Itaque</strong></span> <span class='ocrx_word' id='word_1_291' title='bbox 866 2573 1148 2644; x_wconf 84' lang='lat' dir='ltr'><strong>Origenes,</strong></span> <span class='ocrx_word' id='word_1_292' title='bbox 1197 2582 1256 2627; x_wconf 94' lang='lat' dir='ltr'><strong>ut</strong></span> <span class='ocrx_word' id='word_1_293' title='bbox 1307 2588 1423 2627; x_wconf 88' lang='lat' dir='ltr'><strong>mea</strong></span> <span class='ocrx_word' id='word_1_294' title='bbox 1457 2572 1675 2643; x_wconf 89' lang='lat' dir='ltr'><strong>quidem</strong></span> <span class='ocrx_word' id='word_1_295' title='bbox 1706 2572 1811 2627; x_wconf 87' lang='lat' dir='ltr'><strong>fert</strong></span> 
     </span>
    </p>
   </div>
   <div class='ocr_carea' id='block_1_42' title="bbox 253 2663 1811 2731">
    <p class='ocr_par' dir='ltr' id='par_1_42' title="bbox 253 2663 1811 2731">
     <span class='ocr_line' id='line_1_42' title="bbox 253 2663 1811 2731; baseline -0.001 -12"><span class='ocrx_word' id='word_1_296' title='bbox 253 2667 543 2728; x_wconf 81' lang='lat' dir='ltr'><strong>sententia,</strong></span> <span class='ocrx_word' id='word_1_297' title='bbox 575 2680 696 2719; x_wconf 91' lang='lat' dir='ltr'><strong>cum</strong></span> <span class='ocrx_word' id='word_1_298' title='bbox 732 2664 965 2719; x_wconf 85' lang='lat' dir='ltr'><strong>animam</strong></span> <span class='ocrx_word' id='word_1_299' title='bbox 1005 2663 1150 2718; x_wconf 91' lang='lat' dir='ltr'><strong>idolo</strong></span> <span class='ocrx_word' id='word_1_300' title='bbox 1181 2663 1483 2730; x_wconf 90' lang='lat' dir='ltr'><strong>hnjnsmodi</strong></span> <span class='ocrx_word' id='word_1_301' title='bbox 1521 2664 1811 2731; x_wconf 90' lang='lat' dir='ltr'><strong>vestiisset,</strong></span> 
     </span>
    </p>
   </div>
   <div class='ocr_carea' id='block_1_43' title="bbox 253 2755 1810 2825">
    <p class='ocr_par' dir='ltr' id='par_1_43' title="bbox 253 2755 1810 2825">
     <span class='ocr_line' id='line_1_43' title="bbox 253 2755 1810 2825; baseline 0.003 -20"><span class='ocrx_word' id='word_1_302' title='bbox 253 2756 395 2822; x_wconf 84' lang='lat' dir='ltr'><strong>quod</strong></span> <span class='ocrx_word' id='word_1_303' title='bbox 424 2755 673 2825; x_wconf 83' lang='lat' dir='ltr'><strong>pmprias</strong></span> <span class='ocrx_word' id='word_1_304' title='bbox 709 2756 985 2818; x_wconf 83' lang='lat' dir='ltr'><strong>actiones,</strong></span> <span class='ocrx_word' id='word_1_305' title='bbox 1037 2755 1244 2825; x_wconf 88' lang='lat' dir='ltr'><strong>sibique</strong></span> <span class='ocrx_word' id='word_1_306' title='bbox 1277 2755 1541 2811; x_wconf 85' lang='lat' dir='ltr'><strong>involutas</strong></span> <span class='ocrx_word' id='word_1_307' title='bbox 1574 2755 1810 2810; x_wconf 90' lang='lat' dir='ltr'><strong>circum-</strong></span> 
     </span>
    </p>
   </div>
   <div class='ocr_carea' id='block_1_44' title="bbox 255 2844 1811 2915">
    <p class='ocr_par' dir='ltr' id='par_1_44' title="bbox 255 2844 1811 2915">
     <span class='ocr_line' id='line_1_44' title="bbox 255 2844 1811 2915; baseline 0.001 -17"><span class='ocrx_word' id='word_1_308' title='bbox 255 2846 443 2911; x_wconf 82' lang='lat' dir='ltr'><strong>ferret,</strong></span> <span class='ocrx_word' id='word_1_309' title='bbox 465 2844 580 2900; x_wconf 89' lang='lat' dir='ltr'><strong>fore</strong></span> <span class='ocrx_word' id='word_1_310' title='bbox 601 2844 853 2912; x_wconf 82' lang='lat' dir='ltr'><strong>subjecit,</strong></span> <span class='ocrx_word' id='word_1_311' title='bbox 879 2854 935 2897; x_wconf 93' lang='lat' dir='ltr'><strong>ut</strong></span> <span class='ocrx_word' id='word_1_312' title='bbox 965 2862 1065 2898; x_wconf 83' lang='lat' dir='ltr'><strong>una</strong></span> <span class='ocrx_word' id='word_1_313' title='bbox 1090 2862 1209 2900; x_wconf 90' lang='lat' dir='ltr'><strong>cum</strong></span> <span class='ocrx_word' id='word_1_314' title='bbox 1236 2846 1339 2899; x_wconf 90' lang='lat' dir='ltr'><strong>hoc</strong></span> <span class='ocrx_word' id='word_1_315' title='bbox 1372 2844 1457 2899; x_wconf 89' lang='lat' dir='ltr'><strong>illa</strong></span> <span class='ocrx_word' id='word_1_316' title='bbox 1487 2854 1811 2915; x_wconf 86' lang='lat' dir='ltr'><strong>resurgeret,</strong></span> 
     </span>
    </p>
   </div>
   <div class='ocr_carea' id='block_1_45' title="bbox 253 2935 1815 3006">
    <p class='ocr_par' dir='ltr' id='par_1_45' title="bbox 253 2935 1815 3006">
     <span class='ocr_line' id='line_1_45' title="bbox 253 2935 1815 3006; baseline 0 -15"><span class='ocrx_word' id='word_1_317' title='bbox 253 2937 545 3005; x_wconf 88' lang='lat' dir='ltr'><strong>futuroque</strong></span> <span class='ocrx_word' id='word_1_318' title='bbox 595 2935 798 3004; x_wconf 90' lang='lat' dir='ltr'><strong>judicio</strong></span> <span class='ocrx_word' id='word_1_319' title='bbox 843 2936 1222 3003; x_wconf 87' lang='lat' dir='ltr'><strong>subjiceretur,</strong></span> <span class='ocrx_word' id='word_1_320' title='bbox 1266 2950 1370 3005; x_wconf 91' lang='lat' dir='ltr'><strong>qua</strong></span> <span class='ocrx_word' id='word_1_321' title='bbox 1411 2936 1461 2989; x_wconf 87' lang='lat' dir='ltr'><strong>itt</strong></span> <span class='ocrx_word' id='word_1_322' title='bbox 1520 2951 1576 2991; x_wconf 91' lang='lat' dir='ltr'><strong>re</strong></span> <span class='ocrx_word' id='word_1_323' title='bbox 1629 2944 1815 3006; x_wconf 84' lang='lat' dir='ltr'><strong>gentes</strong></span> 
     </span>
    </p>
   </div>
   <div class='ocr_carea' id='block_1_46' title="bbox 256 3027 1814 3098">
    <p class='ocr_par' dir='ltr' id='par_1_46' title="bbox 256 3027 1814 3098">
     <span class='ocr_line' id='line_1_46' title="bbox 256 3027 1814 3098; baseline 0 -17"><span class='ocrx_word' id='word_1_324' title='bbox 256 3042 486 3097; x_wconf 91' lang='lat' dir='ltr'><strong>prorsus</strong></span> <span class='ocrx_word' id='word_1_325' title='bbox 516 3027 789 3092; x_wconf 91' lang='lat' dir='ltr'><strong>imitatur;</strong></span> <span class='ocrx_word' id='word_1_326' title='bbox 822 3028 1063 3081; x_wconf 87' lang='lat' dir='ltr'><strong>mortalis</strong></span> <span class='ocrx_word' id='word_1_327' title='bbox 1106 3038 1287 3081; x_wconf 88' lang='lat' dir='ltr'><strong>autem</strong></span> <span class='ocrx_word' id='word_1_328' title='bbox 1330 3027 1600 3097; x_wconf 87' lang='lat' dir='ltr'><strong>taeluique</strong></span> <span class='ocrx_word' id='word_1_329' title='bbox 1649 3042 1814 3098; x_wconf 82' lang='lat' dir='ltr'><strong>expo—</strong></span> 
     </span>
    </p>
   </div>
   <div class='ocr_carea' id='block_1_47' title="bbox 256 3116 1440 3188">
    <p class='ocr_par' dir='ltr' id='par_1_47' title="bbox 256 3116 1440 3188">
     <span class='ocr_line' id='line_1_47' title="bbox 256 3116 1440 3188; baseline -0.003 -16"><span class='ocrx_word' id='word_1_330' title='bbox 256 3119 360 3172; x_wconf 88' lang='lat' dir='ltr'><strong>sita</strong></span> <span class='ocrx_word' id='word_1_331' title='bbox 389 3133 517 3173; x_wconf 88' lang='lat' dir='ltr'><strong>caro</strong></span> <span class='ocrx_word' id='word_1_332' title='bbox 546 3116 802 3172; x_wconf 86' lang='lat' dir='ltr'><strong>deﬂueret</strong></span> <span class='ocrx_word' id='word_1_333' title='bbox 842 3128 1002 3188; x_wconf 91' lang='lat' dir='ltr'><strong>atque</strong></span> <span class='ocrx_word' id='word_1_334' title='bbox 1025 3124 1389 3171; x_wconf 86' lang='lat' dir='ltr'><strong>evanesceret.</strong></span> <span class='ocrx_word' id='word_1_335' title='bbox 1422 3135 1440 3168; x_wconf 73' lang='grc' dir='ltr'><strong><em>ι</em></strong></span> 
     </span>
    </p>
   </div>
   <div class='ocr_carea' id='block_1_48' title="bbox 333 3206 1817 3278">
    <p class='ocr_par' dir='ltr' id='par_1_48' title="bbox 333 3206 1817 3278">
     <span class='ocr_line' id='line_1_48' title="bbox 333 3206 1817 3278; baseline 0.001 -15"><span class='ocrx_word' id='word_1_336' title='bbox 333 3206 568 3263; x_wconf 88' lang='lat' dir='ltr'><strong>Ulterius</strong></span> <span class='ocrx_word' id='word_1_337' title='bbox 598 3208 759 3262; x_wconf 86' lang='lat' dir='ltr'><strong>etiam</strong></span> <span class='ocrx_word' id='word_1_338' title='bbox 792 3209 902 3262; x_wconf 90' lang='lat' dir='ltr'><strong>abit</strong></span> <span class='ocrx_word' id='word_1_339' title='bbox 934 3223 1320 3277; x_wconf 90' lang='lat' dir='ltr'><strong>nonnunquam</strong></span> <span class='ocrx_word' id='word_1_340' title='bbox 1361 3206 1640 3278; x_wconf 84' lang='lat' dir='ltr'><strong>Origenes,</strong></span> <span class='ocrx_word' id='word_1_341' title='bbox 1666 3222 1729 3263; x_wconf 88' lang='lat' dir='ltr'><strong>ac</strong></span> <span class='ocrx_word' id='word_1_342' title='bbox 1750 3223 1817 3264; x_wconf 90' lang='lat' dir='ltr'><strong>ne</strong></span> 
     </span>
    </p>
   </div>
   <div class='ocr_carea' id='block_1_49' title="bbox 259 3297 1820 3368">
    <p class='ocr_par' dir='ltr' id='par_1_49' title="bbox 259 3297 1820 3368">
     <span class='ocr_line' id='line_1_49' title="bbox 259 3297 1820 3368; baseline 0.001 -17"><span class='ocrx_word' id='word_1_343' title='bbox 259 3299 488 3352; x_wconf 88' lang='lat' dir='ltr'><strong>formam</strong></span> <span class='ocrx_word' id='word_1_344' title='bbox 515 3298 735 3368; x_wconf 90' lang='lat' dir='ltr'><strong>quidem</strong></span> <span class='ocrx_word' id='word_1_345' title='bbox 762 3299 933 3368; x_wconf 85' lang='lat' dir='ltr'><strong>ipsam</strong></span> <span class='ocrx_word' id='word_1_346' title='bbox 965 3306 1020 3352; x_wconf 91' lang='lat' dir='ltr'><strong>et</strong></span> <span class='ocrx_word' id='word_1_347' title='bbox 1050 3297 1273 3366; x_wconf 81' lang='lat' dir='ltr'><strong>ﬁguram</strong></span> <span class='ocrx_word' id='word_1_348' title='bbox 1306 3297 1623 3365; x_wconf 89' lang='lat' dir='ltr'><strong>corporibus</strong></span> <span class='ocrx_word' id='word_1_349' title='bbox 1655 3300 1820 3353; x_wconf 90' lang='lat' dir='ltr'><strong>susci-</strong></span> 
     </span>
    </p>
   </div>
   <div class='ocr_carea' id='block_1_50' title="bbox 263 3389 1822 3459">
    <p class='ocr_par' dir='ltr' id='par_1_50' title="bbox 263 3389 1822 3459">
     <span class='ocr_line' id='line_1_50' title="bbox 263 3389 1822 3459; baseline 0.003 -16"><span class='ocrx_word' id='word_1_350' title='bbox 263 3389 441 3444; x_wconf 89' lang='lat' dir='ltr'><strong>tandis</strong></span> <span class='ocrx_word' id='word_1_351' title='bbox 482 3390 807 3445; x_wconf 73' lang='lat' dir='ltr'><strong>inbazsuram</strong></span> <span class='ocrx_word' id='word_1_352' title='bbox 848 3390 1192 3459; x_wconf 86' lang='lat' dir='ltr'><strong>pronuntiat;</strong></span> <span class='ocrx_word' id='word_1_353' title='bbox 1239 3399 1293 3444; x_wconf 93' lang='lat' dir='ltr'><strong>et</strong></span> <span class='ocrx_word' id='word_1_354' title='bbox 1324 3391 1822 3458; x_wconf 86' lang='lat' dir='ltr'><strong>quemadmodume</strong></span> 
     </span>
    </p>
   </div>
   <div class='ocr_carea' id='block_1_51' title="bbox 261 3479 1820 3550">
    <p class='ocr_par' dir='ltr' id='par_1_51' title="bbox 261 3479 1820 3550">
     <span class='ocr_line' id='line_1_51' title="bbox 261 3479 1820 3550; baseline 0.002 -17"><span class='ocrx_word' id='word_1_355' title='bbox 261 3495 434 3550; x_wconf 89' lang='lat' dir='ltr'><strong>grano</strong></span> <span class='ocrx_word' id='word_1_356' title='bbox 460 3479 625 3535; x_wconf 88' lang='lat' dir='ltr'><strong>tritici</strong></span> <span class='ocrx_word' id='word_1_357' title='bbox 655 3480 801 3549; x_wconf 91' lang='lat' dir='ltr'><strong>spica</strong></span> <span class='ocrx_word' id='word_1_358' title='bbox 840 3479 1014 3549; x_wconf 86' lang='lat' dir='ltr'><strong>surgit</strong></span> <span class='ocrx_word' id='word_1_359' title='bbox 1052 3495 1223 3549; x_wconf 85' lang='lat' dir='ltr'><strong>grano</strong></span> <span class='ocrx_word' id='word_1_360' title='bbox 1270 3481 1558 3544; x_wconf 88' lang='lat' dir='ltr'><strong>absimilis,</strong></span> <span class='ocrx_word' id='word_1_361' title='bbox 1617 3496 1715 3535; x_wconf 90' lang='lat' dir='ltr'><strong>nec</strong></span> <span class='ocrx_word' id='word_1_362' title='bbox 1753 3496 1820 3536; x_wconf 82' lang='lat' dir='ltr'><strong>ex</strong></span> 
     </span>
    </p>
   </div>
   <div class='ocr_carea' id='block_1_52' title="bbox 262 3570 1825 3640">
    <p class='ocr_par' dir='ltr' id='par_1_52' title="bbox 262 3570 1825 3640">
     <span class='ocr_line' id='line_1_52' title="bbox 262 3570 1825 3640; baseline 0 -15"><span class='ocrx_word' id='word_1_363' title='bbox 262 3572 368 3626; x_wconf 86' lang='lat' dir='ltr'><strong>hoc</strong></span> <span class='ocrx_word' id='word_1_364' title='bbox 399 3571 589 3625; x_wconf 84' lang='lat' dir='ltr'><strong>transit</strong></span> <span class='ocrx_word' id='word_1_365' title='bbox 631 3570 684 3624; x_wconf 91' lang='lat' dir='ltr'><strong>in</strong></span> <span class='ocrx_word' id='word_1_366' title='bbox 723 3570 866 3625; x_wconf 90' lang='lat' dir='ltr'><strong>illam</strong></span> <span class='ocrx_word' id='word_1_367' title='bbox 891 3570 1182 3639; x_wconf 89' lang='lat' dir='ltr'><strong>quidquam</strong></span> <span class='ocrx_word' id='word_1_368' title='bbox 1233 3570 1399 3637; x_wconf 91' lang='lat' dir='ltr'><strong>aliud,</strong></span> <span class='ocrx_word' id='word_1_369' title='bbox 1432 3581 1626 3640; x_wconf 61' lang='lat' dir='ltr'><strong>praeter</strong></span> <span class='ocrx_word' id='word_1_370' title='bbox 1658 3570 1825 3625; x_wconf 87' lang='lat' dir='ltr'><strong>ratio-</strong></span> 
     </span>
    </p>
   </div>
   <div class='ocr_carea' id='block_1_53' title="bbox 264 3663 1825 3735">
    <p class='ocr_par' dir='ltr' id='par_1_53' title="bbox 264 3663 1825 3735">
     <span class='ocr_line' id='line_1_53' title="bbox 264 3663 1825 3735; baseline -0.002 -16"><span class='ocrx_word' id='word_1_371' title='bbox 264 3678 386 3719; x_wconf 89' lang='lat' dir='ltr'><strong>nem</strong></span> <span class='ocrx_word' id='word_1_372' title='bbox 411 3663 656 3730; x_wconf 89' lang='lat' dir='ltr'><strong>seminis,</strong></span> <span class='ocrx_word' id='word_1_373' title='bbox 689 3676 783 3718; x_wconf 83' lang='lat' dir='ltr'><strong>seu</strong></span> <span class='ocrx_word' id='word_1_374' title='bbox 813 3663 1225 3735; x_wconf 85' lang='grc' dir='ltr'><strong>σπινθηρισμὸν,</strong></span> <span class='ocrx_word' id='word_1_375' title='bbox 1257 3663 1326 3717; x_wconf 92' lang='lat' dir='ltr'><strong>ita</strong></span> <span class='ocrx_word' id='word_1_376' title='bbox 1366 3664 1578 3732; x_wconf 88' lang='lat' dir='ltr'><strong>corpori</strong></span> <span class='ocrx_word' id='word_1_377' title='bbox 1614 3672 1825 3716; x_wconf 91' lang='lat' dir='ltr'><strong>mortuo</strong></span> 
     </span>
    </p>
   </div>
   <div class='ocr_carea' id='block_1_54' title="bbox 265 3740 1826 3826">
    <p class='ocr_par' dir='ltr' id='par_1_54' title="bbox 265 3740 1826 3826">
     <span class='ocr_line' id='line_1_54' title="bbox 265 3740 1826 3826; baseline 0.001 -19"><span class='ocrx_word' id='word_1_378' title='bbox 265 3757 449 3809; x_wconf 89' lang='lat' dir='ltr'><strong>inesse</strong></span> <span class='ocrx_word' id='word_1_379' title='bbox 466 3740 671 3819; x_wconf 84' lang='lat' dir='ltr'><strong>semen,</strong></span> <span class='ocrx_word' id='word_1_380' title='bbox 694 3756 834 3823; x_wconf 91' lang='lat' dir='ltr'><strong>quod</strong></span> <span class='ocrx_word' id='word_1_381' title='bbox 854 3755 1178 3826; x_wconf 88' lang='lat' dir='ltr'><strong>germinabit</strong></span> <span class='ocrx_word' id='word_1_382' title='bbox 1195 3755 1481 3810; x_wconf 88' lang='lat' dir='ltr'><strong>novissima</strong></span> <span class='ocrx_word' id='word_1_383' title='bbox 1507 3762 1826 3824; x_wconf 85' lang='lat' dir='ltr'><strong>personante</strong></span> 
     </span>
    </p>
   </div>
   <div class='ocr_carea' id='block_1_55' title="bbox 264 3844 1828 3916">
    <p class='ocr_par' dir='ltr' id='par_1_55' title="bbox 264 3844 1828 3916">
     <span class='ocr_line' id='line_1_55' title="bbox 264 3844 1828 3916; baseline 0 -17"><span class='ocrx_word' id='word_1_384' title='bbox 264 3847 419 3909; x_wconf 85' lang='lat' dir='ltr'><strong>tuba,</strong></span> <span class='ocrx_word' id='word_1_385' title='bbox 443 3857 499 3899; x_wconf 92' lang='lat' dir='ltr'><strong>et</strong></span> <span class='ocrx_word' id='word_1_386' title='bbox 522 3846 663 3899; x_wconf 88' lang='lat' dir='ltr'><strong>aliud</strong></span> <span class='ocrx_word' id='word_1_387' title='bbox 696 3846 762 3901; x_wconf 89' lang='lat' dir='ltr'><strong>de</strong></span> <span class='ocrx_word' id='word_1_388' title='bbox 791 3861 849 3901; x_wconf 91' lang='lat' dir='ltr'><strong>se</strong></span> <span class='ocrx_word' id='word_1_389' title='bbox 879 3862 1078 3916; x_wconf 88' lang='lat' dir='ltr'><strong>corpus</strong></span> <span class='ocrx_word' id='word_1_390' title='bbox 1109 3846 1280 3900; x_wconf 87' lang='lat' dir='ltr'><strong>dabit.</strong></span> <span class='ocrx_word' id='word_1_391' title='bbox 1315 3845 1456 3901; x_wconf 84' lang='lat' dir='ltr'><strong>Fuse</strong></span> <span class='ocrx_word' id='word_1_392' title='bbox 1481 3845 1594 3899; x_wconf 72' lang='lat' dir='ltr'><strong>hzcc</strong></span> <span class='ocrx_word' id='word_1_393' title='bbox 1624 3844 1828 3899; x_wconf 89' lang='lat' dir='ltr'><strong>edisse-</strong></span> 
     </span>
    </p>
   </div>
   <div class='ocr_carea' id='block_1_56' title="bbox 266 3935 1825 4009">
    <p class='ocr_par' dir='ltr' id='par_1_56' title="bbox 266 3935 1825 4009">
     <span class='ocr_line' id='line_1_56' title="bbox 266 3935 1825 4009; baseline 0.001 -19"><span class='ocrx_word' id='word_1_394' title='bbox 266 3939 341 3991; x_wconf 87' lang='lat' dir='ltr'><strong>rit</strong></span> <span class='ocrx_word' id='word_1_395' title='bbox 373 3937 726 4009; x_wconf 79' lang='lat' dir='ltr'><strong>Hieronymus</strong></span> <span class='ocrx_word' id='word_1_396' title='bbox 759 3939 811 3992; x_wconf 93' lang='lat' dir='ltr'><strong>in</strong></span> <span class='ocrx_word' id='word_1_397' title='bbox 841 3940 1063 4008; x_wconf 89' lang='lat' dir='ltr'><strong>epistola</strong></span> <span class='ocrx_word' id='word_1_398' title='bbox 1092 3940 1354 3992; x_wconf 86' lang='lat' dir='ltr'><strong>adversus</strong></span> <span class='ocrx_word' id='word_1_399' title='bbox 1384 3936 1641 3991; x_wconf 79' lang='lat' dir='ltr'><strong>Joannem</strong></span> <span class='ocrx_word' id='word_1_400' title='bbox 1670 3935 1825 3991; x_wconf 82' lang='lat' dir='ltr'><strong>Jero-</strong></span> 
     </span>
    </p>
   </div>
   <div class='ocr_carea' id='block_1_57' title="bbox 264 4026 1828 4099">
    <p class='ocr_par' dir='ltr' id='par_1_57' title="bbox 264 4026 1828 4099">
     <span class='ocr_line' id='line_1_57' title="bbox 264 4026 1828 4099; baseline -0.002 -18"><span class='ocrx_word' id='word_1_401' title='bbox 264 4027 674 4098; x_wconf 82' lang='lat' dir='ltr'><strong>solymitanum,</strong></span> <span class='ocrx_word' id='word_1_402' title='bbox 703 4037 758 4082; x_wconf 91' lang='lat' dir='ltr'><strong>et</strong></span> <span class='ocrx_word' id='word_1_403' title='bbox 791 4027 1076 4099; x_wconf 87' lang='lat' dir='ltr'><strong>Origenem</strong></span> <span class='ocrx_word' id='word_1_404' title='bbox 1101 4027 1182 4081; x_wconf 89' lang='lat' dir='ltr'><strong>sic</strong></span> <span class='ocrx_word' id='word_1_405' title='bbox 1213 4026 1418 4080; x_wconf 90' lang='lat' dir='ltr'><strong>inducit</strong></span> <span class='ocrx_word' id='word_1_406' title='bbox 1446 4026 1828 4094; x_wconf 85' lang='lat' dir='ltr'><strong>disputantem,</strong></span> 
     </span>
    </p>
   </div>
   <div class='ocr_carea' id='block_1_58' title="bbox 264 4110 1828 4188">
    <p class='ocr_par' dir='ltr' id='par_1_58' title="bbox 264 4110 1828 4188">
     <span class='ocr_line' id='line_1_58' title="bbox 264 4110 1828 4188; baseline -0.005 -14"><span class='ocrx_word' id='word_1_407' title='bbox 264 4134 390 4188; x_wconf 91' lang='lat' dir='ltr'><strong>cap.</strong></span> <span class='ocrx_word' id='word_1_408' title='bbox 420 4120 452 4173; x_wconf 90' lang='lat'><strong>8</strong></span> <span class='ocrx_word' id='word_1_409' title='bbox 487 4134 500 4170; x_wconf 90' lang='lat'><strong>:</strong></span> <span class='ocrx_word' id='word_1_410' title='bbox 537 4138 554 4171; x_wconf 77' lang='grc' dir='ltr'>ι</span> <span class='ocrx_word' id='word_1_411' title='bbox 581 4119 715 4174; x_wconf 88' lang='lat' dir='ltr'><strong>Cum</strong></span> <span class='ocrx_word' id='word_1_412' title='bbox 749 4128 929 4172; x_wconf 90' lang='lat' dir='ltr'><strong>autem</strong></span> <span class='ocrx_word' id='word_1_413' title='bbox 968 4117 1156 4186; x_wconf 85' lang='lat' dir='ltr'><strong>judicii</strong></span> <span class='ocrx_word' id='word_1_414' title='bbox 1191 4116 1308 4171; x_wconf 90' lang='lat' dir='ltr'><strong>dies</strong></span> <span class='ocrx_word' id='word_1_415' title='bbox 1340 4116 1636 4179; x_wconf 89' lang='lat' dir='ltr'><strong>advenerit,</strong></span> <span class='ocrx_word' id='word_1_416' title='bbox 1674 4122 1730 4167; x_wconf 92' lang='lat' dir='ltr'><strong>et</strong></span> <span class='ocrx_word' id='word_1_417' title='bbox 1772 4110 1828 4166; x_wconf 92' lang='lat' dir='ltr'><strong>in</strong></span> 
     </span>
    </p>
   </div>
   <div class='ocr_carea' id='block_1_59' title="bbox 264 4204 1833 4282">
    <p class='ocr_par' dir='ltr' id='par_1_59' title="bbox 264 4204 1833 4282">
     <span class='ocr_line' id='line_1_59' title="bbox 264 4204 1833 4282; baseline -0.006 -15"><span class='ocrx_word' id='word_1_418' title='bbox 264 4226 403 4267; x_wconf 84' lang='lat' dir='ltr'><strong>voce</strong></span> <span class='ocrx_word' id='word_1_419' title='bbox 438 4213 770 4282; x_wconf 89' lang='lat' dir='ltr'><strong>archangeli,</strong></span> <span class='ocrx_word' id='word_1_420' title='bbox 817 4213 951 4266; x_wconf 91' lang='lat' dir='ltr'><strong>etin</strong></span> <span class='ocrx_word' id='word_1_421' title='bbox 983 4210 1274 4265; x_wconf 81' lang='lat' dir='ltr'><strong>novissima</strong></span> <span class='ocrx_word' id='word_1_422' title='bbox 1311 4211 1435 4262; x_wconf 86' lang='lat' dir='ltr'><strong>tuba</strong></span> <span class='ocrx_word' id='word_1_423' title='bbox 1468 4207 1512 4239; x_wconf 81' lang='grc'>¹⁸</span> <span class='ocrx_word' id='word_1_424' title='bbox 1553 4204 1833 4260; x_wconf 91' lang='lat' dir='ltr'><strong>tremuerit</strong></span> 
     </span>
    </p>
   </div>
   <div class='ocr_carea' id='block_1_60' title="bbox 270 4296 1833 4375">
    <p class='ocr_par' dir='ltr' id='par_1_60' title="bbox 270 4296 1833 4375">
     <span class='ocr_line' id='line_1_60' title="bbox 270 4296 1833 4375; baseline -0.006 -17"><span class='ocrx_word' id='word_1_425' title='bbox 270 4313 441 4369; x_wconf 90' lang='lat' dir='ltr'><strong>terra,</strong></span> <span class='ocrx_word' id='word_1_426' title='bbox 469 4304 830 4357; x_wconf 90' lang='lat' dir='ltr'><strong>movebuntur</strong></span> <span class='ocrx_word' id='word_1_427' title='bbox 847 4302 1030 4355; x_wconf 89' lang='lat' dir='ltr'><strong>statim</strong></span> <span class='ocrx_word' id='word_1_428' title='bbox 1056 4300 1283 4366; x_wconf 88' lang='lat' dir='ltr'><strong>semina,</strong></span> <span class='ocrx_word' id='word_1_429' title='bbox 1309 4311 1361 4353; x_wconf 92' lang='lat' dir='ltr'><strong>et</strong></span> <span class='ocrx_word' id='word_1_430' title='bbox 1388 4299 1439 4351; x_wconf 91' lang='lat' dir='ltr'><strong>in</strong></span> <span class='ocrx_word' id='word_1_431' title='bbox 1466 4306 1663 4375; x_wconf 83' lang='lat' dir='ltr'><strong>puncto</strong></span> <span class='ocrx_word' id='word_1_432' title='bbox 1685 4296 1833 4351; x_wconf 70' lang='lat' dir='ltr'><strong>hora:</strong></span> 
     </span>
    </p>
   </div>
   <div class='ocr_carea' id='block_1_61' title="bbox 267 4390 1830 4463">
    <p class='ocr_par' dir='ltr' id='par_1_61' title="bbox 267 4390 1830 4463">
     <span class='ocr_line' id='line_1_61' title="bbox 267 4390 1830 4463; baseline -0.006 -14"><span class='ocrx_word' id='word_1_433' title='bbox 267 4406 518 4450; x_wconf 83' lang='lat' dir='ltr'><strong>mortuos</strong></span> <span class='ocrx_word' id='word_1_434' title='bbox 545 4394 925 4463; x_wconf 89' lang='lat' dir='ltr'><strong>germinabnnt</strong></span> <span class='ocrx_word' id='word_1_435' title='bbox 953 4409 967 4443; x_wconf 86' lang='lat'><strong>:</strong></span> <span class='ocrx_word' id='word_1_436' title='bbox 998 4406 1103 4445; x_wconf 92' lang='lat' dir='ltr'><strong>non</strong></span> <span class='ocrx_word' id='word_1_437' title='bbox 1148 4400 1325 4443; x_wconf 91' lang='lat' dir='ltr'><strong>tamen</strong></span> <span class='ocrx_word' id='word_1_438' title='bbox 1363 4390 1578 4443; x_wconf 90' lang='lat' dir='ltr'><strong>easdem</strong></span> <span class='ocrx_word' id='word_1_439' title='bbox 1617 4400 1830 4450; x_wconf 88' lang='lat' dir='ltr'><strong>carnes,</strong></span> 
     </span>
    </p>
   </div>
   <div class='ocr_carea' id='block_1_62' title="bbox 270 4478 1835 4555">
    <p class='ocr_par' dir='ltr' id='par_1_62' title="bbox 270 4478 1835 4555">
     <span class='ocr_line' id='line_1_62' title="bbox 270 4478 1835 4555; baseline -0.008 -11"><span class='ocrx_word' id='word_1_440' title='bbox 270 4502 377 4544; x_wconf 79' lang='lat' dir='ltr'><strong>nec</strong></span> <span class='ocrx_word' id='word_1_441' title='bbox 415 4487 468 4540; x_wconf 92' lang='lat' dir='ltr'><strong>in</strong></span> <span class='ocrx_word' id='word_1_442' title='bbox 512 4486 576 4540; x_wconf 92' lang='lat' dir='ltr'><strong>iis</strong></span> <span class='ocrx_word' id='word_1_443' title='bbox 606 4484 796 4539; x_wconf 82' lang='lat' dir='ltr'><strong>formis</strong></span> <span class='ocrx_word' id='word_1_444' title='bbox 826 4482 1137 4555; x_wconf 53' lang='lat' dir='ltr'><strong>restituent},</strong></span> <span class='ocrx_word' id='word_1_445' title='bbox 1167 4494 1286 4549; x_wconf 73' lang='lat' dir='ltr'><strong>qua:</strong></span> <span class='ocrx_word' id='word_1_446' title='bbox 1314 4480 1549 4534; x_wconf 90' lang='lat' dir='ltr'><strong>fuerunt.</strong></span> <span class='ocrx_word' id='word_1_447' title='bbox 1582 4497 1601 4530; x_wconf 75' lang='grc' dir='ltr'><strong><em>ι</em></strong></span> <span class='ocrx_word' id='word_1_448' title='bbox 1649 4478 1835 4547; x_wconf 84' lang='lat' dir='ltr'><strong>Capite</strong></span> 
     </span>
    </p>
   </div>
   <div class='ocr_carea' id='block_1_63' title="bbox 270 4569 1830 4643">
    <p class='ocr_par' dir='ltr' id='par_1_63' title="bbox 270 4569 1830 4643">
     <span class='ocr_line' id='line_1_63' title="bbox 270 4569 1830 4643; baseline -0.007 -12"><span class='ocrx_word' id='word_1_449' title='bbox 270 4576 473 4631; x_wconf 67' lang='lat' dir='ltr'><strong>deinde</strong></span> <span class='ocrx_word' id='word_1_450' title='bbox 503 4573 773 4643; x_wconf 86' lang='lat' dir='ltr'><strong>sequenti,</strong></span> <span class='ocrx_word' id='word_1_451' title='bbox 810 4574 884 4625; x_wconf 89' lang='lat' dir='ltr'><strong>ita</strong></span> <span class='ocrx_word' id='word_1_452' title='bbox 909 4571 1217 4641; x_wconf 91' lang='lat' dir='ltr'><strong>loquentem</strong></span> <span class='ocrx_word' id='word_1_453' title='bbox 1252 4571 1402 4640; x_wconf 85' lang='lat' dir='ltr'><strong>fingit</strong></span> <span class='ocrx_word' id='word_1_454' title='bbox 1432 4569 1830 4633; x_wconf 79' lang='lat' dir='ltr'><strong>Adamantium,</strong></span> 
     </span>
    </p>
   </div>
   <div class='ocr_carea' id='block_1_64' title="bbox 267 4660 1833 4732">
    <p class='ocr_par' dir='ltr' id='par_1_64' title="bbox 267 4660 1833 4732">
     <span class='ocr_line' id='line_1_64' title="bbox 267 4660 1833 4732; baseline -0.006 -11"><span class='ocrx_word' id='word_1_455' title='bbox 267 4666 520 4727; x_wconf 86' lang='lat' dir='ltr'><strong>ossium.</strong></span> <span class='ocrx_word' id='word_1_456' title='bbox 572 4662 848 4732; x_wconf 86' lang='lat' dir='ltr'><strong>sanguinis</strong></span> <span class='ocrx_word' id='word_1_457' title='bbox 924 4678 988 4716; x_wconf 92' lang='lat' dir='ltr'><strong>ac</strong></span> <span class='ocrx_word' id='word_1_458' title='bbox 1078 4661 1440 4715; x_wconf 83' lang='lat' dir='ltr'><strong>membrorum</strong></span> <span class='ocrx_word' id='word_1_459' title='bbox 1504 4660 1833 4729; x_wconf 86' lang='lat' dir='ltr'><strong>singulorum</strong></span> 
     </span>
    </p>
   </div>
   <div class='ocr_carea' id='block_1_65' title="bbox 271 4751 1832 4823">
    <p class='ocr_par' dir='ltr' id='par_1_65' title="bbox 271 4751 1832 4823">
     <span class='ocr_line' id='line_1_65' title="bbox 271 4751 1832 4823; baseline -0.005 -13"><span class='ocrx_word' id='word_1_460' title='bbox 271 4756 560 4823; x_wconf 90' lang='lat' dir='ltr'><strong>repudiata</strong></span> <span class='ocrx_word' id='word_1_461' title='bbox 615 4753 1056 4809; x_wconf 89' lang='lat' dir='ltr'><strong>resurrectione:</strong></span> <span class='ocrx_word' id='word_1_462' title='bbox 1087 4771 1105 4803; x_wconf 73' lang='grc' dir='ltr'>ι</span> <span class='ocrx_word' id='word_1_463' title='bbox 1134 4751 1286 4807; x_wconf 89' lang='lat' dir='ltr'><strong>Nunc</strong></span> <span class='ocrx_word' id='word_1_464' title='bbox 1352 4751 1526 4807; x_wconf 87' lang='lat' dir='ltr'><strong>oculis</strong></span> <span class='ocrx_word' id='word_1_465' title='bbox 1569 4751 1832 4814; x_wconf 90' lang='lat' dir='ltr'><strong>videmus,</strong></span> 
     </span>
    </p>
   </div>
   <div class='ocr_carea' id='block_1_66' title="bbox 271 4842 1835 4913">
    <p class='ocr_par' dir='ltr' id='par_1_66' title="bbox 271 4842 1835 4913">
     <span class='ocr_line' id='line_1_66' title="bbox 271 4842 1835 4913; baseline -0.005 -12"><span class='ocrx_word' id='word_1_466' title='bbox 271 4846 497 4901; x_wconf 85' lang='lat' dir='ltr'><strong>auribus</strong></span> <span class='ocrx_word' id='word_1_467' title='bbox 524 4847 793 4911; x_wconf 90' lang='lat' dir='ltr'><strong>audimus,</strong></span> <span class='ocrx_word' id='word_1_468' title='bbox 827 4843 1078 4899; x_wconf 86' lang='lat' dir='ltr'><strong>manibus</strong></span> <span class='ocrx_word' id='word_1_469' title='bbox 1108 4845 1317 4912; x_wconf 86' lang='lat' dir='ltr'><strong>agimus</strong></span> <span class='ocrx_word' id='word_1_470' title='bbox 1343 4884 1357 4908; x_wconf 95' lang='lat'><strong>,</strong></span> <span class='ocrx_word' id='word_1_471' title='bbox 1389 4843 1615 4913; x_wconf 89' lang='lat' dir='ltr'><strong>pedibus</strong></span> <span class='ocrx_word' id='word_1_472' title='bbox 1644 4842 1835 4896; x_wconf 91' lang='lat' dir='ltr'><strong>ambu-</strong></span> 
     </span>
    </p>
   </div>
   <div class='ocr_carea' id='block_1_67' title="bbox 272 4933 1836 5005">
    <p class='ocr_par' dir='ltr' id='par_1_67' title="bbox 272 4933 1836 5005">
     <span class='ocr_line' id='line_1_67' title="bbox 272 4933 1836 5005; baseline -0.005 -12"><span class='ocrx_word' id='word_1_473' title='bbox 272 4938 490 4999; x_wconf 84' lang='lat' dir='ltr'><strong>lamus;</strong></span> <span class='ocrx_word' id='word_1_474' title='bbox 516 4938 569 4990; x_wconf 90' lang='lat' dir='ltr'><strong>in</strong></span> <span class='ocrx_word' id='word_1_475' title='bbox 612 4937 703 4991; x_wconf 91' lang='lat' dir='ltr'><strong>illo</strong></span> <span class='ocrx_word' id='word_1_476' title='bbox 732 4946 913 4991; x_wconf 89' lang='lat' dir='ltr'><strong>autem</strong></span> <span class='ocrx_word' id='word_1_477' title='bbox 942 4951 1175 5005; x_wconf 90' lang='lat' dir='ltr'><strong>corpore</strong></span> <span class='ocrx_word' id='word_1_478' title='bbox 1204 4934 1470 5005; x_wconf 91' lang='lat' dir='ltr'><strong>spirituali</strong></span> <span class='ocrx_word' id='word_1_479' title='bbox 1503 4934 1599 4988; x_wconf 92' lang='lat' dir='ltr'><strong>toti</strong></span> <span class='ocrx_word' id='word_1_480' title='bbox 1631 4933 1836 4987; x_wconf 88' lang='lat' dir='ltr'><strong>videbi-</strong></span> 
     </span>
    </p>
   </div>
   <div class='ocr_carea' id='block_1_68' title="bbox 273 5026 1837 5099">
    <p class='ocr_par' dir='ltr' id='par_1_68' title="bbox 273 5026 1837 5099">
     <span class='ocr_line' id='line_1_68' title="bbox 273 5026 1837 5099; baseline -0.006 -14"><span class='ocrx_word' id='word_1_481' title='bbox 273 5046 419 5094; x_wconf 89' lang='lat' dir='ltr'><strong>mus,</strong></span> <span class='ocrx_word' id='word_1_482' title='bbox 447 5031 542 5084; x_wconf 94' lang='lat' dir='ltr'><strong>toti</strong></span> <span class='ocrx_word' id='word_1_483' title='bbox 576 5030 876 5093; x_wconf 90' lang='lat' dir='ltr'><strong>audiemus,</strong></span> <span class='ocrx_word' id='word_1_484' title='bbox 920 5030 1017 5083; x_wconf 91' lang='lat' dir='ltr'><strong>toti</strong></span> <span class='ocrx_word' id='word_1_485' title='bbox 1057 5030 1422 5099; x_wconf 81' lang='lat' dir='ltr'><strong>Operabimur,</strong></span> <span class='ocrx_word' id='word_1_486' title='bbox 1462 5028 1556 5081; x_wconf 83' lang='lat' dir='ltr'><strong>tuti</strong></span> <span class='ocrx_word' id='word_1_487' title='bbox 1590 5026 1837 5079; x_wconf 87' lang='lat' dir='ltr'><strong>ambula-</strong></span> 
     </span>
    </p>
   </div>
   <div class='ocr_carea' id='block_1_69' title="bbox 272 5115 1843 5188">
    <p class='ocr_par' dir='ltr' id='par_1_69' title="bbox 272 5115 1843 5188">
     <span class='ocr_line' id='line_1_69' title="bbox 272 5115 1843 5188; baseline -0.006 -11"><span class='ocrx_word' id='word_1_488' title='bbox 272 5120 477 5184; x_wconf 85' lang='lat' dir='ltr'><strong>himus,</strong></span> <span class='ocrx_word' id='word_1_489' title='bbox 508 5130 563 5173; x_wconf 87' lang='lat' dir='ltr'><strong>et</strong></span> <span class='ocrx_word' id='word_1_490' title='bbox 599 5120 993 5188; x_wconf 82' lang='lat' dir='ltr'><strong>transﬁgurabit</strong></span> <span class='ocrx_word' id='word_1_491' title='bbox 1019 5118 1272 5171; x_wconf 81' lang='lat' dir='ltr'><strong>Dominus</strong></span> <span class='ocrx_word' id='word_1_492' title='bbox 1308 5134 1493 5183; x_wconf 82' lang='lat' dir='ltr'><strong>corpus</strong></span> <span class='ocrx_word' id='word_1_493' title='bbox 1531 5115 1843 5170; x_wconf 80' lang='lat' dir='ltr'><strong>humilitatis</strong></span> 
     </span>
    </p>
   </div>
   <div class='ocr_carea' id='block_1_70' title="bbox 275 5206 1841 5277">
    <p class='ocr_par' dir='ltr' id='par_1_70' title="bbox 275 5206 1841 5277">
     <span class='ocr_line' id='line_1_70' title="bbox 275 5206 1841 5277; baseline -0.004 -12"><span class='ocrx_word' id='word_1_494' title='bbox 275 5221 471 5265; x_wconf 63' lang='lat' dir='ltr'><strong>nostra</strong></span> <span class='ocrx_word' id='word_1_495' title='bbox 510 5211 776 5274; x_wconf 72' lang='lat' dir='ltr'><strong>conformo</strong></span> <span class='ocrx_word' id='word_1_496' title='bbox 820 5210 1029 5277; x_wconf 78' lang='lat' dir='ltr'><strong>corpori</strong></span> <span class='ocrx_word' id='word_1_497' title='bbox 1082 5210 1338 5262; x_wconf 77' lang='lat' dir='ltr'><strong>claritatis</strong></span> <span class='ocrx_word' id='word_1_498' title='bbox 1383 5225 1494 5262; x_wconf 70' lang='lat' dir='ltr'><strong>sua:</strong></span> <span class='ocrx_word' id='word_1_499' title='bbox 1543 5206 1726 5277; x_wconf 74' lang='lat' dir='ltr'><strong>gloria:</strong></span> <span class='ocrx_word' id='word_1_500' title='bbox 1777 5207 1841 5259; x_wconf 85' lang='grc'><strong>¹⁹.</strong></span> 
     </span>
    </p>
   </div>
   <div class='ocr_carea' id='block_1_71' title="bbox 274 5298 1844 5369">
    <p class='ocr_par' dir='ltr' id='par_1_71' title="bbox 274 5298 1844 5369">
     <span class='ocr_line' id='line_1_71' title="bbox 274 5298 1844 5369; baseline 0.003 -21"><span class='ocrx_word' id='word_1_501' title='bbox 274 5300 506 5365; x_wconf 85' lang='lat' dir='ltr'><strong>Quando</strong></span> <span class='ocrx_word' id='word_1_502' title='bbox 579 5299 758 5363; x_wconf 84' lang='lat' dir='ltr'><strong>dixit,</strong></span> <span class='ocrx_word' id='word_1_503' title='bbox 803 5299 1230 5369; x_wconf 86' lang='lat' dir='ltr'><strong>transfigurabit,</strong></span> <span class='ocrx_word' id='word_1_504' title='bbox 1278 5298 1329 5352; x_wconf 89' lang='lat' dir='ltr'><strong>id</strong></span> <span class='ocrx_word' id='word_1_505' title='bbox 1371 5309 1455 5351; x_wconf 84' lang='lat' dir='ltr'><strong>est</strong></span> <span class='ocrx_word' id='word_1_506' title='bbox 1492 5312 1844 5367; x_wconf 78' lang='grc' dir='ltr'><strong>μετασχημα-</strong></span> 
     </span>
    </p>
   </div>
   <div class='ocr_carea' id='block_1_72' title="bbox 272 5388 1844 5459">
    <p class='ocr_par' dir='ltr' id='par_1_72' title="bbox 272 5388 1844 5459">
     <span class='ocr_line' id='line_1_72' title="bbox 272 5388 1844 5459; baseline -0.002 -16"><span class='ocrx_word' id='word_1_507' title='bbox 272 5391 437 5455; x_wconf 81' lang='grc' dir='ltr'><strong>τίσει,</strong></span> <span class='ocrx_word' id='word_1_508' title='bbox 471 5394 834 5444; x_wconf 90' lang='lat' dir='ltr'><strong>membrorum</strong></span> <span class='ocrx_word' id='word_1_509' title='bbox 877 5392 1073 5459; x_wconf 89' lang='lat' dir='ltr'><strong>quibus</strong></span> <span class='ocrx_word' id='word_1_510' title='bbox 1120 5404 1262 5442; x_wconf 91' lang='lat' dir='ltr'><strong>nunc</strong></span> <span class='ocrx_word' id='word_1_511' title='bbox 1293 5389 1516 5451; x_wconf 88' lang='lat' dir='ltr'><strong>utinmr,</strong></span> <span class='ocrx_word' id='word_1_512' title='bbox 1560 5388 1844 5441; x_wconf 87' lang='lat' dir='ltr'><strong>diversitas</strong></span> 
     </span>
    </p>
   </div>
   <div class='ocr_carea' id='block_1_73' title="bbox 274 5476 1845 5551">
    <p class='ocr_par' dir='ltr' id='par_1_73' title="bbox 274 5476 1845 5551">
     <span class='ocr_line' id='line_1_73' title="bbox 274 5476 1845 5551; baseline -0.004 -16"><span class='ocrx_word' id='word_1_513' title='bbox 274 5482 597 5551; x_wconf 84' lang='lat' dir='ltr'><strong>denegatur.</strong></span> <span class='ocrx_word' id='word_1_514' title='bbox 638 5480 797 5533; x_wconf 88' lang='lat' dir='ltr'><strong>Aliud</strong></span> <span class='ocrx_word' id='word_1_515' title='bbox 833 5481 987 5533; x_wconf 88' lang='lat' dir='ltr'><strong>nobis</strong></span> <span class='ocrx_word' id='word_1_516' title='bbox 1018 5478 1261 5547; x_wconf 88' lang='lat' dir='ltr'><strong>spiritale</strong></span> <span class='ocrx_word' id='word_1_517' title='bbox 1298 5486 1352 5530; x_wconf 90' lang='lat' dir='ltr'><strong>et</strong></span> <span class='ocrx_word' id='word_1_518' title='bbox 1386 5476 1676 5530; x_wconf 65' lang='lat' dir='ltr'><strong>atthereum</strong></span> <span class='ocrx_word' id='word_1_519' title='bbox 1718 5491 1845 5544; x_wconf 85' lang='lat' dir='ltr'><strong>pro-</strong></span> 
     </span>
    </p>
   </div>
   <div class='ocr_carea' id='block_1_74' title="bbox 277 5567 1841 5639">
    <p class='ocr_par' dir='ltr' id='par_1_74' title="bbox 277 5567 1841 5639">
     <span class='ocr_line' id='line_1_74' title="bbox 277 5567 1841 5639; baseline -0.004 -12"><span class='ocrx_word' id='word_1_520' title='bbox 277 5572 535 5637; x_wconf 86' lang='lat' dir='ltr'><strong>mittitur,</strong></span> <span class='ocrx_word' id='word_1_521' title='bbox 565 5574 706 5639; x_wconf 89' lang='lat' dir='ltr'><strong>quod</strong></span> <span class='ocrx_word' id='word_1_522' title='bbox 736 5586 836 5625; x_wconf 84' lang='lat' dir='ltr'><strong>nec</strong></span> <span class='ocrx_word' id='word_1_523' title='bbox 868 5571 1033 5625; x_wconf 91' lang='lat' dir='ltr'><strong>tactni</strong></span> <span class='ocrx_word' id='word_1_524' title='bbox 1068 5570 1312 5637; x_wconf 90' lang='lat' dir='ltr'><strong>subjacet</strong></span> <span class='ocrx_word' id='word_1_525' title='bbox 1333 5608 1349 5633; x_wconf 92' lang='lat'><strong>,</strong></span> <span class='ocrx_word' id='word_1_526' title='bbox 1394 5582 1490 5622; x_wconf 90' lang='lat' dir='ltr'><strong>nec</strong></span> <span class='ocrx_word' id='word_1_527' title='bbox 1520 5567 1693 5621; x_wconf 84' lang='lat' dir='ltr'><strong>oculis</strong></span> <span class='ocrx_word' id='word_1_528' title='bbox 1718 5583 1841 5621; x_wconf 90' lang='lat' dir='ltr'><strong>cer-</strong></span> 
     </span>
    </p>
   </div>
   <div class='ocr_carea' id='block_1_75' title="bbox 340 5740 1390 5808">
    <p class='ocr_par' dir='ltr' id='par_1_75' title="bbox 340 5740 1390 5808">
     <span class='ocr_line' id='line_1_75' title="bbox 340 5740 1390 5808; baseline -0.004 -10"><span class='ocrx_word' id='word_1_529' title='bbox 340 5744 381 5775; x_wconf 84' lang='lat'><strong>&quot;</strong></span> <span class='ocrx_word' id='word_1_530' title='bbox 413 5743 579 5799; x_wconf 88' lang='lat' dir='ltr'><strong>ICor.</strong></span> <span class='ocrx_word' id='word_1_531' title='bbox 607 5757 694 5808; x_wconf 80' lang='lat' dir='ltr'><strong>xv,</strong></span> <span class='ocrx_word' id='word_1_532' title='bbox 725 5742 813 5797; x_wconf 70' lang='grc'><strong>44.</strong></span> <span class='ocrx_word' id='word_1_533' title='bbox 893 5743 933 5775; x_wconf 77' lang='grc'><strong>⁸⁸</strong></span> <span class='ocrx_word' id='word_1_534' title='bbox 962 5742 1189 5797; x_wconf 89' lang='lat' dir='ltr'><strong>lThess.</strong></span> <span class='ocrx_word' id='word_1_535' title='bbox 1211 5757 1282 5806; x_wconf 85' lang='lat' dir='ltr'><strong>tv,</strong></span> <span class='ocrx_word' id='word_1_536' title='bbox 1306 5740 1390 5796; x_wconf 80' lang='lat' dir='ltr'><strong>l5.</strong></span> 
     </span>
    </p>
   </div>
   <div class='ocr_carea' id='block_1_76' title="bbox 1983 1907 3478 1979">
    <p class='ocr_par' dir='ltr' id='par_1_76' title="bbox 1983 1907 3478 1979">
     <span class='ocr_line' id='line_1_76' title="bbox 1983 1907 3478 1979; baseline -0.01 -5"><span class='ocrx_word' id='word_1_537' title='bbox 1983 1918 2197 1974; x_wconf 79' lang='lat' dir='ltr'><strong>Erroris</strong></span> <span class='ocrx_word' id='word_1_538' title='bbox 2223 1925 2370 1972; x_wconf 89' lang='lat' dir='ltr'><strong>certe</strong></span> <span class='ocrx_word' id='word_1_539' title='bbox 2414 1913 2557 1968; x_wconf 89' lang='lat' dir='ltr'><strong>illius</strong></span> <span class='ocrx_word' id='word_1_540' title='bbox 2591 1922 2747 1968; x_wconf 86' lang='lat' dir='ltr'><strong>notas</strong></span> <span class='ocrx_word' id='word_1_541' title='bbox 2785 1912 3022 1979; x_wconf 88' lang='lat' dir='ltr'><strong>reperire</strong></span> <span class='ocrx_word' id='word_1_542' title='bbox 3056 1909 3182 1964; x_wconf 88' lang='lat' dir='ltr'><strong>licet</strong></span> <span class='ocrx_word' id='word_1_543' title='bbox 3222 1909 3274 1964; x_wconf 92' lang='lat' dir='ltr'><strong>in</strong></span> <span class='ocrx_word' id='word_1_544' title='bbox 3321 1907 3478 1962; x_wconf 78' lang='lat' dir='ltr'><strong>Cort-</strong></span> 
     </span>
    </p>
   </div>
   <div class='ocr_carea' id='block_1_77' title="bbox 1913 2001 3477 2077">
    <p class='ocr_par' dir='ltr' id='par_1_77' title="bbox 1913 2001 3477 2077">
     <span class='ocr_line' id='line_1_77' title="bbox 1913 2001 3477 2077; baseline -0.008 -12"><span class='ocrx_word' id='word_1_545' title='bbox 1913 2010 2172 2066; x_wconf 79' lang='lat' dir='ltr'><strong>mentario</strong></span> <span class='ocrx_word' id='word_1_546' title='bbox 2199 2007 2448 2077; x_wconf 88' lang='lat' dir='ltr'><strong>Origenis</strong></span> <span class='ocrx_word' id='word_1_547' title='bbox 2477 2006 2545 2059; x_wconf 85' lang='lat' dir='ltr'><strong>ad</strong></span> <span class='ocrx_word' id='word_1_548' title='bbox 2570 2009 2758 2073; x_wconf 79' lang='lat' dir='ltr'><strong>psalm.</strong></span> <span class='ocrx_word' id='word_1_549' title='bbox 2786 2020 2824 2066; x_wconf 85' lang='grc' dir='ltr'><strong>ι,</strong></span> <span class='ocrx_word' id='word_1_550' title='bbox 2860 2018 2979 2073; x_wconf 88' lang='lat' dir='ltr'><strong>pag.</strong></span> <span class='ocrx_word' id='word_1_551' title='bbox 3007 2002 3132 2068; x_wconf 78' lang='lat'><strong>555,</strong></span> <span class='ocrx_word' id='word_1_552' title='bbox 3163 2001 3287 2061; x_wconf 80' lang='grc'><strong>556,</strong></span> <span class='ocrx_word' id='word_1_553' title='bbox 3318 2014 3477 2068; x_wconf 87' lang='lat' dir='ltr'><strong>quem</strong></span> 
     </span>
    </p>
   </div>
   <div class='ocr_carea' id='block_1_78' title="bbox 1914 2091 3479 2172">
    <p class='ocr_par' dir='ltr' id='par_1_78' title="bbox 1914 2091 3479 2172">
     <span class='ocr_line' id='line_1_78' title="bbox 1914 2091 3479 2172; baseline -0.01 -16"><span class='ocrx_word' id='word_1_554' title='bbox 1914 2102 1969 2156; x_wconf 93' lang='lat' dir='ltr'><strong>in</strong></span> <span class='ocrx_word' id='word_1_555' title='bbox 2000 2102 2272 2172; x_wconf 86' lang='lat' dir='ltr'><strong>epitomen</strong></span> <span class='ocrx_word' id='word_1_556' title='bbox 2303 2097 2582 2154; x_wconf 80' lang='lat' dir='ltr'><strong>contraxit</strong></span> <span class='ocrx_word' id='word_1_557' title='bbox 2612 2094 2932 2149; x_wconf 82' lang='lat' dir='ltr'><strong>Methodius.</strong></span> <span class='ocrx_word' id='word_1_558' title='bbox 2971 2092 3042 2146; x_wconf 92' lang='lat' dir='ltr'><strong>lbi</strong></span> <span class='ocrx_word' id='word_1_559' title='bbox 3076 2091 3273 2161; x_wconf 89' lang='lat' dir='ltr'><strong>quippe</strong></span> <span class='ocrx_word' id='word_1_560' title='bbox 3303 2091 3479 2144; x_wconf 86' lang='lat' dir='ltr'><strong>locum</strong></span> 
     </span>
    </p>
   </div>
   <div class='ocr_carea' id='block_1_79' title="bbox 1917 2182 3481 2260">
    <p class='ocr_par' dir='ltr' id='par_1_79' title="bbox 1917 2182 3481 2260">
     <span class='ocr_line' id='line_1_79' title="bbox 1917 2182 3481 2260; baseline -0.009 -12"><span class='ocrx_word' id='word_1_561' title='bbox 1917 2193 2118 2248; x_wconf 79' lang='lat' dir='ltr'><strong>Ezech.</strong></span> <span class='ocrx_word' id='word_1_562' title='bbox 2173 2207 2297 2260; x_wconf 91' lang='lat' dir='ltr'><strong>cap.</strong></span> <span class='ocrx_word' id='word_1_563' title='bbox 2353 2201 2576 2247; x_wconf 76' lang='lat' dir='ltr'><strong>xxxvii.</strong></span> <span class='ocrx_word' id='word_1_564' title='bbox 2638 2201 2747 2259; x_wconf 89' lang='lat' dir='ltr'><strong>quo</strong></span> <span class='ocrx_word' id='word_1_565' title='bbox 2811 2185 3005 2239; x_wconf 72' lang='lat' dir='ltr'><strong>futura:</strong></span> <span class='ocrx_word' id='word_1_566' title='bbox 3070 2182 3481 2236; x_wconf 85' lang='lat' dir='ltr'><strong>resurrectionis</strong></span> 
     </span>
    </p>
   </div>
   <div class='ocr_carea' id='block_1_80' title="bbox 1916 2275 3478 2355">
    <p class='ocr_par' dir='ltr' id='par_1_80' title="bbox 1916 2275 3478 2355">
     <span class='ocr_line' id='line_1_80' title="bbox 1916 2275 3478 2355; baseline -0.01 -15"><span class='ocrx_word' id='word_1_567' title='bbox 1916 2284 2228 2355; x_wconf 85' lang='lat' dir='ltr'><strong>mysterium</strong></span> <span class='ocrx_word' id='word_1_568' title='bbox 2282 2280 2591 2351; x_wconf 87' lang='lat' dir='ltr'><strong>planissime</strong></span> <span class='ocrx_word' id='word_1_569' title='bbox 2631 2278 2897 2346; x_wconf 84' lang='lat' dir='ltr'><strong>aperitur,</strong></span> <span class='ocrx_word' id='word_1_570' title='bbox 2953 2277 3004 2329; x_wconf 91' lang='lat' dir='ltr'><strong>in</strong></span> <span class='ocrx_word' id='word_1_571' title='bbox 3044 2275 3209 2329; x_wconf 90' lang='lat' dir='ltr'><strong>alium</strong></span> <span class='ocrx_word' id='word_1_572' title='bbox 3261 2287 3478 2329; x_wconf 81' lang='lat' dir='ltr'><strong>senSmu</strong></span> 
     </span>
    </p>
   </div>
   <div class='ocr_carea' id='block_1_81' title="bbox 1916 2361 3480 2443">
    <p class='ocr_par' dir='ltr' id='par_1_81' title="bbox 1916 2361 3480 2443">
     <span class='ocr_line' id='line_1_81' title="bbox 1916 2361 3480 2443; baseline -0.011 -14"><span class='ocrx_word' id='word_1_573' title='bbox 1916 2376 2229 2443; x_wconf 87' lang='lat' dir='ltr'><strong>detorquet;</strong></span> <span class='ocrx_word' id='word_1_574' title='bbox 2277 2386 2400 2426; x_wconf 91' lang='lat' dir='ltr'><strong>nam</strong></span> <span class='ocrx_word' id='word_1_575' title='bbox 2449 2368 2618 2423; x_wconf 89' lang='lat' dir='ltr'><strong>aridis</strong></span> <span class='ocrx_word' id='word_1_576' title='bbox 2653 2366 2762 2421; x_wconf 86' lang='lat' dir='ltr'><strong>illis</strong></span> <span class='ocrx_word' id='word_1_577' title='bbox 2807 2366 3043 2429; x_wconf 89' lang='lat' dir='ltr'><strong>ossibus,</strong></span> <span class='ocrx_word' id='word_1_578' title='bbox 3093 2364 3342 2419; x_wconf 81' lang='lat' dir='ltr'><strong>acerbam</strong></span> <span class='ocrx_word' id='word_1_579' title='bbox 3385 2361 3480 2414; x_wconf 84' lang='lat' dir='ltr'><strong>Ju-</strong></span> 
     </span>
    </p>
   </div>
   <div class='ocr_carea' id='block_1_82' title="bbox 1916 2461 3480 2535">
    <p class='ocr_par' dir='ltr' id='par_1_82' title="bbox 1916 2461 3480 2535">
     <span class='ocr_line' id='line_1_82' title="bbox 1916 2461 3480 2535; baseline -0.012 -11"><span class='ocrx_word' id='word_1_580' title='bbox 1916 2470 2154 2524; x_wconf 74' lang='lat' dir='ltr'><strong>dteorum</strong></span> <span class='ocrx_word' id='word_1_581' title='bbox 2188 2465 2557 2535; x_wconf 88' lang='lat' dir='ltr'><strong>captivitatem</strong></span> <span class='ocrx_word' id='word_1_582' title='bbox 2612 2461 2788 2515; x_wconf 88' lang='lat' dir='ltr'><strong>notari</strong></span> <span class='ocrx_word' id='word_1_583' title='bbox 2837 2462 3029 2529; x_wconf 76' lang='lat' dir='ltr'><strong>putat,</strong></span> <span class='ocrx_word' id='word_1_584' title='bbox 3086 2472 3205 2526; x_wconf 72' lang='lat' dir='ltr'><strong>qua:</strong></span> <span class='ocrx_word' id='word_1_585' title='bbox 3254 2469 3480 2523; x_wconf 75' lang='lat' dir='ltr'><strong>corpora</strong></span> 
     </span>
    </p>
   </div>
   <div class='ocr_carea' id='block_1_83' title="bbox 1916 2549 3481 2616">
    <p class='ocr_par' dir='ltr' id='par_1_83' title="bbox 1916 2549 3481 2616">
     <span class='ocr_line' id='line_1_83' title="bbox 1916 2549 3481 2616; baseline -0.01 -1"><span class='ocrx_word' id='word_1_586' title='bbox 1916 2575 2079 2615; x_wconf 90' lang='lat' dir='ltr'><strong>succo</strong></span> <span class='ocrx_word' id='word_1_587' title='bbox 2103 2559 2362 2613; x_wconf 77' lang='lat' dir='ltr'><strong>exhausta</strong></span> <span class='ocrx_word' id='word_1_588' title='bbox 2397 2554 2567 2609; x_wconf 90' lang='lat' dir='ltr'><strong>macie</strong></span> <span class='ocrx_word' id='word_1_589' title='bbox 2607 2553 3043 2616; x_wconf 85' lang='lat' dir='ltr'><strong>deformaverat;</strong></span> <span class='ocrx_word' id='word_1_590' title='bbox 3085 2549 3481 2604; x_wconf 81' lang='lat' dir='ltr'><strong>resurreCtinne</strong></span> 
     </span>
    </p>
   </div>
   <div class='ocr_carea' id='block_1_84' title="bbox 1917 2641 3482 2717">
    <p class='ocr_par' dir='ltr' id='par_1_84' title="bbox 1917 2641 3482 2717">
     <span class='ocr_line' id='line_1_84' title="bbox 1917 2641 3482 2717; baseline -0.01 -10"><span class='ocrx_word' id='word_1_591' title='bbox 1917 2663 2121 2717; x_wconf 83' lang='lat' dir='ltr'><strong>autem,</strong></span> <span class='ocrx_word' id='word_1_592' title='bbox 2153 2651 2454 2706; x_wconf 85' lang='lat' dir='ltr'><strong>libertatem</strong></span> <span class='ocrx_word' id='word_1_593' title='bbox 2477 2646 2810 2711; x_wconf 65' lang='lat' dir='ltr'><strong>Judaaorum,</strong></span> <span class='ocrx_word' id='word_1_594' title='bbox 2838 2662 2957 2712; x_wconf 80' lang='lat' dir='ltr'><strong>qua:</strong></span> <span class='ocrx_word' id='word_1_595' title='bbox 2986 2645 3037 2698; x_wconf 88' lang='lat' dir='ltr'><strong>itt</strong></span> <span class='ocrx_word' id='word_1_596' title='bbox 3073 2641 3357 2712; x_wconf 87' lang='lat' dir='ltr'><strong>pristinqu</strong></span> <span class='ocrx_word' id='word_1_597' title='bbox 3385 2652 3482 2694; x_wconf 83' lang='lat' dir='ltr'><strong>ens</strong></span> 
     </span>
    </p>
   </div>
   <div class='ocr_carea' id='block_1_85' title="bbox 1918 2730 3481 2808">
    <p class='ocr_par' dir='ltr' id='par_1_85' title="bbox 1918 2730 3481 2808">
     <span class='ocr_line' id='line_1_85' title="bbox 1918 2730 3481 2808; baseline -0.012 -9"><span class='ocrx_word' id='word_1_598' title='bbox 1918 2753 2141 2806; x_wconf 89' lang='lat' dir='ltr'><strong>statum,</strong></span> <span class='ocrx_word' id='word_1_599' title='bbox 2190 2751 2242 2797; x_wconf 93' lang='lat' dir='ltr'><strong>et</strong></span> <span class='ocrx_word' id='word_1_600' title='bbox 2284 2742 2552 2808; x_wconf 85' lang='lat' dir='ltr'><strong>integrum</strong></span> <span class='ocrx_word' id='word_1_601' title='bbox 2584 2752 2650 2792; x_wconf 91' lang='lat' dir='ltr'><strong>ac</strong></span> <span class='ocrx_word' id='word_1_602' title='bbox 2676 2737 2913 2791; x_wconf 92' lang='lat' dir='ltr'><strong>vividum</strong></span> <span class='ocrx_word' id='word_1_603' title='bbox 2957 2733 3200 2803; x_wconf 91' lang='lat' dir='ltr'><strong>corporis</strong></span> <span class='ocrx_word' id='word_1_604' title='bbox 3240 2730 3481 2785; x_wconf 87' lang='lat' dir='ltr'><strong>habitum</strong></span> 
     </span>
    </p>
   </div>
   <div class='ocr_carea' id='block_1_86' title="bbox 1917 2821 3481 2890">
    <p class='ocr_par' dir='ltr' id='par_1_86' title="bbox 1917 2821 3481 2890">
     <span class='ocr_line' id='line_1_86' title="bbox 1917 2821 3481 2890; baseline -0.013 0"><span class='ocrx_word' id='word_1_605' title='bbox 1917 2844 2034 2890; x_wconf 81' lang='lat' dir='ltr'><strong>erat</strong></span> <span class='ocrx_word' id='word_1_606' title='bbox 2083 2833 2415 2888; x_wconf 88' lang='lat' dir='ltr'><strong>restitutura.</strong></span> <span class='ocrx_word' id='word_1_607' title='bbox 2460 2828 2579 2883; x_wconf 89' lang='lat' dir='ltr'><strong>Alio</strong></span> <span class='ocrx_word' id='word_1_608' title='bbox 2614 2827 2796 2881; x_wconf 83' lang='lat' dir='ltr'><strong>itidem</strong></span> <span class='ocrx_word' id='word_1_609' title='bbox 2840 2824 3072 2883; x_wconf 83' lang='lat' dir='ltr'><strong>deﬂectit</strong></span> <span class='ocrx_word' id='word_1_610' title='bbox 3113 2823 3241 2878; x_wconf 91' lang='lat' dir='ltr'><strong>illud</strong></span> <span class='ocrx_word' id='word_1_611' title='bbox 3289 2821 3481 2875; x_wconf 85' lang='lat' dir='ltr'><strong>Matth.</strong></span> 
     </span>
    </p>
   </div>
   <div class='ocr_carea' id='block_1_87' title="bbox 1923 2912 3484 2992">
    <p class='ocr_par' dir='ltr' id='par_1_87' title="bbox 1923 2912 3484 2992">
     <span class='ocr_line' id='line_1_87' title="bbox 1923 2912 3484 2992; baseline -0.009 -15"><span class='ocrx_word' id='word_1_612' title='bbox 1923 2939 2043 2992; x_wconf 89' lang='lat' dir='ltr'><strong>vttt,</strong></span> <span class='ocrx_word' id='word_1_613' title='bbox 2077 2922 2164 2987; x_wconf 72' lang='lat' dir='ltr'><strong>l2,</strong></span> <span class='ocrx_word' id='word_1_614' title='bbox 2204 2942 2222 2974; x_wconf 78' lang='grc' dir='ltr'>ι</span> <span class='ocrx_word' id='word_1_615' title='bbox 2248 2922 2324 2976; x_wconf 92' lang='lat' dir='ltr'><strong>lbi</strong></span> <span class='ocrx_word' id='word_1_616' title='bbox 2353 2920 2457 2976; x_wconf 90' lang='lat' dir='ltr'><strong>erit</strong></span> <span class='ocrx_word' id='word_1_617' title='bbox 2485 2919 2641 2975; x_wconf 84' lang='lat' dir='ltr'><strong>lletus</strong></span> <span class='ocrx_word' id='word_1_618' title='bbox 2680 2929 2734 2974; x_wconf 88' lang='lat' dir='ltr'><strong>et</strong></span> <span class='ocrx_word' id='word_1_619' title='bbox 2777 2918 2978 2973; x_wconf 89' lang='lat' dir='ltr'><strong>stridor</strong></span> <span class='ocrx_word' id='word_1_620' title='bbox 3004 2916 3269 2979; x_wconf 91' lang='lat' dir='ltr'><strong>dentium,</strong></span> <span class='ocrx_word' id='word_1_621' title='bbox 3295 2934 3315 2965; x_wconf 75' lang='grc' dir='ltr'><em>ο</em></span> <span class='ocrx_word' id='word_1_622' title='bbox 3351 2912 3484 2969; x_wconf 86' lang='lat' dir='ltr'><strong>alia-</strong></span> 
     </span>
    </p>
   </div>
   <div class='ocr_carea' id='block_1_88' title="bbox 1922 3014 3486 3085">
    <p class='ocr_par' dir='ltr' id='par_1_88' title="bbox 1922 3014 3486 3085">
     <span class='ocr_line' id='line_1_88' title="bbox 1922 3014 3486 3085; baseline -0.008 -15"><span class='ocrx_word' id='word_1_623' title='bbox 1922 3030 2026 3083; x_wconf 89' lang='lat' dir='ltr'><strong>que</strong></span> <span class='ocrx_word' id='word_1_624' title='bbox 2076 3014 2362 3085; x_wconf 85' lang='lat' dir='ltr'><strong>ejusmodi,</strong></span> <span class='ocrx_word' id='word_1_625' title='bbox 2407 3014 2605 3082; x_wconf 84' lang='lat' dir='ltr'><strong>quibus</strong></span> <span class='ocrx_word' id='word_1_626' title='bbox 2652 3026 2877 3081; x_wconf 88' lang='lat' dir='ltr'><strong>corpora</strong></span> <span class='ocrx_word' id='word_1_627' title='bbox 2930 3015 3303 3064; x_wconf 86' lang='lat' dir='ltr'><strong>resurrectura</strong></span> <span class='ocrx_word' id='word_1_628' title='bbox 3360 3018 3486 3059; x_wconf 81' lang='lat' dir='ltr'><strong>esse</strong></span> 
     </span>
    </p>
   </div>
   <div class='ocr_carea' id='block_1_89' title="bbox 1921 3096 3483 3171">
    <p class='ocr_par' dir='ltr' id='par_1_89' title="bbox 1921 3096 3483 3171">
     <span class='ocr_line' id='line_1_89' title="bbox 1921 3096 3483 3171; baseline -0.011 -6"><span class='ocrx_word' id='word_1_629' title='bbox 1921 3107 2241 3171; x_wconf 76' lang='lat' dir='ltr'><strong>coniicitur;</strong></span> <span class='ocrx_word' id='word_1_630' title='bbox 2288 3120 2390 3160; x_wconf 91' lang='lat' dir='ltr'><strong>nec</strong></span> <span class='ocrx_word' id='word_1_631' title='bbox 2431 3106 2503 3162; x_wconf 93' lang='lat' dir='ltr'><strong>ibi</strong></span> <span class='ocrx_word' id='word_1_632' title='bbox 2559 3105 2773 3159; x_wconf 89' lang='lat' dir='ltr'><strong>futuros</strong></span> <span class='ocrx_word' id='word_1_633' title='bbox 2819 3103 3006 3157; x_wconf 90' lang='lat' dir='ltr'><strong>dentes</strong></span> <span class='ocrx_word' id='word_1_634' title='bbox 3051 3099 3360 3170; x_wconf 89' lang='lat' dir='ltr'><strong>respondet,</strong></span> <span class='ocrx_word' id='word_1_635' title='bbox 3394 3096 3483 3151; x_wconf 69' lang='lat' dir='ltr'><strong>ubi</strong></span> 
     </span>
    </p>
   </div>
   <div class='ocr_carea' id='block_1_90' title="bbox 1924 3195 3484 3258">
    <p class='ocr_par' dir='ltr' id='par_1_90' title="bbox 1924 3195 3484 3258">
     <span class='ocr_line' id='line_1_90' title="bbox 1924 3195 3484 3258; baseline -0.01 -4"><span class='ocrx_word' id='word_1_636' title='bbox 1924 3200 2103 3255; x_wconf 91' lang='lat' dir='ltr'><strong>nullus</strong></span> <span class='ocrx_word' id='word_1_637' title='bbox 2155 3198 2398 3253; x_wconf 89' lang='lat' dir='ltr'><strong>dentium</strong></span> <span class='ocrx_word' id='word_1_638' title='bbox 2446 3213 2575 3252; x_wconf 88' lang='lat' dir='ltr'><strong>usus</strong></span> <span class='ocrx_word' id='word_1_639' title='bbox 2634 3195 2852 3249; x_wconf 88' lang='lat' dir='ltr'><strong>futurus</strong></span> <span class='ocrx_word' id='word_1_640' title='bbox 2899 3201 3014 3257; x_wconf 86' lang='lat' dir='ltr'><strong>est;</strong></span> <span class='ocrx_word' id='word_1_641' title='bbox 3065 3200 3120 3245; x_wconf 91' lang='lat' dir='ltr'><strong>et</strong></span> <span class='ocrx_word' id='word_1_642' title='bbox 3172 3202 3484 3258; x_wconf 83' lang='lat' dir='ltr'><strong>corpoream</strong></span> 
     </span>
    </p>
   </div>
   <div class='ocr_carea' id='block_1_91' title="bbox 1922 3272 3485 3356">
    <p class='ocr_par' dir='ltr' id='par_1_91' title="bbox 1922 3272 3485 3356">
     <span class='ocr_line' id='line_1_91' title="bbox 1922 3272 3485 3356; baseline -0.013 -13"><span class='ocrx_word' id='word_1_643' title='bbox 1922 3289 2066 3343; x_wconf 89' lang='lat' dir='ltr'><strong>illam</strong></span> <span class='ocrx_word' id='word_1_644' title='bbox 2094 3289 2329 3356; x_wconf 88' lang='lat' dir='ltr'><strong>speciem</strong></span> <span class='ocrx_word' id='word_1_645' title='bbox 2362 3293 2630 3339; x_wconf 90' lang='lat' dir='ltr'><strong>mutatum</strong></span> <span class='ocrx_word' id='word_1_646' title='bbox 2658 3282 2726 3336; x_wconf 91' lang='lat' dir='ltr'><strong>iri</strong></span> <span class='ocrx_word' id='word_1_647' title='bbox 2749 3298 2765 3343; x_wconf 94' lang='lat'><strong>;</strong></span> <span class='ocrx_word' id='word_1_648' title='bbox 2803 3294 2902 3335; x_wconf 89' lang='lat' dir='ltr'><strong>nec</strong></span> <span class='ocrx_word' id='word_1_649' title='bbox 2926 3278 3155 3348; x_wconf 88' lang='lat' dir='ltr'><strong>primam</strong></span> <span class='ocrx_word' id='word_1_650' title='bbox 3184 3272 3485 3333; x_wconf 86' lang='lat' dir='ltr'><strong>materiam,</strong></span> 
     </span>
    </p>
   </div>
   <div class='ocr_carea' id='block_1_92' title="bbox 1922 3362 3487 3447">
    <p class='ocr_par' dir='ltr' id='par_1_92' title="bbox 1922 3362 3487 3447">
     <span class='ocr_line' id='line_1_92' title="bbox 1922 3362 3487 3447; baseline -0.013 -12"><span class='ocrx_word' id='word_1_651' title='bbox 1922 3395 2081 3447; x_wconf 89' lang='lat' dir='ltr'><strong>quam</strong></span> <span class='ocrx_word' id='word_1_652' title='bbox 2109 3377 2353 3433; x_wconf 87' lang='lat' dir='ltr'><strong>eamdem</strong></span> <span class='ocrx_word' id='word_1_653' title='bbox 2375 3390 2495 3430; x_wconf 88' lang='lat' dir='ltr'><strong>esse</strong></span> <span class='ocrx_word' id='word_1_654' title='bbox 2525 3388 2667 3443; x_wconf 68' lang='lat' dir='ltr'><strong>saepe</strong></span> <span class='ocrx_word' id='word_1_655' title='bbox 2693 3372 2825 3427; x_wconf 88' lang='lat' dir='ltr'><strong>dicit</strong></span> <span class='ocrx_word' id='word_1_656' title='bbox 2851 3386 2914 3424; x_wconf 87' lang='lat' dir='ltr'><strong>ac</strong></span> <span class='ocrx_word' id='word_1_657' title='bbox 2945 3383 3168 3437; x_wconf 90' lang='lat' dir='ltr'><strong>corpus,</strong></span> <span class='ocrx_word' id='word_1_658' title='bbox 3199 3365 3306 3418; x_wconf 92' lang='lat' dir='ltr'><strong>ullo</strong></span> <span class='ocrx_word' id='word_1_659' title='bbox 3329 3362 3487 3416; x_wconf 88' lang='lat' dir='ltr'><strong>modo</strong></span> 
     </span>
    </p>
   </div>
   <div class='ocr_carea' id='block_1_93' title="bbox 1923 3453 3484 3535">
    <p class='ocr_par' dir='ltr' id='par_1_93' title="bbox 1923 3453 3484 3535">
     <span class='ocr_line' id='line_1_93' title="bbox 1923 3453 3484 3535; baseline -0.015 -9"><span class='ocrx_word' id='word_1_660' title='bbox 1923 3479 2354 3526; x_wconf 88' lang='lat' dir='ltr'><strong>resurrecturam</strong></span> <span class='ocrx_word' id='word_1_661' title='bbox 2378 3484 2395 3531; x_wconf 85' lang='lat'><strong>;</strong></span> <span class='ocrx_word' id='word_1_662' title='bbox 2422 3468 2486 3519; x_wconf 85' lang='lat' dir='ltr'><strong>ad</strong></span> <span class='ocrx_word' id='word_1_663' title='bbox 2513 3467 2672 3535; x_wconf 88' lang='lat' dir='ltr'><strong>idque</strong></span> <span class='ocrx_word' id='word_1_664' title='bbox 2701 3462 2852 3532; x_wconf 86' lang='lat' dir='ltr'><strong>grani</strong></span> <span class='ocrx_word' id='word_1_665' title='bbox 2882 3471 2937 3515; x_wconf 90' lang='lat' dir='ltr'><strong>et</strong></span> <span class='ocrx_word' id='word_1_666' title='bbox 2965 3460 3127 3528; x_wconf 71' lang='lat' dir='ltr'><strong>spiere</strong></span> <span class='ocrx_word' id='word_1_667' title='bbox 3158 3453 3484 3525; x_wconf 78' lang='lat' dir='ltr'><strong>exemplum,</strong></span> 
     </span>
    </p>
   </div>
   <div class='ocr_carea' id='block_1_94' title="bbox 1922 3549 3489 3631">
    <p class='ocr_par' dir='ltr' id='par_1_94' title="bbox 1922 3549 3489 3631">
     <span class='ocr_line' id='line_1_94' title="bbox 1922 3549 3489 3631; baseline -0.011 -16"><span class='ocrx_word' id='word_1_668' title='bbox 1922 3576 2032 3631; x_wconf 93' lang='lat' dir='ltr'><strong>quo</strong></span> <span class='ocrx_word' id='word_1_669' title='bbox 2066 3576 2194 3616; x_wconf 88' lang='lat' dir='ltr'><strong>usus</strong></span> <span class='ocrx_word' id='word_1_670' title='bbox 2226 3557 2638 3628; x_wconf 87' lang='lat' dir='ltr'><strong>estApostolus,</strong></span> <span class='ocrx_word' id='word_1_671' title='bbox 2666 3551 3061 3607; x_wconf 88' lang='lat' dir='ltr'><strong>accommodat.</strong></span> <span class='ocrx_word' id='word_1_672' title='bbox 3085 3549 3254 3603; x_wconf 84' lang='lat' dir='ltr'><strong>Totuo</strong></span> <span class='ocrx_word' id='word_1_673' title='bbox 3276 3558 3489 3615; x_wconf 88' lang='lat' dir='ltr'><strong>quoque</strong></span> 
     </span>
    </p>
   </div>
   <div class='ocr_carea' id='block_1_95' title="bbox 1926 3638 3486 3712">
    <p class='ocr_par' dir='ltr' id='par_1_95' title="bbox 1926 3638 3486 3712">
     <span class='ocr_line' id='line_1_95' title="bbox 1926 3638 3486 3712; baseline -0.013 -5"><span class='ocrx_word' id='word_1_674' title='bbox 1926 3667 2037 3707; x_wconf 85' lang='lat' dir='ltr'><strong>xvtt</strong></span> <span class='ocrx_word' id='word_1_675' title='bbox 2079 3651 2135 3704; x_wconf 87' lang='lat' dir='ltr'><strong>in</strong></span> <span class='ocrx_word' id='word_1_676' title='bbox 2184 3648 2405 3712; x_wconf 46' lang='lat' dir='ltr'><strong>Matth&quot;</strong></span> <span class='ocrx_word' id='word_1_677' title='bbox 2457 3661 2606 3701; x_wconf 92' lang='lat' dir='ltr'><strong>num.</strong></span> <span class='ocrx_word' id='word_1_678' title='bbox 2648 3644 2716 3698; x_wconf 82' lang='grc'><strong>’50</strong></span> <span class='ocrx_word' id='word_1_679' title='bbox 2752 3652 2807 3697; x_wconf 94' lang='lat' dir='ltr'><strong>et</strong></span> <span class='ocrx_word' id='word_1_680' title='bbox 2854 3642 2944 3705; x_wconf 73' lang='grc'>55,</span> <span class='ocrx_word' id='word_1_681' title='bbox 2999 3643 3064 3694; x_wconf 91' lang='lat' dir='ltr'><strong>de</strong></span> <span class='ocrx_word' id='word_1_682' title='bbox 3118 3638 3413 3708; x_wconf 83' lang='lat' dir='ltr'><strong>quaestione</strong></span> <span class='ocrx_word' id='word_1_683' title='bbox 3456 3650 3486 3687; x_wconf 90' lang='lat' dir='ltr'><strong>a</strong></span> 
     </span>
    </p>
   </div>
   <div class='ocr_carea' id='block_1_96' title="bbox 1930 3727 3490 3808">
    <p class='ocr_par' dir='ltr' id='par_1_96' title="bbox 1930 3727 3490 3808">
     <span class='ocr_line' id='line_1_96' title="bbox 1930 3727 3490 3808; baseline -0.013 -9"><span class='ocrx_word' id='word_1_684' title='bbox 1930 3742 2239 3799; x_wconf 71' lang='lat' dir='ltr'><strong>Sadducmis</strong></span> <span class='ocrx_word' id='word_1_685' title='bbox 2282 3738 2601 3808; x_wconf 84' lang='lat' dir='ltr'><strong>Sospitatori</strong></span> <span class='ocrx_word' id='word_1_686' title='bbox 2634 3736 2908 3806; x_wconf 89' lang='lat' dir='ltr'><strong>proposita</strong></span> <span class='ocrx_word' id='word_1_687' title='bbox 2961 3746 3125 3800; x_wconf 85' lang='lat' dir='ltr'><strong>agens</strong></span> <span class='ocrx_word' id='word_1_688' title='bbox 3161 3727 3490 3796; x_wconf 74' lang='lat' dir='ltr'><strong>genitalibus</strong></span> 
     </span>
    </p>
   </div>
   <div class='ocr_carea' id='block_1_97' title="bbox 1927 3818 3491 3897">
    <p class='ocr_par' dir='ltr' id='par_1_97' title="bbox 1927 3818 3491 3897">
     <span class='ocr_line' id='line_1_97' title="bbox 1927 3818 3491 3897; baseline -0.014 -7"><span class='ocrx_word' id='word_1_689' title='bbox 1927 3836 2163 3890; x_wconf 88' lang='lat' dir='ltr'><strong>caritura</strong></span> <span class='ocrx_word' id='word_1_690' title='bbox 2188 3831 2428 3886; x_wconf 88' lang='lat' dir='ltr'><strong>decrevit</strong></span> <span class='ocrx_word' id='word_1_691' title='bbox 2455 3843 2681 3897; x_wconf 91' lang='lat' dir='ltr'><strong>corpora</strong></span> <span class='ocrx_word' id='word_1_692' title='bbox 2716 3828 2767 3879; x_wconf 93' lang='lat' dir='ltr'><strong>in</strong></span> <span class='ocrx_word' id='word_1_693' title='bbox 2801 3824 2962 3886; x_wconf 67' lang='lat' dir='ltr'><strong>cado,</strong></span> <span class='ocrx_word' id='word_1_694' title='bbox 2997 3821 3141 3891; x_wconf 89' lang='lat' dir='ltr'><strong>quod</strong></span> <span class='ocrx_word' id='word_1_695' title='bbox 3173 3820 3240 3873; x_wconf 84' lang='lat' dir='ltr'><strong>ibi</strong></span> <span class='ocrx_word' id='word_1_696' title='bbox 3278 3818 3491 3889; x_wconf 87' lang='lat' dir='ltr'><strong>genita-</strong></span> 
     </span>
    </p>
   </div>
   <div class='ocr_carea' id='block_1_98' title="bbox 1928 3906 3492 3981">
    <p class='ocr_par' dir='ltr' id='par_1_98' title="bbox 1928 3906 3492 3981">
     <span class='ocr_line' id='line_1_98' title="bbox 1928 3906 3492 3981; baseline -0.013 -1"><span class='ocrx_word' id='word_1_697' title='bbox 1928 3926 2059 3981; x_wconf 90' lang='lat' dir='ltr'><strong>lium</strong></span> <span class='ocrx_word' id='word_1_698' title='bbox 2096 3938 2225 3978; x_wconf 89' lang='lat' dir='ltr'><strong>usus</strong></span> <span class='ocrx_word' id='word_1_699' title='bbox 2250 3921 2547 3976; x_wconf 89' lang='lat' dir='ltr'><strong>abolendus</strong></span> <span class='ocrx_word' id='word_1_700' title='bbox 2594 3918 2687 3973; x_wconf 86' lang='lat' dir='ltr'><strong>sit.</strong></span> <span class='ocrx_word' id='word_1_701' title='bbox 2729 3915 2835 3970; x_wconf 87' lang='lat' dir='ltr'><strong>Sed</strong></span> <span class='ocrx_word' id='word_1_702' title='bbox 2867 3922 2922 3967; x_wconf 87' lang='lat' dir='ltr'><strong>et</strong></span> <span class='ocrx_word' id='word_1_703' title='bbox 2951 3928 3017 3965; x_wconf 85' lang='lat' dir='ltr'><strong>ex</strong></span> <span class='ocrx_word' id='word_1_704' title='bbox 3061 3912 3167 3965; x_wconf 83' lang='lat' dir='ltr'><strong>line</strong></span> <span class='ocrx_word' id='word_1_705' title='bbox 3202 3909 3320 3961; x_wconf 90' lang='lat' dir='ltr'><strong>libri</strong></span> <span class='ocrx_word' id='word_1_706' title='bbox 3350 3924 3385 3961; x_wconf 92' lang='lat' dir='ltr'><strong>ll</strong></span> <span class='ocrx_word' id='word_1_707' title='bbox 3417 3906 3492 3959; x_wconf 83' lang='lat' dir='ltr'><strong>De</strong></span> 
     </span>
    </p>
   </div>
   <div class='ocr_carea' id='block_1_99' title="bbox 1925 3997 3492 4086">
    <p class='ocr_par' dir='ltr' id='par_1_99' title="bbox 1925 3997 3492 4086">
     <span class='ocr_line' id='line_1_99' title="bbox 1925 3997 3492 4086; baseline -0.013 -18"><span class='ocrx_word' id='word_1_708' title='bbox 1925 4014 2148 4086; x_wconf 78' lang='lat' dir='ltr'><strong>princip.</strong></span> <span class='ocrx_word' id='word_1_709' title='bbox 2199 4009 2356 4065; x_wconf 79' lang='lat' dir='ltr'><strong>allert</strong></span> <span class='ocrx_word' id='word_1_710' title='bbox 2388 4010 2529 4063; x_wconf 88' lang='lat' dir='ltr'><strong>hunc</strong></span> <span class='ocrx_word' id='word_1_711' title='bbox 2579 4006 2755 4061; x_wconf 89' lang='lat' dir='ltr'><strong>locum</strong></span> <span class='ocrx_word' id='word_1_712' title='bbox 2802 4002 3159 4071; x_wconf 87' lang='lat' dir='ltr'><strong>Hieronymus</strong></span> <span class='ocrx_word' id='word_1_713' title='bbox 3204 3997 3362 4064; x_wconf 89' lang='lat' dir='ltr'><strong>epist.</strong></span> <span class='ocrx_word' id='word_1_714' title='bbox 3399 3998 3492 4059; x_wconf 81' lang='lat'><strong>59,</strong></span> 
     </span>
    </p>
   </div>
   <div class='ocr_carea' id='block_1_100' title="bbox 1930 4086 3495 4166">
    <p class='ocr_par' dir='ltr' id='par_1_100' title="bbox 1930 4086 3495 4166">
     <span class='ocr_line' id='line_1_100' title="bbox 1930 4086 3495 4166; baseline -0.014 -7"><span class='ocrx_word' id='word_1_715' title='bbox 1930 4104 1998 4158; x_wconf 89' lang='lat' dir='ltr'><strong>ad</strong></span> <span class='ocrx_word' id='word_1_716' title='bbox 2034 4101 2179 4157; x_wconf 82' lang='lat' dir='ltr'><strong>Avit.</strong></span> <span class='ocrx_word' id='word_1_717' title='bbox 2206 4139 2222 4165; x_wconf 94' lang='lat'><strong>,</strong></span> <span class='ocrx_word' id='word_1_718' title='bbox 2260 4113 2383 4166; x_wconf 92' lang='lat' dir='ltr'><strong>cap.</strong></span> <span class='ocrx_word' id='word_1_719' title='bbox 2432 4097 2508 4151; x_wconf 61' lang='grc' dir='ltr'><strong>ες</strong></span> <span class='ocrx_word' id='word_1_720' title='bbox 2543 4095 2825 4161; x_wconf 71' lang='lat' dir='ltr'><strong>«Cumque</strong></span> <span class='ocrx_word' id='word_1_721' title='bbox 2870 4092 2924 4145; x_wconf 93' lang='lat' dir='ltr'><strong>in</strong></span> <span class='ocrx_word' id='word_1_722' title='bbox 2964 4098 3170 4143; x_wconf 77' lang='lat' dir='ltr'><strong>tanturn</strong></span> <span class='ocrx_word' id='word_1_723' title='bbox 3205 4086 3495 4155; x_wconf 78' lang='lat' dir='ltr'><strong>profeceri-</strong></span> 
     </span>
    </p>
   </div>
   <div class='ocr_carea' id='block_1_101' title="bbox 1931 4178 3497 4263">
    <p class='ocr_par' dir='ltr' id='par_1_101' title="bbox 1931 4178 3497 4263">
     <span class='ocr_line' id='line_1_101' title="bbox 1931 4178 3497 4263; baseline -0.013 -14"><span class='ocrx_word' id='word_1_724' title='bbox 1931 4209 2079 4259; x_wconf 90' lang='lat' dir='ltr'><strong>mus,</strong></span> <span class='ocrx_word' id='word_1_725' title='bbox 2108 4203 2165 4246; x_wconf 93' lang='lat' dir='ltr'><strong>ut</strong></span> <span class='ocrx_word' id='word_1_726' title='bbox 2199 4202 2536 4259; x_wconf 90' lang='lat' dir='ltr'><strong>nequaquam</strong></span> <span class='ocrx_word' id='word_1_727' title='bbox 2567 4199 2759 4239; x_wconf 91' lang='lat' dir='ltr'><strong>carnes</strong></span> <span class='ocrx_word' id='word_1_728' title='bbox 2782 4194 2835 4237; x_wconf 89' lang='lat' dir='ltr'><strong>et</strong></span> <span class='ocrx_word' id='word_1_729' title='bbox 2863 4196 3093 4263; x_wconf 81' lang='lat' dir='ltr'><strong>corpora</strong></span> <span class='ocrx_word' id='word_1_730' title='bbox 3112 4223 3125 4246; x_wconf 92' lang='lat'><strong>,</strong></span> <span class='ocrx_word' id='word_1_731' title='bbox 3178 4178 3401 4231; x_wconf 78' lang='lat' dir='ltr'><strong>forsitan</strong></span> <span class='ocrx_word' id='word_1_732' title='bbox 3428 4189 3497 4229; x_wconf 91' lang='lat' dir='ltr'><strong>ne</strong></span> 
     </span>
    </p>
   </div>
   <div class='ocr_carea' id='block_1_102' title="bbox 1932 4268 3495 4353">
    <p class='ocr_par' dir='ltr' id='par_1_102' title="bbox 1932 4268 3495 4353">
     <span class='ocr_line' id='line_1_102' title="bbox 1932 4268 3495 4353; baseline -0.013 -14"><span class='ocrx_word' id='word_1_733' title='bbox 1932 4287 2128 4340; x_wconf 65' lang='lat' dir='ltr'><strong>animae</strong></span> <span class='ocrx_word' id='word_1_734' title='bbox 2156 4284 2372 4353; x_wconf 90' lang='lat' dir='ltr'><strong>quidem</strong></span> <span class='ocrx_word' id='word_1_735' title='bbox 2428 4279 2709 4342; x_wconf 88' lang='lat' dir='ltr'><strong>fuerimus,</strong></span> <span class='ocrx_word' id='word_1_736' title='bbox 2754 4275 2850 4333; x_wconf 90' lang='lat' dir='ltr'><strong>sed</strong></span> <span class='ocrx_word' id='word_1_737' title='bbox 2901 4289 3053 4329; x_wconf 89' lang='lat' dir='ltr'><strong>mens</strong></span> <span class='ocrx_word' id='word_1_738' title='bbox 3100 4282 3153 4326; x_wconf 90' lang='lat' dir='ltr'><strong>et</strong></span> <span class='ocrx_word' id='word_1_739' title='bbox 3200 4285 3391 4327; x_wconf 88' lang='lat' dir='ltr'><strong>sensus</strong></span> <span class='ocrx_word' id='word_1_740' title='bbox 3429 4268 3495 4320; x_wconf 91' lang='lat' dir='ltr'><strong>ad</strong></span> 
     </span>
    </p>
   </div>
   <div class='ocr_carea' id='block_1_103' title="bbox 1934 4359 3498 4447">
    <p class='ocr_par' dir='ltr' id='par_1_103' title="bbox 1934 4359 3498 4447">
     <span class='ocr_line' id='line_1_103' title="bbox 1934 4359 3498 4447; baseline -0.013 -16"><span class='ocrx_word' id='word_1_741' title='bbox 1934 4377 2231 4447; x_wconf 81' lang='lat' dir='ltr'><strong>perfectura</strong></span> <span class='ocrx_word' id='word_1_742' title='bbox 2257 4373 2502 4436; x_wconf 87' lang='lat' dir='ltr'><strong>veniens,</strong></span> <span class='ocrx_word' id='word_1_743' title='bbox 2531 4368 2783 4437; x_wconf 88' lang='lat' dir='ltr'><strong>nulloque</strong></span> <span class='ocrx_word' id='word_1_744' title='bbox 2814 4364 3274 4434; x_wconf 80' lang='lat' dir='ltr'><strong>perturbatioaum</strong></span> <span class='ocrx_word' id='word_1_745' title='bbox 3316 4359 3498 4413; x_wconf 89' lang='lat' dir='ltr'><strong>nubilo</strong></span> 
     </span>
    </p>
   </div>
   <div class='ocr_carea' id='block_1_104' title="bbox 1865 4452 3501 4562">
    <p class='ocr_par' dir='ltr' id='par_1_104' title="bbox 1865 4452 3501 4562">
     <span class='ocr_line' id='line_1_104' title="bbox 1865 4452 3501 4562; baseline -0.012 -38"><span class='ocrx_word' id='word_1_746' title='bbox 1865 4468 2195 4562; x_wconf 77' lang='lat' dir='ltr'><strong>Dcaligaus,</strong></span> <span class='ocrx_word' id='word_1_747' title='bbox 2267 4463 2567 4518; x_wconf 90' lang='lat' dir='ltr'><strong>intuebitur</strong></span> <span class='ocrx_word' id='word_1_748' title='bbox 2614 4458 2964 4514; x_wconf 86' lang='lat' dir='ltr'><strong>rationabiles</strong></span> <span class='ocrx_word' id='word_1_749' title='bbox 3031 4452 3501 4522; x_wconf 82' lang='lat' dir='ltr'><strong>intelligibilesque</strong></span> 
     </span>
    </p>
   </div>
   <div class='ocr_carea' id='block_1_105' title="bbox 1939 4543 3502 4613">
    <p class='ocr_par' dir='ltr' id='par_1_105' title="bbox 1939 4543 3502 4613">
     <span class='ocr_line' id='line_1_105' title="bbox 1939 4543 3502 4613; baseline -0.01 -1"><span class='ocrx_word' id='word_1_750' title='bbox 1939 4555 2275 4612; x_wconf 89' lang='lat' dir='ltr'><strong>substantias</strong></span> <span class='ocrx_word' id='word_1_751' title='bbox 2318 4553 2457 4608; x_wconf 89' lang='lat' dir='ltr'><strong>facie</strong></span> <span class='ocrx_word' id='word_1_752' title='bbox 2486 4552 2553 4606; x_wconf 92' lang='lat' dir='ltr'><strong>ad</strong></span> <span class='ocrx_word' id='word_1_753' title='bbox 2589 4548 2801 4604; x_wconf 84' lang='lat' dir='ltr'><strong>faciem.</strong></span> <span class='ocrx_word' id='word_1_754' title='bbox 2827 4564 2847 4599; x_wconf 84' lang='grc'><strong>›</strong></span> <span class='ocrx_word' id='word_1_755' title='bbox 2899 4548 3029 4613; x_wconf 67' lang='lat' dir='ltr'><strong>Quae</strong></span> <span class='ocrx_word' id='word_1_756' title='bbox 3065 4546 3143 4599; x_wconf 89' lang='lat' dir='ltr'><strong>sic</strong></span> <span class='ocrx_word' id='word_1_757' title='bbox 3184 4543 3502 4609; x_wconf 84' lang='lat' dir='ltr'><strong>depravavit</strong></span> 
     </span>
    </p>
   </div>
   <div class='ocr_carea' id='block_1_106' title="bbox 1939 4634 3501 4705">
    <p class='ocr_par' dir='ltr' id='par_1_106' title="bbox 1939 4634 3501 4705">
     <span class='ocr_line' id='line_1_106' title="bbox 1939 4634 3501 4705; baseline -0.01 -2"><span class='ocrx_word' id='word_1_758' title='bbox 1939 4664 2038 4703; x_wconf 90' lang='lat' dir='ltr'><strong>suo</strong></span> <span class='ocrx_word' id='word_1_759' title='bbox 2077 4661 2227 4701; x_wconf 92' lang='lat' dir='ltr'><strong>more</strong></span> <span class='ocrx_word' id='word_1_760' title='bbox 2274 4644 2499 4697; x_wconf 76' lang='lat' dir='ltr'><strong>Rufinus</strong></span> <span class='ocrx_word' id='word_1_761' title='bbox 2528 4659 2542 4695; x_wconf 88' lang='lat'><strong>:</strong></span> <span class='ocrx_word' id='word_1_762' title='bbox 2571 4660 2589 4694; x_wconf 76' lang='grc' dir='ltr'>ι</span> <span class='ocrx_word' id='word_1_763' title='bbox 2621 4642 2684 4695; x_wconf 59' lang='lat' dir='ltr'><strong>lat</strong></span> <span class='ocrx_word' id='word_1_764' title='bbox 2710 4642 2783 4694; x_wconf 92' lang='lat' dir='ltr'><strong>ita</strong></span> <span class='ocrx_word' id='word_1_765' title='bbox 2833 4653 3088 4694; x_wconf 88' lang='lat' dir='ltr'><strong>crescens</strong></span> <span class='ocrx_word' id='word_1_766' title='bbox 3141 4650 3236 4705; x_wconf 90' lang='lat' dir='ltr'><strong>per</strong></span> <span class='ocrx_word' id='word_1_767' title='bbox 3291 4634 3501 4703; x_wconf 86' lang='lat' dir='ltr'><strong>singula</strong></span> 
     </span>
    </p>
   </div>
   <div class='ocr_carea' id='block_1_107' title="bbox 1940 4725 3501 4800">
    <p class='ocr_par' dir='ltr' id='par_1_107' title="bbox 1940 4725 3501 4800">
     <span class='ocr_line' id='line_1_107' title="bbox 1940 4725 3501 4800; baseline -0.011 -6"><span class='ocrx_word' id='word_1_768' title='bbox 1940 4736 2279 4794; x_wconf 86' lang='lat' dir='ltr'><strong>rationabilis</strong></span> <span class='ocrx_word' id='word_1_769' title='bbox 2312 4745 2528 4800; x_wconf 89' lang='lat' dir='ltr'><strong>natura,</strong></span> <span class='ocrx_word' id='word_1_770' title='bbox 2557 4748 2663 4786; x_wconf 90' lang='lat' dir='ltr'><strong>non</strong></span> <span class='ocrx_word' id='word_1_771' title='bbox 2684 4730 2825 4786; x_wconf 88' lang='lat' dir='ltr'><strong>sicut</strong></span> <span class='ocrx_word' id='word_1_772' title='bbox 2854 4730 2907 4783; x_wconf 92' lang='lat' dir='ltr'><strong>in</strong></span> <span class='ocrx_word' id='word_1_773' title='bbox 2941 4742 3106 4781; x_wconf 87' lang='lat' dir='ltr'><strong>carne</strong></span> <span class='ocrx_word' id='word_1_774' title='bbox 3140 4725 3224 4779; x_wconf 90' lang='lat' dir='ltr'><strong>vel</strong></span> <span class='ocrx_word' id='word_1_775' title='bbox 3251 4736 3501 4792; x_wconf 83' lang='lat' dir='ltr'><strong>corpore,</strong></span> 
     </span>
    </p>
   </div>
   <div class='ocr_carea' id='block_1_108' title="bbox 1940 4821 3503 4886">
    <p class='ocr_par' dir='ltr' id='par_1_108' title="bbox 1940 4821 3503 4886">
     <span class='ocr_line' id='line_1_108' title="bbox 1940 4821 3503 4886; baseline -0.013 0"><span class='ocrx_word' id='word_1_776' title='bbox 1940 4842 1995 4886; x_wconf 92' lang='lat' dir='ltr'><strong>et</strong></span> <span class='ocrx_word' id='word_1_777' title='bbox 2024 4831 2201 4884; x_wconf 88' lang='lat' dir='ltr'><strong>anima</strong></span> <span class='ocrx_word' id='word_1_778' title='bbox 2234 4829 2286 4881; x_wconf 92' lang='lat' dir='ltr'><strong>in</strong></span> <span class='ocrx_word' id='word_1_779' title='bbox 2315 4828 2418 4881; x_wconf 87' lang='lat' dir='ltr'><strong>hac</strong></span> <span class='ocrx_word' id='word_1_780' title='bbox 2452 4827 2563 4879; x_wconf 90' lang='lat' dir='ltr'><strong>vita</strong></span> <span class='ocrx_word' id='word_1_781' title='bbox 2595 4821 2898 4885; x_wconf 83' lang='lat' dir='ltr'><strong>crescebat,</strong></span> <span class='ocrx_word' id='word_1_782' title='bbox 2929 4821 3020 4873; x_wconf 92' lang='lat' dir='ltr'><strong>sed</strong></span> <span class='ocrx_word' id='word_1_783' title='bbox 3051 4824 3229 4871; x_wconf 83' lang='lat' dir='ltr'><strong>mente</strong></span> <span class='ocrx_word' id='word_1_784' title='bbox 3249 4831 3313 4869; x_wconf 89' lang='lat' dir='ltr'><strong>ac</strong></span> <span class='ocrx_word' id='word_1_785' title='bbox 3342 4828 3503 4868; x_wconf 88' lang='lat' dir='ltr'><strong>sensu</strong></span> 
     </span>
    </p>
   </div>
   <div class='ocr_carea' id='block_1_109' title="bbox 1941 4906 3506 4988">
    <p class='ocr_par' dir='ltr' id='par_1_109' title="bbox 1941 4906 3506 4988">
     <span class='ocr_line' id='line_1_109' title="bbox 1941 4906 3506 4988; baseline -0.012 -12"><span class='ocrx_word' id='word_1_786' title='bbox 1941 4933 2097 4976; x_wconf 89' lang='lat' dir='ltr'><strong>aucta</strong></span> <span class='ocrx_word' id='word_1_787' title='bbox 2132 4921 2197 4973; x_wconf 90' lang='lat' dir='ltr'><strong>ad</strong></span> <span class='ocrx_word' id='word_1_788' title='bbox 2229 4918 2521 4988; x_wconf 85' lang='lat' dir='ltr'><strong>perfectam</strong></span> <span class='ocrx_word' id='word_1_789' title='bbox 2556 4914 2838 4969; x_wconf 87' lang='lat' dir='ltr'><strong>scientiam</strong></span> <span class='ocrx_word' id='word_1_790' title='bbox 2865 4952 2882 4977; x_wconf 92' lang='lat'><strong>,</strong></span> <span class='ocrx_word' id='word_1_791' title='bbox 2926 4927 3077 4964; x_wconf 88' lang='lat' dir='ltr'><strong>tuens</strong></span> <span class='ocrx_word' id='word_1_792' title='bbox 3114 4911 3224 4976; x_wconf 89' lang='lat' dir='ltr'><strong>jam</strong></span> <span class='ocrx_word' id='word_1_793' title='bbox 3268 4906 3506 4977; x_wconf 87' lang='lat' dir='ltr'><strong>perfecta</strong></span> 
     </span>
    </p>
   </div>
   <div class='ocr_carea' id='block_1_110' title="bbox 1942 5000 3509 5087">
    <p class='ocr_par' dir='ltr' id='par_1_110' title="bbox 1942 5000 3509 5087">
     <span class='ocr_line' id='line_1_110' title="bbox 1942 5000 3509 5087; baseline -0.01 -17"><span class='ocrx_word' id='word_1_794' title='bbox 1942 5016 2286 5087; x_wconf 87' lang='lat' dir='ltr'><strong>perducitur,</strong></span> <span class='ocrx_word' id='word_1_795' title='bbox 2323 5025 2661 5079; x_wconf 85' lang='lat' dir='ltr'><strong>nequaquam</strong></span> <span class='ocrx_word' id='word_1_796' title='bbox 2707 5007 2817 5075; x_wconf 79' lang='lat' dir='ltr'><strong>jam</strong></span> <span class='ocrx_word' id='word_1_797' title='bbox 2860 5007 2998 5059; x_wconf 82' lang='lat' dir='ltr'><strong>ultra</strong></span> <span class='ocrx_word' id='word_1_798' title='bbox 3045 5004 3161 5058; x_wconf 88' lang='lat' dir='ltr'><strong>istis</strong></span> <span class='ocrx_word' id='word_1_799' title='bbox 3196 5000 3509 5056; x_wconf 78' lang='lat' dir='ltr'><strong>carnalibus</strong></span> 
     </span>
    </p>
   </div>
   <div class='ocr_carea' id='block_1_111' title="bbox 1949 5091 3510 5171">
    <p class='ocr_par' dir='ltr' id='par_1_111' title="bbox 1949 5091 3510 5171">
     <span class='ocr_line' id='line_1_111' title="bbox 1949 5091 3510 5171; baseline -0.012 -10"><span class='ocrx_word' id='word_1_800' title='bbox 1949 5107 2199 5161; x_wconf 90' lang='lat' dir='ltr'><strong>sensibus</strong></span> <span class='ocrx_word' id='word_1_801' title='bbox 2230 5105 2513 5171; x_wconf 75' lang='lat' dir='ltr'><strong>impedita,</strong></span> <span class='ocrx_word' id='word_1_802' title='bbox 2556 5100 2647 5154; x_wconf 91' lang='lat' dir='ltr'><strong>sed</strong></span> <span class='ocrx_word' id='word_1_803' title='bbox 2675 5096 3127 5153; x_wconf 87' lang='lat' dir='ltr'><strong>intellectualibns</strong></span> <span class='ocrx_word' id='word_1_804' title='bbox 3160 5091 3510 5147; x_wconf 87' lang='lat' dir='ltr'><strong>incrementis</strong></span> 
     </span>
    </p>
   </div>
   <div class='ocr_carea' id='block_1_112' title="bbox 1949 5181 3507 5263">
    <p class='ocr_par' dir='ltr' id='par_1_112' title="bbox 1949 5181 3507 5263">
     <span class='ocr_line' id='line_1_112' title="bbox 1949 5181 3507 5263; baseline -0.012 -13"><span class='ocrx_word' id='word_1_805' title='bbox 1949 5206 2126 5260; x_wconf 74' lang='lat' dir='ltr'><strong>ant-ta,</strong></span> <span class='ocrx_word' id='word_1_806' title='bbox 2152 5208 2364 5263; x_wconf 87' lang='lat' dir='ltr'><strong>semper</strong></span> <span class='ocrx_word' id='word_1_807' title='bbox 2390 5194 2453 5245; x_wconf 91' lang='lat' dir='ltr'><strong>ad</strong></span> <span class='ocrx_word' id='word_1_808' title='bbox 2477 5206 2691 5260; x_wconf 91' lang='lat' dir='ltr'><strong>purum,</strong></span> <span class='ocrx_word' id='word_1_809' title='bbox 2713 5199 2787 5253; x_wconf 89' lang='lat' dir='ltr'><strong>et,</strong></span> <span class='ocrx_word' id='word_1_810' title='bbox 2823 5189 2975 5241; x_wconf 39' lang='lat' dir='ltr'><strong>ut‘ita</strong></span> <span class='ocrx_word' id='word_1_811' title='bbox 3001 5185 3250 5249; x_wconf 79' lang='lat' dir='ltr'><strong>dixerim,</strong></span> <span class='ocrx_word' id='word_1_812' title='bbox 3273 5182 3408 5236; x_wconf 86' lang='lat' dir='ltr'><strong>facie</strong></span> <span class='ocrx_word' id='word_1_813' title='bbox 3439 5181 3507 5233; x_wconf 91' lang='lat' dir='ltr'><strong>ad</strong></span> 
     </span>
    </p>
   </div>
   <div class='ocr_carea' id='block_1_113' title="bbox 1949 5272 3509 5349">
    <p class='ocr_par' dir='ltr' id='par_1_113' title="bbox 1949 5272 3509 5349">
     <span class='ocr_line' id='line_1_113' title="bbox 1949 5272 3509 5349; baseline -0.012 -7"><span class='ocrx_word' id='word_1_814' title='bbox 1949 5289 2138 5343; x_wconf 87' lang='lat' dir='ltr'><strong>faciem</strong></span> <span class='ocrx_word' id='word_1_815' title='bbox 2189 5302 2364 5341; x_wconf 90' lang='lat' dir='ltr'><strong>rerum</strong></span> <span class='ocrx_word' id='word_1_816' title='bbox 2425 5298 2623 5340; x_wconf 85' lang='lat' dir='ltr'><strong>causas</strong></span> <span class='ocrx_word' id='word_1_817' title='bbox 2671 5281 3029 5349; x_wconf 70' lang='lat' dir='ltr'><strong>inspiciens.)</strong></span> <span class='ocrx_word' id='word_1_818' title='bbox 3082 5275 3318 5343; x_wconf 82' lang='lat' dir='ltr'><strong>Denique</strong></span> <span class='ocrx_word' id='word_1_819' title='bbox 3370 5272 3509 5325; x_wconf 91' lang='lat' dir='ltr'><strong>libro</strong></span> 
     </span>
    </p>
   </div>
   <div class='ocr_carea' id='block_1_114' title="bbox 1948 5366 3508 5443">
    <p class='ocr_par' dir='ltr' id='par_1_114' title="bbox 1948 5366 3508 5443">
     <span class='ocr_line' id='line_1_114' title="bbox 1948 5366 3508 5443; baseline -0.014 -8"><span class='ocrx_word' id='word_1_820' title='bbox 1948 5396 1980 5434; x_wconf 93' lang='lat' dir='ltr'><strong>v</strong></span> <span class='ocrx_word' id='word_1_821' title='bbox 2030 5392 2211 5434; x_wconf 78' lang='lat' dir='ltr'><strong>contra</strong></span> <span class='ocrx_word' id='word_1_822' title='bbox 2255 5378 2416 5440; x_wconf 75' lang='lat' dir='ltr'><strong>Cels.,</strong></span> <span class='ocrx_word' id='word_1_823' title='bbox 2480 5392 2628 5429; x_wconf 89' lang='lat' dir='ltr'><strong>num.</strong></span> <span class='ocrx_word' id='word_1_824' title='bbox 2680 5373 2767 5438; x_wconf 82' lang='lat' dir='ltr'><strong>l9,</strong></span> <span class='ocrx_word' id='word_1_825' title='bbox 2814 5382 3033 5443; x_wconf 78' lang='lat' dir='ltr'><strong>propter</strong></span> <span class='ocrx_word' id='word_1_826' title='bbox 3079 5366 3426 5437; x_wconf 86' lang='lat' dir='ltr'><strong>migrationes</strong></span> <span class='ocrx_word' id='word_1_827' title='bbox 3475 5376 3508 5415; x_wconf 89' lang='lat' dir='ltr'><strong>e</strong></span> 
     </span>
    </p>
   </div>
   <div class='ocr_carea' id='block_1_115' title="bbox 1950 5460 3508 5539">
    <p class='ocr_par' dir='ltr' id='par_1_115' title="bbox 1950 5460 3508 5539">
     <span class='ocr_line' id='line_1_115' title="bbox 1950 5460 3508 5539; baseline -0.013 -14"><span class='ocrx_word' id='word_1_828' title='bbox 1950 5472 2067 5527; x_wconf 87' lang='lat' dir='ltr'><strong>loco</strong></span> <span class='ocrx_word' id='word_1_829' title='bbox 2102 5473 2152 5526; x_wconf 92' lang='lat' dir='ltr'><strong>in</strong></span> <span class='ocrx_word' id='word_1_830' title='bbox 2184 5472 2357 5526; x_wconf 87' lang='lat' dir='ltr'><strong>locum</strong></span> <span class='ocrx_word' id='word_1_831' title='bbox 2389 5470 2710 5539; x_wconf 86' lang='lat' dir='ltr'><strong>corporibus</strong></span> <span class='ocrx_word' id='word_1_832' title='bbox 2761 5482 2859 5520; x_wconf 88' lang='lat' dir='ltr'><strong>nos</strong></span> <span class='ocrx_word' id='word_1_833' title='bbox 2903 5480 3036 5534; x_wconf 88' lang='lat' dir='ltr'><strong>opus</strong></span> <span class='ocrx_word' id='word_1_834' title='bbox 3071 5462 3272 5516; x_wconf 82' lang='lat' dir='ltr'><strong>habere</strong></span> <span class='ocrx_word' id='word_1_835' title='bbox 3310 5460 3508 5519; x_wconf 86' lang='lat' dir='ltr'><strong>docet;</strong></span> 
     </span>
    </p>
   </div>
   <div class='ocr_carea' id='block_1_116' title="bbox 1952 5556 3510 5633">
    <p class='ocr_par' dir='ltr' id='par_1_116' title="bbox 1952 5556 3510 5633">
     <span class='ocr_line' id='line_1_116' title="bbox 1952 5556 3510 5633; baseline -0.011 -11"><span class='ocrx_word' id='word_1_836' title='bbox 1952 5569 2004 5624; x_wconf 92' lang='lat' dir='ltr'><strong>id</strong></span> <span class='ocrx_word' id='word_1_837' title='bbox 2032 5578 2207 5624; x_wconf 85' lang='lat' dir='ltr'><strong>autem</strong></span> <span class='ocrx_word' id='word_1_838' title='bbox 2242 5578 2444 5623; x_wconf 88' lang='lat' dir='ltr'><strong>certam</strong></span> <span class='ocrx_word' id='word_1_839' title='bbox 2476 5582 2581 5622; x_wconf 91' lang='lat' dir='ltr'><strong>non</strong></span> <span class='ocrx_word' id='word_1_840' title='bbox 2624 5563 2898 5633; x_wconf 80' lang='lat' dir='ltr'><strong>requirere</strong></span> <span class='ocrx_word' id='word_1_841' title='bbox 2936 5560 3166 5631; x_wconf 90' lang='lat' dir='ltr'><strong>partium</strong></span> <span class='ocrx_word' id='word_1_842' title='bbox 3190 5556 3510 5628; x_wconf 87' lang='lat' dir='ltr'><strong>posituram,</strong></span> 
     </span>
    </p>
   </div>
   <div class='ocr_carea' id='block_1_117' title="bbox 1472 5739 1943 5809">
    <p class='ocr_par' dir='ltr' id='par_1_117' title="bbox 1472 5739 1943 5809">
     <span class='ocr_line' id='line_1_117' title="bbox 1472 5739 1943 5809; baseline -0.011 -13"><span class='ocrx_word' id='word_1_843' title='bbox 1472 5741 1512 5772; x_wconf 82' lang='lat'>&quot;</span> <span class='ocrx_word' id='word_1_844' title='bbox 1533 5739 1724 5809; x_wconf 82' lang='lat' dir='ltr'><strong>Philip.</strong></span> <span class='ocrx_word' id='word_1_845' title='bbox 1762 5739 1943 5806; x_wconf 73' lang='lat' dir='ltr'><strong>nt,2|.</strong></span> 
     </span>
    </p>
   </div>
  </div>
