3860 6226
376 335 476 393 θαι

1665 330 1721 386 Ρ.
1772 327 2088 383 DANIELIS
2127 325 2364 394 HUE'I'H

3525 319 3641 376 993

377 450 475 508 sed
522 450 749 517 quodvis
800 450 1089 505 admittere
1149 463 1367 520 corpus,
1422 465 1620 521 corpus
1663 451 1825 507 modo
1862 451 1953 505 sit.
1987 456 2029 512 Α
2062 463 2286 519 corpus,
2312 455 2369 500 et
2408 443 2565 498 aliter
2614 441 2905 497 formatum
2947 447 3100 495 ratus
3129 448 3213 494 est
3250 438 3636 503 Adamantius,

447 539 580 597 VIII.
614 542 905 598 lncliuasse
928 543 1118 598 eodem
1144 558 1253 612 quo
1276 542 1538 613 Origenes
1585 543 1795 599 videtur
1828 541 1955 597 Hie-

380 649 637 707 ronymus
666 636 761 692 lib.
790 651 849 690 ιιι
892 636 947 689 in
984 634 1159 704 Epist.
1218 636 1287 689 ad
1326 634 1541 706 Ephes.,
1578 651 1699 705 cap.
1726 635 1782 701 5,
1807 650 1953 690 vers.

376 722 471 786 28,
507 742 526 775 ι
565 723 869 778 Foveamus
902 724 1085 793 igitur,
1122 725 1330 793 inquit,
1365 736 1421 780 et
1460 727 1560 780 viri
1602 741 1798 781 uxores
1824 765 1840 790 ,
1900 734 1959 779 et

377 816 575 872 anima:
624 828 805 871 nostra
838 832 1068 887 corpora
1095 858 1110 882 ,
1162 831 1220 873 ut
1256 830 1313 874 et
1356 833 1556 874 uxores
1609 820 1661 873 in
1705 819 1872 883 viros,
1902 826 1959 872 et

377 926 611 980 corpora
641 912 960 983 redigantur
993 913 1046 967 in
1093 914 1307 968 animas
1333 953 1349 978 ,
1392 922 1451 968 et
1491 928 1835 984 nequaquam
1883 913 1956 967 sit

376 1018 603 1059 sexuum
640 1003 745 1057 ulla
775 1004 1087 1059 diversitas.
1123 1004 1228 1061 Sed
1269 1006 1537 1075 quomodo
1569 1008 1709 1075 apud
1735 1004 1957 1075 angelos

377 1110 483 1150 non
507 1105 591 1150 est
613 1096 697 1149 vir
716 1105 770 1149 et
809 1094 1036 1161 mulier,
1068 1097 1138 1149 ita
1166 1106 1218 1150 et
1259 1112 1356 1152 nos
1381 1097 1472 1166 qui
1515 1096 1722 1152 similes
1750 1096 1956 1166 angelis

377 1188 541 1242 futuri
567 1203 775 1251 sumus,
806 1189 917 1257 jam
944 1204 1087 1243 nunc
1110 1188 1429 1256 incipiamus
1454 1203 1601 1251 esse,
1626 1189 1770 1258 quod
1796 1188 1955 1242 nobis

377 1283 431 1335 in
461 1280 779 1335 ctelestibus
806 1283 1191 1349 repromissum
1213 1291 1313 1335 est.
1348 1299 1366 1332 ι
1406 1282 1621 1337 Acriter
1658 1295 1723 1335 ea
1762 1280 1954 1349 explo-

377 1373 459 1426 dit
487 1372 735 1437 Rufinus,
776 1382 959 1441 utpote
997 1388 1065 1427 ex
1101 1374 1298 1441 quibus
1348 1373 1603 1426 interitus
1642 1387 1951 1441 corporum,

374 1472 432 1517 et
463 1478 692 1517 sexuum
721 1462 944 1517 abolitio
969 1472 1377 1532 consequatur;
1434 1464 1651 1517 demum
1680 1463 1762 1518 sic
1814 1464 1890 1517 ait
1934 1482 1950 1519 :

380 1573 399 1607 ι
430 1555 650 1623 Quanto
677 1554 882 1610 rectius
920 1554 1151 1619 faceres,
1185 1556 1229 1609 si
1257 1570 1373 1621 nos,
1398 1569 1534 1624 quos
1577 1555 1789 1625 culpas,
1826 1555 1951 1610 imi-

377 1646 573 1701 tareris
612 1647 663 1700 in
691 1645 910 1713 talibus,
937 1656 992 1701 et
1016 1647 1134 1701 hinc
1160 1646 1409 1712 soliDeo,
1446 1656 1583 1701 utse
1621 1647 1828 1701 veritas
1853 1646 1952 1700 lia-

374 1742 483 1803 ltet,
509 1756 670 1795 nosse
702 1740 1083 1810 permitteres;
1127 1749 1183 1794 et
1217 1750 1269 1795 te
1306 1741 1486 1809 potius
1536 1740 1788 1809 ignorare
1815 1740 1951 1794 fate-

376 1833 535 1898 reris,
567 1848 731 1900 quam
758 1848 822 1887 ea
870 1833 1162 1899 scriberes,
1196 1848 1316 1901 qua:
1361 1834 1520 1902 paulo
1569 1843 1691 1902 post
1739 1844 1793 1887 tu
1836 1834 1950 1904 ipse

374 1924 683 1979 danmares.
707 1943 726 1977 ι
756 1924 864 1979 Sed
906 1934 1102 1995 purgat
1134 1940 1194 1980 se
1252 1925 1607 1996 Hieronymus
1645 1925 1779 1980 lib.t
1810 1926 1951 1995 Apo-

371 2016 475 2086 log.
508 2017 625 2071 adv.
656 2016 859 2084 Ruﬁn.,
894 2032 1014 2086 cap.
1057 2017 1111 2084 6,
1140 2019 1264 2072 talia
1301 2032 1422 2073 sese
1441 2034 1506 2072 ex
1541 2018 1793 2088 Origenis
1830 2034 1951 2087 per-

372 2123 530 2172 sona,
568 2123 674 2162 non
699 2109 855 2178 quasi
901 2125 1017 2163 rem
1053 2126 1080 2161 a
1113 2124 1175 2165 se
1209 2121 1505 2174 assertam,
1533 2111 1628 2164 sed
1662 2109 1815 2179 quasi
1846 2111 1947 2164 sibi

369 2200 732 2269 objiciendam
775 2201 1063 2271 protulisse
1113 2202 1464 2271 respondens.
1513 2202 1642 2255 Eam
1686 2211 1742 2256 et
1768 2202 1947 2257 valide

374 2294 426 2346 in
465 2292 774 2363 Origenlsta
797 2296 1030 2362 quodam
1069 2308 1191 2348 sese
1213 2292 1522 2349 confutasse
1570 2302 1760 2348 narrat
1787 2296 1946 2364 epist.

369 2386 461 2449 27,
491 2388 556 2440 ad
581 2386 865 2451 Eustoch.,
897 2400 1018 2456 cap.
1058 2386 1146 2449 II,
1172 2397 1228 2439 et
1260 2386 1388 2439 alibi
1427 2401 1643 2456 quoque
1677 2400 1777 2454 pro
1812 2385 1946 2442 falsa

373 2497 402 2532 a
434 2495 493 2534 se
516 2478 702 2534 haberi
737 2488 989 2535 testatur.
1021 2478 1259 2534 Sextium
1312 2479 1695 2535 discretionem
1733 2491 1860 2535 tunc
1885 2482 1947 2536 iri

373 2573 635 2627 abolitum
678 2588 785 2627 non
840 2572 999 2643 pauci
1050 2586 1083 2627 e
1128 2571 1381 2637 Patribus
1420 2573 1660 2640 antiquis
1706 2572 1946 2627 aﬂirma-

373 2673 517 2719 rttnt.
542 2663 912 2720 Theodoretus
940 2685 953 2721 :
985 2665 1200 2734 Ταύτης
1228 2663 1337 2736 γὰρ
1382 2664 1483 2735 τῆς
1519 2664 1835 2737 διαιρέσεως
1860 2668 1948 2719 ὲν-

370 2757 494 2830 δεὴς
514 2756 622 2811 τῶν
656 2758 761 2812 ὑπὸ
790 2758 866 2829 τῷ
900 2758 1114 2830 θανάτῳ
1138 2759 1435 2813 τελούντων
1468 2761 1502 2829 ή
1545 2758 1738 2827 φύσις·
1782 2776 1801 2807 ι
1840 2758 1949 2812 Hac

371 2849 515 2901 enim
567 2848 897 2905 discretione
939 2850 1142 2918 indiget
1193 2865 1380 2904 eorum
1434 2859 1627 2903 natura
1658 2888 1673 2911 ,
1711 2849 1801 2917 qui
1850 2848 1950 2901 sub

374 2940 562 2995 mortis
599 2938 826 3008 imperio
851 2941 1086 3011 degunt;
1116 2960 1135 2992 ι
1164 2941 1357 2996 deinde
1390 2960 1403 2996 :
1436 2943 1560 3005 Τοῖς
1582 2941 1638 2995 δέ
1658 2959 1721 3010 γε
1748 2941 1949 2996 ἀθανά-

367 3041 483 3089 τοις
522 3028 907 3099 γεγενημένοις
943 3029 1004 3082 τὸ
1049 3029 1179 3100 Θῆλυ
1210 3030 1365 3100 γένος
1418 3032 1733 3086 παντάπασι
1759 3050 1950 3102 περιτν

2060 554 2223 608 quam
2245 536 2391 606 quod
2423 539 2477 590 in
2512 534 2729 591 mortali
2766 541 3073 605 gestaverat
3100 533 3246 600 vita;
3276 546 3637 601 ecquamnatn

2059 627 2273 696 corpori
2311 626 2443 681 huic
2485 626 2714 697 figuram
2757 624 2936 694 potius
2972 622 3289 691 ascripserit
3315 637 3475 690 quam
3514 621 3638 691 glo-

2060 718 2268 781 bosam,
2305 723 2492 784 utpote
2545 728 2725 768 rerum
2755 712 3059 767 caelestium
3084 711 3391 782 propriam,
3416 721 3474 766 et
3524 711 3637 765 for-

2060 820 2272 861 marum
2295 805 2541 860 omnium
2586 802 3064 874 perfectissimam,
3096 815 3161 855 ac
3186 800 3386 855 animis
3429 815 3635 869 expur-

2058 900 2201 971 gatis
2229 909 2287 954 et
2321 898 2373 952 iii
2424 894 2802 967 perfertiorem
2850 893 3114 962 reparatis
3156 902 3358 948 statum
3401 894 3636 947 maxime

2057 989 2402 1060 congruam?
2438 988 2587 1042 Sane
2627 986 2962 1056 Origenistas
2993 985 3310 1049 monachos,
3344 985 3434 1055 qui
3467 982 3640 1038 Patar-

2058 1086 2214 1138 stinze
2237 1082 2497 1138 asceteria
2542 1079 2736 1135 Justini
2769 1094 2819 1134 et
2862 1077 3155 1133 Justiuiani
3197 1077 3528 1146 temporibus
3552 1076 3636 1130 in.

2060 1179 2197 1230 festa
2213 1178 2363 1239 bant,
2404 1174 2607 1229 dixisse
2646 1170 2815 1226 refert
2848 1171 3107 1241 (Igriaeus
3139 1170 3279 1239 apud
3324 1170 3635 1225 Simeonem

2059 1268 2480 1336 Metaplirastein
2511 1263 2646 1335 (47),
2671 1281 2689 1313 ι
2724 1263 2874 1330 Quod
2910 1262 3146 1316 aetherea
3172 1271 3227 1315 et
3246 1262 3508 1329 spliaarica
3539 1276 3635 1315 ex-

2059 1363 2299 1418 citantur
2326 1371 2509 1414 nostra
2550 1374 2775 1428 corpora
2828 1359 2879 1411 in
2932 1356 3331 1413 resurrectione
3369 1357 3494 1411 :sic
3533 1359 3638 1411 Do—

2059 1456 2193 1509 mini
2228 1469 2444 1526 quoque
2470 1467 2668 1523 corpus
2695 1451 2860 1506 fuisse
2886 1450 3187 1504 excitatum
3207 1490 3225 1517 ,
3277 1458 3331 1504 et
3356 1463 3457 1503 nos
3490 1448 3636 1502 futu-

2056 1563 2147 1604 ros
2189 1549 2239 1602 ei
2294 1560 2453 1616 pares
2488 1547 2540 1599 in
2582 1544 3006 1600 resurrectione.
3044 1562 3063 1594 ι
3093 1542 3438 1611 Quapropter
3461 1539 3636 1595 Justi-

2062 1642 2255 1695 uiantis
2292 1641 2343 1693 in
2378 1639 2542 1707 epist.
2575 1638 2641 1691 ad
2680 1636 2887 1691 Menam
2913 1636 3131 1703 probris
3155 1633 3442 1701 Origeuem
3468 1633 3636 1687 inces-

2056 1735 2147 1801 sit,
2178 1735 2322 1802 quod
2368 1747 2599 1800 corpora
2654 1730 2929 1783 hominum
2970 1728 3267 1783 orbiculata
3310 1727 3634 1782 suscitatam

1985 1803 2027 1858 Β
2057 1828 2121 1881 iri
2166 1824 2542 1878 aIIirmaverit.
2582 1821 2719 1876 Hine
2772 1822 2844 1875 ita
2873 1831 3169 1891 conceptus
3212 1827 3294 1873 est
3321 1821 3547 1888 quintus
3566 1835 3635 1873 ex

2053 1918 2528 1973 anathematismis
2580 1916 2753 1969 eidem
2804 1914 3048 1984 epistolae
3114 1912 3414 1981 subjectis:
3454 1914 3525 1966 Εἰ
3550 1930 3637 1976 τις

2054 2010 2255 2081 λέγειῆ
2285 2009 2397 2081 ἔχει
2424 2010 2481 2061 ὲν
2506 2010 2570 2078 τῇ
2606 2006 2898 2060 ἀναστάσει
2928 2004 3241 2077 σφαιροειδῆ
3278 2003 3349 2057 τὰ
3378 2004 3488 2058 τῶν
3537 2006 3636 2058 ἀν-

2052 2100 2287 2174 Θρώπων
2329 2098 2636 2171 ἐγείρεσθαι
2677 2097 2922 2167 σώματα,
2952 2096 3047 2149 καὶ
3079 2096 3177 2165 οὐχ
3228 2094 3484 2165 ὁμολογεῖ
3537 2097 3637 2167 ὀρ-

2055 2196 2206 2259 θίους
2240 2196 2390 2265 ἡμᾶς
2420 2191 2752 2263 ἐγείρεσθαι,
2779 2189 3025 2261 ἀνάθεμα
3063 2190 3220 2243 ἔστω.
3260 2206 3280 2241 ι
3313 2190 3370 2246 Si
3398 2190 3524 2261 quis
3548 2190 3635 2244 di-

2051 2290 2129 2344 cit
2163 2300 2257 2343 aut
2304 2288 2473 2341 sentit
2506 2285 2724 2356 globosa
2767 2285 3043 2339 hominum
3088 2284 3337 2339 suscitari
3378 2297 3636 2351 corpora.

2054 2396 2153 2436 nec
2180 2380 2469 2435 confitetur
2499 2393 2596 2433 nos
2628 2388 2802 2433 rectos
2831 2377 3113 2440 suscitari,
3134 2376 3420 2429 anathema
3452 2385 3631 2428 esto.»

2055 2472 2285 2527 Damnat
2307 2472 2359 2526 id
2394 2472 2567 2541 ipsum
2610 2471 2662 2525 in
2707 2470 2940 2539 Origene
2976 2480 3031 2525 et
3058 2469 3177 2523 fuse
3200 2467 3445 2523 confutet
3469 2468 3635 2521 Anti-

2052 2574 2206 2635 pater
2255 2564 2565 2618 Bostrensis
2626 2563 2911 2632 episcopus
2968 2562 3021 2616 in
3078 2560 3464 2615 Dissertatione
3514 2560 3631 2611 ad-

2054 2680 2227 2718 versus
2256 2661 2536 2732 Origenem
2564 2700 2578 2724 ,
2627 2659 2828 2714 inserta
2863 2657 3088 2713 Joannis
3121 2656 3441 2711 Damasceni
3474 2653 3637 2709 Eclo-

2051 2756 2127 2823 gis
2174 2753 2348 2818 titulo,
2388 2751 2526 2820 Περὶ
2553 2749 2804 2821 ἀμοιϐῆς
2830 2748 2948 2802 τῶν
2990 2743 3060 2803 εὖ
3087 2750 3224 2802 κατ’
3258 2747 3483 2815 ἀρετὴν
3497 2746 3638 2812 ,βιο-

2051 2844 2418 2907 τευσάντων,
2463 2858 2598 2913 quas
2646 2842 2856 2896 calamo
2894 2849 3147 2895 exaralas
3197 2840 3397 2894 habent
3444 2840 3638 2893 Claro—

2053 2938 2293 2992 montani
2328 2936 2515 2991 Patres
2546 2933 2833 2988 Societatis
2866 2932 3016 2987 Jesu.
3044 2933 3271 2986 Damnat
3291 2941 3347 2984 et
3370 2929 3641 2999 Nicepho-

2055 3046 2146 3083 rus
2178 3029 2270 3083 lib.
2303 3044 2442 3090 xv",
2479 3043 2600 3097 cap.
2629 3026 2723 3080 27.
2762 3025 2876 3079 Huc
2899 3034 3110 3094 spectat
3139 3024 3267 3078 illud
3312 3023 3637 3095 Hieronymi

369 3118 485 3171 τόν.
524 3136 543 3170 ι
582 3118 678 3174 His
715 3122 860 3174 enim
902 3121 991 3189 qui
1037 3121 1368 3176 immortales
1408 3132 1700 3177 evaserunt
1727 3124 1950 3178 omnino
1977 3144 2018 3198 ε
2053 3122 2211 3192 epist.
2239 3121 2329 3186 6|,
2356 3122 2419 3173 ad
2443 3118 2789 3179 Panmtacb.,
2827 3133 2944 3187 cap.
2978 3117 3045 3172 10
3081 3136 3097 3172 :
3128 3137 3147 3170 ι
3179 3116 3271 3173 Sic
3295 3127 3348 3173 et
3374 3116 3642 3172 Dominus

369 3225 745 3278 supervacuus
795 3220 882 3266 est
939 3225 1104 3266 sexus
1144 3213 1448 3267 muliebris.
1509 3232 1526 3265 ι
1584 3213 1949 3269 Consulantur

372 3312 630 3366 praeterea
646 3302 978 3356 Athanasius
1012 3318 1179 3357 serm.
1228 3304 1261 3358 3
1285 3315 1469 3358 cantra
1504 3305 1755 3369 Arianos,
1795 3306 1950 3362 Basi-

372 3397 474 3451 lius
505 3397 557 3449 ἔτι
591 3398 779 3463 psulm.
814 3411 962 3461 sxw,
997 3396 1231 3452 Hilarius
1265 3413 1389 3453 can.
1422 3399 1494 3453 2'5
1528 3400 1583 3452 in
1608 3399 1826 3467 Matth.,
1854 3417 1947 3454 ea-

371 3492 493 3542 dem
527 3487 742 3541 illorum
790 3502 912 3542 esse
943 3490 1330 3559 propemodum
1372 3506 1437 3546 ac
1478 3490 1729 3561 Origenis
1782 3507 1945 3547 causa

372 3580 662 3648 superbae
690 3581 990 3651 quaestione
1036 3581 1104 3637 de
1142 3582 1428 3637 beatorum
1471 3598 1760 3653 corporum
1814 3600 1946 3639 sexu

371 3673 640 3741 raperietu
649 3688 690 3727 r.

442 3762 532 3818 IX.
560 3764 616 3819 Si
642 3764 883 3819 animam
910 3765 963 3820 in
991 3766 1398 3823 resurrectione
1429 3766 1573 3821 aliud
1608 3776 1947 3836 recepturam

442 4016 556 4088 (I7)
588 4016 937 4088 hletaplirast.
973 4019 1027 4072 in
1071 4016 1190 4072 Vita
1217 4016 1452 4088 Cyriaci.

443 4087 555 4155 (48)
590 4086 744 4151 Quod
780 4090 825 4141 si
848 4091 921 4141 ita
947 4091 1168 4142 sensisse
1192 4086 1454 4141 constare!
1495 4086 1799 4157 Origenem,
1835 4098 1946 4143 etc.

372 4157 538 4211 Certe
567 4172 797 4225 corpora
834 4158 1134 4213 rcelestium
1167 4158 1386 4227 globosa
1409 4173 1529 4210 esse
1556 4171 1739 4226 aperte
1791 4160 1951 4213 docet

371 4228 639 4299 Origenes
665 4227 761 4299 lib.
793 4227 871 4299 De
902 4232 1161 4289 oratione,
1197 4229 1466 4299 tinnul’il,
1499 4227 1717 4292 p.1268:
1755 4230 1950 4299 Ἐσχη-

374 4297 633 4368 ματίσθαι
665 4298 773 4369 γὰρ
792 4298 900 4370 τῶν
934 4299 1271 4370 ἐπουρανίων
1297 4298 1399 4370 ,τά
1443 4298 1692 4370 σώματα,
1727 4300 1803 4363 ὡς
1854 4297 1951 4352 atati.

370 4370 571 4436 γόνατα
608 4368 891 4438 σωματικὰ
926 4368 1249 4439 ἓχεινίαὺτὲι,
1285 4368 1686 4437 ὑπολαμϐάνειν
1710 4370 1768 4421 οὐ
1805 4370 1948 4422 πάνυ

370 4457 423 4492 τι
454 4441 596 4561 χρέὲ·
634 4440 989 4563 σφαέροειδών
1026 4439 1175 4510 παρὰ
1214 4441 1327 4502 τοῖς
1352 4439 1594 4510 ἀκριϐῶς
1648 4442 1779 4511 περὶ
1828 4441 1951 4493 τού-

370 4528 479 4562 των
574 4510 749 4563 ιειληω
786 4528 870 4562 σιν
913 4510 1378 4563 ἀποδεδειγμένων
1409 4509 1588 4562 αὐτῶν
1616 4512 1724 4563 τῶν
1759 4513 1949 4563 σωμά-

370 4528 479 4562 των
541 4509 870 4581 διειληφόσιν
913 4509 1378 4581 ἀποδεδειγμένων
1409 4509 1949 4581 αὑτῷνίτῶνήσωμά-

370 4598 498 4652 των,
548 4580 605 4632 Ὁ
625 4578 797 4652 δὲμὴ
834 4580 1153 4652 βουλόμενος
1183 4578 1339 4652 τοῖιτο
1372 4578 1950 4652 παραδέξωθαιέκαὶ

372 4650 473 4739 :15
511 4651 700 4721 χρείας
726 4648 955 4739 ἑκάστου
975 4648 1112 4739 (τῶν
1144 4650 1361 4739 μεξιῶνζ
1377 4648 1464 4739 ἱνα
1490 4651 1589 4739 id}!
1611 4652 1789 4739 μάτην
1898 4669 1949 4704 τι

370 4720 899 4793 δεδημιουργημένων
930 4721 1110 4793 αὐτοῖς
1136 4720 1240 4772 ὑπὸ
1272 4720 1540 4793 τοιῖρεοῦ,
1572 4720 1666 4774 ἐὰν
1698 4720 1772 4793 μὴ
1800 4720 1952 4776 ἄναι-

372 4791 594 4865 δεύηᾼται
634 4790 771 4865 πρὸς
818 4791 909 4865 τδν
961 4791 1139 4865 λόγον,
1182 4790 1564 4865 παραδέξεται,
1614 4790 1951 4865 ἑκατέρωθεν

375 4860 767 4943 πτιαίωνιλεῖτε
799 4864 959 4932 φήσει
1002 4862 1135 4943 μέλη
1200 4860 1448 4943 σώματος
1488 4863 1703 4943 μάτηνῂ
1726 4860 1821 4942 καὶ
1873 4864 1949 4943 μὴ

372 4933 466 4985 ἐπὶ
486 4932 562 5001 τῷ
583 4932 697 5003 ἰδίῳ
730 4932 873 5003 ἔργῳ
896 4934 1196 5002 γεγονέναι,
1228 4932 1409 5003 αὐτοῖς
1426 4932 1529 4984 ὑπὸ
1549 4932 1640 4985 τοῦ
1666 4933 1822 4997 Θεοῦ,
1842 4932 1951 4986 εἴτε

374 5004 492 5089 ἐρεῖ
535 4984 608 5055 τὰ
651 4984 1016 5089 βγκξιτάίκαὶ
1060 4984 1950 5089 τὸήὶὰζπευομμῖμένονὲντεροξ,

378 5073 514 5131 ἰδίας
542 5073 729 5142 χρείας
755 5074 1042 5137 ἐπιτελεῖν,
1071 5074 1163 5127 καὶ
1181 5074 1239 5125 ὲν
1270 5075 1381 5135 τοῖς
1399 5073 1762 5143 ἐπουρανίοις.
1810 5076 1949 5142 Σφο-

374 5143 475 5215 δρα
510 5142 567 5195 δὲ
599 5143 795 5215 μωρῷς
826 5144 1321 5215 ἀναστραφήσεται,
1351 5142 1446 5197 ἐὰν
1479 5142 1675 5215 τρόπον
1702 5145 1950 5215 άνδριάν-

375 5161 475 5215 ορα
510 5161 567 5195 οε
599 5161 795 5213 μωρως
826 5161 1321 5215 αναστραφησεται,
1351 5161 1446 5197 εαν
1479 5161 1508 5194 τ
1547 5161 1675 5197 οπον
1702 5161 1950 5215 ανοριαν-

375 5231 484 5285 των
526 5212 961 5285 τιςῗνομίζῃίτὴν
994 5215 1091 5283 μὲν
1115 5214 1435 5285 ἐπιφάνειαν
1468 5161 1633 5285 μὲνην
1675 5211 1813 5268 εἶναι
1860 5217 1953 5269 ἀνα

378 5284 704 5353 θρωποειδῆ,
728 5283 993 5336 οὐκέτιδὲ
1024 5286 1118 5338 καὶ⁸
1143 5283 1213 5337 τὰ
1230 5285 1286 5336 ὲν
1327 5283 1503 5353 βάθει.
1543 5305 1561 5336 ι
1591 5283 1782 5354 Neque
1806 5286 1950 5338 enim

380 5355 487 5409 idlo
528 5358 685 5407 modo
716 5356 1009 5422 putandum
1036 5366 1123 5408 est
1145 5356 1215 5408 ita
1253 5356 1587 5408 conformata
1630 5371 1754 5409 esse
1785 5356 1949 5409 caele-

378 5426 540 5479 stium
590 5440 851 5493 corpora,
901 5433 959 5477 ιιι
1003 5440 1173 5494 genua
1205 5427 1366 5478 etiam
1394 5440 1654 5493 corporea
1691 5425 1949 5486 habeant.

380 5511 503 5546 rum
530 5499 756 5549 rotunda
787 5510 906 5549 esse
944 5508 1130 5549 eorum
1169 5510 1393 5562 corpora
1428 5496 1851 5551 demonstratum
1882 5499 1952 5549 sit

380 5564 542 5635 abiis
574 5566 665 5633 qui
696 5574 947 5619 accurate
974 5566 1075 5620 ista
1113 5572 1433 5619 tractarunt.
1456 5566 1513 5617 Id
1544 5568 1635 5635 qui
1666 5568 1951 5620 admittere

386 5634 541 5699 nolit,
576 5636 623 5687 is
644 5635 743 5688 nisi
774 5637 966 5689 rationi
1002 5637 1342 5703 impudenter
1374 5634 1610 5702 resistat,
1633 5638 1795 5692 etiam
1834 5639 1948 5690 sin-

385 5707 629 5771 gulorum
659 5722 810 5758 usum
845 5705 1210 5759 membrorum
1234 5746 1247 5766 ,
1285 5722 1349 5760 ne
1373 5708 1500 5774 quid
1542 5708 1594 5761 in
1623 5710 1705 5763 Itis
1739 5725 1767 5761 a
1801 5724 1948 5762 sum-

388 5790 477 5830 mo
516 5775 722 5831 artifice
755 5775 863 5833 Deo
892 5776 1093 5833 frustra
1127 5775 1327 5833 factum
1355 5779 1444 5846 sit,
1474 5779 1759 5836 admittere
1789 5795 1945 5851 coge-

2059 3222 2244 3268 noster
2278 3212 2331 3267 iii
2364 3222 2547 3266 monte
2578 3214 2995 3281 transﬁguratus
3020 3220 3106 3265 est
3134 3210 3186 3264 in
3216 3209 3411 3280 gloria,
3448 3226 3555 3264 non
3576 3220 3642 3265 ut

2057 3321 2245 3360 manus
2286 3320 2350 3359 ac
2399 3305 2587 3375 pedes,
2625 3315 2933 3374 cmteraque
2981 3302 3217 3359 membra
3249 3305 3525 3372 perderet,
3582 3315 3642 3358 et

2050 3396 2234 3452 subito
2270 3395 2322 3448 in
2353 3396 2694 3450 rotunditate
2715 3395 2799 3449 vel
2827 3396 2978 3460 solis,
3012 3394 3094 3449 vel
3143 3393 3370 3462 Spbasra:
3391 3393 3643 3447 volvere-

2054 3502 2161 3555 tur,
2219 3491 2312 3545 sed
2361 3491 2550 3543 eadem
2610 3488 2853 3543 membra
2910 3486 3042 3542 solis
3096 3487 3302 3558 fulgore
3352 3488 3639 3542 rutilantia

2056 3583 2424 3654 apostolorum
2455 3580 2644 3636 oculos
2670 3580 3123 3650 perstringerent.
3159 3598 3178 3632 ι

2126 3670 2242 3744 (48)
2277 3671 2428 3739 Quod
2469 3671 2512 3723 si
2565 3672 2636 3723 ita
2683 3670 2918 3724 sensisse
2953 3677 3225 3724 constaret
3257 3667 3571 3739 Origeneru,
3607 3684 3640 3723 ι

2059 3767 2283 3821 Platone
2321 3764 2451 3819 iIIue
2490 3762 2784 3831 impulsum
2834 3760 3005 3817 fuisse
3047 3762 3280 3816 dicerem
3304 3800 3319 3826 ,
3348 3763 3439 3831 qui
3470 3763 3636 3816 tinem

2060 4028 2181 4081 tur;
2213 4016 2471 4085 utrinque
2493 4013 2792 4079 offendens,
2820 4014 2936 4067 sive
2980 4012 3123 4085 dicat
3169 4023 3352 4081 partes
3381 4014 3640 4085 corporis

2058 4087 2280 4152 frustra,
2311 4082 2409 4140 nec
2434 4086 2500 4139 ad
2529 4085 2799 4154 proprium
2824 4082 3158 4150 singularum
3188 4098 3324 4150 Opus
3353 4084 3435 4137 eis
3458 4098 3490 4135 a
3528 4083 3642 4137 Deo

2058 4161 2211 4211 datas
2244 4172 2394 4221 esse;
2433 4156 2545 4209 sive
2574 4155 2719 4207 dicat
2750 4156 2956 4206 viscera
2995 4162 3046 4203 et
3075 4164 3281 4206 rectum
3316 4154 3639 4207 intestinum

2060 4229 2305 4296 proprios
2350 4242 2478 4280 usus
2513 4226 2564 4278 in
2609 4223 2927 4296 coelestibus
2979 4222 3229 4296 obtinere
3274 4226 3627 4291 corporibus.

2059 4293 2387 4353 Stultissinte
2420 4308 2598 4349 autem
2650 4304 2773 4363 aget
2822 4293 2913 4362 qui
2966 4293 3178 4361 putabit
3227 4306 3288 4347 ea
3326 4304 3641 4349 smtuarum

2061 4384 2209 4423 more
2266 4369 2554 4423 humanam
2607 4366 2840 4431 speciem
2893 4364 2945 4415 iti
2993 4365 3107 4417 sola
3160 4364 3470 4431 superﬁcie,
3530 4383 3639 4418 nou

2057 4442 2216 4492 etiam
2250 4438 2301 4491 in
2352 4437 2727 4507 penitioribus
2764 4435 2986 4507 habere.
3017 4454 3067 4507 Α»
3096 4433 3295 4507 dl’orro
3344 4451 3472 4488 cum
3508 4452 3640 4490 sex-

1985 4494 2028 4548 ί)
2055 4509 2230 4562 (διειιιίε
2271 4508 2323 4561 ili
2352 4494 2491 4559 locis
2525 4506 2671 4559 dicat
2695 4504 2953 4573 Origenes
2985 4504 3192 4558 similes
3223 4520 3321 4559 tios
3371 4517 3497 4573 post
3550 4524 3638 4560 re-

2056 4581 2453 4632 surrectionem
2504 4575 2714 4641 angelis
2746 4590 3026 4633 evasuros,
3067 4592 3130 4628 ac
3159 4579 3468 4640 praesertim
3501 4588 3636 4629 tom.

2054 4664 2163 4715 xv'tt
2189 4650 2245 4702 in
2275 4648 2494 4708 Matth”
2524 4662 2683 4715 ιιιιιιι,
2699 4646 2789 4705 50,
2808 4660 2930 4715 pag.
2955 4646 3013 4696 8I
3028 4646 3222 4708 5,8”,
3247 4646 3331 4698 tibi
3352 4647 3463 4698 ait:
3496 4646 3639 4715 Ἐγὼ

2052 4719 2095 4771 δ’
2127 4714 2277 4789 οἶμαι
2310 4717 2399 4771 διὰ
2423 4716 2626 4789 τούτων
2670 4714 3071 4789 δηλοῦσΘΫαιΑὸτι
3101 4717 3161 4789 οὐ
3202 4716 3363 4789 μόνον
3398 4717 3549 4789 πατὰ
3580 4717 3639 4769 τὸ

2055 4789 2129 4860 μὴ
2154 4784 2372 4860 γαμεῖν,
2428 4788 2522 4860 καὶ
2551 4786 2612 4837 τὸ
2643 4785 2717 4860 μὴ
2747 4784 3062 4860 γαμεῖσθαι,
3097 4788 3173 4849 ὡς
3200 4787 3247 4860 οἱ
3275 4786 3331 4860 ἐν
3362 4788 3445 4855 τῷ
3472 4789 3640 4857 οὐρι-

2052 4856 2127 4930 νῷ
2152 4856 2369 4928 ἄγγελοι
2394 4859 2630 4930 γίνονται
2732 4856 3142 4930 κατα-ξιούμενοι
3169 4856 3269 4925 τῆς
3304 4856 3370 4908 ἐκ
3424 4856 3637 4930 νεκρῶν

2052 4927 2425 4999 ἀναστάσεωςζ
2458 4927 2592 4981 ἀλλὰ
2622 4927 2715 4999 καὶ
2752 4927 2892 4979 κατὰ
2924 4929 2985 4999 re
3046 4928 3635 4999 μετασχηματιζόμενα

2052 5001 2229 5053 αὐτῶν
2260 5000 2326 5052 τὰ
2355 4998 2583 5069 σώματα
2610 4998 2709 5069 τῆς
2747 4997 3123 5069 ταπεινώσεως
3169 4998 3413 5069 γίνεσθαι
3450 4997 3634 5051 1-5117.-

2051 5070 2315 5135 τα,ὁποῖά
2339 5066 2545 5122 ἐστιτὰ
2575 5068 2683 5120 τῶν
2715 5067 2959 5136 ἀγγέλων
2991 5066 3231 5139 σώματα,
3267 5068 3508 5139 αἰθέρια,
3542 5072 3634 5123 καὶ

2053 5142 2329 5209 αὐγοειδὲς
2362 5140 2523 5208 φῶς..
2551 5158 2569 5188 ι
2617 5139 2727 5205 Ego
2756 5154 2885 5191 vero
2930 5138 3082 5191 inde
3110 5138 3456 5193 manifestum
3516 5144 3630 5195 ﬁeri

2052 5227 2268 5281 opinor,
2301 5226 2404 5262 non
2435 5226 2501 5281 ex
2523 5224 2588 5263 eo
2617 5210 2782 5263 solum
2795 5209 2952 5281 modo
2981 5210 3124 5278 quod
3152 5224 3325 5281 neque
3348 5213 3634 5265 matrimo-

2053 5280 2200 5337 nium
2258 5280 2617 5340 contrahant,
2673 5292 2850 5347 neque
2899 5280 3177 5333 eleuentur
3229 5280 3319 5348 qui
3384 5296 3630 5333 resume

2054 5356 2234 5407 ctione
2257 5368 2284 5404 a
2316 5363 2543 5405 mortuis
2574 5350 2719 5418 digni
2762 5349 3045 5413 habentur,
3083 5350 3288 5419 angelis
3316 5351 3441 5403 coeli
3473 5352 3629 5405 simi—

2054 5424 2132 5478 les
2179 5422 2436 5489 evadere;
2482 5420 2574 5475 sed
2622 5436 2687 5474 ex
2736 5435 2800 5473 eo
2833 5421 2995 5491 etiam
3043 5422 3184 5487 quod
3237 5425 3627 5491 transﬁgurata

2055 5493 2276 5548 humilia
2309 5507 2500 5545 eorum
2528 5504 2755 5558 corpora
2788 5529 2803 5550 ,
2842 5489 2965 5543 talia
2990 5491 3240 5555 evadant,
3269 5489 3456 5559 qualia
3503 5505 3629 5547 sunt

2053 5578 2281 5632 corpora
2328 5562 2665 5629 angelorum,
2696 5562 2919 5632 aitbcria
2970 5560 3198 5623 scilicet,
3223 5570 3274 5614 et
3302 5563 3632 5632 ,splendida'.

2054 5631 2163 5688 luci
2202 5633 2538 5698 consimilia;
2576 5631 2869 5706 I_Sequlllt_l'
2901 5645 3127 5706 corpora
3172 5631 3453 5687 hominum
3508 5644 3631 5706 post

2053 5706 2506 5761 resurrectionem
2532 5704 2789 5774 spliarrica
2827 5701 2941 5757 fore
2960 5702 3218 5757 sensisse.
