3860 6226
246 339 349 396 993

1089 340 1661 400 ORIGENIANORUM
1702 342 1831 400 LIB.
1868 344 1934 409 ll,
1976 345 2129 402 CAP.
2172 347 2234 411 ll,
2270 345 2553 414 QU;EST.
2596 347 2689 401 IX.

3402 351 3507 408 9M

245 457 477 527 ponebat
513 456 833 530 ἐξομοίωσιν
863 459 943 531 τῷ
988 459 1128 531 Θεῷ,
1168 463 1334 517 Deum
1383 473 1563 517 autem
1598 477 1821 533 corpore

1929 464 2090 519 simul
2132 477 2188 520 et
2216 466 2384 522 semel
2418 484 2431 521 :
2464 480 2571 520 non
2600 467 2777 535 prima
2810 464 3118 534 justorum,
3164 477 3222 523 et
3269 472 3510 525 secunda

244 552 374 607 licet
398 561 674 608 carentem
701 593 717 618 ,
763 553 939 610 forma
969 557 1190 626 globosa
1231 556 1515 625 praeditum
1544 556 1781 626 [lugebat
1804 596 1821 621 ,

243 646 698 715 quemadmodum
732 657 787 703 et
817 646 1204 719 Xenophanes,
1224 660 1283 703 ut
1312 657 1397 704 est
1427 650 1568 719 apud
1601 649 1823 705 Cicero-

244 752 367 792 nem
390 751 444 791 tv
479 736 752 801 Acacium,
776 746 831 792 et
867 736 1152 793 Laertium
1198 740 1256 793 in
1291 736 1539 803 Platone,
1563 748 1619 793 et
1643 736 1824 793 Xeno-

244 831 415 898 phane
468 845 488 883 :
551 841 617 884 ac
680 831 906 899 proinde
957 833 1156 888 animis
1196 831 1359 887 ﬁnem
1406 846 1563 887 suum
1615 832 1824 901 adeptis

245 920 564 991 sphaericam
592 920 820 976 formam
863 922 1101 977 tribuere
1137 921 1455 993 cogebatur.
1494 919 1599 975 Sed
1632 919 1823 975 Hiero-

246 1025 440 1083 nymus
468 1014 626 1083 epist.
675 1013 765 1075 59.
812 1015 878 1066 ad
907 1013 1079 1077 Avit.,
1125 1029 1244 1083 cap.
1278 1014 1345 1081 5,
1382 1015 1544 1069 verba
1569 1012 1821 1083 Origeuis

242 1106 437 1158 recitat
471 1119 503 1160 e
551 1104 691 1160 libro
730 1119 791 1159 ιιι
834 1105 972 1173 Περὶ
1025 1104 1251 1175 ἀρχῶν,
1287 1121 1407 1175 cap.
1450 1105 1524 1171 6,
1572 1121 1722 1159 num.
1765 1107 1818 1171 l,

240 1203 438 1273 quibus
460 1204 707 1259 homines
754 1206 831 1259 ait
865 1220 1095 1275 corpora
1134 1207 1341 1262 idcirco
1370 1208 1736 1277 deposituros,
1763 1222 1820 1262 ut

242 1295 351 1350 Deo
382 1296 587 1351 similes
630 1297 740 1351 sint
767 1337 784 1362 ,
828 1298 982 1367 juxta
1034 1298 1161 1353 illud
1199 1297 1515 1357 Servatoris
1562 1302 1653 1356 ὀε
1692 1320 1711 1353 ι
1750 1301 1819 1357 Ut

238 1392 513 1456 quomodo
539 1402 640 1458 ego
669 1396 723 1442 et
753 1397 805 1442 tu
836 1403 1000 1444 unum
1021 1405 1234 1458 sumus,
1266 1392 1348 1446 sic
1377 1401 1433 1446 et
1460 1392 1546 1447 isti
1576 1392 1626 1447 in
1663 1393 1820 1449 nobis

241 1493 409 1533 unum
442 1481 571 1534 sint.
619 1498 642 1534 ι
677 1478 903 1535 Demutn
936 1480 1015 1536 sic
1048 1484 1125 1537 ait
1158 1500 1173 1538 :
1212 1502 1231 1535 ι
1267 1481 1309 1536 Ε
1336 1484 1547 1539 duobus
1585 1485 1815 1539 alterum

237 1572 510 1641 suscipere
539 1571 800 1643 cogimur,
832 1582 887 1626 ut
916 1585 1009 1629 aut
1031 1575 1382 1644 desperemus
1407 1577 1817 1634 similitudinem

241 1663 355 1731 Dei,
384 1665 429 1719 si
455 1667 641 1719 eadem
688 1679 903 1734 semper
925 1681 1114 1721 sumus
1138 1682 1367 1736 c0rpora
1422 1669 1692 1738 habituri;
1727 1680 1820 1725 aut

1926 567 2292 624 peccatorum,
2340 568 2398 612 ut
2450 557 2632 612 fabula
2680 566 2765 613 est
2802 561 3233 628 somniatorunt,
3272 562 3367 616 sed
3404 578 3510 617 una

1924 648 2191 704 omnium.
2235 667 2255 701 ι
2292 648 2444 704 Hanc
2488 658 2670 717 autem
2699 648 2821 705 fore
2865 652 3182 722 resurgeudi
3239 653 3506 708 rationem

1925 739 2117 794 deﬂuit
2148 740 2447 810 Origenes:
2474 757 2916 813 unumquemque
2956 755 3117 813 prout
3153 760 3273 801 sese
3308 747 3361 801 in
3393 748 3505 801 vita

1925 834 2180 900 gesserit,
2209 834 2446 889 crassius
2475 834 2799 890 subtiliusve
2824 851 2853 889 a
2886 835 2996 891 Deo
3030 852 3232 907 corpus
3254 848 3505 908 acceptu-

1925 939 2065 977 rum.
2100 941 2121 975 ι
2163 924 2326 989 Sane,
2353 944 2374 979 ι
2422 924 2600 995 inquit
2622 924 2714 979 lib.
2741 940 2781 980 ιι
2818 926 2893 979 De
2924 942 3233 992 resurrect.,
3260 945 3381 1000 pag.
3409 930 3502 996 δι,

1932 1034 1952 1067 ι
1999 1016 2178 1085 qualis
2221 1015 2391 1072 fuerit
2440 1017 2869 1088 uniuscujusque
2922 1023 3244 1088 preparatio
3295 1023 3347 1077 in
3402 1023 3503 1077 bac

1923 1109 2057 1173 vita,
2084 1109 2207 1164 talis
2234 1109 2339 1163 erit
2361 1116 2415 1163 et
2456 1112 2787 1164 resurrectio
2821 1110 2962 1179 ejus.
2993 1112 3093 1178 Qui
3144 1113 3358 1167 beatius
3410 1115 3499 1169 hic

1923 1203 2159 1267 vixerit,
2226 1216 2425 1272 corpus
2478 1199 2596 1271 ejus
2654 1202 2707 1257 in
2772 1205 3177 1260 resurrectione
3232 1206 3504 1261 diviniore

1920 1294 2207 1365 Splendore
2236 1294 2478 1366 fulgebit,
2504 1304 2561 1349 et
2599 1304 2726 1365 apta
2766 1306 2822 1349 et
2851 1297 3062 1350 mansio
3090 1296 3376 1353 beatorum
3402 1299 3501 1353 tri-

1920 1388 2115 1443 buetur
2153 1387 2420 1442 locorum.
2460 1387 2592 1442 Iluic
2618 1402 2746 1441 vero
2785 1389 2875 1457 qui
2920 1389 2973 1444 in
3015 1390 3219 1443 malitia
3250 1405 3505 1445 consum-

1920 1484 2092 1550 pserit
2142 1494 2354 1550 tempus
2396 1481 2499 1537 sibi
2541 1482 2667 1536 vitae
2713 1483 3000 1549 praesentis
3041 1483 3307 1538 indultum
3332 1523 3348 1547 ,
3392 1483 3502 1539 tale

1918 1574 2136 1629 dabitur
2166 1588 2366 1643 corpus
2410 1573 2555 1643 quod
2594 1572 2840 1629 sufﬁcere
2882 1584 2938 1629 et
2976 1576 3282 1645 perdurare
3328 1579 3501 1644 possit

1920 1666 1971 1720 iu
2000 1667 2198 1736 pinnis,
2236 1686 2255 1719 ι
2288 1676 2395 1721 etc.
2439 1666 2715 1721 lterantur
2761 1668 2951 1723 eadem
2986 1668 3079 1722 lib.
3136 1684 3171 1723 ιι
3222 1670 3359 1737 Περὶ
3400 1670 3502 1739 ἀρ-

235 1756 281 1810 si
316 1755 594 1811 beatitudo
628 1755 789 1811 nobis
821 1752 1065 1821 ejusdem
1088 1773 1211 1812 cum
1240 1758 1352 1814 Deo
1385 1760 1512 1813 vita:
1536 1761 1814 1829 promitti-
1846 1825 1880 1832 _
1916 1757 2063 1828 χῶν,
2101 1774 2220 1829 cap.
2258 1760 2312 1826 5,
2340 1770 2396 1814 et
2425 1774 2545 1830 cap.
2577 1759 2664 1823 l0,
2704 1776 2856 1814 num.
2882 1759 2941 1826 2,
2972 1760 3025 1826 3,
3057 1771 3113 1815 et
3148 1761 3238 1815 lib.
3264 1778 3346 1826 ιιι,
3376 1778 3496 1832 cap.

238 1856 346 1913 tur,
368 1848 553 1901 eadem
587 1862 692 1917 qua
721 1847 852 1903 vivit
897 1848 1036 1903 Deus
1074 1847 1229 1903 nobis
1266 1825 1583 1904 conditione
1622 1850 1811 1906 viven-
1841 1825 1886 1881 Β
1917 1825 1971 1914 li,
2008 1825 2270 1916 ιιιιιιιίιη
2299 1825 2390 1905 ubi
2442 1825 2509 1906 ad
2542 1861 2738 1907 cetera
2796 1825 2932 1907 illud
2965 1854 3173 1922 adjicit,
3213 1825 3499 1924 postquam

234 1939 363 1993 dum
404 1947 508 1992 est.
554 1957 573 1991 ι
609 1936 745 1993 Tum
791 1940 1196 2011 Hieronymus:
1234 1957 1253 1991 ι
1290 1939 1365 1994 Ex
1409 1941 1607 2010 quibus
1634 1944 1812 1996 omni-

232 2035 333 2089 bus
369 2034 718 2103 approbatur,
767 2036 895 2105 quid
953 2037 1019 2090 de
1066 2036 1465 2091 resurrectione
1510 2037 1734 2093 sentiat.
1783 2057 1803 2093 ι

236 2127 402 2180 Deum
433 2126 593 2196 plane
636 2126 1043 2196 incorporeum,
1066 2136 1126 2181 ut
1169 2135 1277 2192 est,
1331 2127 1405 2182 ita
1438 2144 1560 2185 esse
1584 2132 1812 2199 putabat

230 2218 499 2287 Origenes
522 2260 537 2286 ,
586 2234 651 2274 ac
708 2219 829 2275 ideo
876 2220 1023 2274 omni
1080 2219 1250 2290 ligura
1284 2235 1477 2275 carere
1507 2239 1521 2278 :
1552 2222 1647 2293 qui
1678 2238 1807 2294 ergo

231 2313 450 2382 globosa
479 2327 706 2382 corpora
738 2313 1023 2367 habituras
1048 2314 1260 2368 animas
1297 2314 1405 2368 reri
1441 2316 1636 2384 putuit,
1669 2331 1807 2386 quas

230 2406 434 2461 similes
482 2405 690 2460 futuras
724 2405 946 2476 putabat
992 2404 1101 2459 Deo
1129 2446 1143 2469 ,
1176 2421 1337 2474 quem
1372 2422 1603 2475 corpore
1639 2423 1705 2463 ac
1745 2408 1808 2462 ii-

232 2513 365 2569 gura
399 2512 588 2553 carere
620 2497 1033 2553 arbitrabatur?
1058 2498 1244 2568 Itaque
1268 2499 1363 2553 lib.
1386 2516 1420 2553 ιι
1449 2498 1525 2553 De
1552 2500 1804 2570 princip.,

230 2604 352 2659 cap.
400 2588 486 2653 l0,
527 2604 678 2643 num.
709 2588 765 2656 2,
817 2590 1081 2659 quosdam
1126 2591 1447 2659 impugnans
1477 2592 1761 2647 haereticos
1787 2634 1802 2658 ,

230 2684 323 2751 qui
360 2682 821 2737 resurrectionem
868 2680 1109 2749 funditus
1154 2682 1436 2748 tollebant,
1487 2701 1507 2735 ι
1551 2683 1806 2754 Require-

229 2792 375 2839 mus,
406 2775 605 2845 inquit,
639 2776 705 2828 ab
753 2775 853 2839 eis,
880 2774 923 2828 si
956 2784 1183 2846 possunt
1214 2777 1369 2830 nobis
1395 2776 1657 2847 spiritalis
1689 2792 1807 2832 cur-

228 2869 379 2939 poris
406 2868 653 2923 habitum
678 2868 1056 2923 demonstrare
1092 2881 1256 2937 atque
1286 2870 1619 2934 describere,
1657 2874 1802 2939 quod

228 2964 415 3031 utique
451 2959 594 3013 nullo
624 2959 785 3013 modo
823 2962 1003 3013 facere
1043 2970 1326 3030 poterunt.
1370 2978 1389 3011 ι
1422 2960 1585 3016 Vides
1614 2962 1802 3017 incon-

227 3053 481 3108 stantiam
513 3052 747 3107 hominis
771 3092 786 3115 ,
817 3052 1014 3106 auitnis
1040 3052 1322 3106 suscitatis
1346 3066 1573 3122 corpora
1613 3053 1799 3108 detra--

228 3145 409 3201 hentis
439 3160 853 3215 nonnunquam,
883 3157 1267 3212 nonnunquam
1300 3141 1609 3213 aﬂiitgeutis
1630 3180 1647 3207 ,
1702 3157 1801 3199 nec

228 3252 326 3306 pro
350 3246 496 3292 certo
522 3235 773 3292 habentis
804 3249 1159 3307 ecquatnnam
1184 3233 1273 3288 illa
1295 3232 1523 3304 ﬁguram
1550 3232 1797 3295 habitura

226 3339 356 3384 snit.

297 3486 367 3541 Χ.
410 3486 612 3543 Scribit
643 3484 907 3552 Origenes
956 3492 1087 3537 tom.
1141 3495 1253 3537 xvn
1298 3482 1354 3536 in
1385 3481 1603 3547 Matth"
1646 3498 1796 3538 num.

224 3581 313 3643 55,
344 3580 616 3634 neminem
661 3593 690 3632 a
728 3578 959 3633 mortuis
984 3576 1049 3629 iri
1078 3575 1426 3637 suseitatum,
1470 3575 1562 3644 qui
1594 3576 1648 3629 in
1696 3576 1800 3631 hac

223 3672 335 3724 vita
378 3683 481 3722 non
509 3668 891 3723 decertaverit.
936 3665 1112 3719 Verba
1147 3668 1259 3719 bzec
1305 3676 1431 3718 sunt
1469 3683 1481 3719 :
1523 3666 1585 3718 El
1626 3662 1720 3720 οὖν
1740 3668 1798 3720 ὲν

224 3763 291 3832 τῇ
322 3759 677 3831 μακαριότητι
708 3759 758 3811 oi
780 3757 958 3827 γέρως
990 3754 1297 3826 ἀξιούμενοι
1320 3753 1409 3807 διὰ
1453 3755 1542 3807 τὸν
1575 3758 1797 3825 ἐνεστη-

224 3852 359 3906 κότα
406 3850 577 3905 αἰῶνα
607 3851 665 3903 ὲν
706 3843 751 3917 ᾧ
784 3847 964 3911 καλῶς
994 3847 1249 3909 ἐϐίωσαν,
1281 3848 1339 3899 ὲν
1366 3847 1550 3919 ἐκείνῃ
1588 3846 1798 3899 ἔσονται

220 3947 289 4015 τῇ
322 3942 455 4014 ζωῇ,
487 3942 580 3995 καὶ
608 3940 785 4004 οὐδεὶς
821 3939 929 3992 τῶν
978 3938 1052 4009 μὴ
1106 3937 1530 4008 ἀγωνισαμένων
1564 3936 1799 3991 ἐνταῦθα

222 4035 568 4101 καταξιοῦται
598 4037 698 4106 τῆς
725 4035 788 4086 ὲκ
810 4032 1021 4103 νεκρῶν
1048 4031 1417 4093 ἀναστάσεως,
1449 4029 1691 4100 δηλονότι
1723 4024 1798 4083 ὧν

221 4128 453 4183 ἐνταῦθα
501 4125 591 4180 διὰ
641 4125 853 4196 γένεσιν
913 4124 1070 4193 χρεία
1122 4118 1225 4193 ἦν,
1276 4123 1448 4176 ταῦτα
1505 4124 1605 4175 οὐκ
1644 4121 1797 4174 ἔσται

221 4223 355 4274 ἐκεῖ.
384 4220 533 4287 Quod
558 4220 602 4273 si
627 4218 749 4287 quis
774 4217 989 4287 colliget
1038 4217 1196 4282 inde,
1244 4216 1645 4270 resurrectione
1682 4214 1796 4283 pri-

222 4312 426 4365 vandos
482 4309 675 4379 impios
725 4307 1027 4377 Origeuem
1067 4307 1411 4362 existimasse
1441 4344 1457 4367 .
1497 4304 1712 4360 abunde
1750 4305 1797 4360 is

221 4418 342 4459 sese
380 4418 408 4456 a
437 4401 717 4472 Pamphilo
749 4402 1083 4456 coul‘utatum
1118 4398 1432 4468 intelligat,
1465 4396 1549 4453 vel
1587 4395 1656 4450 ab
1678 4396 1797 4466 ipso

220 4497 399 4563 potius
436 4491 672 4564 Origene
728 4494 783 4548 in
838 4508 904 4548 eo
956 4492 1115 4553 loco.
1154 4503 1318 4561 quem
1356 4505 1393 4545 e
1429 4490 1570 4545 libro
1626 4490 1796 4559 ipsius

224 4603 390 4642 xxvm
421 4588 475 4641 in
500 4586 702 4641 Isaiam
731 4585 939 4655 profert
970 4583 1238 4654 Apologia:
1262 4592 1471 4647 auctor,
1493 4596 1601 4651 quo
1618 4580 1796 4650 justos

217 4689 276 4735 et
307 4679 499 4750 impios
522 4694 551 4732 a
596 4678 824 4733 mortuis
847 4677 1189 4733 suscitandas
1219 4676 1498 4740 declarat;
1529 4674 1795 4744 duplicem

220 4782 400 4828 autem
439 4772 675 4827 futuram
728 4771 1233 4835 resurrectionem,
1278 4770 1510 4838 primam
1566 4766 1794 4822 alteram

212 4866 482 4937 iustorum
504 4904 517 4925 .
541 4864 768 4919 alteram
795 4864 1091 4918 secundam
1127 4862 1440 4930 impiorum,
1470 4859 1627 4928 juxta
1662 4860 1794 4915 illud

219 4958 445 5015 Joannis
478 4956 702 5028 Apocal.
726 4970 823 5023 xx,
851 4955 885 5009 5
909 4972 924 5008 :
963 4974 981 5006 ι
1012 4953 1210 5009 Beatus
1232 4962 1287 5009 et
1307 4962 1529 5009 sanctus
1555 4954 1647 5023 qui
1699 4955 1795 5009 ha-

218 5051 312 5105 bet
339 5058 544 5119 partem
577 5048 631 5101 in
672 5046 1069 5102 resurrectione
1113 5045 1285 5114 prima
1318 5062 1332 5099 :
1359 5046 1412 5100 in
1449 5045 1534 5100 bis
1558 5046 1791 5100 secunda

221 5158 370 5197 mors
426 5157 532 5196 non
596 5140 763 5195 habet
835 5147 1195 5209 potestatem;
1237 5156 1257 5190 ι
1304 5152 1409 5191 non
1458 5137 1534 5192 ita
1592 5146 1651 5191 ut
1704 5136 1794 5191 illa

222 5243 465 5301 tempore
488 5230 637 5300 prior
676 5230 747 5282 sit
787 5228 909 5291 ista,
940 5227 1034 5282 sed
1065 5228 1227 5282 modo
1262 5235 1314 5281 et
1344 5226 1574 5281 ratione.
1603 5225 1679 5279 Ex
1698 5225 1801 5281 hoc

218 5322 363 5377 enim
385 5319 610 5376 Joannis
640 5329 910 5374 commate
932 5318 1232 5373 dividendae
1257 5318 1674 5373 resurrectionis
1711 5332 1801 5373 oc-

1916 1944 2052 1997 adeo
2084 1958 2174 1997 res
2204 1943 2487 2008 redierint,
2529 1944 2789 1998 utomuia
2820 1960 2986 1998 unum
3011 1948 3141 2010 sint,
3175 1947 3315 2001 sicut
3339 1946 3500 2001 Pater

1914 2042 1969 2087 et
1997 2032 2165 2087 Filius
2196 2049 2359 2087 unum
2384 2043 2533 2098 sunt,
2567 2044 2677 2087 tum
2701 2033 2995 2089 deaituram
3030 2035 3172 2090 illam
3206 2053 3496 2107 corporum

1915 2125 2312 2180 diversitatem.
2360 2125 2495 2180 Cum
2526 2141 2658 2196 ergo
2690 2128 3097 2183 resurrectione
3122 2130 3389 2198 privatum
3429 2132 3493 2187 iri

1917 2215 2112 2286 impios
2146 2217 2282 2271 dixit
2309 2215 2595 2288 Origenes,
2644 2220 3101 2273 resurrectionem
3136 2219 3284 2275 illam
3337 2223 3495 2278 intela

1914 2307 2021 2377 lige
2058 2323 2182 2376 qua:
2214 2309 2549 2364 damnationi
2583 2308 2897 2379 opponitur.
2922 2310 2997 2364 Ita
3044 2310 3363 2368 Lactantius
3394 2313 3492 2369 lib.

1915 2415 1987 2455 vlt
2057 2401 2233 2456 Divin.
2262 2403 2515 2466 institul.,
2543 2418 2663 2471 cap.
2694 2403 2757 2457 21
2794 2421 2809 2456 :
2835 2421 2854 2455 σ
2887 2403 3038 2459 Tunc
3068 2419 3299 2474 quorum
3331 2405 3493 2459 luerit

1912 2496 2134 2563 probata
2180 2494 2424 2561 justitia,
2476 2495 2510 2547 il
2562 2496 2840 2562 pra-mium
2888 2494 3314 2551 immortalitatis
3342 2498 3485 2551 acci-

1912 2588 2097 2655 pient:
2140 2601 2371 2656 quorum
2418 2597 2598 2640 autem
2646 2598 2867 2655 peccata
2912 2598 2968 2643 et
3019 2588 3227 2643 scelera
3278 2589 3489 2644 deter-ta

1910 2676 2139 2743 fuerint,
2177 2692 2282 2733 non
2324 2689 2646 2746 resurgent;
2679 2681 2772 2734 sed
2800 2695 2922 2735 cum
2952 2681 3131 2749 impiis
3181 2681 3234 2735 in
3273 2684 3490 2736 easdem

1912 2771 2163 2825 tenebras
2192 2771 2574 2836 recondentur,
2604 2772 2670 2826 ad
2703 2784 2851 2827 certa
2874 2772 3135 2843 supplicia
3155 2774 3434 2830 destinati.
3464 2795 3484 2827 ι

1910 2862 2117 2933 Duplici
2141 2863 2344 2933 quippe
2394 2865 2555 2942 modo
2580 2865 2752 2934 accipi
2798 2873 2983 2935 potest
3010 2867 3360 2933 resurrectio,
3404 2866 3487 2921 vel

1908 2969 2006 3024 pro
2044 2955 2219 3009 reditu
2273 2957 2341 3009 ad
2390 2958 2553 3011 vitam
2577 2998 2593 3023 ,
2638 2967 2694 3012 et
2733 2972 2871 3012 nova
2909 2958 3156 3027 corporis
3195 2972 3261 3012 ac
3288 2959 3486 3013 anima:

1905 3048 2315 3117 conjunctione;
2363 3049 2445 3103 vel
2496 3065 2594 3120 pro
2640 3050 2762 3105 vitae
2806 3060 3026 3106 aeternae
3071 3051 3484 3120 acquisitione:

1906 3141 2086 3210 priore
2118 3141 2277 3195 modo
2335 3156 2525 3197 omnes
2581 3143 2832 3198 homines
2865 3158 2932 3197 ex
2977 3158 3135 3213 aequo
3169 3156 3484 3216 resurgent,

1904 3233 2202 3301 posteriore
2232 3233 2369 3304 justi
2412 3234 2698 3288 duntaxat.
2735 3234 3144 3303 Expositionem
3182 3237 3322 3292 haue
3352 3254 3484 3293 con-

1903 3324 2084 3380 ﬁrmat
2139 3326 2278 3381 alter
2309 3325 2565 3395 Origenis
2604 3326 2756 3381 locus
2804 3341 2835 3379 e
2868 3336 3001 3381 tom.
3057 3344 3153 3383 xm
3188 3329 3244 3383 in
3290 3329 3484 3387 Matth.

1902 3433 2054 3481 λνιιι,
2088 3434 2235 3472 num.
2255 3418 2317 3471 ‘21
2351 3438 2362 3473 :
2390 3420 2452 3471 Ol
2486 3418 2593 3492 γὰρ
2611 3418 2763 3481 ὄντες
2792 3419 2850 3470 ὲν
2876 3417 2955 3487 τῷ
2977 3421 3164 3490 σκήνει
3190 3419 3336 3489 ἅγιοι
3367 3437 3489 3474 στε-

1901 3509 2121 3575 νάζουσι
2156 3509 2480 3582 βαρούμενοι
2511 3510 2618 3564 ἀπὸ
2645 3510 2740 3563 τοῦ
2771 3510 2874 3579 τῆς
2894 3508 3276 3574 ταπεινώσεως
3303 3510 3487 3581 σώμα-

1898 3617 2010 3663 τος,
2039 3602 2131 3653 καὶ
2150 3602 2330 3655 πάντα
2360 3601 2688 3673 πράττουσιν
2721 3601 2809 3654 ἵνα
2839 3600 2979 3665 ἄξιοι
3003 3601 3268 3670 γένωνται
3324 3603 3484 3673 εὗρε·

1900 3688 2061 3760 θῆναι
2099 3691 2157 3742 ὲν
2187 3689 2267 3760 τῷ
2294 3691 2393 3761 τῆς
2426 3690 2775 3754 ἀναστάσεως
2814 3691 3131 3763 μυστηρίῳ·
3173 3693 3264 3745 ὅτε
3318 3709 3485 3763 μετα-

1901 3782 2227 3853 σχημαείσει
2256 3784 2284 3834 ὁ
2303 3782 2433 3846 Θεὸς
2454 3784 2515 3836 οὐ
2547 3784 2765 3837 πάντων
2794 3783 2853 3835 τὸ
2887 3782 3045 3853 σῶμα
3070 3783 3173 3854 τῆς
3214 3783 3484 3838 ταπεινώ-

1901 3891 2058 3940 σεως,
2091 3873 2226 3927 ἀλλὰ
2250 3873 2357 3927 τῶν
2390 3876 2609 3946 Χριστῷ
2638 3876 2875 3945 γνησίως
2911 3876 3482 3949 μαθητευομένων,εἰς

1898 3965 1959 4019 τὸ
2006 3964 2262 4033 γενέσθαι
2307 3964 2439 4017 αὐτὸ
2491 3964 2812 4037 σύμμορφον
2858 3966 2957 4036 τῆς
3003 3966 3163 4037 δόξης
3207 3967 3301 4020 τοῦ
3347 3969 3483 4039 Χρι-

1901 4056 2049 4111 στοῦ.
2078 4056 2132 4111 In
2159 4057 2569 4113 resurrectionis
2606 4058 2862 4129 mysterio
2908 4058 3137 4111 inveniri
3188 4073 3287 4112 nos
3319 4059 3477 4121 dicit,

1898 4151 2114 4222 quando
2155 4165 2352 4220 corpus
2407 4160 2652 4205 nostrum
2702 4150 2931 4205 mortale
2972 4151 3215 4220 glorioso
3269 4150 3475 4206 Christi

1899 4242 2112 4310 corpori
2141 4240 2319 4296 simile
2356 4242 2497 4296 Deus
2533 4239 2731 4295 eﬂiciet
2762 4257 2777 4305 ;
2821 4241 2964 4311 quod
3000 4242 3322 4298 beneﬁcium
3369 4258 3478 4297 non

1899 4333 1966 4388 ad
2002 4347 2192 4387 omnes
2236 4333 2483 4387 homines
2510 4376 2524 4399 ,
2579 4332 2673 4387 sed
2735 4333 2802 4386 ad
2848 4342 3069 4388 sanctos
3098 4336 3480 4389 tantummodo

1898 4420 2210 4491 pertinebit.
2240 4419 2540 4474 Conﬁrmat
2568 4429 2622 4475 et
2666 4419 2805 4475 alter
2852 4421 2941 4475 ille
2992 4436 3023 4475 e
3077 4420 3373 4480 Comment.
3422 4425 3479 4479 in

1828 4537 1872 4593 ι)
1898 4514 2091 4582 psalm.
2121 4528 2162 4577 ι,
2190 4526 2244 4581 p.
2272 4511 2397 4577 552,
2429 4512 2695 4567 recitatus
2734 4513 2802 4567 ab
2839 4512 3142 4583 Epiphanio
3166 4516 3301 4568 luer.
3328 4530 3476 4581 utv,

1899 4622 2017 4676 cap.
2058 4606 2125 4659 10
2144 4615 2199 4660 et
2231 4605 2319 4666 ιε,
2344 4619 2450 4675 quo
2477 4602 2841 4675 simpliciores
2863 4608 3152 4676 quosdam,
3189 4606 3356 4661 l‘retos
3386 4608 3478 4662 illo

1900 4698 2157 4754 Davidico
2192 4715 2205 4751 :
2246 4716 2265 4749 ι
2309 4697 2435 4752 Ideo
2454 4714 2559 4753 non
2590 4709 2873 4769 resurgent
2897 4699 3043 4769 impii
3071 4699 3124 4753 in
3151 4699 3472 4768 judicio“,r

1900 4791 2297 4847 resurrectione
2349 4798 2443 4845 aut
2484 4789 2691 4860 judicio
2744 4791 3050 4861 dignandos
3079 4806 3109 4845 a
3148 4790 3257 4846 Deo
3306 4793 3479 4848 malos

1899 4897 2100 4953 negare
2127 4882 2228 4946 ait,
2254 4897 2359 4936 non
2404 4883 2540 4937 satis
2565 4892 2751 4951 aperte
2796 4882 3103 4939 indicantes
3121 4884 3254 4953 quid
3288 4899 3475 4941 resur-

1901 4976 2199 5031 rectionem
2232 4981 2326 5029 aut
2350 4974 2615 5046 judicium
2642 4988 2763 5030 esse
2802 4974 3158 5031 arbitrentur.

1965 5133 2055 5189 ιιι.
2081 5133 2344 5189 Caeterum
2382 5140 2441 5186 ut
2462 5131 2598 5188 alias
2629 5131 2743 5189 fere
2776 5148 3013 5204 semper,
3042 5134 3115 5188 ita
3146 5134 3200 5190 in
3224 5135 3309 5191 his
3338 5151 3474 5207 quo—

1894 5240 2000 5297 que
2028 5228 2095 5281 de
2119 5227 2512 5281 resurrectione
2537 5226 2929 5295 quaestionibus
2965 5225 3190 5283 Platone
3213 5228 3473 5299 magistro

1896 5333 2027 5372 usus
2046 5328 2129 5373 est
2170 5316 2549 5371 Adamantius.
2576 5315 2843 5372 Futurum
2874 5317 3077 5389 quippe
3105 5318 3324 5374 aiebant
3351 5320 3471 5375 Pla-

218 5416 493 5468 casiouem
530 5412 825 5481 arripuisse
871 5425 967 5465 eos
1004 5407 1302 5463 verisimile
1349 5418 1456 5473 est,
1499 5409 1564 5463 de
1608 5408 1803 5476 quibus
1900 5409 2088 5477 tonici,
2128 5418 2186 5463 ut
2222 5408 2415 5462 auinue
2442 5409 2570 5463 olim

222 5505 533 5562 Gennadius
563 5504 655 5559 lib.
686 5503 763 5557 De
789 5507 1046 5572 dogmat.,
1079 5516 1200 5569 cap.
1232 5500 1265 5554 6
1297 5517 1309 5554 :
1340 5519 1358 5551 ι
1401 5499 1517 5554 Erit
1546 5515 1791 5555 resurre-

219 5601 327 5655 ctio
358 5608 692 5653 mortuorum
743 5594 986 5651 omnium
1014 5593 1318 5657 hominum,
1353 5593 1448 5649 sed
1479 5607 1586 5648 una
1628 5602 1681 5649 et
1710 5592 1789 5648 iu-

290 5803 334 5835 “
363 5800 518 5857 Joau.
545 5815 678 5868 xvtt,
708 5799 798 5853 21.
878 5800 919 5831 ³⁸
948 5797 1086 5857 Psal.
1122 5812 1163 5865 t,
1197 5794 1251 5850 5.

2177 5502 2428 5570 incipiant
2452 5502 2505 5555 in
2539 5516 2763 5569 corpora
2799 5501 2925 5556 velle
2954 5504 3164 5566 reverti,

2460 5594 2698 5663 (VIRGIL.
2724 5591 2944 5650 ίΕηεὲά.
2966 5610 3041 5661 vt,
3070 5610 3213 5651 vers.
3246 5594 3399 5668 75:.)
