3860 6226
401 317 507 375 995

1708 314 1767 369 P.
1809 313 2128 370 DANIELIS
2167 310 2404 368 HUETII

3564 310 3671 367 996

404 455 611 509 easque
638 440 691 494 in
720 453 951 511 corpora
979 455 1007 492 a
1033 437 1314 509 prioribus
1343 435 1553 493 diversa
1586 435 1701 490 fore
1728 451 1989 491 revocan-
2019 442 2062 497 Α
2167 432 2303 487 XIII.
2328 431 2406 486 Ex
2441 445 2601 500 supra
2646 431 2807 487 dictis
2840 430 3174 487 subvertitur
3208 428 3468 486 Methodii
3499 432 3671 485 ratio-

401 531 523 586 das.
551 531 916 587 Tertullianus
957 531 1094 586 libro
1120 529 1199 584 De
1230 537 1508 583 resurrecl.
1533 528 1731 592 carnis,
1761 542 1881 599 cap.
1906 528 1932 581 1
1968 547 1980 582 :

409 642 431 675 ι
467 623 733 679 Platonici
764 625 1123 679 immortalem
1160 625 1396 680 animam
1427 639 1459 679 e
1498 622 1775 678 contrario
1808 622 1985 676 recla-

404 726 557 771 mant
588 735 603 771 :
632 718 740 771 imo
762 716 1212 787 adhuc.proxime
1240 719 1406 771 etiam
1444 716 1498 770 in
1526 729 1753 784 corpora
1786 730 1987 769 remea-

403 808 564 862 bilem
619 806 925 872 alﬁrmant,
955 809 1056 864 etsi
1109 824 1215 862 non
1262 808 1315 863 in
1373 809 1587 863 eadem.
1639 826 1658 858 ι
1705 806 1986 875 Legendus

403 897 557 955 Plato
591 900 683 955 lib.
710 916 743 954 χ
777 899 852 954 De
880 900 1108 968 republ.,
1145 900 1234 955 ubi
1266 915 1333 954 ex
1362 899 1491 955 Heri
1534 898 1834 970 Pamphylii
1862 914 1983 967 per-

404 1007 535 1046 sona
558 1032 575 1057 ,
610 992 808 1046 anima:
837 1001 1041 1046 statum
1091 999 1214 1059 post
1238 1000 1504 1055 .mortem,
1543 1002 1751 1059 poenas,
1785 1004 1986 1058 μετεμ-

402 1085 677 1155 ψύχωσιν,
728 1094 783 1139 et
830 1084 1292 1139 immortalitatem
1336 1081 1616 1138 describit.
1676 1080 1782 1136 Sed
1816 1079 1984 1135 multo

403 1179 579 1246 magis
603 1178 656 1231 in
711 1175 1001 1242 Phaedone,
1046 1190 1157 1246 quo
1190 1174 1475 1230 materiam
1507 1174 1651 1229 illam
1702 1172 1979 1227 exhaurit.

402 1271 690 1341 Legendus
732 1286 949 1339 quoque
1001 1269 1337 1341 Augustinus
1389 1267 1489 1326 lib.
1534 1282 1650 1323 χχιι
1698 1266 1776 1322 De
1836 1266 1980 1321 civil.

406 1365 524 1422 Dei.
554 1378 677 1433 cap.
709 1364 782 1419 26
815 1374 868 1418 et
896 1363 991 1417 27.

476 1455 591 1513 XII.
624 1454 732 1511 Sed
756 1471 825 1511 ne
845 1456 1063 1510 solitum
1086 1455 1305 1527 Origeni
1340 1467 1524 1513 nostro
1556 1454 1696 1511 desit
1722 1451 1980 1516 cilicium,

405 1550 450 1604 si
481 1565 600 1618 quae
628 1550 684 1604 in
716 1548 833 1618 ejus
865 1549 1227 1618 patrocinium
1275 1559 1471 1618 praeter
1496 1548 1772 1619 superiora
1798 1546 1978 1614 colligi

402 1649 670 1710 possunt,
697 1640 886 1709 paucis
917 1640 1463 1709 comprehendamus.
1494 1639 1605 1695 Sua
1638 1637 1874 1708 primum
1904 1634 1979 1688 illi

405 1731 460 1785 in
490 1731 649 1801 hujus
692 1733 997 1802 argumenti
1044 1733 1370 1787 tractatione
1400 1731 1544 1785 lavet
1590 1727 1977 1787 inconstantia,

2092 524 2318 587 cinatio,
2349 538 2457 593 qua
2512 524 2616 577 hoc
2646 522 2898 592 Origenis
2926 524 3337 592 pronuntiatum
3383 522 3671 577 confutare

2088 627 2379 681 aggressus
2414 623 2524 679 est,
2561 622 2906 682 peccatorum
2929 616 3173 669 omnium
3198 630 3417 669 causam
3437 615 3507 669 ad
3542 630 3670 671 cor-

2089 720 2190 775 pus
2216 704 2431 760 rel'erri.
2456 705 2550 759 Ait
2586 705 2785 775 quippe
2812 706 3121 762 Methodius
3156 708 3429 762 contraria
3457 708 3560 763 sibi
3593 708 3671 763 lo-

2088 795 2182 863 qui
2236 792 2567 864 Origenem;
2605 810 2726 850 cum
2781 797 2924 851 enim
2978 799 3216 852 animam
3266 798 3411 853 citra
3467 814 3669 869 corpus

2088 900 2367 955 peccasse,
2400 898 2455 943 et
2474 896 2691 958 propter
2716 897 2998 965 peccatum
3019 890 3248 945 scorteis
3276 890 3480 945 tunicis
3508 892 3669 945 vesti-

2089 986 2197 1032 tam
2238 978 2425 1046 fuisse,
2456 981 2780 1050 tunicasque
2815 980 2933 1035 illas
2962 996 3191 1051 corpora
3224 982 3343 1052 ipsa
3379 996 3503 1038 esse
3529 997 3667 1037 con-

2089 1071 2357 1136 cesserit;
2405 1086 2551 1125 nunc
2578 1071 2681 1126 sibi
2714 1074 2886 1141 ipsum
2927 1088 3228 1143 repugnare
3254 1112 3273 1139 ,
3303 1088 3431 1128 cum
3466 1088 3667 1143 corpus

2089 1174 2268 1215 causa:
2297 1176 2419 1216 esse
2447 1162 2582 1216 dicit
2609 1178 2711 1217 cur
2731 1164 2910 1218 anima
2940 1173 3146 1234 peccet.
3191 1164 3535 1234 Origeniana:
3563 1164 3665 1220 do-

2086 1254 2281 1308 ctrinae
2314 1254 2714 1309 connexionem
2748 1271 2852 1310 non
2883 1256 3018 1311 vidit
3054 1255 3379 1313 Methodius.
3415 1257 3663 1314 Diximus

2087 1345 2231 1399 enim
2275 1359 2436 1416 supra
2474 1360 2767 1416 corporeas
2804 1349 3014 1404 animas
3040 1349 3126 1405 vel
3164 1350 3519 1422 incorporeas
3564 1368 3662 1423 aps

2086 1437 2317 1506 pellasse
2373 1438 2780 1509 Adamantium,
2827 1442 3157 1498 crassiorum
3214 1444 3296 1498 vel
3348 1446 3659 1501 tenuiorum

2087 1544 2373 1599 corporum
2402 1530 2615 1587 ratione
2637 1572 2654 1599 ,
2689 1547 2811 1587 cum
2842 1547 3031 1588 revera
3071 1550 3367 1606 corporeas
3412 1551 3562 1602 esse,
3605 1547 3663 1591 et

2086 1612 2256 1675 Deum
2307 1638 2473 1677 unum
2511 1624 2902 1693 incorporalem
2936 1627 3229 1682 censuerit.
3267 1627 3412 1683 Idem
3446 1630 3660 1684 animas

2086 1728 2184 1783 pro
2222 1725 2569 1783 peccatorum
2636 1718 2903 1788 gravitate
2929 1720 3179 1789 graviora
3212 1719 3401 1776 subire
3426 1736 3661 1791 corpora

404 1838 527 1894 quae
554 1838 677 1878 cum
716 1838 783 1879 ex
810 1824 1183 1894 superioribus
1212 1825 1345 1879 satis
1382 1825 1667 1880 manifesta
1701 1833 1824 1887 est,
1857 1832 1971 1876 tum

2087 1806 2325 1861 asseruit.
2350 1805 2445 1861 His
2462 1809 2765 1879 neutiquam
2790 1821 3043 1880 repugnat
3079 1810 3458 1875 illud,animas
3487 1829 3517 1868 a
3538 1830 3666 1871 cora-

403 1932 468 1971 ex
486 1931 553 1970 eo
599 1915 761 1972 etiam
783 1915 925 1985 quod
944 1918 1013 1971 de
1042 1916 1147 1972 line
1185 1931 1365 1971 rerum
1390 1918 1773 1985 disputans,et
1798 1924 1977 1969 utrum

406 2011 459 2062 in
508 2022 758 2077 corpore,
821 2023 888 2061 an
950 2018 1108 2063 extra
1169 2023 1367 2077 corpus
1419 2022 1669 2079 suprema
1725 2006 1982 2061 beatitate

407 2100 622 2154 lruituri
665 2103 839 2154 simus
874 2099 1179 2168 inquirens,
1211 2100 1484 2169 triplicem
1512 2098 1823 2167 opinionem
1858 2097 1980 2150 uni~

403 2192 603 2261 cuique
630 2206 728 2260 pro
750 2191 909 2247 libitu
931 2193 1357 2261 persequendam
1379 2192 1628 2261 proponit
1654 2191 1747 2246 lib.
1770 2206 1805 2245 ιι
1838 2189 1981 2258 Περὶ

404 2283 626 2354 ἀρχῶν,
659 2284 867 2353 cap.-5,
899 2301 1051 2340 num.
1078 2286 1131 2352 7,
1174 2300 1336 2355 quem
1361 2285 1538 2340 locum
1578 2284 1772 2354 repetit
1796 2282 1985 2337 Hiero-

407 2393 598 2449 nymus
647 2378 806 2448 epist.
854 2377 946 2444 59,
1005 2378 1071 2432 ad
1124 2378 1292 2443 Avit.,
1330 2392 1450 2447 cap.
1480 2376 1537 2431 2.
1563 2375 1737 2445 Caput
1767 2389 1983 2445 quoque

405 2481 617 2525 sextum
664 2470 782 2525 libri
822 2471 980 2541 primi
1030 2470 1106 2525 De
1151 2471 1384 2540 princip.
1434 2469 1681 2526 eamdem
1730 2467 1979 2538 Origenis

405 2560 808 2617 ﬂuctuationem
871 2570 1138 2621 testatur;
1202 2576 1327 2616 nam
1377 2570 1664 2631 postquam
1709 2559 1979 2629 duplicem

406 2654 475 2707 de
522 2662 661 2707 statu
710 2653 992 2708 beatorum
1037 2654 1361 2709 sententiam
1412 2650 1699 2718 exposuit,
1748 2665 1980 2720 quarum

410 2747 561 2816 prior
610 2747 950 2802 interituram
988 2761 1275 2815 corporum
1318 2754 1565 2799 naturam
1599 2744 1789 2798 delinit
1815 2782 1831 2808 ,
1865 2751 1918 2796 et
1952 2756 1983 2795 a

406 2854 512 2907 qua
553 2850 675 2893 sese
709 2840 945 2893 alienum
993 2839 1301 2908 proﬁtetur,
1347 2836 1454 2891 alia
1508 2846 1757 2891 naturam
1788 2848 1985 2902 θοι-ρο·

407 2946 556 2986 ream
597 2930 651 2984 in
709 2930 926 2985 modum
977 2931 1198 2985 aetheris
1250 2938 1606 3001 expurgatum
1658 2928 1724 2981 iri
1777 2927 1979 2991 tradit,

409 3023 625 3077 tandem
687 3024 767 3079 sic
818 3022 1092 3078 concludit
1142 3036 1289 3075 num.
1335 3020 1371 3074 4
1419 3033 1434 3074 :
1492 3038 1511 3072 ι
1556 3019 1770 3075 Certius
1800 3027 1979 3071 tamen

407 3113 645 3181 qualiter
685 3129 744 3168 se
776 3114 1025 3167 habitura
1061 3112 1132 3166 sit
1181 3125 1268 3165 res
1289 3151 1305 3176 ,
1338 3111 1439 3167 scit
1466 3113 1613 3166 solus
1643 3112 1805 3175 Deus,
1848 3118 1905 3164 et
1936 3109 1978 3162 si
2007 3143 2051 3201 ε

411 3207 504 3273 qui
541 3207 659 3275 ejus
690 3220 787 3275 per
815 3204 1115 3270 Christum,
1150 3213 1205 3259 et
1228 3203 1490 3273 Spiritum
1527 3203 1776 3258 sanctum
1817 3203 1977 3257 amici

407 3306 552 3351 sunt.
597 3316 615 3348 ι
665 3296 784 3351 Pari
816 3312 983 3366 pr0pe
1022 3295 1177 3351 modo
1205 3294 1506 3350 consimilis
1537 3294 1840 3365 argumenti
1868 3295 1980 3349 dis-

405 3390 741 3457 putationem
797 3389 1000 3444 claudit
1055 3389 1149 3446 lib.
1209 3406 1246 3444 n
1302 3388 1441 3458 Περὶ
1481 3387 1702 3457 ἀρχῶν,
1753 3402 1875 3456 cap.
1919 3388 1976 3442 3.

408 3479 635 3534 Prodest
690 3495 905 3549 quoque
956 3480 1021 3535 ad
1072 3482 1436 3535 excusandum
1480 3496 1603 3535 eum
1651 3479 1830 3533 Ruﬁni
1890 3494 1979 3533 re-

411 3572 636 3641 sponsio
684 3571 774 3625 lib.
811 3572 884 3626 De
911 3573 1083 3627 adult.
1126 3574 1309 3627 libror.
1347 3572 1566 3641 Urigen.
1610 3571 1981 3641 pertendentis

406 3676 623 3719 errores
651 3661 785 3720 istos
812 3662 955 3720 circa
996 3662 1407 3720 resurrectionis
1449 3662 1732 3719 materiam
1763 3660 1980 3735 scriptis

409 3756 577 3826 ipsius
633 3759 700 3811 ab
752 3757 1018 3813 haereticis
1076 3758 1241 3812 fuisse
1313 3771 1584 3827 aspersas.
1639 3757 1811 3811 Verba
1862 3756 1981 3825 ejus

410 3859 539 3904 sunt
570 3871 582 3905 :
612 3868 631 3902 ι
662 3848 754 3904 Vel
782 3850 975 3904 iterum
1009 3850 1075 3904 de
1094 3850 1497 3905 resurrectione
1514 3849 1712 3915 carnis,
1745 3848 1835 3917 qui
1869 3857 1978 3902 tam

405 3942 690 3997 evidenter
736 3942 1108 4011 pronuntiavit
1157 3949 1404 3995 naturam
1451 3940 1637 3995 carnis
1684 3938 1737 3993 in
1776 3939 1975 3994 coelum

408 4035 728 4089 ascendisse
756 4048 877 4088 cum
924 4032 1105 4088 Verbo
1150 4032 1266 4096 Dei,
1300 4042 1465 4102 atque
1496 4031 1630 4087 inibi
1658 4029 1975 4086 caelestibus

406 4128 724 4196 apparuisse
752 4125 1081 4192 Virtutibus,
1112 4140 1307 4180 novum
1332 4135 1386 4179 et
1413 4125 1788 4180 admirandum
1816 4123 1865 4179 ei
1892 4122 1975 4177 sui

404 4220 579 4273 visum
618 4217 940 4288 praebentem
973 4258 989 4281 ,
1039 4217 1297 4286 possibile
1345 4227 1464 4272 erat
1512 4225 1571 4270 ut
1602 4216 1741 4270 hanc
1774 4216 1970 4270 iterum

405 4327 512 4365 non
550 4324 670 4364 esse
695 4309 1007 4364 salvandam
1042 4310 1250 4363 diceret
1280 4308 1305 4362 ἲ
1339 4327 1358 4361 ι
1387 4306 1455 4361 At
1489 4307 1613 4361 inde
1644 4314 1821 4360 tamen
1842 4320 1978 4375 prae.

403 4401 621 4468 cipuum
652 4399 752 4454 sibi
786 4400 1012 4454 arcessit
1047 4396 1311 4467 Origenes
1355 4397 1693 4467 praesidium,
1720 4411 1829 4465 quo
1878 4410 1974 4450 sua

402 4502 563 4546 astate
607 4492 844 4561 nondum
893 4491 1224 4559 qnmstiones
1261 4489 1364 4545 illa:
1395 4490 1608 4543 fuerant
1635 4489 1703 4543 ab
1732 4488 1971 4544 Ecclesia
2005 4499 2047 4554 ιι

402 4582 746 4653 dijudicatm;
816 4596 922 4651 quo
974 4580 1173 4636 factum
1210 4578 1297 4636 est
1330 4622 1344 4646 ,
1389 4592 1447 4635 ut
1484 4581 1607 4635 dum
1640 4595 1762 4634 eum
1794 4596 1824 4633 a
1884 4596 1977 4635 veo

404 4676 583 4730 ritatis
612 4688 802 4729 norma
837 4672 1099 4728 deﬂexum
1136 4687 1394 4727 revocare
1432 4672 1628 4741 satagit
1653 4671 1977 4733 Methodius,

404 4777 433 4815 a
464 4777 591 4816 vero
643 4761 757 4831 ipse
785 4761 1160 4823 decrraverit,
1213 4771 1269 4815 et
1302 4761 1391 4815 alii
1421 4775 1639 4831 quoque
1691 4775 1796 4815 non
1853 4761 1972 4816 sine

374 4886 376 4890 ι
402 4854 697 4911 offensione
729 4855 781 4909 in
811 4856 915 4909 hac
943 4854 1244 4921 quazstione
1272 4854 1472 4908 versati
1503 4856 1656 4919 sint,
1691 4863 1750 4907 ut
1789 4860 1977 4908 osten-

401 4950 583 5004 dimus
622 4961 824 5015 supra;
855 4956 909 5001 et
946 4944 1309 5016 Hieronymus
1341 4945 1490 5000 velut
1518 4945 1759 4999 titubans
1798 4954 1976 5000 mate-

404 5042 540 5095 riam
574 5040 712 5093 hanc
743 5039 1055 5091 tractaverit
1087 5039 1248 5107 epist.
1278 5037 1368 5103 6i,
1398 5038 1464 5091 ad
1496 5035 1974 5106 Pammaclt.,cap.

405 5130 506 5195 15;
544 5129 837 5197 aitquippe
868 5144 882 5181 :
918 5146 937 5178 ι
975 5127 1141 5197 Ergo,
1176 5127 1409 5196 inquies,
1444 5136 1499 5181 et
1524 5141 1623 5181 nos
1647 5134 1767 5196 post
1793 5139 1978 5180 resur-

403 5220 700 5274 rectionem
733 5218 999 5272 conresuri
1029 5217 1261 5272 sumus?
1286 5216 1505 5281 Nescio,
1529 5231 1635 5270 non
1668 5218 1810 5269 enim
1834 5215 1976 5269 scri-

402 5322 551 5379 ptum
577 5318 693 5375 est;
724 5318 778 5363 et
803 5319 980 5363 tamen
1028 5309 1071 5362 si
1106 5318 1382 5378 qnzeratur
1408 5348 1423 5373 ,
1463 5323 1567 5361 non
1622 5316 1751 5376 puto
1794 5320 1976 5361 come-

403 5418 582 5457 suros.
628 5420 648 5455 ι
689 5401 819 5469 Quae
844 5416 1006 5455 causa
1038 5410 1142 5463 est,
1164 5416 1264 5455 cur
1293 5415 1448 5454 suam
1480 5400 1547 5453 de
1573 5398 1975 5453 resurrectione

401 5496 776 5550 declaraturus
812 5491 1139 5547 sententiam
1169 5490 1436 5558 Origenes
1456 5528 1471 5557 ,
1515 5489 1855 5545 retinendam
1884 5503 1971 5543 ve-

404 5602 576 5642 terum
636 5570 961 5657 opinionem
998 5582 1475 5654 pronuntiaverit,
1523 5583 1652 5653 quia
1717 5582 1973 5636 nimirum

401 5678 748 5747 quantumvis
764 5677 963 5731 absona
997 5676 1114 5746 ejus
1142 5677 1391 5747 dogmata
1423 5689 1550 5732 suos
1569 5682 1748 5730 tamen
1787 5680 1947 5728 aucto

404 5785 491 5824 res
517 5778 574 5823 et
597 5778 857 5838 patronos
903 5767 1164 5824 habuere.

474 5883 521 5913 "
547 5882 701 5938 Rom.
735 5898 851 5947 vm,
874 5881 959 5938 22.

2081 1898 2305 1965 poribus
2332 1900 2446 1953 suis
2474 1900 2610 1955 trahi
2630 1904 2681 1955 In
2709 1902 2859 1968 vitia,
2882 1911 2937 1956 et
2965 1917 3087 1958 cum
3117 1919 3396 1973 nunquam
3435 1922 3667 1975 corpore

2081 1988 2336 2042 caritura:
2358 1989 2493 2053 sint,
2530 1989 2746 2047 futuros
2777 2006 2994 2060 semper
3023 1991 3389 2050 beatitudinis
3420 2006 3478 2051 et
3512 1999 3667 2053 dam-

2083 2079 2319 2135 nationis
2352 2080 2645 2148 circuitus;
2697 2092 2754 2137 et
2782 2093 3073 2154 antequam
3126 2085 3384 2141 humanis
3412 2090 3659 2145 astricta:

2080 2179 2264 2224 essent
2300 2172 2577 2237 membris,
2602 2173 2654 2226 in
2685 2181 2902 2242 peccata
2928 2182 3108 2229 tamen
3135 2176 3305 2231 fuisse
3336 2178 3660 2248 prolapsas;

2081 2277 2145 2317 ac
2174 2256 2402 2320 meritas
2422 2280 2519 2319 cur
2545 2279 2575 2317 e
2608 2266 2991 2322 subtilioribus
3035 2269 3356 2337 corporibus
3410 2270 3469 2324 in
3526 2272 3667 2340 spis-
3760 2306 3767 2313 -

2081 2356 2225 2410 siora
2284 2355 2749 2423 demergerentnr.
2790 2358 2970 2427 Atque
3008 2358 3083 2412 ita
3126 2374 3418 2415 commune
3454 2361 3664 2432 aliquid

2084 2448 2246 2503 habet
2274 2448 2540 2519 Origenes
2588 2464 2710 2504 cum
2764 2448 3103 2522 Porphyrio,
3134 2454 3227 2520 qui
3259 2451 3501 2518 dicebat,
3536 2471 3559 2506 ι
3605 2458 3667 2509 ιιι

2084 2541 2237 2596 beata
2274 2542 2347 2595 sit
2378 2543 2583 2607 anima,
2623 2557 2819 2611 corpus
2860 2558 3023 2599 omne
3075 2560 3201 2600 esse
3225 2544 3566 2615 fugiendum.
3640 2566 3661 2600 ι

2083 2633 2189 2689 Sed
2230 2643 2290 2688 ut
2315 2635 2623 2690 communia
2654 2634 2897 2703 quaedam
2919 2651 3041 2690 cum
3075 2635 3378 2707 Porphyrio
3401 2639 3475 2693 sit
3503 2639 3659 2695 locu-

2084 2735 2189 2793 tus,
2218 2726 2430 2796 penitus
2461 2737 2639 2781 tamen
2666 2718 2880 2783 diversa
2909 2730 3096 2785 sensit.

2154 2818 2456 2873 Notandum
2506 2834 2670 2883 porro
2721 2831 2997 2877 auctorem
3048 2822 3243 2894 dialogi
3289 2821 3369 2877 De
3412 2833 3566 2877 recte
3602 2825 3661 2877 in

2087 2908 2251 2963 Deum
2289 2909 2416 2978 ﬁde,
2460 2911 2552 2979 qui
2597 2912 2699 2967 sub
2736 2906 2990 2982 Origenis
3032 2915 3251 2968 nomine
3278 2914 3505 2984 prodiit,
3541 2914 3658 2968 Ia-

2085 2999 2262 3053 rinum
2298 3000 2760 3057 Bardesianistam
2804 3003 3063 3058 inducere
3094 3005 3211 3059 haec
3239 3006 3497 3076 dogmata
3541 3018 3643 3074 pro

2084 3100 2444 3161 pugnantem;
2492 3092 2766 3148 hominem
2812 3094 2928 3148 sola
2984 3095 3167 3149 anima
3209 3104 3507 3161 conﬂare;
3536 3096 3661 3149 ani-

2087 3195 2230 3234 mam
2263 3180 2472 3236 scelere
2497 3181 2761 3248 admisso,
2793 3183 2989 3240 tunicis
3014 3184 3272 3255 pelliceis,
3304 3185 3409 3240 hoc
3429 3193 3518 3240 est
3542 3200 3669 3240 cors

2080 3286 2233 3341 pore,
2270 3280 2528 3342 tanquam
2573 3274 2792 3330 vincqu
2837 3290 2902 3330 ac
2947 3276 3208 3344 compede
3232 3276 3666 3342 fuisseconstri-

2080 3373 2248 3428 ctam,
2275 3373 2443 3435 atque
2480 3366 2609 3422 inde
2642 3384 2671 3421 a
2698 3367 2937 3424 Ieremia
2983 3369 3201 3426 vinctos
3229 3385 3328 3425 nos
3356 3372 3662 3441 appellari;

2080 3466 2146 3508 ac
2204 3454 2386 3509 animo
2430 3455 2693 3513 malorum
2724 3460 2965 3514 omnium
3004 3475 3225 3517 causam
3255 3475 3377 3517 esse
3408 3477 3611 3532 corpus
3644 3480 3661 3515 :

2079 3545 2463 3604 Adamantium
2491 3563 2673 3607 autem
2705 3552 2822 3609 haec
2848 3554 2962 3624 ipsa
3003 3555 3445 3625 impugnantem;
3473 3569 3533 3611 et
3564 3558 3665 3612 ho-

2081 3637 2303 3705 minem,
2332 3655 2566 3710 corpore
2604 3642 2732 3699 licet
2751 3654 2807 3698 et
2830 3645 3007 3700 anima
3035 3656 3271 3710 constet,
3296 3650 3545 3704 animam
3572 3660 3661 3703 ta-

2082 3747 2204 3786 men
2255 3734 2309 3786 in
2368 3730 2673 3806 Scripturis
2705 3736 2888 3795 vocari
2912 3736 3405 3819 demonstrantem,
3440 3741 3667 3795 eadem-

2079 3839 2188 3893 que
2242 3824 2452 3879 Marino
2493 3840 2859 3895 regerentem,
2908 3848 3030 3901 quae
3086 3828 3228 3903 apud
3296 3831 3666 3907 Epiphaniam

2078 3917 2295 3988 Origeni
2322 3917 2621 3979 Methodius
2643 3925 2909 3993 opposuit.

2636 4055 2801 4124 QUAE
2810 4056 2963 4114 STIO
3001 4056 3046 4111 Χ

2532 4164 2600 4202 οε
2640 4164 2919 4204 POSTREMO
2954 4159 3186 4207 JUDICiO.

2077 4230 2119 4286 l.
2163 4232 2491 4311 {impleretur
2536 4236 2807 4311 placitum
2833 4239 3072 4311 Ofigenis
3122 4241 3186 4293 de
3213 4242 3367 4295 rebus
3406 4259 3659 4311 suprema

2154 4302 2246 4356 Dei
2280 4307 2498 4358 arbitrio
2529 4307 2858 4374 judicandis.
2884 4302 2949 4362 ll:
2983 4309 3049 4363 Et
3092 4314 3156 4363 de
3186 4313 3394 4367 ratione
3441 4302 3509 4366 a'c
3544 4318 3659 4369 loco

2141 4374 2339 4443 judicii
2374 4377 2646 4443 postremi.

2148 4487 2187 4551 Ι.
2228 4487 2562 4544 Mortuorum
2610 4492 3068 4547 resurrectionem
3096 4508 3411 4564 supremum
3450 4497 3551 4553 Dei
3573 4500 3661 4568 jn-

2084 4580 2282 4635 dicium
2328 4581 2583 4651 excipiet.
2613 4581 2731 4648 Quo
2753 4596 2876 4637 cum
2904 4583 3211 4640 ulciscenda
3243 4587 3470 4651 scelera,
3512 4603 3659 4645 mer-

2085 4671 2218 4725 cede
2245 4681 2427 4726 autem
2456 4673 2701 4727 donanda
2728 4673 2841 4728 sint
2878 4684 3028 4729 recte
3054 4684 3173 4728 acta
3196 4685 3251 4729 et
3285 4677 3547 4744 virtutes,
3579 4683 3660 4735 id.

2083 4763 2229 4816 circo
2280 4770 2491 4817 statura
2536 4765 2790 4833 opinatus
2843 4776 2929 4819 est
2973 4767 3254 4838 Origenes,
3312 4782 3657 4842 quaecunque

2086 4852 2166 4907 vel
2206 4863 2352 4908 recte
2382 4853 2464 4909 vel
2518 4855 2657 4910 male
2713 4857 2921 4925 agendo
2968 4860 3190 4927 praemia
3243 4861 3330 4916 vel
3382 4866 3654 4934 supplicia

2086 4946 2389 5013 promereri
2457 4956 2707 5014 possunt.
2759 4947 3023 5017 Superius
3073 4960 3249 5005 autem
3310 4956 3655 5011 ostendimus

2081 5034 2289 5103 angelis
2342 5035 2540 5105 ipsum,
2580 5037 2850 5092 sideribus
2916 5054 2979 5094 ac
3038 5041 3320 5098 elementis
3379 5046 3521 5102 bene
3568 5050 3653 5103 vel

2082 5125 2220 5179 male
2254 5127 2448 5196 agendi
2484 5135 2808 5196 potestatem
2839 5129 3134 5189 aliinxisse.
3176 5132 3472 5191 «Futurum
3506 5153 3649 5201 esu

2083 5214 2259 5284 inquit
2298 5216 2485 5270 homil.
2518 5217 2552 5270 4
2583 5217 2637 5271 in
2672 5215 2894 5285 Each”
2934 5237 3082 5277 num.
3135 5224 3185 5286 l,
3227 5240 3351 5295 pag.
3384 5228 3518 5290 570,
3557 5240 3656 5285 rut

2081 5307 2136 5362 in
2168 5309 2254 5362 die
2276 5307 2472 5378 judicii
2519 5323 2629 5362 non
2660 5308 2833 5364 solum
2868 5311 3050 5377 homo,
3082 5315 3177 5371 sed
3205 5318 3366 5370 etiam
3397 5320 3653 5375 universa

2079 5400 2319 5456 conditio
2350 5398 2628 5467 judicetur
2661 5419 2673 5452 :
2705 5398 2895 5457 Omnis
2926 5407 3125 5475 quippe
3167 5419 3417 5462 creatura
3449 5426 3654 5479 conge-

2081 5494 2264 5548 miscit
2288 5502 2345 5546 et
2386 5493 2641 5549 condolet
2661 5496 2730 5547 ³³.
2756 5512 2775 5545 ι
2814 5495 2950 5551 Tum
2987 5498 3040 5551 in
3087 5500 3232 5554 hunc
3280 5517 3462 5556 rerum
3505 5502 3654 5571 judi-

2080 5587 2379 5640 candarum
2407 5600 2629 5642 censum
2656 5589 2878 5655 conjicit
2904 5595 3144 5660 angelos,
3168 5595 3388 5659 uelum,
3418 5613 3651 5668 quaque

2079 5692 2242 5762 supra
2300 5688 2354 5732 et
2401 5678 2544 5734 infra
2610 5680 2827 5735 coelum'
2878 5694 3041 5747 sunt,
3108 5696 3309 5742 terram
3362 5688 3538 5757 ipsam
3597 5702 3651 5745 et

2080 5786 2283 5825 aerem.
2320 5770 2435 5837 Qua
2481 5772 2547 5826 de
2583 5772 2840 5842 opinione
2865 5774 2974 5831 late
3003 5776 3384 5850 disseruimus,
3410 5796 3542 5837 cum
3581 5784 3647 5838 de
