3860 6226
207 368 305 425 997

1038 357 1607 419 ORIGENIANORUM
1649 353 1775 411 LIB.
1820 354 1888 417 II,
1923 354 2075 409 CAP.
2117 353 2181 417 II,
2216 349 2496 419 QUAEST.
2542 349 2635 410 XI.

3343 357 3447 413 998

206 488 410 560 angelis
450 497 504 543 et
527 487 592 542 de
620 486 889 543 sideribus
923 502 1226 557 ageremus.
1251 486 1482 552 Quinam
1512 493 1773 555 praaterea
1805 482 1850 537 Α
1877 476 2123 530 omnium
2183 474 2461 529 Christum
2522 482 2715 526 Italum
2774 481 2830 528 θῑ
2890 472 3173 543 ωθὶεεωιϐ
3232 476 3447 527 ευιὶειίθ

207 583 260 635 in
329 580 594 649 judicium
670 579 893 635 sistendi
973 580 1117 645 sint,
1182 579 1420 647 ignorari
1490 577 1769 632 declarat:

211 691 231 726 ι
256 673 449 729 Utrum
476 681 654 726 autem
680 685 870 725 omnes
888 679 1131 739 gentes,»
1167 669 1340 738 inquit
1364 675 1577 722 tractat.
1607 680 1775 720 xxxiv

203 769 258 819 in
288 763 500 828 Matth"
538 780 689 818 num.
728 764 817 828 70,
850 781 868 815 ‹
894 764 960 817 ab
987 763 1237 816 omnibus
1270 775 1390 829 qua:
1422 761 1474 814 in
1507 761 1763 815 omnibus

204 853 644 925 generationibus
680 852 910 919 fuerint,
937 862 1030 907 aut
1059 852 1162 906 illae
1194 862 1399 906 tantum
1424 867 1543 922 qua:
1574 856 1626 906 In
1653 868 1776 906 con-

204 945 564 999 summatione
596 943 797 999 fuerint
823 944 1116 1006 derelictae,
1143 952 1238 997 aut
1278 943 1383 999 illa:
1412 951 1620 997 tantum
1650 958 1770 1012 quze

204 1036 556 1092 crediderunt
582 1037 635 1090 in
662 1034 833 1089 Deum
864 1050 960 1106 per
983 1034 1260 1090 Christum
1286 1051 1303 1099 ;
1344 1045 1397 1088 et
1430 1036 1559 1103 ipsa:
1585 1044 1769 1088 utrum

201 1142 414 1190 omnes,
443 1142 509 1181 an
557 1143 661 1181 non
690 1141 899 1191 omnes,
945 1142 1049 1180 non
1084 1127 1217 1180 satis
1240 1135 1324 1181 est
1351 1126 1719 1181 manifestum.
1749 1144 1767 1177 ›

205 1216 283 1272 De
314 1219 500 1271 eodem
531 1219 692 1273 etiam
720 1217 945 1286 ambigit
974 1226 1191 1271 tractat.
1224 1232 1329 1270 xxx
1351 1217 1403 1271 in
1429 1218 1567 1272 idem
1596 1216 1774 1271 Evan-

201 1308 422 1380 gelium,
460 1324 604 1364 num.
636 1309 723 1364 51.
745 1313 811 1362 At
839 1309 892 1363 in
923 1323 1103 1363 veram
1136 1317 1311 1364 tamen
1339 1320 1394 1365 et
1415 1311 1771 1365 orthodoxam

200 1402 529 1456 sententiam
578 1400 788 1455 videtur
829 1402 1132 1455 concedere
1184 1402 1279 1456 lib.
1307 1418 1342 1456 ll
1393 1403 1449 1455 in
1498 1401 1672 1468 Epist.
1700 1403 1771 1456 ad

203 1490 380 1554 Rana,
414 1506 561 1545 num.
603 1492 659 1556 4,
691 1506 815 1561 pag.
851 1491 957 1546 479
988 1490 1052 1563 (si
1082 1506 1202 1560 qua:
1241 1492 1418 1547 Ruﬁni
1449 1493 1774 1563 interpreta-

201 1583 335 1637 tioni
380 1581 512 1638 lides
544 1582 787 1637 habenda
838 1582 969 1654 est),
1018 1598 1314 1654 omnesque
1340 1587 1564 1640 omnino
1594 1587 1773 1641 homi-

198 1682 301 1723 nes
348 1670 402 1723 in
440 1684 693 1737 supremo
720 1669 813 1724 illo
838 1670 1177 1743 διαδικασμῷ
1226 1672 1550 1740 judicandos
1601 1690 1770 1743 agno-

200 1773 375 1815 scere.
408 1779 427 1812 ι
458 1759 775 1829 Requiritur
806 1777 964 1824 sane,
1008 1763 1205 1831 inquit,
1237 1779 1266 1817 a
1300 1764 1648 1833 quibusdam,
1674 1781 1772 1821 cur

1877 566 2209 621 eminentem
2259 565 2624 633 introspicere
2675 565 2867 628 corda,
2934 574 2991 618 et
3051 562 3443 618 conscientiam

1874 658 2234 728 singulorum,
2268 656 2623 712 manifestare
2663 657 2897 719 occulta.
2924 666 2979 711 et
3029 658 3246 710 obtecta
3284 669 3446 710 reve-

1875 748 2013 816 lare,
2055 756 2115 802 ul
2164 756 2220 802 et
2264 747 2423 803 bonis
2464 749 2677 803 actibus
2726 747 2936 803 Iaudem
2968 748 3189 813 tribuat,
3225 757 3280 802 et
3314 747 3442 802 mali

1874 855 2117 912 pmuam,
2152 854 2312 907 quam
2356 848 2655 903 merentur,
2689 839 2983 908 excipiant.
3016 858 3035 891 ι
3083 839 3282 907 Nempe
3308 840 3437 894 alle~

1874 932 2043 1002 goriis
2080 931 2194 987 suis
2232 932 2504 986 sincerum
2547 931 2675 985 illud
2707 932 2901 1001 dogma
2945 932 3211 1000 corrupit,
3252 948 3270 982 ι
3294 933 3441 1001 quod

1876 1025 1929 1078 in
1961 1023 2305 1079 confessione
2332 1038 2396 1077 ac
2428 1022 2775 1093 professione
2806 1033 2954 1077 tenet
2985 1023 3162 1077 omnis
3197 1022 3441 1078 Ecclesia

1874 1112 1967 1168 Dei
2013 1112 2127 1165 veri
2156 1129 2175 1163 ι
2223 1112 2325 1182 (ait
2367 1112 2704 1182 Augustinus
2753 1110 2848 1166 lib.
2901 1128 2971 1165 xx
3011 1111 3091 1166 De
3126 1113 3271 1167 civit.
3316 1113 3439 1180 Dei,

1873 1218 1995 1272 cap.
2033 1202 2107 1275 l),
2153 1202 2470 1258 «Christum
2516 1203 2584 1258 de
2646 1203 2789 1259 cmlo
2830 1217 2972 1279 .csse
3021 1212 3315 1259 venturum
3371 1206 3440 1260 ad

1874 1295 2027 1350 vivos
2060 1304 2116 1350 et
2145 1303 2387 1350 mortuos
2427 1295 2793 1363 judicandos;
2816 1313 2835 1346 ι
2864 1310 2970 1349 non
3009 1295 3171 1350 modo
3210 1299 3440 1365 pet-vim

1872 1395 1927 1441 et
1956 1386 2294 1455 majestatem
2320 1402 2472 1441 suam
2500 1387 2685 1440 omnia
2719 1387 3098 1456 complentem,
3129 1399 3443 1457 mentesque

1872 1478 2115 1533 omnium
2153 1480 2583 1543 collustrantem,
2612 1487 2668 1532 et
2703 1478 2755 1531 in
2789 1488 3034 1533 actorum
3062 1494 3283 1534 suorum
3329 1493 3442 1533 me-

1875 1569 2104 1623 moriam
2138 1577 2587 1638 retorquentem;
2620 1568 2717 1623 sed
2748 1582 2978 1638 corpore
3003 1579 3351 1638 praesentem,
3384 1579 3441 1624 et

1876 1659 2122 1715 homines
2150 1662 2435 1717 universos
2460 1662 2512 1715 in
2543 1675 2710 1714 unum
2755 1660 3138 1728 adducentem,
3165 1670 3221 1717 et
3243 1676 3440 1733 supre-

1876 1764 1964 1803 ma
2002 1765 2067 1804 ac
2099 1751 2402 1805 deeretoria
2446 1749 2718 1806 sententia
2759 1764 2847 1804 res
2887 1750 3169 1804 hominum
3218 1766 3441 1822 compo-

197 1850 321 1905 dies
347 1850 454 1914 hic,
495 1824 694 1920 dequo
722 1853 970 1920 superius
1024 1824 1378 1909 bibliothecas
1425 1824 1768 1925 propheticas

1910 1849 2111 1897 entem.
2143 1841 2213 1896 At
2247 1842 2334 1897 hic
2363 1855 2579 1911 quoque
2611 1840 3020 1895 meminerimus
3047 1840 3282 1894 nondum
3319 1855 3439 1896 eer-

198 1941 493 2006 movimus,
526 1942 577 1996 in
612 1944 718 1997 line
753 1943 935 1998 mundi
966 1952 1204 2000 statutus
1253 1947 1346 2011 sit,
1375 1956 1432 2001 ut
1456 1963 1647 2004 omnes
1674 1951 1766 2018 qui

199 2034 272 2089 ab
328 2033 481 2089 initio
524 2035 701 2089 saeculi
755 2050 928 2105 usque
978 2037 1044 2090 ad
1096 2038 1257 2092 linem
1318 2038 1489 2107 ipsius
1528 2040 1770 2097 defuncti

200 2132 351 2187 sunt,
381 2123 447 2177 ad
501 2122 645 2179 hunc
696 2125 944 2180 ultimmn
984 2126 1129 2183 diem
1170 2127 1446 2199 judicandi
1482 2147 1771 2190 reserven-

200 2221 313 2267 llll'.
344 2230 366 2267 )

272 2298 335 2354 ll.
379 2320 397 2353 ι
428 2300 564 2358 Item
593 2306 932 2361 tractandum
964 2316 1048 2362 est
1079 2316 1261 2363 utrum
1311 2310 1365 2366 in
1408 2311 1529 2368 loco
1558 2313 1771 2373 futurus

198 2404 286 2447 est
321 2393 620 2451 Salvatoris
652 2398 915 2453 adventus
963 2400 1015 2454 in
1062 2400 1256 2471 gloria,
1294 2419 1362 2458 an
1398 2405 1625 2462 alteram
1670 2425 1768 2465 ex-

199 2485 519 2555 positionem
553 2488 814 2545 debemus
859 2493 1168 2560 exquirere.
1203 2494 1335 2562 Quis
1369 2499 1514 2552 enim
1547 2501 1652 2555 erit
1687 2502 1769 2557 lo-

198 2591 300 2633 eus
337 2578 451 2643 ille,
484 2590 545 2634 ut
576 2582 757 2652 capiat
796 2583 852 2637 in
892 2600 1002 2638 uno
1037 2596 1253 2656 aspectu
1288 2597 1343 2644 et
1377 2604 1565 2647 onmes
1609 2608 1770 2663 ange-

202 2668 283 2722 los
328 2669 608 2726 venientes
659 2687 781 2726 cum
827 2673 1066 2740 Christo,
1113 2685 1169 2731 et
1210 2692 1401 2736 omnes
1440 2692 1629 2750 gentes
1660 2683 1770 2740 illic

197 2763 598 2843 congregatas?
633 2761 699 2818 Et
725 2764 793 2819 de
835 2766 961 2820 sede
995 2766 1181 2836 gloria:
1225 2769 1343 2839 ejus
1399 2772 1529 2841 quid
1572 2784 1657 2829 est
1695 2776 1770 2830 di-

198 2853 470 2908 cendum?
502 2853 664 2910 Putas
706 2856 988 2925 corporale
1029 2858 1249 2928 aliquod
1283 2863 1600 2919 subsellium
1637 2868 1766 2931 erit,

200 2953 301 2999 aut
341 2945 505 2999 etiam
557 2946 659 3000 hoc
703 2962 838 3015 opus
877 2949 1043 3005 habet
1092 2951 1544 3019 interpretatione
1593 2960 1767 3013 subti-

203 3032 423 3089 lioreis
476 3035 601 3091 Hzec
640 3036 831 3091 scribit
881 3038 1147 3107 Origenes
1204 3052 1425 3101 tractat.
1486 3063 1655 3103 xxxrv
1711 3050 1766 3103 in

200 3123 421 3223 Matth"
458 3141 610 3180 num.
645 3128 734 3190 70,
760 3127 827 3182 de
862 3129 981 3223 loco
1009 3138 1064 3185 et
1091 3132 1250 3186 modo
1274 3132 1470 3202 judicii
1503 3137 1761 3204 postremi
1790 3159 1837 3223 ρ

198 3216 520 3285 ambigens;
551 3232 614 3272 ac
654 3218 945 3287 respondet
976 3224 1317 3289 postmodum
1361 3233 1471 3278 tum
1504 3226 1765 3283 adventu-

200 3321 320 3360 rum
353 3306 652 3374 Christum,
683 3323 806 3362 cum
842 3309 1109 3365 universis
1161 3311 1479 3369 hominibus
1519 3330 1641 3371 sese
1669 3332 1767 3373 co-

198 3400 568 3467 gnoscendum
601 3400 772 3463 dabit,
807 3418 826 3452 t
851 3411 975 3455 ante
995 3402 1179 3458 oculos
1209 3404 1411 3460 mentis
1442 3419 1628 3461 eorum
1653 3407 1763 3475 jam

200 3504 309 3543 non
343 3489 465 3545 lidei
498 3499 592 3544 aut
625 3490 921 3561 diligentia
944 3491 1173 3563 alicujus
1204 3496 1555 3565 inquisitione
1580 3516 1766 3570 reper-

202 3590 312 3643 tus,
339 3580 435 3635 sed
474 3580 644 3651 ipsius
680 3581 982 3636 divinitatis
1016 3597 1126 3637 suae
1162 3585 1601 3642 manifestatione
1627 3604 1767 3659 prae-

199 3671 379 3735 latus;
404 3690 424 3723 s
459 3681 515 3726 et
552 3687 676 3725 cum
721 3682 941 3742 peccata
974 3688 1069 3727 sua
1120 3688 1182 3728 ac
1211 3676 1439 3732 virtutes
1472 3682 1766 3751 unusquis-

196 3776 308 3831 que
356 3762 645 3818 munifesto
679 3764 873 3820 intuitu
924 3765 1308 3833 perlustrabit;
1363 3779 1526 3839 atque
1557 3786 1624 3827 eo
1670 3786 1764 3842 pa-

197 3862 290 3907 cto
321 3865 638 3909 eventurum
671 3856 839 3911 illud:
880 3875 901 3909 ι
928 3857 1422 3930 Congregabuntur
1465 3872 1591 3917 ante
1642 3879 1764 3921 eum

196 3960 390 4002 omnes
411 3957 602 4018 gentes
617 3951 682 4004 ³³.
707 3970 726 4003 s
763 3950 871 4007 Nec
900 3964 1107 4007 certum
1146 3954 1378 4022 aliquem
1407 3954 1608 4011 ultimae
1641 3958 1765 4015 huic

198 4038 581 4108 disceptationi
634 4040 812 4097 locum
845 4043 1070 4110 addicit,
1119 4045 1212 4100 sed
1246 4064 1265 4097 ‹
1291 4045 1520 4116 Ubique,
1566 4046 1761 4118 inquit,

198 4125 416 4183 futurus
447 4140 531 4185 est
572 4133 847 4201 Christus,
884 4144 940 4189 et
969 4136 1081 4204 ipse
1114 4136 1166 4189 in
1203 4145 1493 4206 conspectu
1525 4143 1763 4193 omnium

197 4221 306 4274 erit
336 4222 552 4292 ubique,
587 4236 642 4279 et
683 4240 872 4282 onmes
908 4229 1110 4297 ubique
1153 4238 1314 4282 erunt
1362 4229 1413 4283 in
1471 4242 1763 4299 conspectu

198 4312 402 4380 ipsius;
435 4323 489 4369 et
513 4316 595 4369 sic
626 4319 1022 4373 constituentur
1042 4328 1167 4374 ante
1196 4320 1379 4376 sedem
1405 4321 1592 4390 gloriae
1625 4321 1765 4390 ejus,

198 4404 305 4457 hoc
364 4415 448 4460 est
498 4417 624 4460 ante
669 4423 891 4480 regnum
947 4409 1084 4477 ejus,
1120 4420 1175 4465 et
1225 4421 1549 4481 potestatem
1592 4413 1765 4467 domi-

198 4498 436 4555 nationis
469 4500 674 4571 ipsius;
710 4522 729 4555 ι
764 4513 816 4557 et
849 4503 1009 4574 paulo
1055 4513 1174 4573 post
1204 4523 1219 4560 :
1257 4524 1276 4559 ι
1307 4504 1402 4561 Sic
1430 4516 1594 4561 erunt
1627 4516 1756 4562 ante
1793 4497 1836 4552 Ι)

196 4602 346 4654 eum,
385 4600 442 4645 ut
478 4608 583 4647 non
618 4593 860 4650 localiter
887 4596 1171 4653 audiamus
1201 4613 1392 4653 omnes
1422 4609 1611 4665 gentes
1639 4598 1756 4654 ﬁeri

195 4688 325 4732 ante
378 4693 523 4734 eum.
546 4700 567 4732 s
605 4681 812 4737 Similia
842 4683 1118 4751 jactautur
1154 4687 1245 4741 lib.
1290 4703 1343 4741 ιι
1385 4688 1438 4740 in
1475 4686 1647 4755 Epist.
1681 4687 1750 4740 ad

193 4766 374 4836 Rom.,
407 4787 553 4827 num.
580 4773 670 4840 4t,
707 4790 826 4845 pag.
863 4777 990 4843 662,
1021 4778 1112 4834 ubi
1142 4794 1172 4833 a
1206 4779 1379 4833 sacris
1401 4779 1753 4847 scriptoribus

195 4874 454 4934 usurpata
505 4866 702 4922 dicitur
737 4866 1066 4935 judiciorum
1134 4873 1493 4926 humanorum
1556 4870 1777 4938 forma,

193 4969 306 5023 quo
352 4956 611 5026 judicium
661 4959 787 5013 illud
841 4971 1145 5016 extremum
1190 4961 1397 5017 Christi
1459 4962 1753 5018 dilucidius

194 5046 577 5115 explicaretur.
608 5068 628 5102 ι
653 5050 924 5106 Declarari
957 5052 1220 5119 videmus,
1256 5053 1453 5123 inquit,
1483 5067 1547 5106 ex
1580 5054 1763 5107 omni-

196 5137 301 5194 bus
325 5141 628 5197 certissime
674 5142 925 5199 futurum
968 5158 1091 5200 esse
1129 5144 1393 5213 judicium
1452 5145 1569 5209 Dei,
1601 5143 1756 5213 cujus

195 5235 408 5300 species
442 5243 499 5288 ut
530 5236 707 5291 notior
734 5236 1048 5292 hominibus
1077 5238 1254 5301 lieret,
1272 5238 1551 5307 judicandi
1587 5237 1759 5291 forma

197 5341 264 5382 ex
295 5326 360 5382 iis
382 5342 502 5396 qua:
536 5328 677 5383 inter
705 5329 953 5385 homines
973 5338 1258 5400 geruntur,
1282 5338 1554 5398 assumpta
1586 5339 1670 5383 est
1693 5347 1707 5396 ;
1734 5348 1754 5381 ι

198 5428 363 5486 atque
394 5418 467 5472 ita
509 5421 877 5488 metaphorice
906 5420 1019 5475 vult
1068 5420 1293 5490 intelligi
1326 5420 1596 5476 excelsum
1627 5420 1760 5475 illud

199 5508 401 5563 Christi
438 5509 696 5573 tribunal,
727 5522 781 5565 et
825 5510 1094 5581 reliquum
1139 5509 1410 5566 tremendi
1463 5510 1607 5565 illius
1652 5511 1758 5566 diei

201 5610 540 5669 apparatum,
560 5602 797 5673 illudque
827 5603 1093 5660 duntaxat
1115 5603 1429 5673 tenendum,
1464 5621 1483 5656 ς
1508 5600 1756 5659 Iudicem

275 5778 527 5837 "Matth.
559 5794 683 5846 xxv,
721 5779 812 5835 52.

1877 1932 1945 1986 tis
1978 1932 2172 1987 liuibus
2201 1931 2499 1987 Ecclesium
2529 1930 2628 1986 has
2654 1930 2981 2001 quaestiones
3012 1939 3142 1985 tunc
3182 1931 3440 2001 temporis

1871 2023 2129 2093 sepsisse.

2418 2112 2745 2182 QUASSTIO
2786 2113 2877 2169 XI.

2318 2222 2386 2261 DE
2424 2222 2598 2263 NENIS
2626 2223 2696 2262 ET
2735 2220 2982 2262 PBEIIIS.

1869 2298 1911 2354 I.
1953 2297 2199 2369 Origenis
2243 2296 2541 2369 opinioﬁex’
2586 2300 2749 2367 ipsius
2808 2299 3087 2366 principiis
3133 2302 3435 2354 summatim

1938 2368 2233 2426 deducitur.
2278 2368 2352 2423 II.
2406 2368 2608 2422 Eadem
2656 2370 2846 2424 deinde
2875 2370 3045 2437 fusius
3074 2370 3237 2437 ipsius
3271 2372 3435 2424 verbis

1941 2441 2260 2493 declaratur.
2291 2438 2365 2493 Ac
2393 2440 2617 2507 primum
2646 2440 2709 2492 de
2734 2443 2916 2507 poenis.
2977 2437 3166 2492 Omnes
3204 2437 3435 2494 homines

1938 2510 2057 2577 igne
2084 2510 2459 2563 examinandos
2490 2508 2602 2576 fore
2633 2511 2814 2562 sensit.
2856 2508 2941 2561 III.
2972 2507 3170 2561 Deinde
3202 2509 3256 2561 in
3283 2511 3433 2564 varia

1937 2578 2051 2631 loca
2097 2595 2192 2647 pro
2234 2579 2432 2632 meritis
2464 2580 2837 2643 dimittendos;
2876 2577 2961 2631 IV.
2991 2578 3065 2630 Ac
3098 2585 3433 2641 torquenrtos.

1940 2648 2004 2701 V.
2058 2648 2252 2714 Quales
2305 2647 2755 2717 ptenasifuturas
2808 2650 3100 2701 arbitratus
3154 2651 3260 2712 sit;
3307 2652 3434 2716 quid

1937 2718 2108 2787 ignem
2145 2716 2417 2772 (eternium.
2458 2716 2543 2771 Vl.
2584 2717 2788 2786 Ecquas
2832 2731 3022 2785 prreter
3059 2718 3231 2785 ignem
3258 2734 3433 2783 plenus

1937 2791 2159 2841 mortuis
2195 2789 2507 2857 inﬂigendas
2555 2788 2856 2842 decreverit.
2909 2788 3018 2857 VII.
3049 2787 3129 2840 lia:
3158 2787 3240 2839 his
3274 2792 3435 2841 varia;

1938 2858 2187 2912 adversus
2233 2856 2351 2911 eum
2381 2858 2793 2912 criminationes.
2828 2856 2956 2913 VIII.
2991 2856 3096 2917 Sed
3130 2858 3214 2910 sui
3262 2868 3434 2911 tamen

1936 2928 1984 2981 ei
2009 2944 2112 2981 non
2148 2928 2330 2981 desunt
2377 2928 2771 2993 astipulatores,
2800 2944 2999 2997 suaque
3040 2926 3294 2993 defensio.
3336 2928 3425 2982 IX.

1939 2997 2013 3067 De
2055 2998 2286 3067 pra’miis
2324 2998 2517 3066 agitur,
2547 3005 2597 3067 et
2634 2999 2687 3047 in
2718 3014 2817 3065 quo
2862 3000 3087 3064 positam
3128 3006 3434 3067 sanctorum

1940 3064 2240 3121 beatitatem
2290 3064 2506 3121 voluerit
2563 3064 2834 3131 Origenes,
2878 3067 3189 3133 explicatur.
3237 3066 3302 3119 X.
3336 3066 3435 3121 lie-

1936 3148 2211 3191 censentur
2254 3139 2387 3190 uarii
2414 3140 2609 3203 gradus
2648 3152 2741 3204 per
2766 3153 2895 3205 quos
2926 3137 2995 3190 ad
3024 3153 3141 3189 eam
3172 3138 3433 3201 perveniri

1936 3210 2118 3261 sensit.
2155 3206 2245 3260 XI.
2287 3206 2361 3258 De
2406 3211 2541 3269 loco,
2582 3222 2685 3275 quo
2729 3209 2933 3259 animas
2980 3217 3280 3260 sanctorum
3310 3224 3435 3260 con-

1933 3280 2192 3347 quiescere
2211 3276 2734 3347 docuit,_disputatur
2782 3290 2800 3328 :
2849 3292 3025 3343 nempe
3056 3275 3433 3347 de__c_azlo_novo

1935 3343 1981 3399 et
2028 3360 2169 3399 terra
2213 3362 2367 3399 nova.
2410 3345 2516 3399 XII.
2549 3346 2620 3398 Ac
2671 3347 2735 3399 de
2783 3346 3055 3411 paradiso.
3109 3343 3247 3399 XIII.
3280 3343 3434 3400 Unde

1933 3418 2043 3472 haec
2072 3416 2421 3478 transtulerit,
2447 3415 2759 3484 exquiritur.
2792 3413 2926 3467 XIV.
2961 3414 3099 3469 Hinc
3131 3417 3187 3468 in
3213 3413 3434 3469 Patrum

1940 3486 2226 3540 multorum
2280 3485 2700 3552 reprehensiones
2754 3485 3000 3540 incurrit.
3035 3484 3147 3538 XV.
3186 3484 3295 3539 Sed
3328 3486 3432 3538 ali-

1969 3575 2035 3609 ua
2068 3569 2241 3609 (auten
2282 3554 2337 3607 in
2372 3558 2487 3623 ejus
2521 3555 2911 3608 excusationem
2961 3556 3143 3624 aﬂ'erri
3189 3566 3428 3622 possunt.

1969 3575 2035 3609 ua
2068 3574 2241 3609 tamen
2282 3574 2337 3607 in
2372 3574 2487 3623 ejus
2521 3574 2911 3608 excusationem
2961 3574 3143 3624 (παθη-ι
3189 3574 3428 3622 possunt.

1935 3574 2074 3679 XVI.
2099 3625 2287 3679 Utrum
2314 3635 2361 3677 et
2403 3625 2660 3693 quomodo
2688 3625 2850 3692 pomis
2879 3624 3249 3678 damnatorum
3274 3625 3432 3691 ﬁnem

1934 3698 2239 3762 impositum
2268 3695 2357 3760 iri,
2388 3704 2436 3747 et
2465 3696 2641 3746 omnia
2668 3709 2827 3762 unum
2866 3694 2920 3745 in
2963 3694 3066 3747 Deo
3102 3712 3193 3762 per
3225 3695 3434 3747 ἀποκα-

1935 3766 2190 3821 τάστασιν
2228 3765 2407 3832 Iutura
2435 3774 2583 3817 ratus
2608 3764 2694 3816 sit.
2736 3761 2895 3832 XVII.
2932 3763 3059 3817 Non
3091 3761 3226 3817 alias
3250 3780 3431 3832 poenas

1934 3853 2092 3904 quam
2125 3830 2458 3904 purgatorias
2500 3834 2737 3904 admisit.
2785 3830 2963 3885 XVIII.
3004 3832 3143 3898 Quid
3168 3836 3232 3887 sit
3251 3830 3429 3904 ’juxta

1941 3902 2536 3974 Origenem’novissimu
2575 3902 3001 3974 inirnica__mors,
3032 3904 3193 3969 deque
3237 3903 3428 3955 daemo-

1936 3968 2061 4030 num
2084 3976 2245 4045 poenis
2284 3973 2557 4045 quwritur.
2609 3970 2751 4023 XIX.
2784 3968 2978 4045 Utrum
3008 3974 3272 4045 beatitatis
3298 3987 3430 4045 φφ»

1936 4063 2034 4114 que
2084 4042 2302 4114 futura:
2361 4042 2591 4110 spatium
2645 4042 2878 4114 terminis
2931 4042 3427 4114 circumscripserit.

1936 4110 2055 4171 XX.
2092 4113 2295 4167 Horum
2340 4113 2642 4178 doqmatum
2688 4110 2857 4178 fontes
2916 4124 3243 4166 reserantur.
3283 4110 3426 4166 XXI.

1938 4185 2160 4254 Propter
2188 4181 2281 4254 illa
2323 4200 2355 4235 a
2383 4181 2647 4254 IPatribus
2693 4183 2926 4254 graviter
2938 4184 3426 4254 Arepreltensusuest.

1937 4250 2100 4311 XXII.
2132 4255 2213 4306 An
2245 4252 2411 4322 fuerit
2475 4254 2529 4303 in
2560 4252 2766 4322 lueresi
2808 4250 3211 4305 Chiliaslarum.
3238 4251 3425 4322 XXIII.

1937 4324 2209 4379 Nonnulla
2238 4320 2448 4391 Drigeni
2477 4320 2801 4391 defendendo
2839 4322 3202 4391 adducuntur.
3235 4320 3424 4375 XXIV.

1937 4389 2541 4473 Νωμαηιιιιίειζξίροιξιμ
2561 4389 2786 4473 Πάξαὺοιὶ
2839 4406 3014 4455 pinnas
3055 4390 3168 4457 [ore
3206 4402 3428 4473 cateruas

1933 4457 2213 4520 assederat'.
2245 4460 2409 4514 XXV.
2440 4460 2516 4512 Ab
2556 4457 2875 4526 Origenmna
2904 4476 3057 4526 super
3088 4464 3252 4527 pomis
3279 4461 3429 4512 dam-

1936 4546 2176 4589 natorum
2204 4533 2443 4597 Opinione
2488 4527 2677 4581 Patres
2718 4530 2917 4598 aliquot
2952 4546 3054 4582 non
3082 4531 3303 4583 multum
3342 4546 3426 4581 re-

1935 4608 2143 4659 cedunt.
2175 4599 2361 4656 XXVI.
2389 4599 2746 4667 Investigatur
2771 4598 3087 4668 signiﬁcatio
3128 4602 3267 4654 υοείδ
3292 4598 3426 4653 αίώ..

1933 4692 2063 4737 νιος.

1934 4770 1975 4825 I.
2016 4768 2296 4823 Postremo
2355 4763 2448 4817 Dei
2505 4760 2735 4816 arbitrio
2790 4761 3098 4828 dijudicatis
3148 4761 3425 4816 hominum

1864 4862 2046 4924 rebus,
2088 4872 2185 4913 sua
2218 4868 2487 4926 quemque
2534 4853 2778 4924 praemia,
2826 4867 2940 4907 suae
3000 4867 3175 4922 ptente
3238 4867 3427 4923 prose-

1862 4960 2121 5024 quentur.
2151 4948 2208 5003 In
2261 4948 2415 5017 cujus
2446 4947 2523 5000 rei
2567 4946 2890 5000 tractatione
2915 4953 3123 4998 tantum
3158 4946 3262 5000 sibi
3309 4961 3428 5016 per-

1861 5043 2007 5097 misit
2040 5038 2322 5109 Origenes,
2360 5046 2419 5091 ut
2454 5052 2559 5090 non
2597 5036 2757 5089 aliam
2799 5040 2869 5091 ob
2919 5051 3137 5090 causam
3192 5037 3428 5108 majores

1862 5134 1915 5188 in
1947 5147 2007 5188 se
2046 5131 2299 5202 querelas
2337 5128 2629 5183 concitarit
2651 5144 2666 5183 :
2690 5143 2813 5181 nam
2858 5136 2913 5181 et
2943 5126 3131 5197 quales
3160 5144 3334 5197 plena:
3362 5146 3427 5187 ac

1858 5228 2111 5297 praemia,
2163 5234 2217 5279 et
2270 5234 2472 5293 quanta
2513 5222 2694 5276 futura
2743 5221 2874 5287 sint,
2928 5224 3320 5293 pervestigans,
3371 5226 3425 5279 in

1861 5320 2127 5374 absurdas
2174 5317 2459 5386 opiniones
2510 5314 2796 5384 prolapsus
2824 5324 2930 5379 est,
2956 5317 3083 5371 dum
3132 5316 3284 5373 falsis
3326 5318 3426 5372 do-

1861 5412 2047 5466 ctrina:
2076 5427 2188 5466 sua:
2223 5408 2506 5478 principiis
2534 5408 2782 5476 dogmata
2816 5408 2931 5461 haec
2963 5422 3178 5477 quoque
3205 5424 3425 5463 accom-

1861 5503 2065 5558 modat.
2096 5502 2342 5558 Diximus
2368 5500 2513 5556 enim
2534 5498 2649 5568 jam
2677 5512 2822 5568 saepe
2853 5508 3073 5568 putasse
3104 5499 3250 5553 illum
3274 5515 3428 5555 men-

1862 5601 1945 5649 tes
1974 5593 2199 5651 rationis
2226 5599 2508 5663 compOtes
2536 5604 2635 5660 pro
2669 5586 2984 5645 meritorum
3012 5602 3237 5645 suorum
3264 5603 3424 5645 men-
