3860 6226
419 346 529 404 91".)

1723 347 1783 399 P.
1825 345 2142 401 DANIELIS
2180 344 2414 401 HUETII

3535 337 3687 394 1109

424 477 551 518 sura
582 476 647 515 ac
685 462 847 515 modo
873 460 1044 515 variis
1086 460 1301 529 adiungi
1359 460 1715 531 corporibus;
1751 462 1993 515 subtilio-

2101 460 2279 515 inl'erri
2309 480 2321 513 :
2350 458 2509 523 Εἰκὸς
2540 459 2582 510 δ’
2604 460 2685 512 ὅτι
2724 460 2815 512 καὶ
2849 458 3061 529 ἑκάστῳ
3110 458 3217 510 τῶν
3263 456 3536 528 δεομένων
3579 460 3683 527 τῆς

425 556 597 617 ribus,
622 555 669 609 si
702 562 850 609 recte
896 568 958 606 se
1007 554 1300 621 gesserint;
1338 555 1419 606 sin
1455 568 1635 615 secus,
1668 553 1921 623 gravibus
1944 561 1997 606 et

424 646 628 700 crassis
678 662 694 700 :
758 648 1089 708 easdemque
1132 646 1429 713 quemlibet
1469 653 1672 699 statum
1748 645 1992 713 adeptas,

426 737 640 791 arbitrii
690 738 774 791 sui
809 737 1063 790 libertate
1090 739 1156 789 ad
1204 739 1341 791 bene
1391 736 1475 790 vel
1536 737 1680 790 male
1728 736 1992 805 agendum

428 829 557 891 i't‘ui,
584 844 648 882 ac
678 837 971 899 perpetuos
1002 842 1125 881 esse
1152 827 1377 896 proinde
1406 844 1434 879 a
1472 827 1727 894 supernis
1759 827 1824 881 ad
1847 826 1993 881 inl'e—

430 920 573 972 riora
595 919 776 986 lapsus
808 925 863 970 et
903 916 1129 970 reditus.
1163 919 1292 970 Inde
1338 916 1586 985 sequitur
1626 925 1834 969 certum
1879 913 1996 968 nul-

427 1011 537 1063 lum
580 1010 859 1063 beatitatis
893 1010 1130 1061 futurum
1177 1018 1423 1072 statum,
1478 1008 1681 1062 nullum
1732 1007 1993 1070 miserias;

425 1118 745 1172 semperque
774 1101 853 1155 vel
890 1103 942 1153 in
987 1100 1267 1164 felicitate,
1311 1101 1395 1154 vel
1448 1101 1499 1153 in
1552 1099 1729 1169 ptenis
1786 1099 1996 1155 futuros

425 1210 745 1265 progressus
776 1205 869 1247 aut
905 1209 1208 1263 regressus,
1240 1204 1398 1263 prout
1442 1194 1495 1246 in
1530 1193 1662 1246 vitio
1698 1192 1891 1246 animae
1914 1193 1996 1245 vel

428 1286 481 1340 in
530 1286 729 1340 virtute
802 1284 1137 1355 profecerim
1175 1301 1190 1337 :
1233 1300 1297 1339 ac
1353 1285 1737 1340 damnatorum
1798 1283 1996 1339 idcirco

426 1392 619 1447 pcenas
663 1388 719 1433 et
762 1380 1041 1432 beatorum
1077 1377 1273 1448 gaudia
1306 1376 1619 1446 neutiquam
1655 1376 1769 1431 fore
1799 1376 1999 1445 sempi-

429 1480 606 1525 terna.

499 1561 562 1613 il.
604 1560 886 1631 Opinionis
926 1561 1085 1615 istius
1129 1570 1316 1631 partes
1360 1560 1605 1630 singulas
1653 1564 1696 1616 si
1744 1561 1999 1617 subtilius

427 1654 677 1722 persequi
725 1651 975 1715 velimus,
1007 1662 1060 1707 et
1093 1668 1197 1705 non
1244 1667 1309 1707 ex
1353 1650 1693 1722 Origeniana‘:
1740 1653 1997 1708 doctrina:

424 1745 784 1809 connexione,
836 1747 930 1798 sed
985 1760 1048 1798 ex
1092 1744 1222 1811 ipsis
1268 1745 1581 1798 Adamantii
1638 1746 1818 1801 verbis
1854 1748 1995 1800 ξιξειί-

424 1851 576 1889 mare
604 1836 838 1903 singula,
918 1846 973 1889 et
1021 1850 1355 1904 quaecunque
1394 1845 1653 1905 pra-terea
1683 1836 1734 1889 in
1763 1836 1815 1889 id
1842 1851 2000 1907 argu-

426 1938 666 1983 mentum
698 1929 957 1983 disseruit
978 1929 1261 1999 colligere,
1288 1943 1374 1982 res
1401 1928 1506 1981 erit
1551 1927 1763 1982 scilicet
1791 1928 1842 1981 in
1878 1943 2001 1996 pro-

424 2022 572 2076 clivi.
612 2021 850 2075 Primum
904 2023 1084 2089 itaque
1131 2023 1377 2074 homines
1409 2035 1597 2073 omnes
1627 2020 1749 2089 igne
1790 2022 1998 2073 exami-

426 2120 611 2164 natum
641 2110 705 2163 iri
737 2110 958 2164 defluit:
989 2113 1082 2166 sed
1119 2111 1191 2163 ita
1227 2119 1405 2163 tamen
1443 2122 1500 2162 ut
1534 2111 1686 2164 illaesi
1717 2121 1772 2165 et
1813 2112 1999 2167 illibati

424 2212 753 2274 praetereant
796 2203 1000 2265 sancti;
1049 2203 1334 2271 impiorum
1382 2217 1509 2255 veru
1560 2218 1712 2256 noxa:
1761 2213 1815 2257 et
1872 2206 1998 2257 vitia

426 2296 660 2350 ﬂammis
688 2306 1086 2364 exenqnantur.
1130 2313 1146 2344 ι
1175 2294 1510 2347 Veniendum
1543 2306 1625 2347 est
1676 2309 1825 2363 ergo,
1852 2314 1871 2346 ι
1920 2295 2001 2347 in-

424 2385 541 2455 quit
595 2386 780 2439 homil.
835 2400 882 2439 vt
933 2385 985 2437 in
1049 2382 1245 2446 and.,
1295 2398 1442 2437 ntnn.
1505 2383 1559 2449 4,
1593 2385 1885 2438 cortinihus
1934 2386 1999 2438 ad

426 2479 602 2548 ignem
628 2494 643 2543 ;
681 2476 997 2530 veniendum
1031 2485 1117 2529 est
1151 2476 1217 2527 ad
1247 2471 1614 2528 conﬂatorium
1644 2492 1657 2528 :
1682 2473 1828 2528 sedet
1858 2475 1999 2527 enim

430 2570 708 2633 Dominus,
744 2578 796 2621 et
854 2566 1076 2627 (οιιίιςιι,
1116 2577 1171 2618 et
1215 2574 1407 2633 purgat
1447 2563 1585 2619 lilios
1634 2563 1767 2619 .luda
1792 2564 1859 2617 “.
1893 2563 1998 2617 Sed

431 2674 486 2714 et
520 2662 645 2715 illuc
678 2675 799 2713 cum
845 2660 1079 2723 venitur,
1109 2660 1152 2712 si
1188 2658 1311 2727 quis
1354 2659 1516 2711 nmlta
1550 2672 1714 2726 opera
1750 2656 1910 2720 bona,
1946 2667 2001 2711 et

431 2768 623 2822 parum
693 2751 895 2818 aliquid
946 2750 1248 2820 iniquitatis
1298 2748 1574 2815 attulerit,
1623 2746 1754 2802 illud
1807 2763 1996 2816 parum

430 2854 688 2913 tanquam
737 2844 1012 2913 plumbum
1063 2844 1171 2912 igni
1216 2843 1506 2895 resolvitur
1540 2856 1603 2895 ac
1632 2850 1913 2910 purgatur,
1945 2850 2001 2893 et

429 2947 603 2990 totum
632 2944 875 2991 remanet
902 2950 1092 2989 aurum
1125 2951 1340 3006 purum.
1384 2934 1448 2987 Et
1474 2935 1518 2988 si
1556 2934 1697 3003 quis,
1734 2932 1850 3002 plus
1875 2932 2001 2985 illuc

430 3029 630 3099 plumbi
667 3028 940 3091 detulerit,
985 3028 1101 3096 plus
1151 3028 1420 3091 exuritur,
1463 3035 1522 3079 ut
1571 3025 1801 3095 amplius
1839 3026 2001 3077 deco-

2095 552 2183 605 διὰ
2230 551 2324 604 τοῦ
2372 552 2540 623 πυρὸς
2588 552 2739 623 δίκης
2789 552 2905 623 ἅμα
2955 554 3049 605 καὶ
3110 551 3373 622 ἰατρείας,
3421 551 3680 611 καίοντος

2099 646 2198 717 μὲν
2227 646 2321 699 καὶ
2352 647 2411 699 οὐ
2446 646 2831 709 κατακαίοντος
2854 647 2979 709 τοὺς
3015 645 3090 716 μὴ
3119 644 3337 714 ἔχοντας
3382 642 3515 713 ὕλην
3553 642 3678 695 δεο-

2098 738 2266 809 μένην
2297 736 2621 791 ἀναλοῦσθαι
2666 737 2759 790 ὑπ“
2797 736 3003 790 ἐκείνου
3052 736 3149 789 τοῦ
3181 736 3352 806 πυρός
3372 753 3385 764 ·
3419 735 3678 798 καίοντος

2095 830 2152 883 δὲ
2181 830 2275 883 καὶ
2312 830 2698 893 κατακαίοντος
2738 829 2863 891 τοὺς
2915 831 2973 882 ὲν
3015 831 3083 900 τῇ
3126 828 3213 882 διὰ
3251 828 3361 881 τῶν
3389 829 3673 900 πράξεων,

2096 920 2193 973 κα)⁵
2230 920 2423 988 λόγων,
2461 920 2556 973 καὶ
2586 919 2869 990 νοημάτων
2904 919 3178 987 τροπικῶς
3219 919 3489 992 λεγομένῃ
3530 921 3678 972 οἱκο-

2096 1009 2230 1080 δομῇ
2262 1008 2413 1073 ξύλα,
2450 1008 2659 1079 χόρτον,
2694 1007 2997 1078 ἥκαλάμην
3018 1008 3501 1079 οἰκοδομήσαντας.
3533 1008 3673 1063 Cum

2098 1102 2172 1155 ait
2204 1117 2334 1171 ergo
2374 1102 2468 1154 lib.
2498 1115 2594 1153 vut
2626 1102 2679 1152 in
2707 1099 2872 1167 Epist.
2914 1101 2983 1152 ad
3018 1099 3196 1166 Rom.,
3231 1117 3379 1155 num.
3422 1101 3512 1164 12,
3545 1116 3670 1171 pag.

2098 1192 2225 1257 6M),
2253 1193 2564 1263 quicunque
2594 1192 2769 1246 Verbo
2795 1192 2883 1245 Dei
2918 1200 3175 1261 purgatus
3195 1206 3299 1246 non
3324 1192 3513 1256 fuerit,
3547 1194 3673 1245 hinc

2099 1285 2220 1355 igne
2250 1285 2620 1339 excruciatum
2677 1284 2740 1336 iri
2768 1301 2783 1349 ;
2820 1283 2944 1352 igne
2971 1301 3185 1352 quoque
3235 1285 3547 1351 lustratum,
3574 1289 3669 1338 sui

2099 1394 2203 1431 non
2250 1378 2502 1432 adustum
2555 1376 2621 1431 iri
2679 1376 2950 1446 intelligit,
2983 1378 3075 1448 qui
3124 1376 3301 1433 Verbo
3355 1377 3449 1433 Dei
3507 1380 3671 1433 fuerit

2097 1481 2374 1541 purgatus.

2166 1558 2238 1611 At
2260 1556 2478 1611 homilia
2513 1567 2689 1614 tamen
2719 1558 2791 1613 21
2820 1558 2876 1613 in
2912 1557 3125 1626 Lucam,
3151 1575 3244 1615 eos
3272 1570 3484 1616 tantum
3516 1563 3671 1633 igneo

2099 1645 2327 1703 ﬂumine
2364 1663 2393 1702 a
2431 1648 2649 1703 Christo
2696 1649 3049 1717 baptizandus
3093 1650 3340 1716 aﬂirmat,
3376 1654 3471 1722 qui
3522 1670 3662 1723 aqua

2101 1751 2156 1793 et
2184 1741 2375 1811 spiritu
2409 1742 2615 1797 fuerint
2642 1742 2917 1811 baptizati,
2950 1753 3004 1796 et
3035 1744 3355 1814 purgatione
3384 1748 3664 1813 eguerint.

2105 1833 2419 1888 Econtrario
2453 1848 2580 1887 vero
2607 1833 2791 1889 homil.
2824 1835 2862 1887 2
2888 1835 2942 1887 in
2975 1835 3188 1899 Jerem.,
3242 1852 3391 1890 num.
3437 1838 3501 1899 5,
3543 1853 3672 1892 san-

2100 1936 2220 1981 ctos
2250 1926 2383 1980 dicit
2411 1925 2615 1993 Spiritu
2649 1937 2837 1980 sancto
2865 1942 2893 1979 a
2920 1924 3045 1981 Jesu
3077 1927 3369 1997 baptizari,
3405 1929 3673 1984 scelestus

2100 2032 2230 2073 vero
2285 2019 2429 2085 igne.
2482 2018 2711 2073 Humilia
2767 2029 2946 2073 autem
2993 2034 3100 2073 ιη
3125 2022 3179 2073 in
3212 2019 3400 2085 Num.,
3435 2036 3589 2073 ιιιιιιι.
3619 2020 3673 2082 6,

2101 2122 2541 2176 unumquemque
2586 2109 2903 2178 purgatione
2952 2108 3193 2175 indigere
3232 2110 3326 2171 ait,
3366 2126 3385 2157 ι
3410 2109 3508 2162 sed
3562 2124 3679 2180 ιιι)-

2102 2198 2240 2251 stica
2274 2198 2386 2251 haec
2421 2212 2542 2252 esse
2590 2206 2643 2252 et
2690 2197 3001 2253 iueﬂ‘abilia.
3032 2198 3163 2264 Quis
3186 2200 3329 2252 enim
3372 2200 3556 2264 nobis,
3588 2200 3678 2252 in-

2103 2290 2245 2357 quit,
2275 2304 2537 2345 enarrare
2585 2292 2781 2359 poterit
2804 2306 2927 2360 qua:
2958 2291 3069 2345 sint
3115 2290 3534 2360 puriﬁcationes
3560 2308 3679 2361 quae

2100 2387 2364 2446 parentur
2409 2377 2594 2444 Paulo,
2632 2380 2714 2433 vel
2761 2379 2946 2445 Petro,
2984 2381 3069 2435 vel
3103 2381 3223 2435 aliis
3255 2381 3450 2435 horum
3484 2382 3678 2436 simili-

2101 2468 2238 2523 bus?
2266 2487 2285 2520 ι
2318 2467 2586 2524 Caeterum
2620 2482 2857 2526 mentem
2906 2471 3161 2542 Origenis
3207 2488 3398 2542 parum
3435 2476 3677 2527 assecuti

2103 2570 2227 2615 sunt
2268 2561 2454 2617 Sixtus
2496 2561 2758 2619 Senensis
2789 2574 2845 2618 et
2885 2564 3293 2628 Genebrardus,
3326 2566 3505 2619 verba
3557 2565 3673 2633 ejus

2102 2652 2384 2707 referenda
2416 2664 2703 2709 censentes
2731 2656 2798 2709 ad
2839 2657 3014 2723 ignem
3056 2656 3259 2710 ultima:
3282 2655 3673 2727 conﬂagratio-

2102 2744 2207 2807 nis,
2243 2744 2334 2813 qui
2378 2745 2578 2800 electos
2621 2748 2881 2816 quosdam
2928 2747 3160 2801 nondum
3215 2748 3353 2801 satis
3411 2760 3675 2818 purgatos

2103 2835 2375 2901 lustrabit,
2413 2839 2667 2907 reprobos
2702 2855 2828 2893 vero
2875 2854 3067 2893 omnes
3114 2839 3520 2908 apprehendet,
3552 2856 3673 2893 nam

2103 2939 2171 2979 ne
2193 2926 2565 2982 sanctissimos
2606 2929 2849 2997 quidem,
2882 2927 3097 2983 Petrum
3128 2937 3278 2997 puta,
3307 2929 3393 2982 vel
3422 2926 3675 2993 Paulum,

2102 3018 2205 3071 hoc
2234 3017 2356 3085 igne
2384 3016 2592 3073 futuros
2618 3020 2881 3075 immunes
2910 3020 3267 3074 Adamantius
3292 3020 3620 3074 arbitratur.

428 3134 647 3191 qttatur,
682 3130 739 3173 ut
770 3129 826 3174 et
868 3120 910 3173 si
947 3135 1134 3188 parum
1171 3119 1376 3187 aliquid
1415 3120 1488 3172 sit
1536 3118 1678 3179 auri,
1712 3126 1995 3185 purgatum
2024 3137 2073 3199 ε
2172 3112 2258 3166 lll.
2298 3110 2423 3179 Igne
2488 3112 2588 3165 hoc
2636 3112 2844 3179 probati
2900 3112 3146 3165 homines
3214 3113 3360 3166 varia
3416 3112 3538 3167 loca
3585 3128 3677 3182 pro

429 3222 611 3266 tamen
648 3210 904 3264 resideat.
944 3210 1096 3273 Quod
1140 3210 1181 3261 si
1217 3208 1411 3277 aliquis
1465 3208 1591 3261 illnc
1638 3218 1779 3261 totus
1826 3206 1997 3275 plum-

431 3300 565 3351 beus
614 3298 846 3360 venerit,
888 3296 979 3350 (iet
1012 3298 1077 3351 de
1128 3296 1219 3350 illo
1249 3298 1349 3350 hoc
1392 3297 1535 3365 quod
1576 3299 1834 3365 scriptum
1867 3306 1994 3350 est:

432 3388 786 3457 Demergetur
836 3388 888 3441 in
937 3386 1291 3454 prniundum,
1323 3396 1577 3455 tanquam
1616 3386 1897 3456 plumbum
1944 3388 1997 3441 in

428 3493 625 3547 aquam
681 3479 1068 3533 validissimam
1093 3479 1162 3532 ".
1195 3497 1213 3531 ι
1268 3479 1335 3532 Ει
1382 3478 1569 3537 homil.
1626 3494 1687 3533 ιιι
1745 3480 1801 3533 in
1857 3480 1994 3549 psal.

428 3585 621 3634 sum,
650 3585 799 3623 num.
834 3570 858 3624 l
892 3587 905 3623 :
941 3589 958 3621 ι
987 3568 1209 3625 Certum
1239 3580 1323 3624 est
1357 3572 1483 3641 quia
1526 3580 1709 3625 manet
1736 3586 1833 3626 nos
1860 3573 1999 3642 ignis

429 3662 521 3717 ille
563 3663 654 3730 qui
709 3671 1046 3732 prteparatus
1084 3673 1169 3718 est
1208 3664 1606 3732 peccatoribus,
1629 3673 1684 3716 et
1719 3663 1997 3717 veniemus

428 3754 496 3807 ad
538 3752 686 3806 illutn
723 3753 926 3823 ignem,
969 3753 1021 3805 in
1057 3769 1163 3821 quo
1202 3754 1612 3823 uniuscujusque
1666 3770 1795 3823 opus
1844 3757 1999 3825 quale

430 3846 500 3898 sit
553 3845 692 3914 ignis
744 3844 982 3913 probabit
1007 3846 1074 3897 ".
1134 3845 1220 3911 Et,
1276 3857 1333 3898 ut
1371 3862 1469 3915 ego
1517 3847 1768 3910 arbitror,
1809 3861 1998 3901 omnes

433 3949 531 3988 nos
581 3933 769 3988 venire
809 3949 1031 3989 necesse
1087 3946 1172 3989 est
1218 3938 1284 3990 ad
1330 3936 1481 3989 illum
1541 3936 1741 4005 ignem.
1773 3936 1998 3990 Etiamsi

434 4025 635 4080 Paulus
667 4027 739 4080 sit
770 4026 966 4094 aliquis
1000 4027 1084 4081 vel
1116 4027 1331 4091 Petrus,
1365 4028 1510 4081 venit
1544 4037 1720 4081 tamen
1752 4028 1817 4079 ad
1854 4028 1997 4080 illum

433 4118 631 4186 ignem.
681 4117 786 4172 Sed
830 4118 901 4171 illi
951 4119 1085 4173 tales
1132 4119 1396 4175 audiunt:
1432 4119 1655 4173 Etiamsi
1699 4136 1791 4188 per
1829 4120 1999 4189 ignem

436 4218 693 4276 transeas,
744 4212 963 4280 ﬂamma
1018 4230 1121 4266 non
1156 4214 1341 4266 aduret
1382 4224 1429 4265 te
1451 4214 1518 4266 "'.
1564 4211 1619 4267 Si
1646 4228 1773 4267 vero
1807 4213 2001 4282 aliquis

433 4302 626 4356 similis
674 4303 776 4356 mei
824 4314 1077 4372 peccator
1128 4304 1216 4363 sit,
1261 4304 1437 4357 veniet
1466 4305 1683 4373 quidem
1712 4305 1777 4357 ad
1818 4306 1994 4375 ignem

435 4392 608 4456 illum,
642 4394 785 4447 sicut
828 4393 1021 4448 Petrus
1049 4404 1102 4448 et
1129 4393 1347 4459 Paulus,
1384 4396 1476 4450 sed
1509 4410 1612 4449 non
1648 4396 1727 4450 sic
1753 4398 1997 4463 transiet,

2101 3204 2307 3259 meritis
2337 3219 2402 3258 ex
2455 3203 2668 3257 decreto
2710 3202 2955 3273 Origenis
2993 3204 3325 3267 sortientur,
3369 3206 3464 3258 alii
3501 3204 3669 3260 inier-

2102 3312 2268 3361 num,
2324 3294 2582 3363 variaque
2654 3294 2845 3348 inferni
2912 3296 3057 3361 loca,
3110 3306 3165 3349 et
3216 3297 3573 3365 mansiones;
3624 3310 3679 3353 et

2102 3388 2552 3457 quemadmodum
2590 3398 2802 3442 terrena
2850 3389 2961 3442 haec
3013 3389 3123 3443 loca
3174 3392 3448 3445 mentibus
3488 3407 3523 3446 e
3562 3408 3675 3447 caa-

2101 3479 2221 3534 lesti
2265 3478 2537 3533 domicilio
2582 3489 2800 3548 propter
2833 3490 3048 3548 peccata
3092 3481 3397 3535 deturbatis
3441 3499 3546 3551 pro
3594 3486 3678 3538 in-

2100 3571 2252 3625 ferno
2298 3572 2585 3635 habentur,
2621 3573 2689 3624 ita
2725 3571 3032 3626 heminibus
3071 3588 3103 3626 e
3130 3584 3271 3626 terra
3316 3573 3590 3641 digressis
3616 3590 3675 3631 et

2098 3662 2306 3718 scelere
2343 3663 2725 3718 contaminatis
2770 3663 3078 3717 inferiorem
3123 3666 3388 3735 assignari
3449 3667 3678 3730 sedem,

2098 3771 2219 3825 quae
2267 3755 2510 3811 infernus
2555 3757 2872 3826 appellatur.
2908 3759 3060 3829 Τάχα
3106 3759 3200 3823 δὲ,
3249 3762 3425 3830 inquit
3476 3777 3605 3830 mp.
3656 3767 3673 3817 l

2102 3846 2331 3913 Philoc.,
2365 3847 2553 3920 ὥσπερ
2581 3852 2630 3902 οἱ
2666 3850 2913 3903 ἐντεῦθεν
2944 3850 3084 3904 κατά
3116 3851 3206 3904 τὸν
3238 3852 3417 3905 κοινὸν
3445 3853 3682 3908 θάνατον

2099 3938 2547 4010 ἀποθνήσκοντες,
2584 3943 2647 3993 ὲκ
2679 3940 2785 3995 τῶν
2813 3942 3043 3996 ἐνταῦθα
3084 3945 3489 4015 ⁴ιππραγμένων
3534 3950 3683 4000 οἷκο-

2098 4030 2419 4101 νομοῦνται,
2466 4033 2517 4084 ei
2570 4030 2800 4085 κειθείεν
2851 4031 2990 4096 ἀξιοι
3035 4032 3127 4085 τοῦ
3186 4033 3525 4104 καλουμένου
3569 4056 3679 4106 χω-

2102 4121 2217 4192 ρίου
2276 4121 2436 4192 ᾅδου,
2496 4121 2675 4175 τόπων
2727 4122 2999 4192 διαφόρων
3051 4123 3340 4193 τυγχάνειν
3385 4125 3533 4178 κατά
3580 4127 3677 4197 τὴν

2099 4212 2387 4281 ἀναλογίαν
2418 4211 2524 4265 τῶν
2568 4214 3010 4283 ἁμαρτημάτων·
3045 4214 3217 4276 οὕτως
3245 4215 3293 4266 οἱ
3330 4216 3569 4280 ἐκεῖθεν,
3613 4218 3679 4269 ἶν’

2099 4308 2271 4371 οὕτως
2319 4308 2475 4371 εἴπω,
2520 4306 2949 4378 ἀποθνήσκοντες
2990 4310 3069 4373 εἰς
3116 4309 3246 4380 ᾅδην
3272 4310 3462 4363 τοῦτον
3504 4328 3679 4366 κατα-

2100 4400 2341 4453 ϐαίνουσι
2396 4398 2702 4470 κρινόμενοι
2761 4399 2899 4465 ἄξιοι
2952 4400 3058 4453 τῶν
3114 4402 3209 4453 τοῦ
3260 4404 3465 4466 παντὸς
3520 4420 3677 4474 περι-

435 4486 577 4539 sicut
606 4484 794 4540 Petrus
822 4497 878 4541 et
911 4486 1126 4541 Paulus.
1155 4506 1172 4539 ι
1209 4488 1285 4542 Ac
1316 4488 1459 4541 illius
1509 4488 1769 4542 transitus
1811 4490 2001 4543 discri-

2104 4493 2252 4561 γείου
2282 4492 2447 4545 τόπου
2491 4490 2764 4561 διαφόρων
2802 4493 3131 4563 οἰκητηρίων
3171 4493 3456 4563 βελτιόνων
3502 4496 3539 4565 ἢ
3574 4514 3680 4564 χει.

437 4591 559 4629 men
600 4575 961 4645 .Hebrzrorum
1017 4577 1502 4647 Egyptiorumque
1554 4592 1649 4646 per
1696 4593 1844 4632 mare
1888 4578 2002 4633 Ru-

438 4669 594 4721 brum
656 4670 912 4723 transitus
954 4670 1357 4738 comparatione
1410 4670 1683 4737 eXplanat.
1746 4670 1998 4724 adductis

436 4761 645 4814 scilicet
693 4761 778 4815 bis
827 4761 976 4815 Pauli
1020 4761 1039 4814 l
1074 4762 1201 4816 Cor.
1240 4779 1324 4828 ιιι,
1363 4764 1432 4817 15
1464 4780 1479 4817 :
1522 4782 1539 4814 ι
1570 4761 2004 4832 Uniuscnjusque

435 4866 573 4920 opus
616 4851 776 4919 quale
828 4852 919 4913 sit,
954 4852 1095 4921 ignis
1141 4854 1410 4921 probabit.
1435 4872 1455 4907 ι
1501 4854 1564 4908 Et
1605 4854 1787 4909 homil.
1826 4869 1917 4907 xtv
1946 4854 2003 4906 in

440 4942 571 4997 Luc.
605 4956 623 4994 :
661 4961 679 4992 ι
700 4942 812 5011 Ego
849 4952 998 5011 puto,
1033 4944 1173 5011 quod
1212 4955 1268 4997 et
1296 4953 1415 5012 post
1451 4946 1903 4999 resurrectionem
1936 4959 2006 4999 ex

440 5033 664 5087 mortuis
715 5034 1052 5103 indigeaums
1085 5046 1423 5089 sacramento
1464 5036 1680 5091 eluente
1718 5052 1816 5092 nos
1845 5047 2007 5107 atque

438 5134 743 5195 purgante;
776 5140 932 5179 nemo
961 5126 1104 5179 enim
1156 5128 1363 5197 absque
1416 5128 1667 5183 sordibus
1720 5144 2006 5198 resurgere

440 5219 674 5287 poterit;
726 5234 825 5272 nec
878 5219 1041 5272 ullam
1091 5234 1247 5287 posse
1314 5220 1549 5273 animam
1601 5222 1849 5289 reperiri,
1886 5236 2007 5290 quze

441 5307 711 5362 universis
758 5309 936 5361 statim
984 5309 1129 5362 vitiis
1176 5317 1383 5363 careat.
1420 5326 1439 5360 ι
1480 5309 1547 5362 Ει
1589 5309 1684 5363 lib.
1729 5324 1761 5361 v
1812 5308 2007 5365 Contra

437 5398 667 5463 Celsum,
697 5415 846 5453 num.
884 5401 973 5463 15,
1008 5400 1326 5468 Epicureum
1376 5401 1515 5455 hunc
1565 5400 1871 5465 confutans,
1911 5403 2005 5472 qui

437 5505 711 5562 receptam
743 5493 882 5563 apud
909 5492 1255 5548 Christianos
1281 5493 1348 5547 de
1375 5494 1555 5547 mundi
1580 5492 2003 5563 conﬂagratione

436 5587 745 5654 opinionem
791 5584 1073 5651 irridebat,
1102 5584 1234 5639 dicit
1276 5584 1452 5654 ignem
1486 5582 1741 5639 universo
1797 5564 2011 5641 mundo

2102 4584 2292 4654 ρόνων.
2351 4582 2480 4647 Quze
2520 4584 2598 4637 sic
2642 4598 2672 4635 a
2710 4582 2904 4636 Rnlino
2946 4585 3148 4637 reddita
3178 4595 3299 4638 sunt
3331 4586 3428 4640 lib.
3453 4602 3505 4640 tv
3542 4590 3677 4655 Hirpi

2099 4672 2322 4740 ἀρχῶν,
2361 4687 2479 4739 cap.
2506 4671 2571 4735 2,
2606 4687 2757 4726 num.
2784 4672 2875 4737 23,
2916 4688 2969 4742 p.
3000 4674 3102 4727 185
3131 4692 3144 4727 :
3179 4693 3197 4724 ι
3224 4674 3497 4731 Fortassis
3537 4685 3680 4732 enim

2099 4768 2239 4819 sicut
2288 4766 2338 4819 hi
2384 4766 2475 4833 qui
2524 4766 2590 4817 de
2625 4765 2726 4819 hoc
2762 4766 2963 4821 mundo
2999 4768 3293 4821 secundum
3330 4784 3674 4825 communem

2102 4869 2328 4912 mortem
2373 4858 2526 4912 istam
2559 4859 2877 4913 recedentes
2920 4873 3018 4928 pro
3058 4860 3267 4914 actibus
3301 4862 3417 4916 suis
3457 4873 3514 4917 et
3564 4878 3673 4917 me-

2109 4951 2226 5004 ritis
2252 4951 2649 5019 dispensamur,
2680 4960 2840 5020 prout
2871 4950 3015 5020 digni
3052 4950 3252 5005 fuerint
3285 4952 3541 5020 iudicati,
3587 4956 3671 5008 alii

2101 5042 2314 5110 quidem
2346 5043 2399 5095 in
2433 5041 2609 5097 locum
2650 5042 2738 5111 qui
2776 5042 2973 5097 dicitur
3014 5042 3237 5109 infer-us,
3272 5044 3362 5098 alii
3411 5047 3467 5099 in
3498 5048 3670 5101 sinum

2099 5134 2351 5196 Abrabaa,
2384 5138 2439 5187 et
2468 5145 2564 5203 per
2608 5133 2818 5189 diversa
2864 5149 3093 5203 qumque
3120 5137 3202 5191 vel
3245 5136 3362 5191 loca
3395 5138 3481 5193 vel
3527 5155 3676 5193 man-

2100 5225 2319 5280 siones:
2354 5225 2427 5278 ita
2472 5226 2636 5278 etiam
2682 5240 2750 5279 ex
2798 5225 2901 5280 illis
2944 5226 3079 5283 locis
3127 5227 3270 5282 velut
3307 5229 3420 5284 illic
3468 5229 3537 5301 (si
3572 5232 3675 5285 dici

2103 5316 2312 5383 potest)
2378 5315 2702 5378 morientes,
2756 5330 2786 5367 a
2837 5318 3048 5385 superis
3100 5317 3153 5372 in
3234 5320 3376 5373 hunc
3442 5320 3674 5374 inferum

2106 5407 2461 5461 descendunt.
2499 5404 2632 5458 Nam
2676 5406 2765 5461 ille
2817 5406 3022 5463 inferus
3070 5412 3137 5463 ad
3171 5426 3333 5480 quem
3384 5412 3513 5466 hinc
3560 5427 3674 5467 mo-

2106 5498 2358 5551 t'ieutiunt
2401 5500 2597 5553 animae
2636 5498 2914 5567 dicuntur,
2961 5503 3145 5567 credo,
3188 5503 3257 5557 ob
3303 5504 3447 5558 hanc
3483 5504 3675 5558 distin-

2104 5590 2339 5645 ctionem
2371 5589 2615 5646 infernus
2644 5590 2872 5650 inferior
2897 5608 2926 5649 a
2957 5594 3240 5667 Scriptura
3272 5598 3598 5653 nominatur
3624 5596 3676 5652 in

511 5768 558 5799 “
590 5767 815 5824 Malach.
840 5784 920 5835 ιιι,
956 5769 1007 5823 5.
1086 5771 1129 5802 ’⁵
1158 5770 1326 5826 Exod.
1354 5786 1441 5839 xv,
1481 5768 1564 5825 it).
1644 5770 1871 5828 "lCor.
1906 5789 1987 5839 ιιι,
2022 5771 2107 5827 15.
