3834 6226
162 325 297 380 1001

999 330 1573 389 OleENlANOBUM
1611 333 1741 389 LIB.
1773 333 1838 399 ιι,
1879 335 2031 391 CAP.
2070 335 2137 402 II,
2175 336 2452 403 ΩΗᾸΞΞΤ.
2492 336 2584 391 XI.

3258 344 3396 401 1002

161 440 435 497 Psalmis:
470 442 605 509 Quia
656 442 897 500 liberasti
926 449 1162 502 animam
1195 465 1369 504 meam
1402 465 1469 506 ex
1514 449 1728 506 inferno
1753 456 1803 513 Α
1831 457 1889 505 υι
1921 451 2005 507 sui
2043 451 2157 521 ipsa
2207 452 2279 507 sit
2320 452 2631 507 accusatrix
2669 460 2725 508 et
2767 455 2947 521 testis;
2990 470 3214 526 eamque
3260 461 3395 516 adeo

159 534 401 590 inferiori
435 536 480 566 '°
504 538 542 592 ‘.
571 555 588 588 ι
625 537 753 604 ane
781 540 847 593 ab
878 539 1201 613 Hieronymo
1234 558 1445 612 quoque
1492 544 1730 614 epistolae

159 627 254 693 59,
286 630 352 683 ad
391 629 632 695 Avitum,
661 646 783 700 cap.
811 631 865 695 4,
898 632 1101 689 inserta
1136 646 1283 691 sunt.
1330 636 1590 703 Quoniam
1634 652 1732 692 au-

162 729 271 773 tem
321 719 590 774 infernum
649 721 897 778 Christus
949 729 1201 781 tenebras
1254 729 1553 783 exteriores
1598 744 1731 784 non-

160 828 438 882 nunquam
474 813 740 882 appellat,
792 815 918 870 inde
954 818 1011 870 lit
1058 827 1117 872 ut
1150 833 1244 874 eas
1275 829 1427 874 extra
1470 820 1729 875 mundum

156 904 514 960 Adamantius
564 905 776 976 ableget
813 917 971 963 tract.
1007 925 1182 965 xxxiii
1230 913 1287 965 in
1323 912 1543 977 Matt/1.,
1573 930 1724 969 num.

157 996 272 1052 (i9:
313 1014 332 1047 ‹
362 996 628 1063 Quoniam
670 998 927 1069 legimus,
968 1001 1171 1070 inquit,
1212 1004 1448 1073 aliquem
1494 1007 1585 1075 qui
1631 1005 1732 1060 fuit

155 1094 287 1141 ante
318 1102 415 1141 nos
442 1098 800 1157 exponentem
832 1090 898 1144 de
941 1092 1180 1148 tenebris
1206 1091 1421 1163 abyssi,
1461 1106 1516 1148 et
1543 1094 1730 1149 dicen—

159 1186 269 1234 tem
304 1179 557 1250 quoniam
608 1180 834 1251 abyssus
878 1191 960 1237 est
1005 1193 1159 1238 extra
1205 1188 1462 1241 mundum
1493 1186 1647 1254 foris,
1675 1197 1731 1243 et

159 1272 419 1327 tenebrae.
468 1271 879 1331 Consideremus
908 1291 1055 1349 ergo,
1118 1278 1165 1334 si
1215 1287 1393 1348 potest
1435 1293 1562 1334 vera
1610 1294 1730 1335 esse

156 1366 428 1435 expositio
455 1363 593 1433 ejus,
620 1375 678 1422 ut
705 1369 925 1438 quidam
952 1371 1107 1441 quasi
1144 1371 1351 1443 indigni
1383 1379 1497 1427 toto
1525 1373 1729 1426 mundo

157 1458 212 1513 in
240 1458 496 1528 abyssum
523 1457 702 1524 illum,
729 1474 889 1529 quam
920 1461 1007 1517 ille
1032 1463 1301 1532 exposuit,
1331 1462 1476 1518 foras
1506 1463 1731 1533 ejician-

159 1561 271 1616 tur,
300 1551 354 1606 in
380 1565 486 1622 qua
516 1559 644 1606 sunt
689 1554 944 1618 tenebrae,
975 1555 1193 1610 nemine
1234 1570 1327 1611 eas
1369 1555 1725 1621 illuminante,

156 1659 280 1698 cum
308 1645 415 1698 sint
458 1652 614 1698 extra
656 1652 823 1699 totum
868 1646 1145 1700 mundum.
1170 1662 1189 1698 ι
1240 1645 1347 1702 Sed
1384 1646 1509 1702 alibi
1551 1655 1728 1703 tamen

156 1738 321 1793 aliter
348 1737 598 1793 tenebras
626 1738 926 1795 exteriores
951 1740 1194 1809 exponit,
1220 1749 1281 1794 ut
1310 1755 1436 1795 mox
1474 1740 1727 1796 ostende-

156 1845 301 1885 mus.
334 1828 570 1886 Homilia
603 1840 781 1887 autem
814 1831 841 1885 I
883 1832 938 1886 in
971 1830 1181 1899 ϐείω..
1212 1846 1361 1886 num.
1388 1834 1442 1897 I,
1474 1835 1727 1905 abyssum

155 1920 302 1975 illam
333 1922 418 1976 cui
456 1923 509 1977 in
547 1935 729 1977 rerum
765 1922 918 1977 initio
949 1923 1183 1978 tenebrae
1226 1922 1576 1990 incubabant,
1607 1940 1727 1979 eam

154 2027 280 2068 esse
328 2013 517 2068 scribit
562 2014 615 2068 in
663 2028 825 2083 quam
879 2011 1160 2080 diabolus,
1213 2014 1491 2084 ipsiusque
1553 2015 1728 2085 angeli

155 2104 407 2159 mittendi
445 2113 595 2162 sunt.

221 2195 313 2251 IV.
353 2195 657 2266 Assignatis
684 2196 815 2253 locis
848 2212 914 2253 ac
954 2198 1172 2254 sedibus
1207 2199 1320 2254 suis
1353 2199 1595 2255 redditos
1630 2198 1728 2252 ho-

155 2287 330 2343 mines
369 2302 544 2359 ptnnae
582 2303 646 2344 ac
685 2288 944 2357 supplicia
977 2305 1075 2359 pro
1102 2289 1371 2345 scelerum
1420 2289 1579 2345 modo
1619 2299 1729 2344 tor-

153 2380 417 2449 quebunt.
447 2380 539 2436 Ait
562 2381 704 2436 enim
738 2382 833 2435 lih.
861 2397 878 2436 ι
907 2382 1048 2452 Περὶ
1076 2382 1297 2452 ἀρχῶν,
1332 2399 1449 2455 cap.
1479 2383 1534 2449 6,
1576 2402 1723 2444 num.

158 2473 191 2527 5
221 2491 235 2528 :
278 2492 296 2526 ‹
325 2473 550 2529 Interim
581 2484 690 2529 tam
723 2474 774 2528 in
807 2475 892 2531 his
928 2491 1047 2545 qua:
1073 2477 1343 2544 videntur,
1374 2487 1428 2532 et
1459 2487 1728 2549 tempora-

154 2561 296 2619 libus
341 2563 581 2632 saeculis,
625 2578 787 2635 quam
834 2565 887 2619 in
925 2565 1029 2620 illis
1059 2580 1179 2636 qua:
1228 2582 1337 2622 non
1375 2567 1629 2623 videntur
1673 2577 1729 2625 et

155 2665 358 2711 aeterna
406 2667 563 2726 sunt,
614 2672 803 2714 omnes
848 2658 933 2715 isti
979 2674 1075 2729 pro
1107 2658 1322 2725 ordine,
1363 2674 1462 2731 pro
1496 2661 1724 2727 ratione,

156 2764 254 2815 pro
286 2749 466 2814 modo,
494 2758 547 2804 et
577 2751 897 2806 meritorum
932 2751 1285 2821 dignitatibus
1312 2752 1724 2821 dispensantur,

157 2848 214 2894 ut
250 2841 341 2895 alii
370 2840 423 2895 in
458 2842 675 2910 primis,
700 2842 789 2897 alii
821 2844 875 2897 in
904 2843 1177 2908 secundis,
1212 2843 1452 2898 nonnulli
1480 2844 1642 2898 etiam
1671 2845 1727 2898 in

158 2930 361 2987 ultimis
400 2933 750 3002 temporibus,
776 2943 830 2988 et
860 2948 957 3003 per
989 2933 1195 3003 majora
1227 2949 1292 2988 ac
1326 2940 1575 3005 graviora
1602 2950 1731 3005 sup-

155 3021 338 3090 plicia,
369 3038 576 3077 necnon
601 3032 656 3077 et
683 3023 958 3089 diuturna,
999 3039 1063 3080 ac
1096 3025 1300 3090 multis,
1330 3036 1388 3081 ut
1423 3028 1495 3082 ita
1524 3028 1725 3094 dicam,

156 3114 372 3168 seculis
409 3113 661 3176 tolerata,
700 3115 1067 3185 asperioribus
1118 3115 1588 3173 emendationibus
1635 3134 1725 3172 re-
1753 3154 1799 3217 ϐ

158 3208 330 3278 parati
361 3217 419 3264 et
471 3209 740 3274 restituti,
776 3210 1171 3265 eruditionibus
1218 3210 1394 3281 primo
1446 3211 1723 3281 angelicis,

154 3308 267 3357 tum
298 3302 489 3357 deinde
524 3304 687 3358 etiam
728 3302 1064 3371 superiorum
1094 3303 1356 3373 graduum
1403 3303 1721 3368 virtutibus,

157 3402 209 3446 et
240 3393 320 3448 sic
359 3407 452 3463 per
482 3392 690 3462 singula
737 3394 803 3447 ad
844 3393 1122 3463 superiora
1157 3394 1422 3462 provecti,
1456 3408 1626 3464 usque
1656 3393 1724 3447 ad

156 3498 217 3540 ea
246 3499 368 3554 qua:
406 3492 531 3539 sunt
578 3482 866 3538 invisibilia
892 3494 948 3537 et
988 3492 1190 3537 aeterna
1224 3486 1566 3552 proveniant,
1612 3486 1725 3541 sin-

158 3578 293 3649 gulis
338 3577 588 3632 videlicet
635 3578 940 3647 quibusque
978 3576 1280 3631 caelestium
1318 3577 1574 3632 virtutum
1604 3579 1725 3633 olli-

159 3671 256 3725 ciis
302 3671 537 3741 quadam
592 3671 895 3724 eruditione
940 3670 994 3724 in
1045 3671 1223 3741 specie
1274 3670 1600 3741 peragratis.
1644 3671 1724 3726 Ex

160 3777 295 3831 quo,
342 3770 399 3815 ut
460 3762 676 3831 opinor,
722 3762 827 3816 hoc
885 3763 1268 3830 consequentia
1322 3763 1439 3833 ipsa
1510 3763 1725 3817 videtur

158 3856 481 3921 ostendere,
536 3871 974 3925 unamquamque
1030 3858 1410 3913 rationabilem
1471 3867 1721 3912 naturam

157 3960 315 4017 posse
342 3949 409 4002 ab
443 3963 550 4003 uno
579 3948 632 4003 in
664 3947 896 4003 alterum
926 3950 1171 4003 ordinem
1207 3958 1595 4017 transeuntem,
1628 3964 1725 4019 per

159 4041 399 4111 singulos
427 4042 479 4095 in
513 4056 722 4105 omnes,
755 4050 810 4096 et
844 4042 911 4096 ab
946 4042 1197 4095 omnibus
1226 4042 1279 4094 in
1315 4041 1559 4110 singulos
1603 4053 1727 4110 per-

159 4134 363 4198 venire,
392 4134 515 4187 dum
544 4147 795 4188 accessus
825 4132 1184 4203 profectuum,
1214 4130 1591 4188 defectuumve
1623 4145 1718 4184 va-

160 4226 268 4281 rios
294 4240 390 4294 pro
418 4225 655 4279 motibus
678 4224 762 4278 vel
787 4226 1071 4279 conatibus
1094 4224 1326 4293 propriis
1358 4223 1725 4293 unusquisque

159 4332 254 4387 pro
284 4319 437 4374 liberi
483 4318 694 4373 arbitrii
732 4317 992 4372 facultate
1040 4319 1365 4386 perpetitur.
1392 4334 1409 4367 ι
1451 4314 1724 4370 Prolixum

159 4411 333 4467 locum
370 4412 674 4466 describere
703 4424 987 4466 necessum
1021 4409 1206 4473 habui,
1246 4410 1369 4479 quia
1417 4408 1483 4463 ad
1530 4407 1722 4477 Orige-

1832 540 2061 597 ﬂammis
2098 541 2379 598 ultricibus
2422 558 2581 599 urere
2618 562 2633 598 :
2680 544 2818 613 ignis
2856 546 3012 616 hujus
3054 561 3233 605 escam
3275 566 3397 607 esse

1835 634 2101 689 admissas
2126 643 2252 689 ante
2281 649 2474 698 noxas,
2500 650 2635 704 quas
2667 635 2869 691 idcirco
2905 638 3194 707 Apostolus
3226 640 3393 713 ligna,

1833 723 2011 779 fenum
2050 734 2104 780 et
2144 725 2394 795 stipulam
2437 726 2759 793 nominavit;
2806 729 2932 784 hinc
2977 733 3238 801 scriptum
3273 749 3397 790 esse

1831 819 1971 887 apud
2003 819 2191 873 Isaiam
2222 834 2274 885 ι,
2300 818 2360 872 il
2393 837 2406 872 :
2438 819 2713 875 Ambulate
2740 822 2793 875 in
2827 822 3023 877 lumine
3050 825 3186 895 ignis
3216 829 3394 893 vestri,

1831 914 1877 958 et
1910 906 2125 973 ﬂamma
2148 923 2306 975 quam
2353 909 2683 963 accendislis.
2720 928 2738 961 ι
2767 908 2870 966 Per
2913 928 3050 981 quos
3091 929 3393 983 sermones,

1833 997 2039 1066 inquit,
2088 997 2191 1052 hoc
2241 998 2455 1052 videtur
2517 999 2784 1065 indicari,
2830 1003 2974 1070 quod
3027 1007 3397 1075 unusquisque

1829 1097 2178 1157 peccatorum
2208 1088 2481 1142 ﬂammam
2520 1089 2621 1144 sibi
2652 1078 2767 1157 ipse
2797 1092 3000 1161 praprii
3033 1093 3171 1163 ignis
3200 1110 3396 1150 accen-

1830 1182 1942 1248 dat,
1976 1192 2031 1238 et
2056 1196 2162 1236 non
2206 1182 2259 1235 in
2290 1181 2522 1251 aliquem
2553 1182 2730 1252 ignem
2765 1184 2855 1252 qui
2882 1194 3039 1240 antea
3072 1187 3185 1257 jam
3219 1187 3397 1243 fuerat

1831 1287 2091 1328 accensus
2121 1272 2186 1327 ab
2210 1272 2337 1337 alio,
2372 1273 2454 1327 vel
2482 1284 2606 1328 ante
2640 1275 2811 1341 ipsum
2846 1277 3161 1341 substiterit,
3191 1280 3397 1334 demer-

1830 1372 2009 1434 gatur.
2036 1382 2057 1414 ι
2087 1362 2289 1429 Quzerit
2324 1363 2516 1418 deinde
2553 1380 2700 1418 num.
2727 1365 2760 1419 5
2802 1380 2869 1419 an
2901 1377 3094 1436 praeter
3135 1368 3278 1437 illos,
3306 1370 3396 1427 vel

1829 1451 1945 1519 irae,
1990 1452 2075 1507 vel
2119 1452 2342 1518 furoris,
2371 1454 2457 1508 vel
2503 1455 2743 1522 insanire,
2788 1459 2875 1513 vel
2922 1462 3172 1517 maeroris
3220 1463 3393 1534 ignes,

1828 1542 2023 1613 quibus
2054 1543 2204 1612 impii
2251 1559 2372 1599 cum
2408 1545 2460 1601 in
2496 1546 2598 1601 hac
2631 1549 2741 1602 vita
2791 1550 2915 1604 torti
2961 1550 3182 1619 fuerint,
3212 1553 3268 1609 in
3306 1555 3396 1609 fu-

1831 1643 1949 1688 tura
2002 1648 2221 1705 quoque
2268 1639 2683 1706 torquebuntur,
2724 1639 2904 1708 aliqua
2953 1643 3188 1712 generali
3233 1658 3394 1714 poena

1831 1735 1951 1792 post
1994 1738 2227 1780 mortem
2275 1728 2529 1798 puniendi
2577 1728 2706 1786 sint.
2742 1733 2944 1790 Deinde
2988 1733 3123 1789 dicit
3164 1750 3231 1790 eo
3264 1751 3393 1791 cru-

1757 1801 1798 1856 B
1829 1813 1967 1867 ciatu
2014 1813 2268 1870 affectum
2310 1818 2377 1871 iri
2416 1820 2685 1888 animam,
2719 1822 2786 1876 ab
2817 1824 3007 1879 ordine
3049 1834 3212 1896 atque
3262 1826 3392 1882 har-

1828 1911 2037 1977 monia,
2080 1914 2146 1967 ad
2183 1929 2341 1983 quam
2381 1913 2555 1969 fuerat
2596 1930 2625 1967 a
2661 1913 2767 1967 Deo
2807 1916 3054 1982 condita,
3087 1916 3393 1983 divulsam,

1826 2018 1934 2073 quo
1967 2003 2194 2060 afficitur
2236 2021 2435 2076 corpus
2480 2022 2600 2061 cum
2650 2008 2886 2061 membra
2921 2009 3095 2063 soluta
3134 2024 3395 2081 compage

1828 2096 2238 2152 distrahuntur:
2269 2117 2288 2150 ι
2317 2099 2466 2166 Quae,
2494 2099 2684 2168 inquit,
2713 2100 2903 2154 animae
2929 2101 3206 2157 dissolutio
3232 2112 3395 2173 atque

1828 2189 2077 2254 divulsio,
2120 2204 2241 2245 cum
2290 2191 2516 2245 adhibiti
2566 2191 2703 2261 ignis
2754 2191 2965 2247 ratione
3006 2192 3173 2248 fuerit
3210 2196 3395 2266 explo-

1828 2290 1973 2348 rata,
2016 2281 2135 2336 sine
2178 2281 2339 2337 dubio
2369 2283 2436 2336 ad
2482 2283 2776 2338 firmiorem
2822 2285 2906 2338 sui
2951 2300 3265 2357 compagem
3310 2288 3395 2341 in-

1828 2374 2328 2443 staurationemque
2399 2373 2726 2430 solidatur.»
2807 2374 3075 2431 Prasterea
3140 2393 3291 2432 num.
3335 2379 3390 2447 6,

1827 2466 2285 2536 quemadmodum
2342 2467 2601 2521 curandis
2649 2466 2853 2521 morbis
2900 2466 3103 2521 ferrum
3155 2480 3210 2523 et
3254 2470 3394 2540 ignis

1826 2571 1969 2627 s:epe
1997 2558 2341 2624 adhibentur,
2384 2560 2457 2613 ita
2494 2560 2765 2627 conjectat
2800 2580 2818 2612 ι
2846 2561 3113 2615 medicum
3146 2572 3394 2618 nostrum

1827 2646 1997 2703 Deum
2038 2649 2303 2704 volentem
2334 2650 2539 2705 diluere
2568 2651 2698 2705 vitia
2733 2651 3033 2706 animarum
3065 2663 3394 2720 nostrarum,

1827 2753 1947 2809 quae
1985 2755 2050 2795 ex
2082 2751 2425 2810 peccatorum
2468 2750 2522 2795 et
2568 2741 2831 2797 scelerum
2881 2743 3196 2800 diversitate
3228 2744 3395 2801 colle-

1827 2841 2036 2899 gerant,
2086 2831 2166 2886 uti
2224 2831 2593 2900 hujuscemodi
2639 2833 2938 2901 poenalibus
2980 2835 3126 2891 curis
3177 2835 3396 2904 insuper

1828 2922 1990 2977 etiam
2022 2924 2163 2992 ignis
2225 2924 2431 2978 inferre
2470 2924 2787 2994 supplicium
2846 2926 2929 2981 his
2973 2929 3063 2995 qui
3108 2930 3396 2984 sanitatem

1828 3016 2019 3070 anima:
2058 3016 2466 3085 perdiderunt.»
2512 3018 2655 3073 ldem
2698 3020 2835 3075 libro
2880 3035 2911 3073 v
2955 3030 3139 3076 contra
3187 3022 3395 3078 Celsum

1830 3124 1935 3164 non
1970 3108 2111 3163 aliud
2142 3110 2430 3178 quidquam
2464 3126 2561 3181 per
2593 3114 2743 3180 ignes
2777 3113 3074 3183 intelligere
3109 3117 3266 3171 docet
3298 3130 3394 3170 eos

1829 3213 1966 3269 quos
2003 3198 2282 3268 Scriptura
2324 3200 2519 3256 stultos
2566 3202 2749 3256 mundi
2783 3203 3046 3273 appellat,
3080 3202 3113 3277 ἢ
3164 3204 3262 3276 τὴν
3305 3204 3395 3259 διὰ

1826 3294 1990 3364 φόϐου
2020 3297 2113 3348 καὶ
2139 3295 2436 3364 φαντασίας
2466 3295 2575 3351 τῶν
2613 3295 2881 3350 κολάσεων
2922 3297 3274 3370 ἐπιστροφὴν,
3298 3297 3394 3351 καὶ

1822 3389 1930 3443 τῶν
1956 3387 2164 3442 πολλῶν
2189 3387 2374 3441 κακῶν
2403 3389 2633 3459 ἀποχήν.
2658 3388 2786 3444 Tale
2817 3389 2942 3442 illud
2987 3403 3018 3442 e
3054 3399 3214 3444 tract.
3238 3388 3306 3443 54
3334 3390 3392 3443 in

1826 3478 2045 3545 Matth.,
2078 3494 2225 3533 num.
2262 3476 2371 3532 72:
2417 3495 2437 3530 ι
2462 3479 2563 3545 Qui
2603 3488 2780 3533 autem
2829 3480 3085 3534 recedunt
3119 3480 3187 3534 ab
3230 3477 3391 3545 Jesu,

1827 3568 2081 3625 decidunt
2122 3569 2176 3622 in
2230 3568 2405 3639 ignem
2438 3578 2734 3635 aeternum,
2775 3570 2863 3638 qui
2912 3571 3131 3625 alterius
3179 3571 3394 3641 generis

1824 3668 1908 3714 est
1937 3660 2006 3714 ab
2040 3660 2146 3715 hoc
2171 3660 2293 3729 igne
2322 3674 2480 3728 quem
2511 3659 2771 3714 habemus
2804 3660 2858 3713 in
2885 3676 3008 3717 usu.
3036 3659 3220 3716 Nullus
3246 3662 3390 3716 enim

1825 3753 1965 3822 ignis
2022 3753 2167 3806 inter
2212 3752 2459 3806 homines
2506 3762 2590 3805 eSt
2642 3760 2910 3815 mternus,
2955 3752 3047 3805 sed
3098 3767 3196 3806 nec
3237 3752 3392 3806 multi

1826 3843 2115 3912 temporis;
2159 3842 2520 3912 exstinguitur
2566 3843 2707 3895 enim
2747 3843 2875 3896 cito.
2911 3841 3170 3897 Eternus
3212 3852 3390 3897 autem

1826 3935 1966 4006 ignis
1989 3944 2073 3991 est
2102 3935 2211 3999 ille,
2242 3936 2307 3991 de
2337 3950 2443 4004 quo
2471 3944 2526 3989 et
2569 3935 2735 3990 Isaias
2769 3936 2900 3990 dicit
2930 3936 2982 3990 in
3017 3936 3120 3991 line
3163 3938 3393 4006 prophe-

1826 4029 1915 4083 tim
1951 4042 2105 4083 sua}:
2148 4025 2346 4080 Vermis
2381 4043 2563 4082 eorum
2605 4044 2711 4082 non
2745 4032 3015 4095 morietur,
3053 4037 3103 4082 et
3139 4028 3275 4098 ignis
3304 4045 3391 4083 eo-

1824 4133 1942 4170 rum
1987 4132 2092 4171 non
2152 4117 2511 4187 exstinguetur
2551 4118 2616 4171 ³⁷.
2644 4137 2663 4170 ι
2712 4119 2884 4173 Simili
2920 4119 3041 4188 igne
3070 4119 3146 4174 uti
3194 4121 3393 4174 daemo-

1824 4222 1921 4263 nes
1974 4216 2249 4263 asseverat
2286 4209 2476 4263 homil.
2515 4208 2585 4262 27
2625 4210 2680 4263 in
2712 4208 2898 4274 Num.,
2929 4226 3077 4265 num.
3102 4210 3155 4274 8,
3202 4226 3392 4281 nempe

1824 4316 1947 4355 cum
1993 4300 2240 4356 homines
2281 4316 2313 4356 a
2356 4301 2503 4355 vitiis
2554 4301 2622 4355 ad
2680 4302 2902 4355 meliora
2941 4317 3230 4358 conversos
3273 4317 3393 4356 cer—

1825 4404 1981 4459 nunt,
2023 4404 2134 4450 tum
2180 4410 2307 4451 vero
2351 4394 2729 4449 acerbissimas
2776 4408 2870 4449 eos
2910 4394 3133 4450 sufferre
3178 4408 3390 4465 poenas,

161 4503 333 4559 niana:
378 4503 636 4558 doctrina:
681 4500 1132 4567 emendationem,
1158 4510 1212 4571 e_t
1240 4501 1579 4570 sequentium
1634 4499 1714 4553 in-
1752 4500 1797 4556 D
1826 4494 1881 4540 οι
1909 4487 2118 4540 melius
2162 4485 2374 4554 ἰευίῠιιε
2410 4485 2785 4539 “ardescere-

163 4594 434 4650 telleetum
455 4593 693 4650 confert.

228 4685 294 4744 Υ.
329 4685 447 4741 Jam
476 4701 602 4740 vero
649 4683 947 4753 cuiusmodi
989 4697 1181 4752 pinnas
1217 4681 1426 4736 futuras
1470 4680 1721 4751 opinatus

160 4778 229 4832 sit
260 4776 542 4847 Origenes,
573 4778 868 4832 videamus.
913 4776 1093 4846 Ignem
1126 4775 1276 4829 illum
1325 4784 1587 4855 aeternum
1608 4813 1624 4839 ,
1666 4774 1721 4828 in

161 4885 314 4937 quem
341 4870 556 4939 capitali
590 4869 793 4924 Christi
823 4870 1037 4923 decreto
1068 4866 1218 4936 impii
1263 4866 1513 4920 mittendi
1559 4874 1721 4929 sunt,

160 4962 292 5015 nihil
320 4961 463 5015 aliud
504 4975 625 5015 esse
669 4969 820 5014 ratus
861 4967 973 5021 est,
1012 4974 1174 5028 quam
1219 4955 1564 5012 conscientiae
1603 4968 1723 5009 ver-

163 5067 320 5108 inem.
354 5051 676 5109 Consulatur
701 5062 864 5120 caput
889 5050 957 5105 10
979 5050 1099 5104 libri
1128 5065 1166 5103 ιι
1190 5049 1265 5104 De
1293 5047 1542 5118 princip.,
1567 5060 1720 5099 num.

161 5147 215 5210 4,
240 5146 383 5217 quod
418 5146 471 5200 id
506 5154 881 5215 argumentum
928 5144 1210 5199 excussit:
1248 5141 1323 5196 ibi
1374 5140 1453 5195 ait
1498 5153 1726 5193 revoca-

165 5250 267 5294 tam
296 5240 479 5294 divina
508 5240 731 5305 virtute,
754 5246 811 5293 et
847 5238 916 5291 ob
947 5236 1133 5291 oculos
1165 5234 1314 5303 impii
1345 5232 1575 5302 positam
1601 5243 1725 5301 pec-

163 5343 401 5387 caturum
434 5331 750 5386 memoriam
793 5328 967 5398 (juxta
1005 5327 1137 5381 illud
1183 5325 1333 5379 Pauli
1367 5324 1522 5378 Rom.
1548 5338 1610 5388 ιι,
1636 5319 1727 5385 15,

167 5423 267 5479 I6:
300 5443 320 5477 ι
347 5424 493 5479 Inter
516 5438 576 5478 se
603 5423 838 5478 invicem
878 5417 1293 5488 cogitationibus
1328 5414 1728 5476 accusantibus,

169 5516 444 5570 autetiam
472 5512 904 5573 defendentibus.
936 5509 988 5563 in
1022 5510 1111 5563 die
1139 5523 1262 5564 cum
1294 5505 1557 5577 iudicabit
1590 5502 1732 5558 Deus

168 5606 372 5662 occulta
396 5607 673 5663 hominum
696 5606 769 5676 ι),
799 5611 1035 5658 mentem
1059 5600 1176 5671 ejus
1203 5597 1436 5655 stimulis
1465 5608 1727 5669 pungere,

243 5788 285 5820 ³³
309 5791 325 5809 ⁶
363 5787 505 5844 Psal.
541 5800 739 5851 Lxxxv,
768 5784 857 5838 15.
933 5780 976 5809 ’⁷
1018 5779 1306 5850 lsa.va1,
1334 5775 1427 5841 24.

473 5885 745 5944 Paxaea.
788 5882 905 5940 Gtt.
944 5877 1142 5941 XVII.

1893 4577 2041 4633 Alias
2072 4578 2246 4644 ignem
2282 4585 2503 4647 peccata
2537 4574 2886 4631 excedentem
2914 4583 2969 4628 et
3002 4582 3388 4638 assumentem,

1826 4667 1994 4723 Deum
2032 4668 2205 4737 ipsum
2236 4682 2358 4721 esse
2400 4666 2533 4731 vult,
2568 4673 2788 4736 propter
2818 4665 2922 4719 hoc
2957 4664 3169 4718 Deuter.
3197 4679 3271 4724 iv.
3295 4663 3389 4731 24,

1833 4780 1851 4813 ι
1885 4760 2142 4815 Dominus
2176 4760 2319 4814 Deus
2358 4767 2481 4813 tuus
2524 4759 2663 4828 ignis
2708 4771 3030 4813 consumens
3065 4765 3168 4811 est.
3198 4775 3217 4809 ι
3265 4755 3394 4811 Inde

1828 4853 2045 4907 homilia
2084 4853 2141 4906 in
2175 4850 2372 4906 larem.
2410 4851 2474 4917 2,
2510 4866 2659 4904 num.
2686 4849 2751 4915 2,
2793 4860 2849 4905 et
2877 4849 2965 4911 16,
3003 4864 3151 4904 num.
3197 4848 3231 4902 5
3255 4860 3313 4903 et
3337 4848 3391 4911 6,

1829 4947 1951 5015 igne
1981 4947 2083 5000 hoc
2121 4945 2285 5015 ligna,
2316 4942 2499 4998 fenum
2545 4952 2600 4997 et
2636 4942 2919 5013 stipulam,
2964 4941 3160 4997 Christi
3200 4939 3396 4994 funda-

1830 5046 2012 5093 mento
2052 5044 2463 5105 superstructa,
2506 5049 2670 5104 Opera
2720 5049 2908 5105 nempe
2957 5033 3163 5104 peccati
3210 5039 3399 5085 narrat

1832 5128 2060 5193 absumi,
2087 5138 2372 5199 postquam
2402 5130 2583 5182 anima
2606 5127 2772 5181 fuerit
2796 5141 2826 5179 a
2854 5140 3077 5195 corpore
3104 5123 3350 5193 sejuncta
3380 5139 3394 5175 :

1831 5236 2021 5275 aurum
2053 5235 2201 5285 vero,
2245 5229 2553 5290 argentum.
2590 5228 2646 5273 et
2693 5230 2954 5288 gemmas,
2986 5216 3213 5269 virtutes
3252 5212 3400 5268 scili-

1832 5321 1948 5379 cet,
1996 5323 2050 5369 et
2080 5323 2225 5367 recte
2268 5321 2421 5378 acta,
2469 5310 2671 5364 illibata
2705 5319 2759 5364 et
2806 5311 3005 5362 intacta
3054 5306 3284 5361 servari.
3328 5305 3401 5356 At

1833 5404 1965 5458 lib.t
2000 5404 2140 5473 Περὶ
2170 5402 2390 5473 ἀρχῶν,
2431 5417 2550 5471 cap.
2580 5402 2631 5468 I,
2678 5416 2826 5455 num.
2851 5400 2920 5466 2,
2971 5399 3074 5452 alio
3114 5398 3401 5461 detorquet

1833 5498 2007 5554 locum
2064 5497 2205 5551 hunc
2252 5495 2683 5559 Deuteronomii,
2725 5509 2823 5548 nec
2874 5506 2970 5561 pro
3028 5490 3221 5542 futurae
3273 5486 3402 5538 vitae

1832 5590 2159 5661 purgatione
2187 5588 2405 5660 accipit,
2448 5588 2542 5644 sed
2571 5600 2672 5671 pro
2702 5584 2982 5656 praesentis
3024 5579 3185 5660 hujus
3224 5580 3403 5645 gratia

3037 5850 3114 5911 32
