3860 6226
449 332 470 384 1
480 332 583 387 003

1714 327 1775 382 P.
1819 324 2136 381 DANIELIS
2173 322 2267 379 HU
2279 322 2411 378 ETll

3544 319 3690 375 1001

445 447 711 503 mentibus
749 444 995 499 humanis
1037 457 1067 497 a
1110 441 1218 497 Deo
1258 441 1456 498 infusa.
1482 460 1500 493 ι
1547 440 1687 509 Quid
1724 442 1890 509 enim,
1932 442 2005 494 in-
2033 444 2079 499 Α
2107 448 2398 509 praeparata
2449 436 2558 500 sit,
2614 435 2736 491 licet
2783 437 2835 490 in
2886 434 3074 489 eadem
3125 448 3281 504 poena
3331 434 3547 488 diversa
3616 434 3690 488 sit

445 539 579 608 quit,
618 545 897 592 consumet
926 534 1064 590 Deus
1088 535 1381 588 secundum
1415 535 1516 589 hoc
1546 534 1690 604 quod
1721 534 1861 605 ignis
1888 535 2005 589 est?

445 629 815 698 Nunquidnam
856 626 1126 697 putabitur
1158 639 1472 681 consumere
1514 624 1792 678 materiam
1818 638 2007 692 corpo-

448 721 636 786 ralem,
685 728 741 772 ut
782 728 868 774 est
905 719 1140 788 lignum,
1183 717 1264 772 vel
1315 717 1526 780 fenum,
1565 716 1651 770 vel
1686 716 2008 785 stipula?.et

445 812 573 875 quid
600 812 651 865 iu
685 812 785 866 hoc
807 810 1024 879 dignum
1049 810 1114 864 de
1146 809 1238 864 Dei
1265 808 1513 863 laudibus
1547 807 1761 872 dicitur,
1788 807 1832 861 si
1866 808 2006 861 Deus

453 905 589 973 ignis
640 912 724 957 est
794 901 1106 972 hujusmodi
1163 901 1418 955 materias
1488 899 1844 954 consumens?
1899 898 2005 953 Sed

447 994 845 1050 consideremus
870 995 996 1062 quia
1034 992 1173 1047 Deus
1198 991 1466 1046 consumit
1495 991 1713 1060 quidem
1740 998 1793 1043 et
1826 999 2009 1045 exter-

449 1082 650 1146 minat,
693 1083 785 1136 sed
825 1080 1093 1135 consumit
1124 1080 1290 1134 malas
1326 1079 1582 1133 mentium
1631 1079 2004 1149 cogitationes,

449 1173 714 1227 consumit
747 1180 893 1242 gesta
929 1171 1126 1239 turpia,
1165 1169 1426 1224 consumit
1472 1169 1737 1224 desideria
1771 1170 2004 1239 peccati,

448 1281 568 1320 cum
622 1279 681 1319 se
730 1264 1061 1318 credentium
1105 1260 1371 1315 mentibus
1405 1261 1613 1327 inserit,
1660 1270 1715 1316 et
1753 1274 1843 1316 eas
1888 1263 2005 1315 aui-

448 1374 564 1414 mas
599 1372 716 1427 qua:
746 1356 904 1412 Verbi
951 1353 1066 1423 ejus
1112 1368 1177 1407 ac
1221 1351 1511 1422 Sapientiae
1552 1351 1852 1408 etIiciuntur
1917 1367 2008 1408 ca-

448 1465 639 1519 paces,
686 1464 792 1503 una
843 1463 963 1502 cum
1011 1445 1148 1501 Filio
1185 1458 1282 1499 suo
1330 1444 1673 1509 inhabitans,
1716 1443 2004 1500 secundum

446 1542 587 1610 quod
616 1540 813 1594 dictum
854 1547 974 1594 est:
1010 1536 1121 1607 Ego
1155 1545 1203 1590 et
1238 1533 1402 1589 Pater
1438 1535 1722 1599 veniemus,
1763 1544 1812 1589 et
1858 1550 2007 1587 man-

445 1635 645 1689 sionem
685 1631 824 1699 apud
862 1646 981 1685 eum
1015 1629 1267 1698 faciemus
1300 1627 1375 1692 '3;
1407 1628 1658 1683 omnibus
1697 1641 1884 1683 eorum
1929 1627 2006 1680 vi-

449 1725 537 1780 tiis
587 1721 1030 1793 passionibusque
1073 1719 1448 1787 consumptis,
1504 1734 1696 1788 purum
1762 1717 1867 1773 sibi
1913 1731 2007 1771 eas

2105 530 2379 598 quantitas
2405 542 2597 598 poenae.
2639 527 2793 582 Alius
2849 526 2992 579 enim
3038 526 3255 594 gravius
3293 538 3358 578 ac
3397 524 3693 579 vehemen-

2108 620 2214 676 tius
2243 621 2516 675 cruciatur
2546 631 2643 686 pro
2687 616 3057 687 magnitudine
3109 625 3493 685 peccatorum;
3544 616 3691 670 alius

2108 722 2286 766 autem
2314 710 2618 775 remissius,
2646 707 2800 777 cujus
2829 708 3033 763 leviora
3072 719 3128 762 et
3169 706 3410 762 faciliora
3458 718 3689 777 peccata

2107 812 2250 858 sunt.
2283 822 2301 854 ι
2340 800 2541 857 Locum
2581 802 2786 872 profert
2821 799 3133 869 Pamphilus
3171 799 3225 853 in
3263 800 3540 870 Apologia.

2180 894 2262 947 Vl.
2307 893 2729 962 Smpius'tamen
2778 892 2899 946 aliis
2943 900 3141 960 praeter
3181 890 3358 960 ignem
3402 892 3687 961 suppliciis

2108 985 2352 1039 homines
2398 985 2649 1053 castigari
2683 999 2712 1036 a
2758 982 2869 1037 Deo
2913 981 3088 1036 fassus
3116 989 3219 1036 est.
3256 981 3489 1038 Homilia
3523 985 3592 1039 18
3634 988 3689 1036 in

2106 1076 2325 1139 Jerem.,
2362 1091 2512 1130 num.
2543 1076 2630 1140 15,
2660 1090 2787 1144 pag.
2812 1072 2939 1137 261,
2971 1074 3144 1140 majus
3170 1074 3388 1143 aliquod
3434 1076 3685 1142 gehenna

2109 1167 2247 1237 ignis
2278 1182 2398 1221 esse
2439 1165 2765 1236 supplicium
2824 1164 3098 1219 concludit
3137 1181 3203 1220 ex
3240 1180 3307 1219 eo
3350 1167 3491 1235 quod
3532 1169 3576 1220 is
3616 1166 3689 1219 sit

2108 1263 2365 1329 gehennae
2411 1258 2549 1328 ignis
2592 1271 2738 1319 reus,
2767 1254 2861 1325 qui
2905 1255 3106 1309 dixerit
3150 1255 3303 1310 fratri
3352 1272 3482 1319 suo,
3519 1276 3537 1307 ς
3577 1256 3684 1310 Fa-

2096 1359 2196 1402 tue
2219 1348 2298 1414 ³¹;
2329 1366 2347 1400 ι
2387 1348 2559 1415 majus
2609 1347 2787 1415 itaque
2834 1346 3144 1417 impendere
3188 1346 3513 1415 supplicium
3564 1364 3683 1400 ma-

2102 1436 2277 1506 jorum
2310 1438 2601 1491 criminum
2652 1437 2780 1501 reis,
2814 1438 2938 1506 puta
2989 1436 3281 1501 adulteris;
3313 1438 3460 1505 quod
3506 1441 3685 1505 cujus-

2110 1530 2249 1583 modi
2288 1529 2360 1583 sit
2397 1529 2637 1583 futurum
2683 1528 2738 1581 in
2772 1516 2885 1582 ἐθι-
2919 1527 3152 1582 hominis
3195 1542 3301 1582 non
3350 1528 3680 1583 ascendisse.

2107 1617 2269 1673 Libro
2301 1634 2373 1673 vn
2417 1628 2603 1672 contra
2648 1617 2854 1673 Celsum
2884 1657 2899 1683 ,
2930 1634 3082 1673 num.
3115 1620 3167 1683 5,
3203 1618 3395 1673 scribit
3444 1620 3682 1673 animam

2110 1713 2375 1766 insontem
2402 1719 2457 1766 et
2488 1725 2699 1780 puram,
2738 1711 2923 1765 statim
2970 1720 3129 1780 atque
3158 1726 3387 1780 corpore
3426 1711 3583 1778 exiit,
3616 1713 3685 1764 ad

448 1830 613 1885 seque
659 1815 876 1883 dignum
922 1810 1085 1867 efﬁcit
1134 1809 1410 1878 templum.
1436 1828 1455 1861 ι
1504 1809 1579 1863 Ita
1621 1818 1677 1864 et
1719 1808 1816 1862 lib.
1860 1823 1898 1862 ιι
1951 1808 2007 1862 in
2037 1799 2080 1854 B
2109 1803 2329 1872 puriora
2362 1802 2582 1858 aetheris
2627 1802 2742 1855 loca
2805 1802 3093 1857 sublimem
3131 1802 3304 1857 ferri:
3338 1817 3681 1872 quaecunque

448 1907 650 1962 Cantic.
678 1906 953 1970 caruit-on,
982 1917 1103 1973 pag.
1130 1901 1197 1956 52
1226 1918 1240 1956 :
1279 1918 1298 1951 ι
1326 1900 1568 1970 Denique
1596 1901 1664 1956 ob
1710 1901 1813 1955 hoc
1861 1899 2003 1955 Deus

449 2007 633 2053 noster
678 1996 818 2064 ignis
851 1994 1047 2049 dicitur
1094 2006 1213 2047 esse
1248 2005 1573 2047 consumens
1599 1991 1664 2057 ",
1706 2001 1764 2046 et
1810 1988 2009 2046 nihilo-

450 2092 627 2145 minus
673 2089 761 2142 lux
808 2087 863 2141 in
907 2100 1013 2155 quo
1048 2085 1282 2139 tenebras
1327 2099 1433 2139 non
1479 2091 1603 2139 sunt
1622 2083 1688 2136 ³⁰.
1737 2082 1853 2137 Lux
1894 2083 2010 2138 sine

449 2182 612 2237 dubio
643 2180 824 2250 jnstis,
846 2190 900 2235 et
928 2177 1066 2249 ignis
1109 2175 1339 2232 efﬁcitur
1369 2175 1767 2247 peccatoribus,
1795 2183 1855 2228 ut
1882 2189 2011 2228 con-

450 2283 627 2328 sumat
662 2275 713 2327 in
741 2273 823 2327 eis
848 2286 1007 2327 omne
1037 2269 1178 2340 quod
1215 2269 1267 2323 in
1302 2272 1482 2323 anima
1515 2282 1702 2323 eorum
1742 2265 2011 2334 corrupti-

449 2368 674 2422 bilitatis
714 2376 806 2421 aut
854 2365 1159 2436 fragilitatis
1209 2362 1505 2425 invenerit;
1538 2378 1557 2413 ι
1593 2373 1696 2414 nec
1732 2359 1884 2413 aliter
1914 2358 2011 2412 ho-

450 2460 561 2513 mil.
591 2460 616 2512 1
646 2459 703 2512 in
752 2458 965 2523 Ezech.,
1004 2473 1150 2512 num.
1183 2454 1251 2509 12
1276 2462 1332 2509 et
1374 2453 1462 2508 15.
1501 2451 1749 2505 Animam
1791 2456 2013 2505 caetero-

450 2550 578 2619 quin
609 2550 819 2620 ignibus
846 2549 1034 2620 attingi
1066 2557 1119 2602 et
1144 2545 1298 2601 exuri
1333 2559 1440 2599 non
1486 2557 1646 2613 posse
1679 2541 1870 2597 statuit
1914 2538 2008 2595 lib.

450 2658 501 2696 vt
527 2651 707 2695 contra
744 2640 881 2696 Cels.
906 2680 922 2705 ,
956 2655 1104 2695 num.
1132 2639 1223 2701 71,
1264 2637 1453 2707 Ἡμεῖς
1489 2633 1546 2687 δὲ
1586 2631 1872 2702 ἀσώματον
1916 2632 2010 2684 οὐ·

451 2735 569 2789 σίαν
607 2737 707 2787 οὐκ
740 2733 894 2805 ἴσμεν
925 2730 1351 2804 ὲκπυρουμένην,
1382 2726 1488 2781 οὐδ’
1529 2727 1608 2790 εἰς
1646 2725 1755 2796 πῦρ
1787 2722 2011 2777 ἀναλυο-

455 2827 620 2899 μένην
670 2825 768 2896 τὴν
827 2824 1112 2896 ἀνθρώπου
1172 2820 1377 2894 ψυχὴν,
1425 2818 1458 2889 ἢ
1506 2818 1602 2889 τὴν
1653 2815 1928 2883 ἀγγέλωνξ,
1976 2813 2010 2884 ἦ

453 2920 674 2992 θρόνων,
716 2918 750 2989 ἢ
787 2919 1139 2989 κυριοτήτων,
1178 2916 1212 2987 ἢ
1260 2912 1462 2985 ἀρχῶν,
1508 2911 1541 2982 ἢ
1587 2907 1840 2975 ἐξουσιῶν
1881 2907 2014 2962 ὑπό-

455 3029 658 3065 στασιν.

524 3103 915 3173 Nonnunquam
956 3110 1134 3156 tamen
1165 3111 1471 3169 supremam
1503 3094 1686 3150 mundi
1716 3092 2011 3159 conﬂagra-

455 3197 660 3251 tionem
704 3197 825 3264 igne
856 3193 963 3249 hoc
1007 3193 1248 3249 denotari
1288 3200 1467 3261 putat,
1512 3203 1683 3257 eoque
1730 3186 2009 3241 hominum

454 3294 673 3353 peccata
699 3286 853 3340 exuri
878 3292 932 3338 et
964 3284 1201 3353 purgari.
1230 3282 1465 3349 Legatur
1493 3281 1544 3334 in
1586 3278 1723 3335 libro
1764 3293 1796 3329 v
1828 3284 2011 3331 contra

454 3378 681 3441 Celsum,
734 3391 881 3431 nunt.
922 3377 1011 3443 15,
1052 3377 1198 3431 locus
1241 3374 1358 3439 ille,
1407 3387 1513 3443 quo
1552 3372 1818 3441 impurum
1868 3370 2013 3425 hunc

454 3471 827 3541 philosophum
880 3468 1114 3524 futuram
1158 3467 1339 3521 mundi
1392 3462 1863 3533 conflagrationem
1910 3475 2011 3515 ne-

461 3573 678 3633 gantem
724 3561 957 3625 refellit;
1007 3559 1239 3615 ostendit
1287 3556 1429 3612 enim
1481 3554 1734 3612 incendio
1767 3554 1870 3609 hoc
1912 3552 2013 3606 ho-

457 3655 629 3709 mines
662 3653 947 3707 universos
986 3650 1270 3706 lustratum
1306 3647 1393 3714 iri,
1425 3646 1605 3701 illaesis
1639 3654 1816 3700 tamen
1849 3643 1913 3698 iis
1959 3642 2010 3696 in

458 3745 651 3814 quibus
692 3758 853 3812 opera
903 3743 1148 3814 peccati,
1198 3741 1443 3795 idoneum
1488 3736 1693 3791 scilicet
1727 3734 1837 3803 igni
1887 3732 2011 3787 huic

461 3834 734 3905 pabulum,
763 3834 907 3887 nulla
944 3832 1312 3901 reperientur;
1346 3828 1553 3885 exustis
1583 3841 1709 3882 vero
1740 3825 1881 3888 aliis,
1919 3822 2012 3893 qui

458 3942 626 3983 noxas
652 3934 707 3982 et
750 3924 975 3989 scelera,
1009 3924 1150 3994 ligna
1187 3922 1439 3975 nimirum
1465 3960 1480 3984 ,
1528 3919 1706 3974 fenum
1748 3924 1803 3972 et
1844 3916 2013 3984 stipu-

459 4019 562 4070 lam
610 4014 841 4068 flammis
870 4011 1143 4066 exedenda
1192 4009 1523 4080 collegerint.
1558 4006 1761 4072 Quarto
1800 4016 2013 4072 quoque

451 4106 632 4177 operis
657 4106 892 4174 ejusdem
920 4103 1078 4169 libro,
1104 4115 1252 4155 num.
1278 4100 1347 4153 20
1370 4107 1424 4153 et
1447 4099 1539 4162 64,
1570 4097 1825 4151 mundum
1854 4092 2015 4149 tradit

456 4215 595 4254 nunc
627 4195 841 4251 diluviis
884 4192 1192 4263 repurgari,
1234 4205 1375 4244 nunc
1417 4187 1701 4250 incendiis,
1742 4185 1834 4239 καὶ
1872 4183 2012 4253 τάχα

449 4292 511 4346 οὑ
552 4291 621 4343 τὰ
652 4288 745 4342 ἐπὶ
769 4287 868 4356 γῆς
900 4284 1077 4355 μόνον,
1108 4281 1241 4336 ἀλλὰ
1269 4281 1362 4334 καὶ
1389 4280 1457 4333 τὰ
1482 4281 1538 4331 ὲν
1558 4276 1663 4348 ὅλῳ
1689 4275 1767 4346 τῷ
1798 4275 2009 4345 κόσμῳ,

448 4381 683 4453 δεομένῳ
716 4376 1009 4448 καθαρσίου
1046 4375 1173 4427 ὅταν
1207 4371 1374 4440 πολλὴ
1420 4372 1453 4440 ἡ
1497 4367 1661 4422 κακία
1694 4367 1915 4435 γένηται
1956 4366 2013 4417 ὲν

448 4474 615 4545 αὐτῷ.

520 4565 650 4620 Utut
697 4563 869 4632 ignem
922 4560 1064 4613 hunc
1104 4553 1505 4625 intelligendum
1542 4557 1761 4614 censet,
1808 4547 2007 4602 nullam

449 4658 610 4712 aliam
640 4664 900 4726 praeterea
930 4649 1103 4704 noxiis
1142 4646 1448 4701 hominibus
1496 4640 1757 4698 inflictum
1795 4638 1860 4692 iri
1894 4650 2009 4707 pa:-

450 4763 609 4811 nam,
656 4746 782 4801 licet
821 4743 906 4799 illa
960 4756 1057 4809 pro
1113 4744 1459 4805 peccatorum
1509 4733 1723 4788 ratione
1774 4728 2008 4784 diversis

449 4838 624 4892 modis
666 4835 972 4889 intendatur
1025 4829 1109 4883 vel
1151 4828 1491 4888 remittatur,
1539 4822 1730 4878 scribit
1776 4820 1828 4874 in
1867 4818 2006 4874 libro

457 4929 531 4983 De
574 4924 866 4980 Proverbiis
912 4919 1205 4977 Salomonis
1244 4934 1260 4971 :
1301 4933 1320 4968 t
1360 4912 1703 4969 Manifestum
1740 4919 1825 4967 est
1869 4908 2012 4978 quod

454 5036 558 5075 una
607 5032 762 5087 pmua
808 5026 912 5068 tam
959 5014 1256 5068 daemonum
1290 5015 1516 5073 naturae,
1565 5019 1726 5073 quam
1777 5002 2012 5055 humano

447 5110 631 5183 generi
680 5117 1024 5178 peccatorum
1067 5118 1097 5155 a
1160 5101 1387 5155 Domino
1433 5096 1700 5166 praefinita
1758 5094 1828 5147 sit
1879 5091 2008 5154 illa,

448 5181 609 5269 quam
638 5197 892 5253 Dominus
918 5209 1011 5248 sua
1038 5192 1304 5248 sententia
1332 5187 1636 5257 designavit
1666 5185 1851 5239 dicens
1876 5199 1890 5235 :
1930 5181 2007 5234 Ite

450 5290 505 5340 in
535 5287 703 5355 ignem
734 5291 1003 5345 wternum,
1035 5280 1124 5349 qui
1153 5287 1366 5347 paratus
1395 5284 1468 5329 est
1497 5273 1704 5326 diabolo
1737 5280 1784 5324 et
1810 5269 2006 5338 angelis

449 5379 560 5449 ejus
586 5378 665 5442 ³¹;
702 5374 989 5429 ostendens
1037 5371 1160 5440 quia
1222 5368 1407 5424 eadem
1457 5367 1662 5435 Species
1724 5376 2006 5432 poenarum

450 5467 841 5545 peccatoribus,
858 5460 1195 5538 hominibus,
1226 5468 1279 5513 et
1309 5456 1542 5517 diabolo,
1572 5462 1626 5509 et
1658 5450 1864 5522 angelis
1893 5448 2008 5517 ejus

517 5675 564 5705 ’⁸
601 5672 872 5734 Joan.xtv,
913 5670 1001 5722 25.
1091 5667 1136 5697 ’θ
1178 5664 1337 5718 llehr.
1366 5660 1601 5734 xtt,_?9._

451 5760 548 5808 xtl,
574 5745 664 5799 ‘26.
710 5743 782 5815 λ³δ
820 5729 1178 5812 Μειιιὶιπιχιι,
1215 5737 1295 5790 15.
1373 5734 1416 5766 ³⁵
1459 5731 1643 5786 Matth.
1687 5745 1812 5795 xxv,
1843 5729 1931 5783 50.

1698 5660 1739 5690 ³ο
1781 5657 1797 5710 l
1830 5658 1981 5714 Joau.
2015 5675 2054 5725 ι,
2096 5658 2145 5713 5.
2247 5652 2495 5709 3‘Mttth.
2526 5667 2650 5719 xxv,
2687 5649 2776 5705 4|.

2110 1910 2237 1950 vero
2270 1895 2428 1949 noxia
2479 1903 2593 1960 est,
2642 1894 2877 1961 peccatis
2922 1907 3231 1963 oppressam
3276 1892 3425 1947 circa
3482 1903 3684 1947 terram

2110 1989 2216 2042 huc
2258 1995 2313 2041 et
2352 1986 2478 2040 illuc
2538 1983 2806 2050 volutari;
2847 1984 3106 2053 quasdam
3152 1984 3295 2039 circa
3342 1994 3685 2038 mortuorum

2109 2078 2372 2148 sepulcra,
2401 2078 2521 2133 inde
2567 2085 2779 2148 spectra
2813 2075 2985 2130 oculis
3032 2076 3307 2131 hominum
3351 2078 3686 2146 quandoque

2112 2168 2306 2236 objici;
2342 2167 2475 2222 alias
2504 2166 2631 2222 alibi
2658 2180 2863 2222 errare.
2891 2165 2935 2219 E
2961 2163 3183 2220 Platone
3216 2166 3497 2220 transtulit
3526 2181 3680 2221 com-

2112 2270 2351 2315 mentum
2401 2259 2577 2324 istud,
2622 2266 2680 2313 ut
2728 2257 2830 2311 alia
2881 2257 3153 2327 pleraque,
3198 2257 3350 2325 cujus
3397 2273 3462 2313 ea
3494 2266 3583 2313 est
3631 2260 3683 2311 in

2117 2351 2376 2406 Phwdone
2414 2352 2665 2418 assertio,
2701 2352 2979 2406 hominum
3029 2350 3302 2419 corporeis
3351 2350 3521 2404 rebus
3554 2350 3683 2404 dum

2112 2442 2358 2498 viverent
2406 2440 2791 2511 implicitorum
2861 2440 3071 2494 animas
3120 2439 3263 2494 circa
3325 2448 3683 2494 monumenta

2112 2533 2337 2599 versari,
2372 2534 2565 2603 quibus
2611 2546 2734 2588 cum
2790 2529 3173 2601 conspicabilis
3219 2530 3397 2600 aliqua
3431 2532 3684 2601 corporis

2111 2636 2237 2694 pars
2269 2621 2559 2678 etiamnum
2588 2621 2937 2683 adhaerescat,
2976 2619 3099 2673 hinc
3144 2617 3519 2673 tenebricosas
3560 2616 3682 2671 ani-

2114 2729 2318 2769 marum
2363 2713 2650 2784 imagines,
2695 2710 3049 2782 aSpectabiles
3081 2711 3361 2765 exsistere.
3412 2708 3552 2762 Eam
3598 2708 3680 2762 ni-

2114 2804 2402 2859 hilominus
2472 2804 2789 2858 sententiam
2863 2801 3111 2872 repudiat
3174 2812 3307 2855 tom.
3384 2815 3563 2854 xxvttt
3628 2800 3684 2853 in

2113 2896 2293 2962 Joan.,
2334 2910 2481 2951 num.
2508 2894 2561 2962 5,
2600 2896 2999 2963 absurdumque
3032 2908 3150 2949 esse
3193 2893 3438 2947 decernit
3492 2892 3684 2947 existi-

2115 3003 2263 3042 tuare
2321 2987 2590 3052 animam,
2634 2994 2916 3056 postquam
2976 2998 3204 3053 corpore
3268 2982 3503 3038 liberata
3562 2992 3681 3047 est,

2116 3088 2328 3134 mortuo
2362 3078 2620 3133 assidere.

2181 3171 2340 3224 Aliud
2371 3180 2630 3239 praeterea
2675 3169 2923 3240 supplicii
2966 3182 3136 3241 genus
3180 3165 3358 3221 notari
3393 3173 3559 3235 putat
3602 3165 3685 3220 his

2111 3260 2273 3318 Lucae
2306 3262 2510 3327 verbis,
2538 3262 2735 3332 quibus
2766 3262 3001 3317 futurum
3033 3259 3270 3314 minatur
3310 3257 3591 3321 Christus,
3627 3266 3687 3309 ut

2113 3352 2505 3421 imprudentem
2564 3366 2781 3407 servum
2838 3351 3123 3414 «dividat,
3179 3358 3503 3418 partemque
3566 3345 3687 3413 ejus

2113 3458 2233 3498 cum
2281 3442 2583 3498 infidelibus
2616 3441 2869 3512 ponat”.
2904 3460 2924 3493 ι
2964 3438 3147 3495 Genus
3196 3447 3373 3491 autem
3429 3434 3686 3504 supplicii

2114 3534 2165 3587 id
2193 3548 2312 3588 esse
2340 3543 2510 3603 putat,
2539 3531 2857 3588 divisionem
2898 3530 3093 3585 animae
3135 3543 3163 3582 a
3198 3526 3405 3596 Spiritu
3448 3537 3686 3588 sancto;

2111 3625 2196 3679 vel
2244 3623 2558 3679 divisionem
2615 3622 2892 3677 nobilioris
2955 3620 3122 3691 partis
3172 3620 3396 3683 animae,
3442 3632 3567 3685 quae
3616 3618 3687 3670 ad

2113 3714 2396 3785 imaginem
2450 3722 2504 3770 et
2549 3713 2950 3768 similitudinem
3004 3710 3097 3766 Dei
3147 3708 3287 3765 facta
3330 3718 3455 3773 est,
3504 3709 3577 3761 ab
3621 3722 3689 3761 ea

2113 3813 2266 3875 parte
2288 3819 2405 3874 quae
2435 3819 2530 3875 per
2555 3803 2708 3859 liberi
2740 3802 2950 3857 arbitrii
2978 3801 3187 3871 lapsum
3220 3799 3523 3854 deformata
3557 3809 3682 3861 est;

2112 3895 2197 3951 vel
2229 3896 2543 3951 divisionem
2588 3896 2778 3950 anima:
2822 3895 2889 3948 ab
2915 3892 3106 3962 angelo
3146 3890 3327 3945 tutelae
3360 3904 3472 3946 suae
3527 3904 3680 3958 pra:-

2112 3985 2274 4042 fecto.
2306 3985 2411 4042 Sed
2437 3996 2492 4041 et
2518 4000 2759 4041 errorum
2806 3985 3059 4039 tenebras
3089 3991 3143 4037 et
3190 3981 3512 4049 ignorantiae
3545 3979 3688 4033 cali-

2113 4079 2291 4148 ginem
2326 4077 2441 4132 vult
2477 4077 2704 4147 exprimi
2737 4076 2971 4131 tenebris
3014 4072 3391 4135 exterioribus,
3440 4072 3513 4124 in.
3545 4086 3689 4139 quas

2114 4169 2251 4222 mitti
2273 4169 2426 4236 jubet
2460 4182 2580 4222 eum
2614 4181 2728 4227 rex.
2756 4165 2845 4234 qui
2881 4173 3029 4218 veste
3057 4161 3278 4231 nuptiali
3308 4176 3410 4215 non
3448 4161 3685 4214 indutus

2114 4261 2168 4314 in
2205 4259 2429 4329 nuptiali
2458 4257 2705 4313 convivio
2735 4256 3108 4311 discumbebat
3132 4252 3210 4319 ἰς
3238 4261 3293 4307 et
3335 4266 3554 4306 servum
3590 4266 3689 4305 ne-

2113 4366 2273 4420 quam
2304 4360 2358 4406 et
2392 4350 2622 4420 pigrum,
2666 4347 2755 4416 qui
2789 4346 3041 4402 talentum
3086 4346 3189 4401 sibi
3220 4344 3578 4399 commissum
3628 4343 3685 4397 in

2113 4452 2314 4500 terram
2355 4439 2718 4497 defoderat”.
2755 4437 2876 4505 Quo
2912 4438 3123 4493 accedit
3164 4446 3379 4491 tractat.
3404 4450 3591 4489 xxxm
3629 4435 3685 4487 in

2115 4533 2331 4597 Matth.,
2359 4546 2508 4587 num.
2535 4529 2623 4595 69,
2654 4530 2906 4585 tenebras
2928 4528 3225 4583 exteriores
3255 4526 3327 4579 ita
3357 4538 3641 4593 exponens
3668 4542 3682 4577 :

2120 4645 2138 4678 ι
2170 4626 2271 4682 Ubi
2307 4623 2449 4679 nulla
2482 4621 2797 4676 illuminatio
2825 4629 2929 4687 est,
2965 4618 3196 4674 forsitan
3227 4631 3327 4672 nec
3353 4615 3683 4685 corporalis,

2114 4732 2213 4772 nec
2254 4725 2338 4771 est
2373 4714 2636 4784 respectio
2668 4712 2761 4767 Dei
2803 4711 2946 4775 illic,
2991 4711 3085 4766 sed
3116 4710 3269 4779 quasi
3307 4708 3512 4777 indigni
3562 4723 3689 4775 spe-

2122 4808 2386 4862 culatione
2424 4805 2519 4860 Dei
2548 4804 2641 4875 qui
2673 4802 2798 4857 talia
2838 4809 3219 4871 peccaverunt,
3249 4799 3689 4854 condemnantur

2118 4900 2173 4952 in
2213 4899 2299 4953 his
2330 4911 2453 4967 quae
2485 4894 2781 4952 exteriores
2825 4894 3057 4949 tenebrae
3105 4890 3485 4962 appellantur:
3526 4888 3687 4943 forsi-

2119 5001 2206 5044 tan
2256 4990 2425 5044 donec
2468 4986 2862 5052 intellexerint,
2897 4992 2957 5038 ut
3000 4990 3383 5038 convertantur
3433 4989 3491 5033 et
3538 4978 3685 5049 digni

2112 5080 2407 5135 elliciantur
2449 5079 2599 5133 exire
2628 5080 2695 5132 ab
2724 5077 2854 5132 eis.»
2891 5075 3060 5130 Aliter
3089 5084 3267 5128 tamen
3305 5070 3471 5140 paulo
3517 5080 3641 5139 post
3662 5087 3679 5122 :

2113 5194 2130 5226 σ
2159 5171 2572 5228 Consideremus
2619 5184 2767 5239 ergo,
2816 5169 3021 5237 inquit,
3066 5168 3111 5222 si
3160 5173 3338 5235 potest
3371 5178 3506 5217 vera
3557 5176 3681 5217 esse

2108 5263 2373 5334 expositio
2411 5262 2550 5332 ejus,
2586 5270 2646 5315 ut
2672 5259 2971 5315 exteriores
3014 5256 3266 5311 tenebras
3315 5252 3436 5307 illas
3483 5252 3687 5307 intelli-

2108 5370 2329 5425 gamus,
2373 5363 2431 5408 ut
2477 5353 2698 5422 quidam
2749 5352 2901 5421 quasi
2956 5348 3158 5417 indigni
3207 5356 3320 5400 toto
3370 5344 3578 5398 mundo
3634 5344 3684 5396 in

2108 5449 2357 5518 abyssum
2384 5445 2554 5508 illam,
2580 5458 2737 5515 quam
2775 5443 2866 5499 ille
2895 5439 3167 5512 exposuit,
3194 5437 3339 5493 foras
3367 5437 3666 5508 ejiciantur

2877 5648 2919 5680 δ’
2965 5645 3145 5703 Matth.
3182 5660 3233 5711 v,
3265 5642 3359 5696 22.
3461 5641 3511 5675 ³³
3550 5640 3682 5695 Luc.
