3834 6226
152 382 301 437 1005

1002 384 1569 446 ORIGENIANORUM
1605 388 1735 443 LIB.
1774 389 1839 455 ll,
1877 390 2027 447 CAP.
2070 392 2135 459 ll,
2179 392 2455 461 QUxEST.
2497 397 2592 452 XI.

3252 410 3389 465 1006

148 498 215 553 in
262 512 367 568 qua
396 506 523 553 sunt
552 498 804 563 tenebras,
844 500 1059 557 nemine
1086 517 1180 559 eas
1214 502 1568 572 illuminante,
1602 522 1723 562 cum
1752 507 1801 563 A
1903 503 2031 559 Vl".
2083 506 2441 565 Nihilominus
2485 519 2663 567 tamen
2706 513 2992 571 multorum
3037 524 3392 580 consensione

146 592 268 647 sint
293 599 446 646 extra
475 599 646 646 totum
678 594 958 647 mundum.
988 613 1005 645 ι

207 682 586 754 Cujuscunqne
610 700 769 753 porro
785 687 1005 757 generis
1015 687 1123 742 sint
1141 703 1334 758 ptenae,
1351 691 1723 751 vehementius

146 775 221 830 iis
266 775 561 830 cruciatum
597 776 659 830 iri
693 791 917 846 corpora
948 786 1120 846 putat,
1149 781 1341 849 quibus
1374 796 1720 855 resurgentes

145 866 475 933 induemur;
504 876 685 937 utpote
710 868 986 924 subtiliora
1017 878 1072 925 et
1100 872 1382 941 spiritalia,
1408 891 1569 945 quam
1598 894 1720 949 quae

141 959 257 1013 hac
281 959 337 1013 in
360 960 472 1013 vita
496 969 798 1029 gestamus;
826 964 1272 1031 quemadmodum
1298 969 1498 1022 nudum
1523 986 1718 1041 corpus

140 1050 364 1106 mollius
392 1060 474 1106 est
501 1054 567 1107 ad
597 1054 843 1117 verbera,
871 1055 1043 1124 iisque
1071 1056 1247 1111 acrius
1270 1058 1522 1128 aiIicitur,
1556 1078 1715 1131 quam

136 1141 187 1195 si
221 1152 379 1196 veste
402 1152 739 1212 contegatur.
774 1146 948 1200 Verba
978 1147 1225 1215 Origenis
1252 1164 1282 1204 e
1323 1150 1714 1210 Commentario

134 1232 195 1285 in
228 1234 418 1301 psalm.
467 1250 553 1300 vr,
598 1252 721 1306 pag.
748 1236 871 1302 580,
916 1239 1225 1309 Pamphilus
1260 1244 1313 1296 in
1344 1245 1598 1316 Apologia
1630 1265 1716 1303 re-

137 1324 355 1379 citavit.
401 1326 641 1396 Denique
685 1328 1045 1401 Hieronymus
1089 1334 1143 1387 in
1179 1336 1339 1403 epist.
1366 1337 1456 1402 95,
1485 1340 1553 1393 ad
1582 1342 1715 1396 Avi-

136 1424 280 1481 tum,
311 1432 432 1485 cap.
458 1418 509 1483 1,
542 1420 826 1487 scripsisse
854 1422 1142 1494 Origenem
1174 1426 1341 1482 refert
1372 1430 1422 1483 in
1458 1427 1565 1487 t'lne
1589 1432 1712 1488 libri

131 1508 305 1576 primi
343 1508 489 1578 Περῐ
534 1511 754 1581 ἀρχῶν,
790 1515 1021 1569 animam
1062 1520 1383 1589 quandoque
1429 1541 1447 1572 ι
1478 1538 1577 1592 pro
1608 1524 1711 1581 do-

135 1598 259 1655 lore
296 1615 576 1670 poenarum
623 1613 679 1658 et
732 1605 870 1675 ignis
915 1607 1129 1673 ardore,
1173 1613 1346 1683 magis
1392 1613 1591 1684 eligere
1649 1626 1712 1672 ut

133 1690 362 1746 brutum
410 1694 609 1748 animal
644 1693 736 1759 sit,
779 1704 835 1750 et
870 1696 921 1751 in
960 1700 1114 1767 aquis
1154 1701 1388 1767 habitet,
1432 1713 1489 1758 et
1530 1704 1706 1762 ﬂucti-

128 1779 280 1847 bus,
322 1796 385 1838 ac
427 1797 624 1854 corpus
671 1799 947 1844 assumere
996 1790 1156 1861 hujus
1209 1793 1294 1848 vel
1345 1793 1487 1853 illius
1542 1813 1706 1867 peco-

129 1873 235 1927 ris.

203 1964 320 2021 νη.
360 1966 709 2039 Multiplicem
744 1985 1164 2032 commemorata
1194 1978 1446 2049 dbgmata
1487 1980 1703 2053 Origeni

127 2058 605 2125 exprobrationem
656 2078 932 2134 peperere.
982 2066 1127 2123 Inter
1176 2070 1279 2125 alia
1338 2070 1606 2139 objectum
1650 2074 1699 2129 ei

129 2161 326 2203 narrat
378 2151 690 2222 Pamphilus
749 2157 803 2212 in
865 2158 1219 2230 Apologetico,
1267 2177 1497 2233 negasse
1551 2164 1701 2220 illum

131 2243 385 2300 scelestis
424 2246 699 2303 inferenda
735 2250 1026 2319 supplicia;
1073 2254 1215 2322 quod
1248 2269 1461 2324 pteuam
1490 2271 1697 2324 sensus,

126 2342 189 2388 ιιι
223 2344 454 2403 vocant,
505 2339 751 2395 videatur
796 2343 1109 2412 sustulisse,
1155 2360 1278 2400 cum
1317 2346 1498 2418 ignem
1544 2359 1704 2406 aster-

130 2442 263 2481 num
322 2429 705 2499 interpretatus
761 2443 844 2488 est
905 2436 1344 2506 perturbationes
1398 2442 1599 2510 animi,
1646 2452 1702 2499 et

126 2519 477 2574 conscientiae
519 2522 783 2579 stimulos.
823 2525 897 2582 Eo
940 2536 1185 2596 spectant
1234 2529 1339 2583 ista
1388 2528 1699 2604 Hieronymi

126 2607 222 2665 lib.
247 2624 309 2665 ιιι
352 2611 409 2664 in
443 2611 613 2680 Epist.
643 2616 711 2668 ad
740 2616 932 2687 Ephes.
954 2635 1009 2684 v,
1041 2620 1114 2675 6:
1153 2637 1172 2672 ι
1201 2619 1336 2688 Quia
1375 2622 1538 2693 igitur
1577 2635 1701 2682 sunt

123 2699 393 2773 plerique,
434 2707 525 2775 qui
563 2707 747 2763 dicunt
793 2723 900 2765 non
946 2710 1125 2767 futura
1158 2728 1258 2784 pro
1291 2718 1531 2784 peccatis
1578 2734 1697 2775 esse

124 2796 409 2865 supplicia,
444 2813 541 2853 nec
572 2801 913 2858 extrinsecus
939 2803 1241 2861 adhibenda
1274 2815 1570 2874 tormenta,
1599 2812 1696 2867 sed

123 2886 301 2955 ipsum
350 2895 627 2959 peccatum
653 2932 667 2957 ,
711 2898 765 2946 et
810 2894 1192 2952 conscientiam
1224 2898 1405 2956 delicti
1447 2917 1569 2959 esse
1597 2918 1695 2973 pro

120 2992 319 3047 poena,
350 2981 474 3036 dum
524 2985 724 3039 vermis
771 2985 827 3039 in
870 2989 1033 3043 corde
1066 3005 1171 3044 non
1224 2994 1474 3061 moritur,
1527 3005 1583 3051 et
1636 2998 1699 3052 in”

121 3070 304 3126 animo
346 3072 484 3143 ignis
532 3075 869 3141 accenditur,
918 3077 972 3131 in
1026 3079 1437 3137 similitudinem
1490 3082 1679 3149 febris,

119 3175 238 3230 quae
263 3177 371 3217 non
411 3171 626 3234 torquet
651 3166 991 3224 extrinsecus
1017 3180 1393 3241 aegrotantem,
1434 3175 1528 3230 sed
1567 3190 1689 3232 cor-

1825 603 1881 651 et
1926 598 2230 665 patrocinio
2284 610 2467 656 noster
2506 601 2765 673 Origenes
2811 606 3137 673 defenditur,
3186 628 3392 685 suaque

1823 684 2090 754 imprimis
2112 686 2467 756 dubitatione,
2493 706 2611 746 cum
2640 693 2732 749 lib.
2762 710 2778 749 ι
2816 698 2955 766 Περὶ
2986 701 3208 770 ἀρχῶν,
3238 704 3391 763 initio

1822 773 2011 843 capitis
2058 777 2229 844 sexti,
2284 779 2349 834 de
2404 795 2584 836 rerum
2648 791 3155 854 consummatione,
3214 796 3389 867 deque

1821 867 1998 936 pomis
2038 870 2445 939 damnatorum,
2476 889 2538 929 ac
2572 876 2849 932 beatorum
2897 882 3137 948 praemiis
3168 896 3389 941 acturus

1821 962 1898 1016 sic
1937 963 2237 1031 praefatur:
2282 984 2300 1018 ι
2331 965 2461 1033 Quae
2506 970 2722 1037 quidem
2773 988 2803 1026 a
2844 973 2999 1029 nobis
3055 978 3217 1032 etiam
3262 996 3385 1035 cum

1818 1067 2014 1123 magno
2058 1063 2203 1109 metu
2268 1065 2325 1111 et
2378 1059 2585 1114 cautela
2626 1060 2914 1128 dicuntur,
2966 1063 3383 1124 discutientibus

1818 1148 1991 1218 magis
2023 1157 2078 1203 et
2109 1152 2587 1218 pertractantibus,
2628 1170 2790 1222 quam
2824 1173 2920 1228 pro
2951 1170 3099 1216 certo
3145 1176 3206 1217 ac
3253 1164 3387 1218 deli-

1818 1239 1931 1293 nito
1954 1242 2332 1298 Statuentibus.
2354 1262 2372 1293 ›
2419 1242 2484 1296 Ει
2516 1246 2584 1297 ita
2614 1247 2827 1301 demum
2864 1261 3026 1319 caput
3056 1253 3194 1308 idem
3232 1254 3386 1309 clau-

1815 1330 1939 1385 dit:
1989 1351 2007 1383 ι
2034 1333 2247 1389 Certius
2282 1344 2459 1389 tamen
2507 1338 2736 1404 qualiter
2789 1356 2847 1395 se
2892 1344 3143 1399 habitura
3183 1347 3253 1401 sit
3296 1363 3382 1403 res

1814 1424 1916 1476 scit
1949 1423 2095 1479 solus
2124 1425 2284 1491 Deus,
2313 1436 2368 1481 et
2395 1430 2438 1484 si
2468 1432 2556 1501 qui
2582 1433 2698 1497 ejus
2732 1432 3006 1487 Christum
3034 1448 3090 1490 et
3117 1436 3381 1507 Spiritum

1812 1524 2058 1569 sanctum
2111 1519 2270 1573 amici
2328 1530 2473 1575 sunt.
2508 1541 2526 1573 ι
2579 1521 2701 1577 Pari
2753 1539 2967 1594 quoque
3019 1529 3178 1583 modo
3225 1530 3381 1585 initio

1810 1605 2002 1673 capitis
2054 1610 2329 1676 sequentis
2376 1611 2768 1668 haesitationem
2815 1631 2967 1669 suam
3013 1616 3272 1676 declarat.
3317 1620 3379 1678 id

1809 1709 1878 1750 ne
1910 1695 2024 1766 ipse
2078 1700 2296 1768 quidem
2352 1703 2622 1758 inliciatus
2680 1714 2767 1759 est
2815 1704 3202 1780 Hieronymus,
3250 1729 3376 1771 cum

1809 1785 1966 1853 epist.
1994 1786 2080 1851 59,
2112 1789 2179 1842 ad
2208 1790 2375 1858 Avit.,
2408 1808 2528 1861 cap.
2556 1794 2607 1858 1,
2642 1794 2925 1864 Origenem
2958 1799 3022 1853 de
3060 1804 3247 1858 eodem
3286 1820 3375 1860 ar-

1734 1863 2062 1946 Bgumento
2118 1880 2283 1935 multa
2335 1894 2748 1940 commentatum
2816 1891 3099 1961 scripsisse
3156 1898 3371 1952 tandem

1807 1968 1925 2023 ait:
1966 1988 1985 2022 ι
2013 1970 2137 2027 Haec
2165 1972 2317 2041 juxta
2353 1986 2597 2031 nostram
2634 1983 2958 2037 sententiam
2994 2002 3096 2042 non
3132 1990 3239 2044 sint
3273 1991 3370 2045 do-

1805 2070 2007 2130 gmata,
2046 2065 2139 2118 sed
2171 2067 2395 2135 quaesita
2436 2078 2664 2137 tantum,
2696 2082 2859 2141 atque
2888 2077 3147 2147 projecta,
3180 2096 3247 2137 ne
3277 2098 3370 2152 pe-

1804 2154 1950 2210 nitus
1977 2156 2258 2214 intractata
2288 2161 2613 2217 viderentur.
2639 2183 2658 2216 ι

1872 2247 2137 2304 Caeterum
2166 2251 2217 2305 in
2249 2256 2539 2309 asserentlo
2571 2256 2695 2328 igne
2722 2260 2813 2316 illo
2839 2278 2929 2331 qui
2954 2263 3132 2331 justos
3171 2267 3224 2321 in
3256 2266 3366 2325 ﬁne

1804 2353 1983 2395 rerum
2012 2341 2193 2396 itidem
2222 2353 2280 2399 ut
2313 2345 2505 2416 impios
2544 2349 2830 2409 invasurus
2874 2355 2941 2409 ab
2984 2355 3214 2427 Origene
3260 2360 3366 2415 lin-

1803 2432 1965 2503 gitur,
2018 2434 2115 2502 ipsi
2166 2440 2438 2493 consentit
2500 2440 2813 2499 Lactantius
2867 2445 3048 2501 Instit.
3104 2449 3201 2506 lib.
3263 2467 3362 2517 vn,

1801 2538 1919 2594 cap.
1972 2525 2035 2581 2i
2080 2545 2095 2583 :
2139 2527 2341 2596 Justos,
2407 2532 2603 2602 inquit,
2669 2552 2790 2592 cum
2816 2526 3153 2610 iudicaverit,
3200 2546 3363 2602 etiam

1800 2615 1913 2686 igni
1956 2632 2051 2674 eos
2104 2623 2435 2679 examinabit
2492 2644 2507 2681 :
2568 2636 2678 2682 tum
2728 2645 2956 2699 quorum
3000 2647 3224 2703 peccata
3278 2640 3364 2694 vel

1798 2710 2066 2777 pondere,
2126 2712 2208 2767 vel
2258 2730 2482 2771 numero
2540 2720 2934 2791 prmvaluerint,
2992 2730 3362 2799 perstringen-

1798 2803 1885 2851 tur
1910 2798 2017 2867 igni
2046 2808 2209 2869 atque
2242 2805 2595 2861 ambureutur
2624 2826 2640 2863 :
2678 2822 2818 2879 quos
2863 2822 3041 2871 autem
3082 2798 3254 2887 plena
3271 2822 3360 2893 ju-

1798 2888 1944 2943 stitia
1985 2899 2040 2945 et
2093 2894 2375 2950 maturitas
2420 2897 2636 2953 virtutis
2666 2901 2950 2969 incoxerit,
2999 2907 3172 2977 ignem
3210 2888 3359 2969 illum

1794 2993 1900 3034 non
1932 2982 2182 3037 sentient.
2224 3004 2244 3037 ι
2279 2984 2511 3043 Hilarius
2542 3004 2755 3060 quoque
2784 3008 2906 3064 cap.
2945 2995 2980 3050 2
3023 2999 3078 3053 in
3112 3000 3308 3059 Matth.
3337 3018 3361 3059 ξ

1800 3091 1818 3125 ι
1854 3073 2152 3146 Baptizatis
2177 3078 2229 3131 in
2260 3078 2463 3148 Spiritu
2493 3093 2685 3138 sancto
2723 3085 2988 3156 reliquum
3026 3109 3046 3143 ι
3076 3108 3197 3149 esse
3222 3097 3358 3153 dicit

1798 3178 1817 3211 ι
1852 3166 2212 3219 consummari
2244 3166 2363 3237 igne
2389 3167 2605 3238 judicii,
2648 3190 2668 3223 ι
2697 3182 2861 3241 atque
2899 3192 2967 3232 ne
3004 3179 3108 3234 hac
3138 3184 3353 3252 quidem

1063 3225 1093 3240 υ
1295 3225 1393 3241 ν--Ἲ
1435 3225 1528 3230 ---
1573 3225 1653 3232 τπ-
2261 3225 2290 3237 υ
2389 3225 2408 3238 -
2592 3225 2604 3234 ’
2773 3225 2856 3241 ιτ*
2900 3225 2965 3232 --ν
3004 3225 3108 3234 ··-·“’
3139 3225 3352 3252 Ψυυνη·

120 3225 250 3319 {mra
296 3252 411 3321 ipsa
456 3225 764 3323 hedrripiens
823 3257 1006 3325 punit,
1048 3262 1165 3316 sine
1211 3265 1545 3321 cruciatum“
1591 3282 1688 3322 ex-
1718 3225 1760 3283 ο
1792 3250 1907 3323 lege
1938 3253 2229 3310 immunem
2260 3257 2376 3312 fore
2404 3268 2554 3327 putat
2599 3260 2658 3314 Β.
2686 3257 2979 3334 Virginem.
3015 3270 3158 3327 Idem
3193 3275 3358 3332 habet

124 3344 395 3401 trinsecus
431 3347 784 3416 adhibitione,
827 3366 963 3421 quos
997 3354 1259 3420 possidet.
1287 3376 1305 3407 ι
1348 3356 1514 3413 Notat
1544 3374 1686 3430 prae-

123 3446 272 3497 terea
315 3441 674 3515 Hieronymus
718 3447 771 3500 in
810 3449 967 3517 epist.
993 3449 1082 3517 59,
1124 3451 1191 3505 ad
1222 3450 1392 3518 Avit.,
1423 3468 1543 3522 cap.
1574 3450 1685 3510 1-4.

122 3530 410 3601 Origenem
440 3535 648 3592 dixisse
683 3538 891 3595 animas
917 3556 1015 3610 pro
1045 3542 1329 3598 criminum
1361 3544 1517 3599 modo
1542 3560 1689 3606 cras-

127 3626 365 3683 sioribus
394 3628 694 3695 hominum,
729 3631 815 3685 vel
840 3632 1227 3702 jumentorum,
1271 3636 1354 3691 vel
1381 3638 1541 3692 etiam
1577 3639 1688 3693 dae-

118 3737 336 3779 monum
399 3727 714 3797 corporibus
783 3727 1038 3793 immitti,
1095 3729 1425 3798 easdemque
1484 3732 1684 3798 resipi-

116 3825 329 3870 scentes
370 3815 434 3869 ad
484 3816 795 3887 angelorum
830 3824 1075 3871 naturam
1109 3818 1290 3872 redire
1331 3835 1345 3871 :
1396 3822 1537 3888 quod
1571 3818 1684 3887 jam

114 3904 539 3962 observavimus.
566 3908 725 3962 Addit
753 3923 870 3976 cap.
896 3907 931 3961 2
963 3916 1231 3964 tormenta
1261 3923 1383 3964 eum
1416 3919 1473 3964 et
1504 3910 1681 3981 ignem

114 3997 368 4064 gehenna:
407 3999 459 4052 in
508 4000 837 4055 conscientia
875 4007 1219 4070 peccatorum
1270 4001 1407 4055 libro
1449 4016 1488 4056 ιι
1538 4002 1681 4071 Περὶ

112 4087 312 4157 ἀρχῶν
342 4092 604 4160 posuisse,
632 4092 772 4161 quod
815 4092 973 4146 iterat
1004 4092 1154 4161 Apol.
1182 4096 1255 4158 tt‘,
1292 4107 1409 4161 cap.
1439 4093 1491 4157 l,
1533 4103 1590 4147 et
1624 4096 1677 4148 in

117 4176 514 4237 Commentariis
571 4184 627 4237 in
683 4180 854 4252 Epist.
898 4185 965 4237 ad
1007 4184 1234 4252 Ephes.,
1278 4199 1399 4253 cap.
1444 4185 1477 4239 5
1513 4194 1567 4240 et
1622 4185 1677 4241 6.

118 4272 372 4338 Queritur
399 4286 612 4344 quoque
637 4275 775 4347 apud
810 4276 1164 4344 Augustinum
1193 4275 1417 4331 Orosius
1448 4277 1501 4331 in
1531 4277 1679 4331 Com-

112 4366 411 4431 monitorio,
456 4366 668 4434 jactare
730 4366 916 4421 solitos
984 4366 1320 4436 Origenistas
1371 4367 1672 4436 quosdam,

114 4467 134 4501 ι
174 4451 355 4522 ignem
400 4464 659 4508 aeternum
701 4469 807 4523 quo
842 4464 1153 4523 peccatores
1205 4459 1518 4525 puniantur,
1566 4473 1671 4512 non

1790 3342 1843 3396 in
1897 3342 2187 3401 Comment.
2260 3350 2331 3401 ad
2379 3352 2567 3418 psalm.
2623 3370 2827 3422 cxvnt,
2892 3359 2982 3414 20.
3036 3362 3356 3425 Ambrosius

1788 3450 1953 3490 serm.
1988 3438 2042 3490 in
2072 3438 2262 3506 psalm.
2300 3457 2458 3497 xxxvu
2503 3462 2515 3498 :
2564 3463 2582 3496 ι
2627 3445 2753 3516 Igne
2807 3464 2934 3520 ergo
2979 3455 3356 3524 purgabuntur

1788 3530 1879 3585 ﬁlii
1907 3530 2055 3598 Levi,
2086 3534 2207 3605 igne
2236 3536 2503 3603 Ezechiel,
2533 3539 2653 3609 igne
2688 3540 2907 3608 Daniel;
2956 3563 2976 3597 ι
3025 3558 3079 3601 et
3103 3548 3299 3606 deinde
3333 3570 3350 3608 :

1791 3642 1811 3674 ι
1854 3624 1999 3680 Salvi
2031 3627 2232 3683 erimus
2275 3644 2372 3697 per
2416 3631 2597 3695 ﬁdem,
2644 3634 2723 3687 sic
2779 3643 2958 3691 tamen
3018 3642 3150 3695 salvi
3195 3645 3349 3712 quasi

1785 3730 1882 3784 per
1914 3717 2127 3786 ignem;
2171 3721 2271 3775 etsi
2311 3736 2414 3776 non
2449 3739 2761 3792 exuremur,
2809 3738 2984 3783 tamen
3038 3746 3277 3788 uremur.
3321 3754 3344 3788 ι

1784 3804 1913 3872 Quae
1956 3820 2289 3877 sequuntur,
2336 3827 2405 3866 ex
2457 3814 2687 3884 Origene
2747 3819 3029 3877 manifeste
3086 3825 3349 3882 translata

1784 3905 1913 3951 sunt
1938 3916 1951 3951 :
1978 3916 1996 3949 ι
2025 3898 2305 3966 Quomodo
2337 3913 2514 3960 tamen
2544 3906 2633 3961 alii
2660 3922 2976 3967 remaneant
3003 3914 3054 3967 in
3086 3915 3227 3986 igne,
3254 3918 3347 3974 alii

1784 3997 2178 4059 pertranseant,
2198 3994 2353 4049 docet
2374 4012 2472 4052 nos
2498 4000 2679 4056 divina
2715 4002 2995 4074 Scriptura
3027 4029 3038 4062 :
3064 4024 3256 4080 nempe
3290 4013 3345 4067 in

1782 4095 1931 4136 mare
1962 4080 2204 4138 Rubrum
2239 4085 2520 4145 demersus
2552 4101 2638 4147 est
2672 4096 2898 4165 pepulus
2939 4096 3344 4171 IEgyptiorum,

1780 4174 2027 4230 transivit
2052 4185 2179 4232 ante
2209 4179 2439 4249 populus
2480 4182 2850 4243 Hebraeorum.
2904 4208 2927 4241 ι
2962 4189 3176 4259 Igneam
3212 4211 3346 4252 vero

1778 4268 2042 4338 ejusmodi
2072 4273 2451 4343 purgationem
2481 4276 2659 4345 gladio
2688 4278 2936 4335 ﬂammeo
2965 4283 3109 4337 circa
3144 4287 3343 4341 ostium

1776 4362 2383 4431 paradisijcircumacto
2424 4376 2479 4421 et
2519 4379 2691 4425 rotato
2722 4371 3016 4441 signiﬁcari
3069 4376 3145 4429 ait
3188 4375 3345 4430 Com-

1775 4463 1939 4508 ment.
1992 4455 2045 4511 in
2086 4456 2273 4524 psalm.
2321 4468 2509 4512 CXVIII.
2555 4460 2620 4515 Et
2647 4461 3000 4534 Hieronymus
3057 4465 3148 4521 lih.
3190 4482 3248 4521 tu
3287 4470 3344 4522 in

108 4555 227 4599 esse
272 4546 449 4616 ignem
497 4561 683 4601 verum
706 4586 722 4610 ,
765 4547 1005 4602 dicentes
1066 4548 1266 4604 dictum
1318 4564 1437 4606 esse
1496 4551 1671 4622 ignem
1705 4563 1752 4623 ι)
1778 4546 1936 4600 Amo‘
1970 4562 2064 4613 νη»
2095 4546 2150 4611 4,
2185 4559 2408 4605 sanctos
2436 4558 2490 4605 ει
2531 4551 2725 4621 impios
2778 4555 2994 4624 ὶεηίδυε
3021 4560 3224 4622 Darilel'
3246 4575 3342 4615 6X-

108 4637 333 4703 propriae
363 4637 710 4693 conscientiae
740 4639 1105 4707 punitionem;
1136 4657 1199 4695 ac
1223 4642 1301 4697 sic
1330 4652 1519 4699 Omnes
1550 4660 1671 4715 pec-

106 4734 346 4781 catorum
396 4728 605 4782 animas
650 4738 768 4798 post
808 4732 1179 4801 purgationem
1226 4733 1568 4790 conscientia:
1610 4740 1666 4791 in

105 4815 362 4873 unitatem
398 4817 644 4886 corporis
685 4816 886 4873 Christi
932 4835 1053 4875 esse
1103 4822 1392 4880 redituras.
1422 4843 1440 4875 ι
1478 4825 1671 4895 Arguit

105 4902 230 4961 item
256 4910 513 4965 circuitus
543 4909 661 4967 illos
688 4911 1036 4967 beatitudinis
1061 4919 1115 4967 et
1147 4914 1506 4969 damnationis
1532 4929 1668 4970 sem-

101 4994 341 5063 piternos
364 5000 693 5065 Augustinus
724 5002 928 5059 Haeres.
958 5019 1086 5057 me
1113 5005 1178 5060 ad
1206 5004 1660 5073 Quodvultdeum,

102 5098 152 5143 et
184 5093 274 5151 lib.
308 5112 401 5151 χχι
447 5096 522 5151 De
566 5098 708 5152 civit.
735 5097 852 5162 Dei,
887 5114 1006 5168 cap.
1036 5099 1124 5153 17.
1165 5099 1234 5153 At
1272 5098 1485 5155 Nicetas
1519 5099 1663 5156 Cho-

103 5180 271 5242 niatcs
312 5186 407 5243 lib.
434 5202 487 5241 tv
529 5186 684 5243 Thes.
711 5189 917 5243 orthod.
949 5189 1071 5257 ﬁd.,
1108 5190 1237 5243 inter.
1262 5205 1428 5254 xxxi,
1461 5189 1661 5245 dixisse

103 5273 173 5326 ait
206 5276 513 5349 Origenem,
558 5277 799 5335 futurum
832 5291 891 5336 ut
936 5283 1114 5336 anima
1153 5282 1413 5348 tantisper
1449 5281 1503 5335 in
1537 5281 1660 5351 igne

106 5378 330 5435 maneat,
356 5372 481 5426 dum
502 5372 755 5427 vitiorum
780 5373 1030 5428 sordibus
1061 5381 1426 5443 expurgetur;
1460 5380 1515 5425 at
1540 5387 1660 5427 ver-

106 5470 238 5515 mem
276 5473 455 5520 tamen
505 5464 623 5520 sine
660 5464 766 5519 ﬁne
800 5479 1233 5534 permansurum,
1275 5478 1377 5519 nec
1418 5477 1657 5532 unquam

106 5554 393 5619 gehennam
442 5559 767 5615 exstinctum
808 5559 905 5624 iri,
956 5578 975 5611 ι
1006 5567 1064 5612 ιιι
1110 5559 1213 5613 hoc
1261 5565 1417 5626 pacto
1462 5557 1655 5612 stimu-

108 5640 237 5700 letur
273 5649 323 5705 in
361 5660 673 5721 posterum,
729 5650 1120 5721 refriceturque
1152 5650 1411 5706 memoria
1461 5650 1655 5706 divina:

107 5732 442 5798 humanitatis
500 5744 556 5799 in
607 5744 836 5808 animis,
882 5758 1003 5813 quae
1048 5758 1079 5800 a
1124 5743 1453 5816 perennibus
1504 5741 1657 5802 hisce

110 5829 369 5898 suppliciis
396 5833 637 5893 liberata:
666 5834 885 5891 fuerint.
912 5852 931 5886 ι

1779 4636 2085 4708 purgandos
2117 4654 2238 4695 esse
2269 4641 2345 4695 ait
2371 4643 2567 4710 quibus
2602 4647 2856 4702 omnibus
2888 4648 3127 4718 praelusit
3166 4649 3341 4722 Sibyt~

1777 4728 2003 4783 linorum
2031 4732 2360 4786 oraculorum
2389 4736 2625 4803 scriptor
2654 4736 2748 4791 lib.
2776 4754 2813 4793 ιι
2854 4758 2867 4792 :

1845 4819 1955 4904 lia}
1990 4820 2122 4904 τόςε
2145 4820 2220 4904 of;
2253 4824 2473 4904 ,τζάζζες
2502 4826 2599 4881 διὰ
2617 4829 2935 4904 ρὶθομένου
2959 4825 3267 4904 ποταμοῖο,

1844 4891 1953 4944 Καὶ
1992 4892 2216 4961 φλογὸς
2263 4894 2565 4953 ἀσϐέστου
2605 4891 2971 4955 δωλὲύσονθ
2994 4918 3009 4933 ·
3052 4891 3128 4957 οῖ’
3149 4921 3215 4959 τε
3253 4891 3341 4961 δί-

1841 5034 2068 5100 Πάντες
2133 5036 2498 5103 σωθήσοντ’,
2553 5038 2789 5107 ἀσεϐεῖς
2858 5038 2920 5093 δ’
2976 5042 3076 5097 ἐπὶ
3146 4972 3341 5099 £32533

3035 5114 3341 5185 [όλοῦνται

1837 5176 1941 5240 Εἰς
1972 5174 2187 5243 αἰῶνας
2220 5179 2421 5245 ὅλους,
2457 5179 2670 5233 ὁπόσοι
2717 5179 2871 5235 κακὰ
2911 5174 3177 5251 πρόὶγθεν
3214 5187 3338 5253 ἕρε-

3173 5254 3331 5327 ὶξανο

1766 5357 1833 5412 Et
1853 5359 2046 5416 deinde
2077 5379 2092 5414 :

1840 5451 1983 5517 Τοὺς
2007 5453 2059 5505 δ’
2084 5452 2335 5521 ἄλλους,
2367 5455 2617 5522 ὁπόσοις
2642 5472 2705 5510 τε
2728 5457 2887 5525 δίκη,
2922 5459 3076 5528 καλά
3112 5458 3162 5510 τ’
3190 5458 3334 5528 ἔργα

1836 5593 2099 5668 tam!“
2133 5592 2434 5668 Εἶρόμενοι
2461 5590 2559 5651 διὰ
2590 5599 2906 5668 αἰθομένου
2941 5526 3328 5666 ποΙξιέῑέιίιοηὶέεν’

1832 5651 2088 5733 Eli-"5069
2116 5651 2353 5730 ἆξουοι.

1836 5753 1981 5831 Iane
2002 5774 2119 5810 vero
2141 5774 2315 5831 omnes
2353 5774 2457 5826 per.
2476 5761 2743 5815 ardentem
2771 5764 3011 5831 ﬂuvium,

1834 5823 1903 5880 Et
1933 5827 2195 5883 ﬂammam
2226 5823 2593 5887 inexétinctam
2623 5823 2917 5889 transibunt
2947 5850 2967 5899 .1
2979 5823 3118 5903 justi
3151 5846 3327 5893 autem
