3860 6226
424 418 559 472 1007

1707 391 1768 446 Ρ.
1811 382 2123 440 DANIELIS
2157 377 2390 435 HUETII

3509 357 3655 416 i008

491 531 681 584 Omnes
716 525 933 580 salutem
975 522 1366 591 adipiscentur;
1407 513 1553 591 impii
1584 526 1702 565 vero
1738 506 1974 575 peribunt
2008 506 2051 560 Α
2081 503 2216 563 dies,
2247 498 2289 552 si
2324 500 2425 552 hoc
2467 492 2725 562 temporis
2769 486 3053 544 intervallo
3094 484 3322 555 spiritus
3361 480 3658 537 defuncto-

493 583 559 655 fn
590 600 764 653 omnia
816 593 1033 655 saecula,
1069 583 1374 661 'quicunque
1435 583 1575 638 mala
1631 591 1749 634 ante
1793 590 1979 717 lgesse-

1120 706 1127 707 ,
1819 654 1936 698 runt
1964 659 1979 696 :

1819 654 1936 698 runt
1964 659 1981 696 :

426 765 492 821 Ει
520 761 714 819 deinde
739 780 751 814 :

494 859 640 913 Alios
674 870 813 917 vero,
859 849 1043 920 quibus
1081 844 1312 916 justitia,
1357 847 1402 894 et
1441 847 1582 892 recta
1634 850 1789 973 opeﬁa
1844 846 1984 883 curm

1777 910 1983 962 uerunt,

1777 910 1983 962 uerunt,

498 995 685 1063 Angeli
715 992 945 1045 tollentes
966 1003 1068 1048 .ner
1099 987 1361 1038 ardentem
1390 977 1608 1049 ﬂuvium

500 1070 567 1121 In
596 1067 763 1118 lucem
789 1064 1063 1114 deducent.

504 1161 683 1227 Ignem
725 1157 778 1210 in
806 1148 1157 1209 conscientiae
1199 1144 1407 1199 facibus
1450 1150 1506 1195 et
1538 1136 1761 1209 flagellis
1805 1132 1988 1187 itidem

432 1260 490 1305 ut
531 1224 789 1316 brigenes
833 1239 1117 1298 conStituit
1157 1232 1475 1292 Ambrosius
1504 1230 1596 1285 lib.
1635 1243 1708 1282 vn
1744 1227 1803 1279 in
1834 1224 1987 1284 Luc.,

432 1358 552 1412 cap.
598 1340 688 1403 M,
728 1336 915 1391 iisdem
967 1332 1079 1385 fere
1138 1328 1306 1399 ipsius
1364 1324 1545 1379 verbis
1589 1339 1603 1375 :
1649 1321 1811 1388 Ergo,
1852 1336 1870 1366 ι
1908 1316 1991 1368 in-

433 1435 571 1503 quit,
619 1443 792 1498 neque
840 1421 1200 1494 corporalium
1238 1417 1440 1471 stridor
1488 1412 1681 1483 aliquis
1721 1407 1991 1469 dentium,

436 1539 608 1594 neque
636 1520 774 1592 ignis
805 1516 997 1587 aliquis
1029 1520 1322 1585 perpetuus
1357 1508 1693 1562 ﬂammarum
1736 1512 1993 1568 corpora-

436 1620 589 1683 lium,
614 1627 788 1684 neque
819 1608 1017 1666 vermis
1051 1615 1134 1660 est
1178 1599 1501 1671 corporalis.
1556 1595 1661 1651 Sed
1708 1594 1825 1649 haec
1852 1591 1992 1654 ideo,

437 1713 565 1783 quia
598 1711 743 1766 sicut
772 1719 838 1760 ex
864 1700 1029 1756 multa
1051 1696 1317 1753 cruditate
1341 1700 1395 1746 et
1417 1690 1594 1745 febres
1625 1692 1919 1742 nascuntur
1943 1690 1999 1738 et

439 1816 685 1865 vermes;
712 1799 785 1852 ita
812 1796 855 1850 si
889 1793 1009 1863 quis
1032 1805 1136 1845 non
1163 1790 1427 1855 decoquat
1456 1789 1678 1851 peccata
1710 1793 1832 1841 sua,
1853 1776 1998 1830 velut

445 1893 676 1963 quadam
720 1884 1035 1955 interposita
1065 1879 1355 1936 sobrietate
1380 1870 1740 1935 abstinentiae,
1768 1867 1861 1924 sed
1894 1866 1997 1921 mi-

443 1984 643 2041 scendo
672 1988 896 2052 peccata
920 1974 1173 2048 peccatis,
1202 1982 1453 2040 tanquam
1474 1964 1793 2022 cruditatem
1818 1973 2002 2029 quam-

442 2078 565 2130 dam
607 2070 889 2128 contrahat
934 2076 1173 2121 veterum
1218 2071 1273 2117 et
1309 2057 1610 2115 recentium
1656 2052 1998 2117 delictorum,

446 2170 571 2237 igne
608 2165 861 2219 aduretur
894 2157 1130 2230 proprio,
1164 2164 1218 2209 et
1244 2153 1358 2209 suis
1392 2148 1671 2205 vermibus
1714 2155 2004 2199 consume-

447 2232 553 2313 tur.
588 2275 608 2309 ι
642 2255 998 2322 Hieronymus
1027 2246 1286 2304 doctrinae
1332 2241 1460 2300 huic
1489 2239 1625 2294 alias
1652 2238 1786 2293 satis
1828 2232 2005 2290 infen-

446 2366 559 2415 sus,
592 2349 646 2403 in
678 2361 796 2401 eam
842 2352 1020 2398 tamen
1053 2338 1285 2405 benigne
1326 2349 1387 2390 se
1430 2333 1566 2405 gerit
1617 2330 1718 2387 sub
1749 2326 1910 2381 linem
1934 2322 2006 2378 li-

448 2413 694 2498 bri-xvm
730 2438 1016 2492 Comment.
1049 2430 1106 2483 in
1132 2428 1333 2482 Isaiam
1353 2442 1372 2480 :
1401 2443 1421 2478 ι
1459 2422 1670 2481 Vel-mis
1697 2427 1877 2476 autem
1914 2413 2008 2485 qui

452 2549 557 2588 non
578 2530 856 2594 morietur,
891 2536 948 2581 et
974 2524 1109 2595 ignis
1132 2521 1223 2591 qui
1261 2534 1367 2574 non
1401 2516 1795 2586 exstinguetur,
1836 2523 1868 2564 a
1892 2506 2009 2577 ple-

453 2632 635 2699 risque
662 2623 995 2683 conscientia
1037 2618 1302 2689 accipitur
1332 2622 1696 2686 peccatorum,
1736 2619 1857 2676 quae
1892 2611 2009 2656 tor-

452 2698 614 2793 queat
640 2722 693 2775 in
732 2715 1008 2787 suppliciis
1037 2712 1379 2772 constitutos,
1403 2716 1572 2772 quare
1609 2698 1740 2754 vitio
1786 2707 1883 2751 suo
1926 2699 2011 2747 at-t

454 2830 560 2888 que
586 2783 815 2883 peccato
836 2783 1121 2862 caruerint
1159 2800 1453 2856 electorum
1490 2794 1664 2857 bono;
1702 2808 1722 2841 ι
1757 2795 1814 2844 et
1852 2783 2012 2857 paulo

458 2879 617 2978 post}
656 2920 673 2953 ι
721 2901 779 2956 Si
808 2898 929 2970 quis
969 2895 1134 2967 igitur
1178 2891 1379 2946 habeat
1428 2887 1483 2941 in
1534 2879 1866 2940 conscientia
1914 2890 2013 2933 sua

460 2997 686 3062 zizania,
723 3007 842 3064 quae
881 2987 1134 3044 inimicus
1158 2986 1339 3046 homo,
1366 2975 1665 3034 dormiente
1696 2968 2017 3043 patrefami-

463 3094 584 3155 lias,
619 3078 1090 3157 superseminavit,
1110 3075 1224 3131 haec
1248 3070 1391 3143 ignis
1424 3080 1632 3132 exuret,
1660 3064 1775 3118 haec
1807 3058 2020 3115 vorabit

461 3150 790 3237 incendium.
825 3193 843 3227 ι
880 3171 1097 3226 Minime
1121 3165 1338 3237 quidem
1363 3161 1519 3217 fidem
1545 3156 1629 3212 his
1656 3169 1684 3209 a
1710 3169 1769 3209 se
1799 3150 2015 3221 adiungi

465 3215 790 3237 ιι.υσ..υ.υ....
826 3215 842 3227 .
880 3215 1096 3226 --....-..-
1124 3215 1334 3237 1_-_-__,
1365 3215 1376 3216 ,
1411 3215 1419 3217 _
1864 3215 1879 3221 _
1966 3215 1991 3221 _

465 3281 725 3334 testatur;
757 3266 852 3322 sed
879 3277 982 3319 nec
1010 3275 1073 3316 ea
1113 3258 1219 3314 sibi
1258 3251 1550 3325 improbari
1582 3246 1882 3320 significat;
1916 3258 2015 3300 nec
2042 3215 2085 3275 θ

464 3366 563 3421 sub
611 3362 807 3425 aliena,
845 3355 939 3412 sed
973 3351 1072 3409 sub
1102 3363 1199 3406 sua
1251 3346 1422 3416 ipsius
1461 3354 1691 3413 persona
1747 3337 2015 3408 proponit.

470 3456 689 3510 Diversa
731 3461 857 3501 vero
899 3450 984 3499 est
1038 3436 1323 3510 Augustini
1375 3432 1536 3497 ratio,
1591 3444 1716 3485 nam
1773 3426 2022 3498 quamvis

467 3548 562 3601 lih.
590 3559 678 3598 xxI
705 3540 778 3594 De
799 3536 940 3593 civit.
968 3533 1085 3598 Dei,
1115 3543 1237 3599 cap.
1264 3527 1318 3594 9,
1358 3538 1543 3582 eorum
1584 3521 1888 3592 opinionem
1936 3532 2025 3573 re-

467 3635 676 3710 probet,
707 3630 799 3700 qui
851 3629 1031 3698 ignem
1082 3623 1459 3677 damnatorum
1514 3612 1885 3682 metaphoriee
1935 3624 2026 3665 su-

473 3700 646 3790 inunt,
674 3735 905 3790 eumque
944 3725 1262 3785 corporeum
1314 3708 1555 3764 fateatur
1601 3703 1725 3759 libri
1786 3700 2025 3770 ejusdem

471 3835 594 3889 cap.
619 3816 685 3872 lo
714 3824 768 3870 et
799 3812 940 3867 libro
965 3822 1039 3862 xu
1068 3805 1142 3859 De
1169 3801 1352 3858 Gener.
1385 3799 1452 3855 ad
1490 3798 1674 3861 titter.,
1704 3807 1826 3863 cap.
1866 3790 1937 3845 52
1974 3796 2030 3844 et

472 3881 563 3977 5‘5,
610 3919 767 3979 neget
810 3902 1106 3960 inferorum
1132 3892 1489 3951 substantiam
1531 3901 1654 3944 esse
1690 3881 2025 3955 spiritalem;

474 4016 528 4061 et
551 4019 613 4059 ea
642 3978 837 4072 quibus
872 3995 1067 4052 animae
1107 3987 1427 4059 corporibus
1468 3989 1643 4041 exuta:
1687 3978 2029 4042 adiciuntur,

474 4068 791 4153 doceat'non
818 4103 941 4146 esse
981 4081 1306 4156 corporalia,
1351 4076 1445 4135 sed
1488 4073 1687 4132 similia
1730 4068 2032 4141 corporali-

476 4191 609 4252 bus;
640 4194 817 4238 tamen
838 4180 977 4235 libro
1001 4191 1074 4231 xx
1103 4173 1175 4229 De
1200 4173 1340 4227 civit.
1383 4166 1503 4232 Dei,
1543 4179 1663 4235 cap.
1713 4161 1803 4228 i6,
1849 4161 2032 4230 ignem

482 4280 631 4335 illum
660 4274 792 4332 dicit
826 4286 886 4327 se
916 4287 936 4323 ι
975 4266 1299 4340 cuiusmodi,
1328 4270 1382 4319 et
1404 4261 1459 4316 in
1487 4274 1593 4331 qua
1627 4254 1813 4312 mundi
1836 4251 1921 4307 vel
1944 4264 2035 4305 re-

480 4386 601 4428 rum
631 4378 783 4440 parte
816 4366 1027 4419 futurus
1065 4360 1137 4415 sit
1162 4356 1439 4413 hominem
1468 4351 1611 4407 scire
1643 4343 1897 4402 arbitrari
1941 4355 2034 4396 ne-

482 4431 703 4523 minem,
731 4455 830 4511 nisi
867 4452 1005 4508 forte
1048 4448 1134 4504 cui
1182 4447 1394 4501 divinus
1432 4439 1666 4511 Spiritus
1703 4431 1966 4491 ostendit.
2010 4446 2032 4481 ι

479 4554 670 4623 Capite
692 4549 764 4603 26
796 4545 919 4601 libri
957 4538 1231 4610 sequentis
1274 4537 1390 4591 haec
1436 4529 1703 4626 Apostoli,
1736 4525 1758 4580 Ι
1789 4526 1916 4626 flor.
1946 4538 2036 4589 ιιι,
2070 4568 2117 4626 D

484 4616 584 4701 15-:
614 4662 633 4697 ι
657 4636 1090 4705 Uniuscuiusque
1110 4644 1243 4702 opus
1258 4626 1415 4698 quale
1435 4624 1528 4689 sit,
1551 4621 1691 4691 ignis
1708 4616 1984 4690 probabit;
2018 4634 2037 4667 ι

486 4745 539 4791 et
558 4747 700 4788 vers.
731 4729 841 4784 i5:
886 4745 903 4778 ι
941 4718 1058 4794 Ιρεο
1103 4730 1286 4776 autem
1342 4715 1524 4773 salvus
1565 4713 1690 4779 erit,
1743 4710 1823 4765 sic
1865 4718 2043 4763 tamen

486 4825 641 4896 quasi
675 4836 770 4892 per
813 4821 986 4888 ignem
1009 4855 1025 4879 ,
1056 4833 1076 4867 ι
1104 4811 1406 4882 significare
1460 4811 1613 4877 putat
1664 4801 1946 4873 angustias
1980 4812 2045 4853 ac

488 4928 771 4978 mcerores,
792 4911 985 4981 quibus
1012 4907 1172 4961 homo
1195 4899 1521 4972 percellitur,
1549 4909 1671 4951 cum
1712 4893 1874 4949 rebus
1920 4889 2042 4944 ani-

490 5021 578 5061 mo
605 5018 702 5061 suo
741 5011 937 5073 praeter
973 5010 1182 5068 acquum
1209 4992 1387 5049 charis
1426 4998 1481 5045 et
1522 4984 1855 5057 complacitis
1881 4981 2045 5037 orba-

490 5108 624 5153 tur:
679 5114 698 5147 ε
729 5095 884 5163 Quod
927 5093 1096 5156 enim,
1143 5085 1340 5156 inquit,
1388 5082 1505 5137 sine
1548 5078 1806 5133 illiciente
1862 5087 2048 5129 amore

494 5203 600 5242 non
637 5186 843 5247 habuit,
882 5183 1000 5240 sine
1037 5187 1228 5235 urente
1261 5174 1445 5231 dolore
1491 5185 1597 5225 non
1640 5169 1848 5239 perdet.
1886 5186 1905 5220 ι
1936 5165 2048 5221 Hoc

496 5292 709 5349 quoque
758 5276 882 5345 igne
924 5281 1152 5329 mortem
1196 5265 1373 5322 notari
1433 5261 1740 5331 coniectat,
1789 5257 2053 5313 Ecclesiae

496 5370 922 5443 persecutiones.
954 5360 1245 5433 martyria;
1274 5372 1338 5412 ac
1362 5369 1481 5412 eum
1510 5350 1735 5423 proinde
1762 5350 1829 5403 ab
1851 5357 2054 5403 aeterno

501 5440 604 5520 hoc
633 5462 755 5531 igne
783 5456 1080 5527 distinguit,
1119 5453 1174 5507 in
1212 5462 1372 5521 quem
1412 5443 1649 5502 damnati
1705 5440 1908 5497 Christi
1956 5440 2055 5495 de-

501 5530 923 5611 cretomittendi
956 5553 1100 5604 sunt.
1134 5546 1204 5598 At
1228 5539 1358 5597 illud
1386 5535 1591 5592 adverti
1614 5532 1834 5587 omnino
1851 5530 2053 5586 velim;

510 5666 528 5698 ε
560 5646 691 5700 Post
721 5642 875 5697 istius
910 5651 1039 5693 sane
1080 5632 1325 5703 corporis
1371 5632 1621 5686 mortem,
1666 5622 1837 5677 donec
1869 5622 1936 5677 ad
1987 5620 2056 5675 ilo

506 5739 615 5792 lum
663 5736 933 5797 veniatur,
986 5727 1077 5799 qui
1124 5734 1246 5796 post
1278 5720 1730 5779 resurrectionem
1766 5726 2053 5784 corporum

2084 608 2200 648 rum
2232 586 2493 659 ejusmodi
2534 585 2708 655 ignem
2749 581 3003 635 dicuntur
3051 577 3281 646 perpeti.
3323 588 3486 643 quem
3541 586 3655 625 non

2085 684 2317 739 sentiant
2348 679 2423 733 illi
2453 677 2545 747 qui
2584 690 2687 729 non
2712 672 3019 726 habuerunt
3050 668 3182 723 tales
3211 681 3389 721 mures
3418 673 3471 719 et
3498 678 3657 719 amo-

2088 790 2176 830 res
2210 777 2265 827 in
2312 772 2471 839 huius
2504 764 2753 836 corporis
2793 762 2925 825 vita,
2965 768 3024 814 ut
3064 773 3250 814 eorum
3288 758 3458 826 ligna,
3488 764 3547 809 et
3580 752 3660 807 fe-

2086 882 2238 927 num,
2292 873 2344 918 et
2391 858 2588 927 stipula
2619 862 3053 909 consumantur:
3091 848 3179 901 alii
3221 861 3351 899 vero
3393 844 3657 902 sentiant,

2087 959 2179 1027 qui
2211 953 2469 1025 eiusmodi
2498 964 2680 1006 secum
2716 945 2942 1002 aedilicia
2994 945 3381 1010 portaverunt;
3431 937 3547 991 sive
3584 934 3660 987 ibi

2090 1026 2334 1111 tantum;
2361 1046 2472 1100 sive
2501 1052 2555 1097 et
2583 1041 2672 1095 hic
2704 1049 2760 1094 et
2785 1037 2880 1102 ibi,
2916 1036 3034 1089 sive
3069 1034 3192 1087 ideo
3219 1031 3306 1085 hic
3336 1038 3394 1082 ut
3422 1043 3528 1082 non
3561 1026 3658 1089 ibi,

2090 1139 2389 1202 saecularia,
2419 1132 2661 1205 quamvis
2687 1146 2717 1185 a
2747 1127 3097 1185 damnatione
3142 1120 3373 1175 venialia
3421 1131 3660 1172 concre—

2092 1240 2328 1286 mantem
2369 1228 2541 1298 ignem
2569 1218 2897 1277 transitoria:
2944 1209 3310 1268 tribulationis
3351 1207 3661 1269 inveniant,

2094 1336 2198 1376 non
2229 1294 2513 1386 redarguo,
2545 1313 2668 1383 quia
2709 1307 2935 1365 forsitan
2984 1316 3173 1357 verum
3222 1308 3323 1353 est.
3377 1316 3396 1350 ι
3432 1294 3548 1350 Nec
3585 1294 3661 1347 le-

2094 1412 2209 1465 vius
2238 1409 2289 1462 in
2313 1385 2517 1461 Gratcis
2549 1398 2905 1468 scriptoribus
2935 1392 3170 1464 positum
3218 1386 3439 1456 Origeni
3470 1385 3662 1453 praesi-

2092 1502 2237 1555 dium
2270 1508 2352 1555 est
2377 1515 2389 1550 :
2413 1493 2570 1550 Philo
2595 1493 2646 1546 in
2676 1492 2811 1545 libro
2841 1485 2979 1553 Περὶ
3018 1482 3131 1551 τῆς
3176 1484 3263 1544 εἰς
3305 1478 3374 1531 τὰ
3408 1490 3663 1546 προπαι-

2094 1596 2353 1663 δεύματα
2372 1586 2656 1643 συνόδουθ
2689 1584 2798 1654 Τὴν
2834 1581 3014 1635 ἄδικον
3050 1578 3143 1630 καὶ
3179 1575 3333 1630 ἄθεον
3358 1572 3534 1641 ψυχὴν
3568 1588 3669 1638 φυ-

2096 1661 2335 1757 γαδὲύων
2369 1681 2461 1751 ἀφ’
2508 1675 2699 1732 ἑαυτοῦ
2740 1673 3073 1745 πορρωτάτω
3120 1668 3423 1736 διέσπειρεν
3459 1665 3536 1725 si;
3576 1661 3671 1713 τὶν

2098 1752 2297 1851 ἧδονῶν
2328 1775 2421 1829 καὶ
2460 1769 2760 1841 ἐπιθυμιῶν
2803 1767 2894 1820 καὶ
2926 1760 3274 1832 ἀδικημάτων
3305 1757 3515 1827 χῶρον
3553 1755 3585 1805 ὁ
3614 1752 3671 1804 δὲ

2099 1864 2271 1936 χῶρος
2302 1858 2454 1923 οὗτος
2488 1855 2903 1929 προσφυέστατα
2942 1850 3154 1906 ἀσεϐῶν
3195 1847 3454 1909 καλεῖται,
3506 1842 3612 1911 οὐχ
3646 1842 3675 1892 6

2101 1934 2460 2027 μυθευόμενος
2482 1951 2537 2002 ἐν
2570 1948 2714 2019 ᾅδου·
2744 1946 2838 1999 καὶ
2868 1944 2974 2015 γὰρ
3006 1945 3033 1997 ὁ
3064 1941 3198 2010 πρὸς
3231 1937 3487 2007 ἀλήθειαν
3514 1934 3674 2005 ᾷδης,

2098 2026 2127 2101 δ
2157 2047 2249 2100 τοῦ
2275 2040 2547 2116 μοχθηροῦ
2583 2039 2693 2110 βίος
2734 2040 2899 2098 ἐστιν,
2935 2037 2964 2088 ὁ
3007 2033 3276 2101 ἀλάστωρ,
3312 2030 3404 2082 καὶ
3452 2026 3681 2095 παλαμ-

2100 2142 2267 2205 ναῖος,
2308 2138 2402 2191 καὶ
2436 2134 2637 2196 πάσαις
2664 2131 2825 2203 ἀραῖς
2863 2127 3064 2196 ἔνοχος.
3106 2142 3125 2174 ι
3164 2122 3417 2189 lniustam
3455 2130 3514 2173 et
3568 2119 3677 2171 im-

2102 2233 2246 2306 piam
2278 2230 2513 2285 animam
2539 2224 2774 2295 fugatam
2801 2237 2831 2275 a
2855 2220 3030 2289 seipso
3064 2216 3218 2286 longe
3241 2212 3426 2284 procul
3460 2211 3681 2280 disper-

2104 2300 2181 2397 git
2213 2320 2397 2395 (Deus)
2422 2320 2475 2374 in
2506 2317 2870 2387 voluptatum,
2910 2320 2967 2367 et
2996 2308 3370 2379 cupiditatum,
3394 2313 3451 2357 et
3485 2300 3680 2357 crimi-

2106 2432 2233 2472 num
2274 2414 2475 2469 locum.
2528 2410 2628 2465 llic
2666 2416 2847 2461 autem
2890 2405 3043 2459 locus
3073 2399 3350 2468 aptissime
3388 2394 3686 2463 impiorum

2108 2501 2427 2572 appellatur,
2456 2512 2561 2553 non
2593 2497 2687 2568 qui
2715 2494 2857 2567 apud
2904 2490 3108 2546 inferos
3141 2486 3383 2541 fabulose
3434 2480 3684 2552 fingitur.

2110 2592 2283 2649 Verus
2332 2592 2474 2647 enim
2533 2589 2793 2652 infernus,
2845 2585 2957 2641 vita
3001 2592 3085 2639 est
3128 2578 3365 2635 hominis
3417 2589 3683 2643 nequam,

2109 2684 2450 2754 perniciosa,
2512 2680 2907 2742 conscelerata,
2964 2684 3020 2730 et
3085 2673 3231 2728 omni
3297 2667 3685 2726 exsecratione

2113 2778 2294 2844 digna.
2330 2792 2348 2826 ι
2380 2772 2714 2841 Corporeum
2748 2782 2966 2839 quoque
3017 2772 3180 2834 negat
3228 2774 3353 2815 esse
3408 2756 3685 2811 infernum

2114 2865 2404 2937 Gregorius
2438 2862 2714 2934 Nyssenus
2767 2859 2859 2912 lib.
2913 2855 2989 2909 De
3038 2853 3215 2907 anima
3272 2860 3321 2903 et
3377 2856 3689 2908 resurrect.,

2114 2957 2561 3030 quemadmodum
2602 2954 2777 3023 ignem
2831 2959 3091 3003 aeternum
3150 2941 3375 2998 materia
3437 2949 3693 2994 constare

2118 3050 2388 3106 inliciatur
2414 3046 2646 3103 Joannes
2701 3043 3066 3096 Damascenus
3109 3038 3160 3090 in
3206 3034 3310 3088 fine
3358 3031 3487 3085 libri
3522 3045 3575 3084 tv
3620 3027 3692 3081 De

2119 3142 2325 3199 orthod.
2349 3140 2469 3211 ﬁd.,
2496 3136 2652 3207 cuius
2692 3143 2871 3189 tamen
2913 3127 3235 3187 sententiam
3278 3122 3497 3177 mollire
3531 3134 3695 3174 cona—

2123 3244 2210 3292 tur
2265 3233 2326 3287 S.
2378 3231 2640 3295 Thomas,
2689 3235 2750 3280 ut
2796 3232 2880 3279 est
2925 3221 3066 3290 apud
3118 3216 3327 3272 Sixtum
3387 3212 3694 3269 Senensem

2124 3323 2379 3380 Biblioth.
2415 3321 2510 3375 lib.
2547 3335 2599 3384 v,
2650 3317 2831 3371 aduot.
2881 3312 3003 3366 Mi.
3052 3310 3231 3380 Ignem
3268 3316 3323 3360 et
3368 3319 3617 3359 vermem
3644 3303 3698 3355 in

2126 3416 2387 3471 scelerum
2418 3408 2675 3466 memoria
2692 3406 2843 3477 ponit
2870 3400 3305 3470 Theophylactus
3329 3397 3383 3450 in
3405 3411 3461 3449 lx
3483 3392 3659 3447 Marc.
3683 3406 3699 3443 ;

2127 3506 2349 3577 Σκώληξ
2378 3505 2433 3558 δὲ
2463 3504 2558 3558 καὶ
2597 3499 2708 3573 πῦρ
2746 3497 3038 3562 κολάζοντα
3078 3492 3203 3555 τοὺς
3251 3487 3624 3561 ἁμαρτωλοὺς
3672 3486 3705 3553 ἠ

2132 3575 2429 3669 συνείδήσίς
2457 3598 2601 3649 ἐστιν
2627 3590 2877 3652 ἑκάστου,
2896 3587 2987 3639 καὶ
3014 3585 3049 3655 ἡ
3078 3582 3266 3653 μνήμη
3291 3578 3402 3632 τῶν
3431 3575 3707 3650 πραχθέν-

2129 3709 2239 3748 των
2269 3667 2339 3745 ὲνῖ
2360 3688 2437 3760 τῷ
2466 3686 2566 3757 βίῳ
2590 3684 2760 3753 τούτῳ
2805 3677 3063 3750 αἰσχρῶν·
3104 3676 3222 3747 ἥτις
3254 3672 3447 3741 ὥσπερ
3486 3667 3708 3737 σκώληξ

2134 3780 2485 3849 καταδαπανᾷ
2508 3776 2602 3831 καὶ
2622 3774 2698 3837 ὡς
2724 3771 2834 3843 πῦρ
2855 3769 3061 3841 φλέγει.
3094 3783 3112 3816 ε
3155 3762 3363 3818 Vermis
3411 3770 3601 3813 autem
3656 3769 3711 3811 et

2136 3874 2308 3946 ignis,
2373 3873 2463 3941 qui
2534 3867 2765 3940 puniunt
2829 3872 3166 3932 peccatores,
3232 3852 3580 3908 conscientia
3634 3858 3716 3904 est

2137 3964 2562 4036 uniuscuiusque
2590 3968 2645 4013 et
2685 3954 2943 4013 memoria
2996 3950 3230 4019 turpium
3262 3946 3315 4000 in
3353 3947 3455 3997 hac
3483 3943 3595 3996 vita
3629 3956 3719 4011 ge-

2140 4073 2385 4120 storum;
2415 4072 2533 4126 quae
2578 4054 2718 4108 sicut
2754 4048 2952 4104 vermis
2982 4041 3240 4104 absumit,
3280 4048 3336 4092 et
3377 4037 3525 4091 sicut
3576 4036 3721 4105 ignis

2139 4155 2267 4209 urit.
2311 4171 2329 4203 ι
2364 4150 2577 4205 Nicetes
2611 4144 2706 4199 lib.
2734 4157 2786 4198 tv
2819 4140 2971 4194 Thes.
3008 4135 3215 4190 ortltod.
3243 4133 3364 4201 ﬁd.,
3387 4132 3528 4185 har.
3563 4144 3720 4190 xxxi,

2140 4247 2307 4305 Deum
2334 4242 2475 4312 ignis
2524 4237 2668 4292 illius
2718 4233 2937 4290 nomine
2981 4228 3157 4284 notari
3211 4223 3557 4293 suspicatur,
3593 4219 3721 4289 quia

2149 4356 2168 4390 ς
2202 4336 2389 4390 vitium
2436 4326 2727 4392 consumit,
2782 4333 2837 4380 et
2880 4323 2933 4377 in
2984 4320 3216 4375 favillam
3261 4314 3567 4371 convertit.
3613 4331 3633 4363 ι
3664 4311 3717 4364 In

2142 4426 2427 4486 statuendo
2454 4420 2747 4478 inferorum
2774 4416 2891 4471 loco
2929 4422 3080 4468 extra
3114 4409 3299 4465 mundi
3336 4406 3507 4476 huius
3553 4412 3722 4459 metas

2145 4519 2364 4592 Origeni
2408 4516 2739 4584 sulfragatur
2785 4509 3210 4580 Chrysostomus
3275 4499 3472 4555 homil.
3537 4498 3605 4552 3|
3668 4496 3717 4546 ia

2151 4589 2325 4684 Epist.
2354 4611 2421 4665 ad
2460 4607 2637 4672 Bouh,
2661 4605 2965 4675 gehennam
2988 4600 3039 4652 in
3072 4595 3259 4666 spatiis
3290 4592 3355 4645 ab
3378 4591 3487 4645 hoc
3522 4589 3719 4643 mime

2149 4704 2376 4764 secretis
2403 4708 2646 4757 statuens
2692 4697 2795 4752 hoc
2833 4700 3170 4763 argumento,
3207 4685 3349 4755 quod
3382 4698 3577 4751 regum
3608 4694 3717 4735 car-

2150 4811 2304 4855 oeres
2326 4803 2382 4850 et
2405 4788 2625 4848 metalla
2656 4795 2856 4842 remota
2885 4796 3006 4836 esse
3038 4779 3266 4835 soleant.
3300 4772 3717 4842 Suﬂ’ragaturet

2148 4888 2479 4960 Augustinus
2520 4882 2615 4937 lib.
2662 4895 2736 4935 xu
2774 4877 2853 4932 De
2890 4873 3074 4929 Cenes.
3125 4871 3195 4925 ad
3230 4869 3419 4931 lium,
3460 4880 3591 4932 cap.
3632 4863 3714 4923 53,

2151 4959 2393 5046 34,7cum
2438 4976 2644 5031 inferos
2677 4981 2833 5027 extra
2870 4978 3071 5023 terram
3100 4962 3365 5024 collocat;
3416 4967 3477 5013 et
3526 4959 3624 5012 lib.
3654 4971 3714 5009 xx

2154 5075 2230 5130 De
2252 5073 2396 5127 civit.
2423 5069 2540 5131 Dei,
2574 5080 2692 5137 cap.
2720 5062 2809 5128 i6,
2853 5075 2976 5116 cum
3010 5058 3256 5129 ignorare
3300 5066 3362 5106 se
3413 5049 3715 5120 proﬁtetur,

2159 5185 2177 5217 ι
2217 5165 2268 5218 in
2293 5177 2400 5235 qua
2431 5158 2617 5215 mundi
2651 5156 2736 5210 vel
2770 5166 2951 5209 rerum
2999 5158 3150 5219 parte
3190 5144 3414 5200 futurus
3458 5141 3539 5196 sit
3585 5138 3720 5209 ignis

2155 5253 2266 5308 ille.
2312 5229 2333 5302 ἶ
2365 5247 2625 5315 Quamvis
2656 5244 2751 5299 lib.
2782 5258 2821 5298 ιι
2849 5240 3106 5304 Retract.,
3147 5236 3268 5305 ca'p.
3302 5231 3403 5296 ει,
3440 5231 3551 5285 sub
3574 5229 3724 5283 terris

2156 5344 2299 5398 hunc
2316 5354 2438 5395 esse
2473 5337 2687 5394 tandem
2715 5330 2999 5389 concedat.
3022 5329 3181 5383 Certe
3209 5326 3275 5379 de
3299 5323 3421 5377 loco
3450 5330 3505 5375 et
3540 5330 3723 5373 natura

2156 5434 2296 5507 ignis
2326 5431 2513 5500 huius,
2542 5429 2671 5485 licet
2698 5425 2903 5482 nullum
2934 5422 3107 5476 adhuc
3129 5417 3330 5474 editum
3360 5412 3433 5468 sit
3454 5413 3727 5481 peculiare

2162 5506 2462 5587 decretum,
2516 5519 2713 5577 nedum
2768 5510 3073 5570 Adamantii
3125 5516 3305 5570 aetate,
3340 5506 3618 5558 universae
3651 5511 3727 5553 ta-

2165 5633 2289 5676 men
2314 5628 2607 5673 consensus
2634 5607 2887 5666 Ecclesiae
2913 5606 3044 5659 satis
3065 5599 3322 5662 ostendit,
3360 5595 3493 5665 quid
3531 5591 3726 5648 unicui-

2166 5727 2273 5783 que
2305 5707 2601 5765 tencndum
2646 5703 2738 5760 sit.
2800 5700 3038 5769 Denique
3085 5694 3325 5751 Joannes
3381 5689 3727 5758 Hiiloponus,

510 5830 719 5883 iuturus
744 5833 827 5881 est
867 5817 1225 5879 damnationis
1256 5826 1309 5873 et
1338 5808 1793 5872 remunerationis
1837 5805 2061 5863 ultimus
2169 5782 2507 5863 Christianus
2530 5793 2901 5869 pliil050phus,
2943 5790 3157 5846 animas
3189 5782 3516 5857 corporibus
3556 5796 3725 5839 exem-
