3834 6226
204 320 340 378 1009

1038 314 1608 371 OlllGEMANORUM
1649 313 1778 367 LIB.
1821 312 1885 378 ll,
1926 314 2078 368 CAP.
2118 314 2184 379 ll,
2224 314 2498 381 QUASST.
2540 314 2632 371 XI.

3284 313 3412 370 lOiO

192 446 311 507 ptas
338 433 481 488 circa
522 444 861 486 monumenta
893 431 1118 485 volutari
1158 446 1281 484 cum
1313 431 1540 497 Origene
1577 430 1762 484 decre-
1789 428 1835 483 A
1866 427 2116 479 vitiorum
2150 426 2282 480 faece
2325 435 2575 495 purgata,
2632 424 2763 478 nihil
2804 424 2948 478 aliud
2995 424 3073 478 vel
3119 425 3417 495 intelligere

189 527 311 581 vit:
359 540 481 579 nam
525 524 798 578 hominem
828 524 1022 591 triplici
1060 524 1382 576 instructum
1428 522 1628 582 anima,
1668 534 1759 573 ve-

188 617 437 686 getativa,
494 614 749 668 sensitiva
796 624 848 667 et
909 613 1157 667 rationali
1185 652 1199 675 ,
1248 612 1517 679 prioribus
1550 610 1756 665 duabus

186 722 282 776 per
314 714 541 759 mortem
570 704 770 773 privari
814 703 973 768 dixit,
1006 704 1214 757 tertiam
1257 718 1385 756 vero
1435 717 1752 771 superesse;

182 814 301 867 qua:
323 798 365 852 si
402 796 699 852 sceleribus
730 796 1009 864 inquinata
1043 798 1134 862 sit,
1163 797 1447 865 expiandis
1472 798 1537 852 iis
1558 798 1753 866 spiritu

184 889 327 944 tenui
365 888 575 951 vestiri,
622 887 676 940 in
711 901 881 949 eoque
947 889 1294 942 commeritas
1341 905 1528 958 pinnas
1586 892 1750 954 dare;

182 982 413 1050 alioquin
437 981 807 1048 incorpoream
840 978 1097 1044 animam,
1124 982 1396 1048 corporeis
1425 983 1586 1037 rebus
1615 984 1751 1037 allici

182 1089 285 1127 non
327 1086 514 1141 posse;
556 1071 793 1141 spiritale
842 1072 1022 1141 itaque
1081 1074 1223 1127 istud
1261 1088 1453 1142 corpus
1481 1076 1753 1143 suppliciis

182 1163 456 1231 torqueri;
483 1164 610 1217 etin
652 1160 965 1230 sepulcretis
1012 1163 1223 1217 interim
1248 1162 1462 1233 degere,
1483 1165 1752 1235 variisque

182 1253 331 1306 indui
376 1252 584 1316 formis,
631 1262 684 1309 et
729 1254 1014 1321 vaporibus
1059 1253 1282 1317 nutriri;
1325 1267 1497 1323 eoque
1534 1256 1748 1309 tandem

181 1344 485 1411 absumpto,
540 1353 650 1398 tum
697 1344 912 1397 demum
942 1343 1214 1413 expiatam
1247 1345 1484 1399 animam
1517 1345 1743 1410 absolvi,

180 1448 233 1493 et
258 1439 310 1491 in
344 1438 537 1493 coelum
565 1437 716 1492 ferri.

250 1528 394 1583 Nihil
425 1545 585 1598 porro
617 1530 812 1584 iterare
831 1531 1046 1595 attinet,
1081 1531 1227 1601 quod
1255 1513 1480 1600 suojam
1502 1532 1745 1599 disputa-

180 1624 356 1689 vimus
404 1624 539 1687 loco,
594 1638 892 1691 ecquonam
944 1632 1184 1692 tempore
1240 1624 1573 1677 daemonibus
1620 1623 1748 1677 infe-

180 1716 346 1771 renda
406 1715 667 1785 supplicia
729 1714 994 1784 Origenes
1047 1715 1340 1783 putaverit.
1395 1715 1743 1781 Perstiicuum

180 1807 322 1859 enim
354 1805 579 1860 fecimus
608 1804 803 1870 nullas,
838 1806 1004 1875 ipsius
1037 1805 1307 1873 opinione,
1336 1822 1525 1875 pmuas
1566 1808 1629 1861 iis
1658 1808 1744 1860 iu-

179 1895 310 1967 fligi,
356 1896 529 1966 quoad
584 1906 852 1965 postremo
910 1895 1110 1965 judicio
1164 1899 1215 1950 in
1259 1898 1433 1967 ignem
1484 1908 1743 1952 mternnm

178 1989 405 2057 conjecti
432 1990 571 2054 sint;
603 1989 902 2057 multosque
929 2004 959 2043 e
991 1991 1192 2045 sanctis
1228 1989 1473 2045 Patribus
1505 2005 1741 2059 poenam,

180 2085 253 2136 uti
281 2083 601 2152 appellatur,
628 2097 815 2137 sensus
844 2085 910 2135 ab
935 2081 997 2137 iis
1023 2084 1337 2138 removisse.

248 2175 340 2232 1x.
365 2174 518 2229 Nunc
543 2174 667 2243 quid
696 2173 764 2229 de
804 2173 1057 2229 beatitate
1078 2182 1416 2229 commentus
1447 2176 1536 2238 sit,
1563 2176 1745 2245 explo-

178 2282 382 2321 remus.
419 2266 566 2320 llanc
598 2266 648 2319 in
678 2281 742 2319 eo
773 2265 1002 2335 positam
1032 2265 1225 2326 sensit,
1273 2275 1330 2320 ut
1357 2267 1601 2335 quisquis
1624 2282 1743 2320 eam

180 2360 249 2411 sit
297 2358 542 2427 adeptus,
597 2372 732 2411 unus
782 2372 901 2411 cum
955 2357 1064 2411 Deo
1104 2356 1387 2421 efﬁciatur,
1417 2357 1568 2426 juxta
1619 2359 1745 2413 illud

179 2449 337 2505 Joan.
370 2466 504 2514 xvn,
552 2449 622 2502 24
672 2457 726 2504 et
757 2448 820 2503 21
859 2471 869 2503 :
913 2467 932 2500 ι
982 2448 1141 2503 Pater
1178 2463 1313 2517 quos
1361 2449 1552 2504 dedisti
1585 2449 1737 2517 mihi,

180 2541 301 2596 volo
326 2552 384 2597 ut
414 2542 506 2597 ubi
536 2558 652 2598 sum
690 2557 812 2612 ego,
845 2549 900 2596 et
940 2541 1016 2595 illi
1050 2540 1159 2597 sint
1193 2557 1436 2607 mecum;
1476 2552 1533 2596 ut
1561 2557 1749 2599 omnes

180 2649 347 2688 unum
380 2634 509 2699 sint,
545 2633 685 2688 sicut
716 2643 769 2687 tu
799 2632 959 2687 Pater
982 2633 1034 2686 in
1065 2646 1172 2697 me,
1207 2642 1264 2687 et
1296 2646 1397 2703 ego
1420 2634 1472 2687 in
1511 2642 1582 2699 te,
1609 2643 1666 2688 ut
1696 2643 1750 2688 et

182 2724 278 2794 ipsi
309 2724 361 2779 in
390 2724 544 2779 nobis
590 2739 752 2777 unum
802 2724 930 2777 sint.
981 2742 1001 2775 ›
1049 2722 1133 2777 Ad
1164 2722 1215 2776 id
1247 2730 1423 2776 autem
1479 2721 1747 2778 felicitatis

179 2817 393 2873 culmen
420 2832 524 2871 non
559 2816 741 2871 statim
784 2816 995 2884 putavit
1047 2813 1343 2884 perveniri,
1394 2816 1489 2869 sed
1526 2830 1621 2883 per
1648 2830 1747 2870 co-

182 2910 472 2979 gnitionem
502 2908 734 2973 primum
766 2916 821 2963 et
841 2907 1224 2966 eruditionem,
1258 2920 1363 2973 qua
1391 2919 1637 2959 errorum
1697 2915 1751 2960 ct

182 3001 500 3073 ignorantiae
525 2998 702 3068 caligo
743 2996 1065 3062 discutitur;
1117 3010 1181 3050 ac
1209 2995 1403 3050 deinde
1432 3010 1525 3066 per
1553 2995 1647 3049 Dei
1678 2996 1754 3050 si-

1861 517 1945 570 vel
1968 518 2169 571 sentire
2197 527 2390 586 potest,
2430 531 2591 585 quam
2632 515 2835 582 Deum;
2868 531 2967 571 nec
2988 517 3219 585 amplius
3242 532 3307 571 ex
3338 533 3422 570 ar-

1860 608 1989 663 bore
2023 609 2260 663 scientia:
2302 609 2426 663 boni
2476 617 2531 661 et
2573 609 2699 660 mali
2736 608 3020 675 decerptos
3072 608 3282 663 fructus
3326 609 3419 662 dc-

1860 709 2076 766 gnslare
2104 698 2456 768 concupiscit,
2486 713 2605 752 cum
2632 713 2842 766 semper
2868 699 2923 751 in
2958 699 3096 754 bono
3129 700 3220 764 sit,
3248 716 3346 755 nec
3369 701 3417 755 ei

1858 792 2055 846 malum
2100 802 2412 861 perpetrare
2467 800 2779 860 promptum
2834 791 2933 855 sit;
2984 806 3155 861 eoque
3200 794 3418 847 tandem

1856 894 2013 952 pacto
2065 883 2220 937 linem
2285 884 2527 952 reparari
2589 883 2640 937 in
2708 883 3065 952 principium,
3133 900 3419 956 rerumque

1854 980 2030 1033 exitus
2069 978 2238 1031 initiis
2280 977 2538 1045 c0nferri,
2573 992 2694 1031 cum
2740 978 2790 1029 in
2835 976 2979 1030 illum
3020 985 3217 1030 statum
3264 978 3419 1032 resti-

1858 1078 2039 1125 tuetur
2073 1071 2276 1133 anima,
2310 1085 2471 1138 quem
2521 1085 2641 1124 cum
2694 1079 2923 1133 teneret,
2978 1069 3124 1140 ligno
3179 1070 3418 1125 scientiae

1853 1161 1976 1213 boni
2011 1169 2063 1213 et
2098 1161 2220 1214 mali
2249 1177 2353 1215 non
2389 1161 2608 1230 egebat;
2648 1171 2773 1218 tunc
2798 1176 2916 1216 eam
2942 1163 3099 1217 morti
3127 1163 3419 1216 obnoxiam

1855 1268 1958 1306 non
1993 1253 2247 1316 futuram,
2281 1256 2556 1309 detersum
2584 1255 2654 1309 iri
2681 1270 2893 1311 omnem
2921 1253 3140 1308 malitia:
3172 1269 3415 1317 sensum,

1855 1344 2125 1413 Deumque
2154 1361 2279 1400 vere
2309 1345 2550 1399 futurum
2582 1348 2763 1400 omnia
2808 1348 2858 1399 in
2883 1347 3155 1401 omnibus.
3197 1347 3277 1400 Ad
3302 1348 3418 1401 hate

1851 1436 2009 1503 quale
2048 1436 2282 1490 futurum
2307 1438 2377 1490 sit
2409 1437 2654 1505 spiritale
2680 1438 2811 1492 illud
2832 1453 3030 1509 corpus
3058 1453 3164 1506 quo
3191 1439 3421 1493 circum-

1850 1529 2111 1582 vestiemli
2138 1539 2262 1582 sunt
2304 1531 2466 1593 beati,
2502 1530 2779 1597 patefecit,
2807 1530 3140 1598 splendidius
3164 1530 3417 1582 nimirum

1849 1628 1905 1674 et
1932 1620 2279 1675 excellentius
2302 1622 2613 1690 corporibus
2640 1622 2857 1691 reliquis
2885 1636 3005 1691 qua:
3024 1621 3125 1677 sub
3144 1631 3418 1690 aspectum

1848 1714 2042 1766 cadere
2070 1722 2331 1780 possunt;
2381 1728 2447 1767 eo
2483 1729 2609 1769 vero
2635 1715 2754 1783 plus
2785 1714 3100 1768 subtilitatis
3130 1728 3194 1767 ac
3238 1713 3421 1782 splen-

1849 1805 1994 1860 doris
2027 1806 2367 1873 adepturum,
2397 1822 2503 1876 quo
2552 1809 2761 1861 ratione
2798 1808 3060 1861 instructa
3089 1808 3270 1860 anima
3303 1807 3421 1877 plus

1847 1897 2053 1951 meritis
2083 1898 2196 1952 suis
2220 1914 2282 1953 ac
2308 1899 2589 1954 virtutibus
2622 1901 2946 1969 poposcerit.
2978 1899 3179 1965 Quaerit
3205 1901 3418 1954 demum

1848 1996 2025 2040 utrum
2058 1997 2176 2056 post
2214 2003 2393 2043 rerum
2436 1991 2976 2055 consummationem,
3010 2005 3131 2045 cum
3161 1990 3300 2045 Deus
3319 1994 3420 2045 erit

1846 2078 2024 2130 omnia
2067 2078 2119 2131 in
2171 2079 2458 2145 omnibus,
2524 2079 2662 2133 idem
2706 2080 2811 2133 erit
2853 2094 3140 2150 corporum
3180 2081 3417 2135 omnium

1850 2168 2025 2239 fulgor
2070 2178 2125 2224 et
2166 2170 2366 2239 gloria;
2407 2172 2800 2240 respondetque
2854 2186 3122 2226 summum
3173 2172 3321 2226 illum
3365 2181 3420 2226 et

1848 2261 2143 2332 perfectum
2196 2272 2393 2316 statum
2437 2264 2752 2333 adepturam
2788 2279 3103 2333 corpoream
3147 2273 3417 2327 naturam,

1847 2362 2128 2421 postquam
2183 2354 2387 2408 sanctis
2427 2353 2688 2409 doetrinis
2748 2356 2987 2411 eruditas
3038 2356 3248 2410 animas
3309 2355 3419 2409 Deo

1849 2442 1992 2496 Patri
2038 2445 2285 2499 Christus
2342 2444 2653 2515 subjecerit.
2714 2447 2889 2516 Atque
2930 2447 3045 2501 haec
3106 2447 3219 2501 fere
3260 2446 3421 2502 habet

1852 2534 2204 2606 Hieronymus
2261 2536 2421 2603 epist.
2486 2536 2587 2601 59,
2635 2537 2699 2591 ad
2745 2538 2913 2601 Avit.,
2967 2553 3086 2607 cap.
3140 2538 3206 2603 5,
3254 2549 3310 2593 et
3352 2539 3420 2593 ad

1849 2626 2009 2681 finem
2042 2627 2161 2680 libri
2197 2628 2355 2697 hujus
2382 2628 2528 2681 tertii
2575 2629 2717 2697 Περὶ
2750 2629 2951 2700 ἀρχῶν
3002 2632 3100 2685 ista
3133 2629 3419 2702 Origenem

1848 2718 2097 2773 intulisse
2122 2718 2196 2772 ait
2228 2736 2241 2772 :
2277 2738 2296 2770 ι
2345 2717 2408 2771 Et
2442 2721 2550 2774 erit
2590 2719 2729 2776 Deus
2752 2723 2935 2776 omnia
2968 2723 3018 2777 in
3048 2724 3323 2788 omnibus,
3362 2732 3421 2777 ut

1849 2811 2098 2865 universa
2125 2820 2317 2865 natura
2348 2827 2607 2881 corporea
2651 2815 2921 2884 redigatur
2945 2815 2996 2869 in
3026 2830 3145 2870 eam
3167 2817 3423 2871 substan-

1849 2902 1979 2956 tiam
2012 2917 2131 2971 quae
2158 2904 2410 2958 omnibus
2450 2905 2644 2959 melior
2672 2914 2776 2969 est,
2822 2906 2873 2958 in
2919 2906 3154 2960 divinam
3187 2907 3414 2973 scilicet,

1851 3007 1956 3059 qna
1985 2992 2128 3046 nulla
2155 3002 2239 3048 est
2276 2993 2500 3062 melior;
2533 3015 2553 3047 ι
2589 2996 2733 3065 quod
2779 2995 3005 3052 Rufinus
3042 2998 3417 3053 dissimulavit.

181 3092 567 3152 militudinem;
619 3097 674 3144 et
723 3089 935 3142 demum
992 3101 1088 3157 per
1146 3088 1391 3141 intimam
1445 3102 1588 3141 cum.
1640 3087 1817 3158 Deoc
1853 3082 2224 3137 Dissimulavit
2260 3092 2315 3137 et
2359 3084 2463 3139 hoc
2510 3086 2759 3152 alterum,
2810 3088 2951 3155 quod
2981 3102 3048 3140 ex
3076 3088 3264 3141 eodem
3298 3088 3423 3143 Ori-

181 3182 615 3250 conjunctionem
646 3187 701 3231 et
725 3178 1013 3243 unitatem,
1049 3191 1153 3246 qua
1192 3190 1500 3243 supremum
1552 3174 1746 3229 bonum

181 3271 514 3327 continetur.
548 3267 729 3323 Multis
762 3268 876 3321 haec
898 3267 1238 3336 explicantur
1268 3266 1366 3320 lib.
1412 3281 1452 3320 ιι
1495 3264 1568 3319 De
1608 3267 1760 3335 prin-

181 3368 305 3434 cip.,
336 3377 456 3431 cap.
492 3362 579 3428 11,
617 3375 763 3414 ηιιιη.
799 3362 853 3422 5,
883 3369 937 3414 et
974 3361 1065 3413 lib.
1090 3375 1177 3422 ιιι,
1229 3373 1344 3428 cap.
1382 3357 1433 3421 6,
1472 3373 1619 3411 num.
1653 3358 1677 3411 1
1706 3368 1760 3411 et

183 3470 300 3525 seq.
335 3473 348 3509 :
386 3470 507 3508 nam
540 3453 722 3523 priore
748 3452 867 3505 loco
895 3450 1129 3504 ostendit
1155 3448 1414 3518 Origenes
1432 3457 1759 3503 comesturos

183 3556 398 3603 sanctos
424 3564 442 3596 ι
473 3560 666 3615 panem
690 3543 833 3607 vitae,
855 3543 947 3612 qui
979 3542 1223 3597 veritatis
1238 3551 1288 3596 et
1320 3540 1596 3609 sapientiae
1624 3539 1758 3596 cibis

183 3640 388 3693 nutriat
412 3639 671 3701 animam,
696 3645 752 3691 et
774 3634 1036 3689 illuminet
1068 3641 1326 3697 mentem,
1370 3641 1424 3686 et
1460 3643 1606 3702 potet
1638 3648 1755 3687 eam

182 3729 378 3782 divinae
408 3726 683 3797 sapientiae
712 3725 1011 3793 poculis....
1057 3722 1253 3791 quibus
1304 3722 1582 3792 sapientiae
1616 3722 1755 3778 escis

185 3818 383 3872 nutrita
411 3831 561 3869 mens
582 3816 647 3870 ad
676 3816 937 3885 integrum
962 3823 1017 3867 et
1036 3810 1351 3881 perfectum,
1370 3812 1587 3866 sicutex
1607 3813 1756 3866 initio

187 3910 360 3965 factus
390 3918 473 3964 est
502 3910 686 3971 homo,
720 3908 785 3960 ad
811 3906 1100 3973 imaginem
1129 3913 1183 3957 et
1223 3901 1635 3957 similitudinem
1660 3903 1753 3956 Dei

186 4012 485 4073 reparetur.
515 4021 533 4053 ι
557 4000 691 4054 Hinc
722 3997 1008 4066 unicuique
1047 4012 1075 4049 a
1109 3995 1218 4049 Deo
1250 3995 1510 4049 insertum
1535 4008 1655 4048 esse
1682 3994 1757 4047 ait

186 4076 428 4152 discendi
474 4108 735 4156 amorem,
796 4090 885 4159 qui
940 4099 1050 4142 tum
1102 4085 1425 4156 explebitur,
1475 4100 1596 4140 cum
1634 4093 1758 4154 post

188 4191 470 4258 diligenter
498 4185 778 4255 qnaasitam
809 4183 863 4236 in
906 4182 1008 4236 hac
1058 4180 1168 4233 vita
1203 4178 1452 4233 veritatis
1483 4176 1755 4242 notitiam,

187 4284 472 4338 clariorem
500 4294 680 4332 rerum
708 4276 1109 4349 perceptionem
1157 4273 1412 4343 consequi
1442 4286 1757 4342 promerue-

189 4378 378 4431 rimus.
413 4372 757 4442 Multiplicem
787 4369 977 4423 deinde
1010 4381 1190 4421 rerum
1224 4365 1509 4419 scientiam
1534 4378 1758 4419 enume-

1858 3174 2010 3243 genis
2039 3173 2175 3228 libro
2204 3188 2323 3243 cap.
2361 3174 2415 3241 6,
2447 3192 2573 3230 num
2602 3178 2657 3240 5,
2690 3177 2908 3231 adducit
2942 3178 3136 3233 ibidem
3163 3179 3415 3250 Hierony-

1860 3282 1977 3321 mus
2014 3284 2027 3319 :
2075 3283 2093 3317 ι
2134 3265 2241 3321 Nec
2276 3267 2495 3322 dubium
2536 3277 2620 3324 est
2650 3270 2779 3337 quin
2815 3279 2933 3339 post
2965 3271 3209 3339 quaedam
3254 3272 3422 3325 inter-

1857 3358 1993 3412 valla
2032 3367 2330 3429 temporum
2355 3375 2543 3415 rursus
2565 3362 2789 3416 materia
2811 3364 3087 3426 subsistat,
3118 3371 3170 3417 et
3194 3376 3422 3432 corpora

1860 3449 2022 3513 fiant,
2075 3459 2130 3503 et
2185 3448 2371 3504 mundi
2435 3450 2722 3505 diversitas
2790 3462 3159 3517 construatur;
3208 3462 3424 3522 propter

1856 3542 2036 3593 varias
2065 3540 2373 3597 voluntates
2417 3542 2816 3597 rationabilium
2860 3551 3255 3607 creaturarum,
3304 3559 3423 3613 qua:

1857 3642 1976 3700 post
2006 3631 2302 3700 perfectam
2356 3634 2740 3689 beatitudinem
2785 3649 2954 3701 usque
3004 3636 3070 3689 ad
3118 3635 3276 3689 tinem
3308 3650 3425 3688 om-

1855 3723 2004 3777 nium
2041 3739 2220 3778 rerum
2264 3724 2521 3792 paulatim
2563 3726 2629 3778 ad
2672 3725 2927 3779 inferiora
2966 3725 3181 3792 dilapsa:
3219 3735 3419 3779 tantam

1858 3815 2117 3869 malitiam
2144 3826 2491 3885 receperunt,
2516 3824 2577 3869 ut
2610 3816 2661 3868 in
2691 3817 3024 3869 contrarium
3060 3825 3420 3881 verterentur,

1856 3911 1980 3963 dum
2032 3908 2219 3963 nolunt
2266 3920 2490 3962 servare
2547 3906 2907 3976 principium,
2956 3916 3011 3961 et
3059 3907 3421 3975 incorruptam

1855 4002 2241 4057 beatitudinem
2289 3999 2586 4071 possidere.
2626 4017 2645 4051 ι
2688 3999 2741 4054 ld
2804 3998 3001 4067 quippe
3048 3998 3420 4069 pervulgatum

1857 4091 2108 4159 Origenis
2156 4090 2348 4161 dogma
2404 4089 2470 4143 de
2496 4089 2782 4143 beatorum
2839 4090 3141 4142 animorum
3186 4089 3422 4158 peccatis

1856 4193 1911 4235 et
1945 4182 2200 4250 lapsibus,
2248 4184 2301 4236 in
2343 4182 2476 4236 alios
2518 4180 2778 4234 transfert
2830 4181 3277 4251 interpretatione
3325 4196 3421 4235 sua

1860 4273 2085 4329 Ruﬁnus
2128 4274 2267 4329 libro
2295 4276 2480 4329 eodem
2532 4288 2591 4327 ιιι
2638 4271 2715 4326 De
2771 4272 3018 4341 princip.,
3068 4287 3183 4341 cap.
3232 4272 3286 4326 6.
3332 4273 3423 4328 Sic

1861 4368 2004 4420 enim
2034 4366 2199 4420 habet
2232 4384 2246 4420 :
2286 4383 2304 4416 ι
2343 4364 2539 4420 Verum
2569 4365 2731 4419 istam
2764 4365 3149 4434 perfectionem
3182 4380 3246 4419 ac
3291 4366 3421 4419 bea—

190 4481 294 4532 rat,
328 4481 431 4535 qua
458 4473 570 4518 tum
598 4477 748 4518 mens
798 4460 1172 4524 illustrabitur,
1215 4471 1320 4510 non
1364 4455 1593 4525 simplici
1632 4457 1754 4525 qui-
1787 4465 1829 4520 ι)
1860 4454 2139 4508 titudinem
2189 4454 2587 4509 rationabilium
2629 4466 3025 4518 creaturarum,
3074 4454 3160 4507 vel
3204 4465 3423 4507 natura-

191 4560 309 4614 dem
339 4567 394 4611 et
421 4557 697 4625 repentina
720 4552 1144 4613 collustratione,
1176 4550 1269 4603 sed
1301 4549 1537 4611 diversa,
1570 4557 1625 4603 et
1654 4563 1750 4616 pro

191 4652 387 4704 mentis
434 4658 591 4717 captu
618 4656 673 4702 et
705 4659 992 4716 progressu
1050 4640 1355 4697 continenti
1405 4640 1753 4696 successione

192 4742 485 4813 impertita.
535 4739 844 4793 Posteriore
895 4746 1075 4791 autem
1115 4736 1233 4788 loco
1284 4733 1441 4788 docet
1481 4747 1750 4787 summum

191 4836 415 4895 bonum,
444 4848 538 4889 seu
574 4833 731 4885 linem
761 4829 1020 4889 omnium,
1050 4826 1115 4880 ad
1156 4840 1314 4895 quem
1351 4834 1541 4878 natura
1591 4823 1754 4877 ratio-

194 4926 333 4981 nalis
382 4924 633 4979 universa
694 4921 885 4987 tendit,
941 4921 1085 4975 hunc
1144 4933 1289 4981 esse,
1342 4915 1573 4972 similem
1622 4914 1752 4979 Deo,

193 5019 369 5086 quoad
405 5016 522 5085 ejus
556 5014 668 5068 fieri
706 5021 902 5082 potest,
937 5012 1199 5075 evadere;
1250 5019 1412 5077 atque
1441 5023 1503 5062 ex
1543 5008 1645 5061 hac
1681 5007 1756 5062 si-

196 5107 498 5162 militudine
546 5106 598 5160 in
642 5104 832 5158 melius
876 5103 1247 5171 proficientem
1297 5102 1531 5154 animam
1590 5115 1755 5153 untnn

189 5198 300 5265 jam
351 5196 464 5249 ﬁeri
508 5210 630 5251 cum
680 5195 808 5260 Deo,
855 5202 1013 5262 prout
1064 5192 1333 5262 pollicitus
1379 5200 1466 5245 est
1507 5191 1760 5246 Christus

195 5287 353 5343 Joan.
384 5303 516 5354 xvn,
541 5288 610 5340 9.4
642 5296 695 5341 et
724 5286 816 5351 21,
851 5294 1010 5355 atque
1038 5286 1109 5339 ita
1139 5298 1303 5355 porro
1333 5283 1385 5338 in
1419 5284 1524 5337 ﬁne
1553 5284 1756 5351 omnia,

197 5391 252 5432 et
279 5380 331 5431 in
357 5379 607 5433 omnibus
641 5378 805 5431 Deum
852 5376 1089 5431 futurum
1133 5391 1271 5431 esse.
1323 5376 1557 5445 Exponit
1604 5386 1756 5444 post-

200 5470 413 5527 modum
446 5470 537 5538 qui
587 5470 768 5523 omnia
801 5476 855 5522 et
889 5469 942 5521 in
992 5468 1238 5521 omnibus
1294 5467 1433 5521 Deus
1477 5482 1595 5521 esse
1633 5482 1752 5534 pos-

196 5561 272 5625 sit
305 5562 384 5628 “;
418 5577 610 5632 nempe
659 5576 782 5616 cum
836 5560 1059 5617 rationis
1117 5558 1319 5631 pollens
1364 5558 1564 5626 anima,
1606 5560 1751 5615 omni

281 5761 322 5794 "
349 5761 365 5817 Ι
395 5762 520 5819 Cor.
547 5779 634 5829 xv,
669 5763 755 5819 28.

1854 4561 1992 4611 rum,
2030 4546 2102 4599 ita
2128 4546 2342 4600 demum
2366 4546 2583 4614 quidam
2609 4560 2928 4614 permanere
2950 4545 3001 4599 in
3034 4545 3223 4600 eodem
3253 4555 3420 4611 statu,

1853 4654 1960 4706 quo
1986 4653 2146 4706 supra
2177 4638 2431 4705 diximus,
2466 4648 2678 4707 putant,
2714 4639 2766 4693 id
2806 4648 2889 4694 est
2942 4650 3000 4693 ut
3030 4639 3197 4693 Deum
3242 4639 3420 4693 omnia

1856 4730 2112 4795 habeant,
2141 4739 2197 4784 et
2222 4730 2361 4785 Deus
2387 4731 2469 4785 eis
2513 4731 2583 4785 sit
2629 4733 2829 4798 omnia,
2877 4732 2921 4786 si
2974 4732 3286 4785 nullatenus
3332 4747 3424 4787 eas

1856 4819 2087 4874 societas
2167 4831 2370 4873 naturae
2440 4822 2736 4889 corporalis
2812 4829 3081 4875 amoveat.
3171 4822 3422 4889 Alioquin

1861 4912 2171 4965 existimant
2218 4912 2445 4982 gloriam
2487 4927 2711 4966 summa:
2758 4911 3109 4967 beatitudinis
3155 4913 3424 4981 impediri,

1863 5004 1908 5058 si
1959 5003 2252 5059 materialis
2301 5006 2616 5059 substantiae
2663 5004 3021 5059 interseratur
3067 5005 3346 5061 admistio.
3401 5024 3420 5057 ι

1864 5099 2001 5164 Quin
2026 5098 2187 5152 etiam
2224 5100 2363 5167 quod
2387 5099 2507 5154 aliis
2535 5100 2900 5154 ascribentcm
2928 5100 3306 5153 Adamantium
3341 5099 3425 5151 in-

1867 5190 2012 5243 ducit
2040 5188 2287 5257 Ruflnus,
2310 5190 2362 5245 id
2395 5190 2760 5246 confutantem
2786 5191 2960 5259 ipsum
3004 5192 3224 5246 exhibet
3254 5192 3427 5257 capite

1867 5280 2052 5336 eodem
2081 5298 2227 5335 num.
2251 5282 2284 5336 6
2318 5302 2329 5336 :
2366 5301 2384 5333 ι
2416 5284 2469 5337 In
2508 5298 2614 5352 quo
2646 5293 2789 5339 statu
2819 5282 3215 5353 (beatitudinis)
3262 5281 3423 5335 etiam

1864 5389 2180 5443 permanere
2212 5390 2425 5446 semper
2459 5387 2513 5431 et.
2562 5378 2968 5432 immutabilitcr
3014 5375 3286 5431 Creatoris
3323 5389 3422 5426 vo-

1859 5469 2061 5522 luntate
2087 5476 2171 5523 est
2209 5469 2553 5535 credendum,
2591 5470 2750 5523 fidem
2792 5471 2868 5523 rei
2902 5470 3133 5525 faciente
3158 5464 3423 5521 sententia

1857 5559 2093 5629 Apostoli
2145 5558 2372 5617 diccntis
2406 5582 2415 5616 :
2452 5560 2669 5615 Domum
2722 5563 2966 5617 habemus
3027 5577 3128 5614 non
3173 5557 3424 5627 manufe—
