3860 6226
398 346 527 402 10H

1676 340 1735 394 P.
1780 339 2096 394 DANIELIS
2122 336 2352 394 HUETII

3506 335 3655 389 {0!2

398 478 554 531 ctam,
580 474 829 517 mtertmm
859 464 911 516 in
933 465 1072 518 caalis
1097 465 1191 518 ³⁷.»
1215 468 1284 521 De
1309 466 1637 535 [inequoque
1664 478 1838 517 rerum
1867 462 1973 531 agit
2000 466 2048 523 Α
2076 472 2374 522 summum,
2409 470 2569 525 quem
2616 455 2871 521 diximus,
2917 453 3187 508 felicitatis
3215 453 3421 521 apicem
3450 467 3651 508 evase-

400 558 660 625 Origenes
692 556 786 614 lib.
823 573 837 610 l
876 556 953 610 De
981 558 1225 625 princip.,
1251 574 1369 627 cap.
1401 558 1455 623 6,
1493 572 1642 611 num.
1671 557 1722 616 l,
1758 556 1813 619 2,
1855 570 1970 607 om-

403 649 601 717 niaque
648 647 777 701 dicit
806 647 871 700 ad
903 663 1067 701 unum
1122 648 1281 703 finem
1337 647 1661 711 revocanda,
1711 645 1970 716 quemad-

402 740 622 793 modum
650 738 716 791 ab
744 755 850 793 uno
876 740 1027 793 initio
1056 740 1289 807 profecta
1318 749 1463 803 sunt,
1499 746 1782 809 postquam
1825 736 1971 790 scili-

401 837 489 884 cet
542 831 850 900 regnaverit
896 828 1170 896 Christus,
1219 846 1512 900 omnesque
1559 829 1807 883 inimicos
1864 827 1969 881 sibi

401 920 715 990 subiecerit,
741 922 1024 989 ipsumque
1046 923 1393 977 novissimum
1423 921 1700 975 inimicum
1734 930 1967 975 mortem

401 1013 759 1078 destruxerit,
782 1023 837 1066 et
859 1011 1003 1077 Patri
1038 1028 1258 1082 regnum
1295 1013 1576 1067 tradiderit
1600 1022 1834 1081 tuncque
1862 1026 1974 1067 ete-

402 1104 581 1170 lestia,
617 1104 891 1158 terrestria
922 1115 977 1158 et
1008 1104 1213 1158 inferna
1268 1104 1331 1158 ad
1374 1120 1536 1158 unum
1566 1104 1725 1157 finem
1774 1104 1972 1158 deven-

406 1207 547 1262 tura,
586 1217 603 1247 ι
639 1212 734 1266 per
759 1198 1050 1252 bonitatem
1088 1197 1205 1261 Dei,
1240 1206 1294 1251 et
1333 1196 1720 1264 subjectionem
1743 1194 1968 1257 Christi,

404 1297 568 1356 atque
599 1288 860 1355 unitatem
893 1285 1129 1356 Spiritus
1158 1286 1354 1340 sancti.
1387 1307 1405 1338 ι
1436 1287 1600 1341 Addit
1629 1287 1849 1357 insuper
1871 1286 1969 1341 soli

404 1377 660 1432 Trinitati
701 1378 995 1433 bonitatem
1028 1378 1465 1433 substantialiter
1506 1380 1700 1443 inesse,
1745 1390 1972 1435 caeteros

402 1468 528 1523 inde
556 1479 852 1524 mutuatam
887 1478 939 1523 et
966 1470 1259 1525 derivatam
1294 1469 1529 1535 habere;
1568 1488 1585 1521 ι
1616 1480 1670 1526 et
1698 1480 1825 1525 tunc
1852 1486 1974 1526 esse

404 1560 458 1614 in
492 1560 843 1625 beatitudine,
877 1575 1000 1615 cum
1045 1562 1111 1615 de
1148 1562 1457 1625 sanctitate,
1502 1577 1565 1617 ac
1599 1562 1888 1632 sapientia,
1918 1571 1974 1617 et

405 1649 473 1703 de
500 1650 616 1719 ipsa
651 1650 932 1704 divinitate
963 1650 1286 1720 participant
1330 1669 1344 1705 :
1398 1671 1416 1703 ι
1474 1654 1614 1721 quod
1666 1654 1974 1722 quicunque

405 1741 703 1811 negligunt,
735 1742 968 1811 propriae
1018 1742 1235 1798 desidiae
1277 1742 1407 1798 vitio
1445 1742 1703 1798 felicitate
1736 1745 1839 1799 hac
1880 1761 1974 1801 eos

403 1833 678 1894 excidere.
726 1843 780 1888 et
814 1850 843 1888 a
879 1834 988 1887 Deo
1026 1850 1128 1904 pro
1165 1836 1333 1905 culpae
1376 1836 1534 1892 modo
1564 1835 1830 1890 adhiberi.
1866 1835 1975 1891 Nec

403 1924 475 1977 ab
518 1923 602 1979 his
629 1923 941 1994 discrepant
970 1939 1090 1994 quae
1124 1940 1190 1979 ex
1241 1925 1474 1997 Origene
1519 1927 1728 1997 profert
1771 1926 1974 1981 Catena

405 2014 736 2069 Corderiana
765 2016 817 2070 in
855 2014 1112 2081 Psalmos,
1135 2018 1201 2073 ad
1230 2018 1422 2085 psalm.
1453 2034 1544 2084 ιι,
1576 2020 1609 2074 '5
1634 2061 1647 2084 ,
1692 2035 1813 2091 pag.
1848 2018 1972 2085 759,

407 2106 498 2161 ubi
533 2105 783 2176 Christus
821 2123 942 2164 esse
990 2111 1188 2165 dicitur
1233 2111 1665 2177 tabernaculum,
1717 2121 1772 2166 et
1821 2127 1976 2167 mons

406 2209 651 2261 sanctus,
683 2200 734 2253 in
773 2215 880 2269 quo
906 2201 1129 2269 perfecti
1157 2203 1591 2271 conquiescunt;
1633 2203 1825 2257 deinde
1848 2202 1977 2257 sub-

399 2292 520 2358 jicit
552 2310 566 2345 :
610 2292 757 2363 Πλὴν
788 2294 836 2346 sl
864 2294 957 2345 καὶ
985 2292 1125 2347 οὕτω
1152 2294 1489 2367 τελειότητος
1538 2296 1651 2366 ἔχει
1684 2298 1716 2367 ἡ
1752 2296 1979 2368 τοιαύτη

405 2382 602 2455 σκηνὴ,
632 2383 708 2447 ὡς
734 2385 828 2437 καὶ
859 2382 991 2454 ἆγια
1028 2386 1196 2454 ἁγίων
1229 2383 1387 2451 εἶναι,
1423 2387 1535 2440 ἀλλ’
1568 2384 1661 2442 οὖν
1705 2389 1822 2440 ἐστι
1860 2391 1976 2459 μετ’

404 2464 579 2546 αὐτὴν
619 2462 949 2543 κατάστασις
1008 2477 1349 2547 ὑπερέχουσα
1398 2478 1505 2533 τῶν
1552 2479 1810 2548 λογικῶν,
1854 2479 1977 2533 καθ’

402 2566 472 2638 ἣν
505 2566 714 2621 ἔσονται
743 2570 801 2621 ἐν
832 2570 1009 2641 Πατρὶ
1044 2572 1134 2623 καὶ
1174 2570 1309 2641 Υἱῷ,
1353 2570 1550 2641 μᾶλλον
1587 2572 1642 2624 δὲ
1672 2574 1737 2644 τῇ
1768 2572 1973 2645 τριάδι·

402 2657 487 2712 διὸ
516 2660 798 2729 παροικεῖν
833 2659 912 2731 εἰς
954 2659 1080 2723 τοὺς
1118 2661 1339 2726 αἰῶνας,
1380 2662 1494 2715 ἀλλ’
1525 2662 1586 2714 οὐ
1616 2665 1888 2715 κατοικεῖν
1922 2664 1978 2716 ὲν

403 2750 483 2821 τῷ
516 2751 829 2823 σκηνώματι
856 2752 1067 2824 εἴρηται
1088 2767 1100 2779 ·
1127 2757 1154 2807 ὁ
1183 2757 1239 2808 ἐν
1264 2754 1436 2825 τούτῳ
1464 2755 1541 2826 τῷ
1572 2756 1705 2827 οἴκῳ
1741 2754 1979 2825 γεγονὼς

406 2840 844 2917 σκεπασθήσεται
915 2847 973 2899 ἐν
1046 2849 1112 2919 τῇ
1172 2847 1283 2902 τῶν
1357 2847 1639 2920 πτερύγων
1687 2848 1780 2902 τοῦ
1842 2848 1977 2902 Θεοῦ

407 2936 608 3007 σκέπῃ.
632 2934 746 2991 lloc
771 2945 855 2991 est
885 2955 898 2990 :
923 2937 967 2991 E
988 2939 1356 3007 tabernaculo,
1395 2942 1538 3009 quod
1592 2949 1674 2994 est
1706 2940 1976 3009 Christus,

407 3028 640 3099 digressi
705 3030 876 3084 sancti
940 3030 993 3083 in
1040 3029 1304 3085 Trinitate
1377 3032 1807 3102 conquiescent,
1855 3048 1976 3088 cum

2075 553 2217 615 rint;
2250 565 2315 604 ac
2345 551 2578 620 primum
2616 549 2669 602 in
2702 557 2853 601 certo
2882 547 3117 615 quodam
3149 555 3304 601 terra:
3327 547 3447 601 loco
3470 556 3655 601 terre-

2073 658 2169 697 nas
2195 644 2374 708 faeces,
2409 650 2466 695 et
2490 642 2850 708 ignorantiam
2899 638 3115 709 deponi,
3165 646 3326 708 atque
3350 638 3498 693 hunc
3522 653 3655 695 esse

2071 736 2414 807 paradisum;
2448 734 2571 789 inde
2601 734 2652 789 in
2682 748 2829 796 aere,
2857 741 2911 786 et
2941 732 2992 785 in
3034 731 3263 786 diversis
3296 732 3653 799 postmodum

2072 828 2194 884 coeli
2218 829 2354 884 locis
2385 842 2577 881 novam
2614 839 2895 894 capessere
2922 822 3283 893 disciplinam,
3312 832 3367 877 et
3401 823 3652 891 perfecta

2073 922 2287 975 demum
2312 918 2571 975 beatitate
2604 916 2747 983 frui;
2781 916 2835 970 in
2865 914 3092 989 singulis
3128 924 3307 968 autem
3342 913 3655 967 mansioni-

2072 1016 2175 1071 bus
2218 1029 2285 1071 eo
2338 1013 2733 1070 diuturniorem
2784 1026 2945 1079 agere
2998 1025 3203 1064 moram
3258 1009 3505 1071 animas,
3541 1023 3653 1075 quo

2073 1108 2339 1177 pluribus,
2383 1108 2509 1160 dum
2546 1104 2762 1174 corpori
2793 1103 3064 1172 adjunctte
3093 1110 3293 1166 essent,
3324 1115 3450 1155 sese
3489 1100 3654 1154 noxis

2074 1201 2535 1261 contaminaruut,
2567 1198 2914 1268 pluribusque
2964 1195 3390 1264 inquinamentis
3434 1207 3644 1259 expur-

2074 1291 2262 1361 ganda:
2311 1299 2456 1344 sunt.
2507 1288 2846 1357 Frequentes
2902 1292 3118 1339 exstant
3170 1283 3431 1337 doctrina:
3491 1280 3654 1348 hujus

2077 1389 2253 1440 notae:
2316 1394 2416 1434 nos
2462 1379 2760 1446 praecipuas
2790 1389 3162 1444 excerpemus.
3208 1372 3441 1427 Homilia
3473 1374 3545 1427 26
3599 1375 3655 1425 in

2078 1470 2265 1537 Num.,
2298 1486 2447 1524 num.
2487 1469 2541 1526 4.
2573 1468 2871 1537 digressum
2910 1466 3102 1517 anima:
3131 1478 3162 1516 a
3197 1476 3449 1531 corpore,
3475 1461 3653 1515 Israe-

2076 1564 2292 1617 litarum
2329 1560 2478 1615 exitu
2504 1560 2568 1613 de
2598 1557 2831 1627 Egypto
2861 1554 3088 1622 exprimi
3124 1553 3306 1620 tradit,
3346 1568 3496 1613 cum.
3523 1552 3655 1606 reli-

2076 1655 2178 1710 ctis
2208 1651 2393 1707 mundi
2444 1651 2604 1719 hujus
2641 1647 2900 1713 tenebris,
2934 1656 2986 1702 et
3021 1646 3264 1715 corporis
3292 1646 3565 1706 caecitate,
3600 1646 3657 1698 in

2076 1752 2240 1807 alium
2269 1750 2453 1804 orbem
2485 1748 2681 1802 transit
2708 1745 2885 1800 anima
2912 1787 2928 1811 ,
2964 1745 3056 1814 qui
3085 1745 3170 1799 vel
3200 1746 3354 1799 sinus
3378 1743 3650 1805 Abrahte,

2084 1853 2144 1897 ut
2169 1844 2221 1897 in
2270 1841 2460 1896 Lazari
2492 1839 2756 1906 historia;
2786 1838 2869 1893 vel
2905 1837 3210 1907 paradisus,
3247 1845 3305 1891 ut
3342 1837 3394 1889 in
3448 1834 3539 1888 illa
3570 1834 3660 1888 lar

2080 1936 2274 2000 tronis,
2300 1944 2673 2002 nuncupatur;
2713 1950 2732 1982 ί
2774 1930 2861 1984 vel
2887 1931 3071 1993 etiam,
3100 1927 3299 1998 inquit,
3329 1928 3374 1982 si
3406 1941 3516 1996 qua
3552 1940 3658 1980 no-

2078 2027 2156 2081 vit
2182 2027 2321 2082 Deus
2352 2039 2474 2080 esse
2501 2024 2603 2078 alia
2627 2023 2764 2086 loca,
2786 2022 2870 2077 vel
2899 2021 3031 2077 alias
3063 2020 3392 2082 mansiones,
3413 2034 3517 2088 per
3532 2034 3660 2086 qua:

2080 2119 2350 2173 transiens
2385 2118 2563 2171 anima
2612 2116 2719 2171 Deo
2746 2114 3009 2178 credens,
3044 2125 3095 2168 et
3127 2112 3453 2181 perveniens
3482 2125 3660 2180 usque

2079 2213 2146 2266 ad
2173 2210 2374 2265 flumen
2401 2210 2551 2276 illud,
2588 2210 2733 2279 quod
2776 2206 3012 2262 laetiﬁcat
3059 2206 3331 2259 civitatem
3360 2203 3480 2267 Dei,
3513 2204 3660 2257 intra

2084 2305 2257 2374 ipsam
2290 2313 2494 2358 sortem
2545 2301 2824 2371 promissa.-
2857 2298 3105 2353 Patribus
3140 2296 3476 2351 haereditatis
3511 2296 3659 2349 acci-

2077 2396 2220 2467 piat;
2262 2416 2280 2447 ι
2313 2404 2367 2451 et
2413 2395 2691 2464 aliquanto
2740 2402 2901 2463 post,
2946 2406 3095 2444 num.
3123 2389 3156 2442 5
3193 2408 3207 2441 :
3247 2406 3265 2439 ι
3321 2388 3483 2442 lstius
3522 2402 3657 2457 ergo

2080 2500 2238 2547 terra:
2281 2491 2694 2555 luereditatem,
2739 2497 3091 2559 posteaquam
3145 2486 3213 2541 de
3264 2485 3453 2539 mundi
3498 2484 3659 2551 hujus

2078 2583 2318 2655 IEgypto
2352 2583 2571 2646 exierit,
2604 2582 2716 2636 Deo
2749 2580 2977 2635 credens
3025 2578 3203 2632 anima
3245 2576 3607 2644 consequitur
3638 2593 3654 2627 :

2079 2685 2135 2732 et
2162 2676 2290 2729 alibi
2318 2674 2534 2744 quidem
2563 2674 2599 2728 ii
2623 2673 2711 2743 qui
2737 2672 2836 2726 sub
2862 2672 2980 2740 lege
3008 2669 3285 2732 vixerunt;
3315 2666 3443 2721 alibi
3473 2676 3657 2719 autem

2078 2770 2169 2838 qui
2216 2782 2311 2837 per
2352 2765 2478 2821 Jesu
2526 2764 2727 2820 Christi
2776 2762 2935 2816 fidem
2980 2771 3035 2816 et
3081 2759 3315 2828 gratiam
3353 2758 3656 2827 dispensati

2080 2868 2226 2916 sunt.
2275 2877 2294 2910 ι
2325 2856 2555 2912 Humilia
2580 2855 2772 2910 deinde
2794 2853 3037 2923 sequenti
3074 2851 3265 2920 repetit
3294 2850 3410 2904 haec
3434 2850 3654 2913 eadem,

2078 2963 2133 3010 et
2162 2953 2392 3011 diversis
2446 2948 2821 3011 mansionibus
2867 2945 3231 3001 lsraelitarum
3291 2944 3346 2997 in
3397 2943 3656 3003 deserto,

2082 3048 2273 3101 animae
2323 3043 2634 3099 mansiones
2666 3040 2843 3099 notari
2879 3038 3099 3102 scribit;
3132 3045 3192 3090 ut
3220 3044 3275 3090 et
3324 3033 3419 3088 illo
3446 3032 3655 3088 Christi

406 3142 572 3199 regno
602 3127 800 3184 Christi
856 3130 1128 3194 absoluto,
1176 3128 1338 3183 Pater
1372 3129 1485 3198 ipse
1530 3144 1753 3200 regnum
1794 3145 1976 3185 susce—
2004 3150 2049 3212 ο
2079 3137 2237 3193 Joan,
2289 3153 2403 3201 xw,
2434 3136 2469 3189 2
2507 3154 2520 3188 :
2564 3153 2585 3186 ι
2636 3131 2695 3187 In
2743 3132 2905 3197 domo
2954 3129 3134 3185 Patris
3185 3127 3289 3181 mei
3341 3125 3658 3180 mansiones

404 3220 568 3290 perit.
600 3219 715 3277 Hac
734 3221 982 3277 doctrina
1007 3222 1244 3277 imbutus
1268 3221 1583 3277 Theodorus
1604 3222 1847 3287 Ascidas,
1866 3222 1977 3278 Ca:-

408 3326 578 3367 sareat
613 3312 968 3382 Cappadociae
1002 3314 1306 3384 episcopus,
1348 3314 1779 3386 Origcnistarum
1812 3314 1978 3370 Justi-

407 3401 557 3455 nianl
588 3410 746 3457 actate
771 3415 1050 3473 patronus,
1082 3406 1217 3459 dixit
1255 3425 1268 3459 :
1322 3408 1386 3460 Ei
1435 3406 1530 3461 νῦν
1572 3409 1620 3461 οἱ
1666 3407 1975 3472 ἀπόστολοι,

409 3494 503 3548 καὶ
520 3495 569 3548 οἱ
601 3494 876 3567 μάρτυρες
898 3497 1392 3574 θαυματουργοῦσιει
1430 3500 1523 3553 καὶ
1552 3502 1608 3553 ἐν
1649 3503 1716 3572 τῇ
1748 3499 1981 3571 τοσαύτῃ

407 3589 543 3669 τιμῇ
577 3588 929 3660 ὑπάρχουσιν,
961 3590 1018 3643 ἐν
1037 3594 1102 3661 τῇ
1129 3592 1566 3647 ἀποκαταστάσει
1599 3593 1739 3665 εἰμὴ
1770 3593 1873 3647 ἴσοι
1899 3592 1982 3662 γέ-

409 3696 585 3747 νοιντο
647 3680 725 3753 τῷ
794 3682 1052 3754 Χριστῷ,
1113 3684 1243 3738 ποία
1305 3685 1748 3750 ἀποκατάστασις
1799 3685 1981 3749 αὐτοῖς

410 3774 590 3840 tactv;
636 3791 654 3825 ι
701 3774 760 3829 Si
814 3791 955 3832 nunc
1004 3778 1232 3847 apostoli
1288 3789 1342 3835 et
1391 3789 1662 3851 martyres
1718 3781 1978 3835 miracula

410 3866 597 3932 edunt,
628 3875 681 3923 et
709 3867 763 3922 in
802 3878 954 3926 tanto
993 3880 1119 3926 sunt
1163 3874 1410 3941 honore;
1445 3874 1500 3928 in
1556 3875 1901 3931 restitutione
1934 3876 1979 3930 si

410 3958 649 4029 aequales
679 3960 891 4016 Christo
916 3978 1021 4018 non
1054 3964 1310 4031 evadant,
1341 3965 1516 4034 qualis
1545 3980 1731 4022 eorum
1760 3966 1981 4021 restitu-

412 4051 488 4101 tio
544 4047 726 4113 futura
778 4054 901 4107 est?
949 4073 967 4105 ι
1014 4054 1185 4121 Quam
1212 4070 1399 4111 vocem
1450 4057 1503 4110 in
1554 4057 1745 4126 quinta
1774 4058 1979 4127 synodo

410 4140 719 4197 damnatam
754 4143 920 4202 fuisse
947 4155 1172 4205 testatur
1200 4148 1464 4219 Evagrius
1502 4147 1597 4203 lib.
1627 4164 1701 4216 tv,
1729 4164 1853 4219 cap.
1887 4149 1979 4206 58.

409 4230 799 4303 Verumtamen
844 4237 896 4291 in
943 4238 1257 4308 praafatione
1304 4238 1596 4303 Comment.
1650 4241 1703 4294 in
1749 4239 1911 4294 Joan.
1949 4257 1979 4295 a

410 4329 681 4384 communi
729 4331 1096 4401 theologorum
1148 4333 1418 4388 sententia
1474 4334 1698 4388 minime
1778 4334 1983 4389 recedit

410 4415 692 4488 Origenes,
727 4420 779 4475 in
806 4421 900 4476 Dei
931 4424 1239 4492 cognitione
1269 4435 1324 4479 et
1355 4425 1815 4494 contemplatione
1846 4425 1978 4480 bea-

2080 3230 2262 3284 multaa
2319 3236 2477 3292 sunt;
2542 3245 2561 3277 »
2624 3239 2687 3278 ac
2727 3222 2893 3279 variis
2955 3229 3217 3291 prmterea
3267 3216 3657 3286 prOphetarum

2082 3321 2427 3385 testimoniis,
2463 3332 2583 3387 qua:
2624 3317 2849 3372 subinde
2893 3320 3173 3371 enumerat
3205 3329 3219 3367 :
3253 3324 3351 3381 per
3380 3308 3499 3363 bac
3526 3322 3659 3377 ergo

2080 3408 2199 3463 loca
2234 3408 2666 3477 peregrinantem
2698 3405 2930 3459 animam
2958 3404 3024 3458 ad
3077 3400 3273 3471 quietis
3305 3398 3485 3454 locum
3533 3413 3658 3453 cum

2080 3501 2283 3573 gemitu
2315 3508 2372 3555 et
2399 3497 2583 3554 dolore
2606 3496 2893 3561 anhelare;
2917 3495 3213 3550 hebescere
3236 3494 3423 3559 etiam,
3440 3498 3500 3547 et
3525 3490 3664 3545 cali-

2079 3609 2226 3666 gare,
2260 3592 2437 3664 quoad
2468 3589 2679 3647 itineris
2708 3589 2790 3644 sui
2820 3595 3020 3643 metam
3060 3594 3303 3642 assecuta
3333 3586 3407 3639 sit
3440 3600 3454 3635 :
3495 3604 3515 3634 ι
3554 3582 3663 3637 Per

2080 3686 2317 3757 singulas
2352 3698 2594 3756 quasque
2616 3723 2631 3749 ,
2664 3702 2683 3736 ι
2717 3681 2894 3749 inquit
2940 3694 3091 3734 num.
3125 3678 3180 3743 4,
3214 3693 3335 3747 pag.
3366 3677 3498 3741 577,
3533 3695 3552 3726 ι
3574 3676 3662 3731 di-

2080 3779 2331 3850 grediens
2364 3776 2675 3830 mansiones
2700 3816 2715 3840 ,
2746 3772 2865 3827 illas
2893 3772 3099 3827 scilicet
3135 3770 3364 3841 multas,
3418 3785 3544 3838 qua:
3572 3772 3661 3823 di-

2078 3876 2275 3925 cuntur
2316 3882 2438 3923 esse
2477 3866 2615 3937 apud
2670 3864 2908 3929 Patrem,
2946 3862 3281 3917 illuminatur
3308 3861 3547 3930 amplius
3590 3875 3666 3915 ex

2080 3976 2187 4017 una
2219 3960 2286 4014 ad
2315 3959 2474 4013 aliam
2503 3956 2747 4022 veniens,
2780 3954 2982 4024 majora
3004 3968 3218 4022 semper
3240 3951 3665 4009 illuminationis

2080 4058 2366 4122 augmenta
2416 4047 2737 4118 conquirit,
2769 4059 3048 4118 usquequo
3099 4051 3318 4097 assueta
3368 4042 3439 4095 sit
3487 4042 3667 4112 ipsius

2078 4143 2194 4197 veri
2221 4140 2462 4206 luminis,
2505 4139 2646 4208 quod
2694 4137 2965 4191 illuminat
2992 4148 3207 4190 omnem
3237 4134 3538 4199 hominem,
3574 4134 3666 4187 in-

2080 4236 2273 4289 tuitum
2307 4234 2441 4305 pati,
2493 4242 2549 4288 et
2576 4231 2728 4285 mirae
2775 4226 3075 4295 maiestatis
3117 4227 3262 4280 ferre
3295 4224 3592 4294 fulgorem.
3636 4243 3659 4277 ι

2079 4326 2317 4381 lnculcat
2339 4327 2480 4381 idem
2525 4325 2579 4379 in
2604 4320 2979 4390 sequentibus,
3011 4333 3159 4372 num.
3191 4316 3255 4371 6:
3284 4314 3453 4369 «Post
3474 4329 3669 4370 resur-

2079 4419 2374 4473 rectionem
2406 4428 2697 4470 ascensura
2737 4412 2805 4466 ad
2850 4409 3017 4466 caelos
3046 4405 3276 4480 (anima)
3308 4420 3419 4458 non
3452 4404 3665 4467 subito,

410 4506 692 4564 titudinem
729 4510 889 4565 sitam
917 4527 1035 4567 esse
1064 4514 1287 4582 docens,
1333 4525 1389 4569 et
1412 4516 1589 4581 {tinem
1620 4530 1740 4570 esse
1767 4514 1828 4568 τὸ
1851 4515 1978 4569 Osw-
2008 4502 2053 4557 D
2086 4525 2187 4565 nec
2219 4511 2522 4576 importune
2552 4504 2619 4560 ad
2649 4517 2857 4559 summa
2882 4499 3219 4563 conscendit,
3252 4497 3344 4552 sed
3381 4510 3483 4566 per
3523 4496 3669 4551 mul—

410 4600 654 4671 ρητικδν,
679 4602 812 4669 sica
850 4603 1174 4675 καταλήγειν
1210 4606 1271 4658 τὸ
1305 4605 1455 4679 τέλος
1493 4605 1611 4660 ὁδοῦ
1647 4609 1705 4661 ὲν
1723 4611 1790 4679 τῇ
1822 4608 1978 4678 λεγο-

412 4691 549 4764 μένῃ
577 4693 1038 4766 ἀποκαταστάσει.

484 4781 551 4836 Χ.
577 4785 693 4841 Non
720 4786 906 4840 statim
929 4797 1107 4844 autem
1132 4788 1200 4859 ad
1230 4804 1537 4860 supremam
1564 4791 1978 4858 beatitudinem,

409 4873 505 4927 sed
541 4876 868 4940 pedetentim
924 4892 989 4932 ac
1038 4893 1138 4948 per
1170 4878 1417 4935 diversos
1470 4882 1667 4951 gradus
1713 4883 1982 4950 perveniri

409 4963 598 5019 voluit.
635 4964 769 5019 Nam
799 4967 1008 5024 animas
1034 4968 1424 5025 beatitudinem
1468 4970 1798 5039 promeritas
1824 5012 1839 5038 ,
1885 4972 1982 5027 sed

410 5064 751 5111 terrenarum
800 5074 983 5115 rerum
1038 5071 1274 5135 contage.
1310 5063 1607 5116 etiamnum
1651 5061 1979 5128 laborantes,

409 5155 694 5217 postquam
727 5164 957 5226 corpore
1010 5153 1222 5209 emissae
1259 5162 1385 5209 sunt
1411 5193 1428 5219 ,
1474 5168 1571 5223 per
1602 5155 1752 5208 varia
1787 5154 1980 5210 deduci

409 5239 527 5294 loca
562 5239 737 5307 finxit,
768 5242 819 5296 in
850 5244 1049 5314 quibus
1083 5255 1430 5318 expurgatas,
1457 5256 1512 5301 et
1536 5248 1603 5302 ab
1624 5246 1831 5318 angelis
1854 5247 1980 5303 huic

409 5330 713 5386 ministerio
740 5318 1029 5390 destinatis
1059 5338 1325 5407 eruditas,
1375 5346 1431 5391 et
1460 5352 1707 5393 errorum
1736 5337 1979 5393 tenebris

411 5422 725 5491 exsolutas,
778 5427 1202 5497 splendidiorem
1240 5445 1304 5496 ac
1361 5430 1647 5487 celsiorem
1704 5431 1982 5499 regionem

410 5520 810 5586 conscendere;
882 5522 1062 5591 ibique
1116 5523 1271 5577 novis
1324 5524 1617 5579 instructas
1677 5522 1979 5591 doctrinisf,

411 5607 641 5679 aliisque
670 5628 797 5669 usas
827 5616 1104 5685 magistris
1135 5615 1186 5673 in
1215 5614 1500 5675 sublimius
1527 5614 1683 5687 ferri,
1723 5617 1893 5674 donec
1916 5616 1983 5672 ad

480 5809 524 5842 ³⁷
557 5808 596 5864 ll
622 5810 743 5867 Cor.
774 5827 823 5877 v,
851 5812 898 5867 l.

2085 4613 2169 4657 tas
2191 4600 2477 4655 deducitur
2506 4597 2836 4659 mansiones,
2867 4594 2921 4648 in
2949 4592 3147 4663 quibus
3192 4589 3505 4645 illuminata
3567 4602 3670 4658 per

2086 4689 2331 4759 singulas
2357 4727 2372 4753 ,
2420 4697 2476 4743 et
2499 4693 2789 4757 augmento
2816 4698 3029 4752 semper
3054 4679 3358 4751 Splendoris
3406 4688 3661 4748 accepto,

2087 4784 2139 4836 in
2169 4795 2491 4850 unaquaque
2528 4777 2812 4841 mansione
2840 4774 3109 4829 illustrata
3140 4771 3423 4840 sapientia:
3451 4769 3665 4823 lumine

2090 4888 2261 4941 usque
2295 4873 2361 4926 ad
2390 4871 2564 4941 ipsum
2589 4868 2869 4947 perveniat
2897 4866 3157 4920 luminum
3187 4864 3428 4918 Patrem.
3472 4880 3495 4914 ι
3534 4860 3663 4915 Post

2085 4968 2200 5022 haec
2240 4966 2582 5033 mansionum
2616 4964 2828 5018 illarum
2866 4958 3067 5015 deserti
3098 4957 3315 5011 nomina
3354 4956 3664 5010 mansioni-

2081 5060 2183 5115 bus
2205 5056 2594 5121 accommodat,
2621 5068 2767 5125 quas.
2788 5053 2964 5111 anima
2988 5051 3041 5105 in
3065 5049 3261 5106 caelum
3280 5047 3499 5102 abitura
3536 5062 3656 5117 per-

2089 5158 2260 5219 agrat,
2300 5149 2643 5216 ostenditque
2688 5148 2830 5201 hanc
2856 5146 3018 5201 etiam
3046 5151 3157 5197 tum
3184 5141 3491 5196 daemonum
3520 5140 3658 5193 insi-

2084 5242 2190 5298 diis
2216 5251 2269 5296 et
2297 5242 2644 5297 teutamentis
2671 5254 2791 5296 esse
2823 5238 3111 5294 obnoxiam
3135 5277 3152 5302 ,
3183 5235 3513 5315 laboresque
3542 5245 3661 5286 sus-

2088 5334 2278 5397 tinere,
2324 5342 2379 5386 at
2402 5346 2507 5387 non
2549 5331 2768 5385 invitam
2795 5371 2809 5397 ,
2840 5343 2941 5384 nec
2975 5336 3183 5395 tantum
3216 5325 3284 5380 iis
3315 5322 3609 5392 defatigati
3639 5362 3656 5386 ,

2088 5434 2348 5497 quantum
2389 5440 2486 5496 spe
2516 5424 2858 5490 sublevatur;
2883 5421 2979 5478 sed
3007 5430 3061 5476 et
3091 5416 3391 5488 refrigeriis
3417 5418 3659 5469 animam

2090 5523 2285 5587 foveri,
2316 5500 2681 5591 paulatimque
2712 5517 2779 5572 ad
2819 5514 3123 5587 coelestium
3151 5509 3522 5583 cognitionem
3569 5522 3661 5561 u-

2090 5603 2331 5684 surgere,
2350 5610 2570 5681 jamque
2602 5610 2813 5681 plenam
2845 5609 2901 5665 in
2927 5621 3121 5678 corpus
3138 5615 3397 5663 exercere
3418 5606 3663 5674 potest»
