3834 6226
190 312 324 368 1015

1066 309 1643 368 ORIGENIANORUM
1681 308 1812 398 ιω.
1853 308 1918 374 ll,
1953 309 2103 365 CAP.
2147 310 2209 375 ΙΙ,
2251 310 2524 377 ΩΕᾹΞΞΤ.
2564 310 2655 366 XI.

3284 314 3419 368 10ιῶ

189 438 316 489 tem,
344 432 397 479 et
427 431 539 477 tum
568 422 825 477 curriculi
856 430 1054 477 metam
1091 424 1376 493 stringere.
1410 439 1532 478 cum
1567 437 1759 493 perve-
1791 426 1832 481 Α
1863 423 2158 475 certamina
2188 432 2242 476 et
2268 437 2466 491 agones
2492 423 2775 477 exsistunt.
2818 422 2950 477 Tum
2976 424 3132 479 docet
3182 428 3232 479 in
3277 442 3417 493 prm-

185 521 263 571 nit
310 518 377 571 ad
416 514 612 570 ﬂumen
641 515 765 581 Dei,
801 523 857 568 et
886 515 1167 583 sapientiae
1200 514 1451 580 ﬂuentis,
1484 516 1748 585 nudisque

189 610 381 662 divina:
415 608 657 661 scientia:
706 606 985 676 irrigatur.
1016 606 1093 661 Ex
1138 607 1332 677 quibus
1361 608 1494 662 satis
1521 617 1753 678 apparet

190 700 472 755 sententia:
499 699 625 753 huic
653 697 903 769 Origenis
932 698 1038 752 vim
1075 697 1269 754 aﬂerre
1294 699 1505 754 Sixtum
1538 684 1747 756 Senen-

184 809 296 847 sem
322 792 415 847 lib.
452 807 482 844 v
508 791 790 857 Bibliolh.,
831 792 1010 845 aduot.
1040 791 1298 855 128.com
1333 793 1411 846 ait
1440 793 1748 849 mansiones

183 883 321 949 illas,
354 897 460 937 non
489 882 554 936 ad
578 883 792 937 diversa
834 881 1212 937 ascensionum
1255 890 1520 950 tempora,
1556 885 1650 937 sed
1681 884 1749 937 ad

183 974 429 1028 diversos
464 973 812 1043 praemiorum
851 971 1047 1043 gradus
1071 985 1194 1025 esse
1221 971 1552 1029 referendas.
1584 975 1748 1029 Deni-

182 1078 285 1133 que
315 1065 464 1119 hom.
495 1064 564 1119 28
594 1065 648 1117 iu
676 1062 867 1129 Num.,
913 1078 1064 1117 num.
1094 1063 1153 1129 2,
1183 1063 1238 1128 '5,
1269 1063 1501 1134 aliquem
1535 1065 1689 1122 nobis
1718 1081 1747 1120 a

185 1158 293 1213 Deo
319 1157 497 1212 locum
519 1157 813 1227 praeparari
844 1155 1291 1222 comminiscitur,
1332 1158 1417 1211 ubi
1444 1158 1513 1213 ad
1542 1168 1746 1214 certum

188 1260 397 1319 tempus
425 1250 750 1311 habitemus,
781 1250 824 1303 si
867 1263 985 1318 quae
1007 1259 1226 1317 peccata
1256 1248 1621 1317 imprudentes
1655 1251 1749 1303 ad-

188 1342 464 1406 misimus;
523 1341 970 1410 quemadmodum
1016 1349 1192 1397 certas
1232 1340 1426 1411 relugii
1482 1341 1643 1395 urbes
1684 1343 1749 1395 iis

185 1433 483 1501 assignavit
511 1431 743 1502 Moyses,
796 1433 889 1500 qui
925 1432 1278 1487 homicidium
1323 1447 1456 1486 casu
1485 1440 1541 1485 et
1565 1432 1752 1485 incon-

184 1525 326 1581 sulto
352 1524 790 1588 commisissent;
824 1532 878 1579 et
902 1538 1344 1593 unumquemque
1373 1523 1426 1577 in
1470 1523 1570 1576 hac
1592 1521 1750 1576 illave

186 1617 309 1671 coeli
358 1625 507 1686 parte
547 1632 577 1670 a
627 1616 846 1670 Christo
893 1630 991 1686 pro
1034 1616 1243 1670 meritis
1281 1614 1558 1669 constitui.
1592 1614 1751 1668 Addit

183 1709 370 1765 homil.
398 1708 468 1763 25
494 1711 549 1763 in
583 1708 763 1774 Iosue,
783 1724 932 1763 num.
960 1709 1018 1775 4,
1045 1710 1186 1764 ﬁlios
1218 1709 1488 1764 Abraham
1518 1708 1747 1762 locatum

187 1800 249 1853 iri
279 1800 329 1854 in
358 1800 498 1858 caelo
535 1802 828 1855 secundum
855 1800 1098 1869 ordinem
1127 1799 1406 1854 stellarum
1436 1809 1487 1852 et
1518 1797 1751 1867 partium

185 1894 340 1957 caeli;
369 1895 661 1962 datumque
697 1892 761 1947 iri
786 1891 907 1947 aliis
948 1901 1150 1946 sortem
1194 1891 1260 1944 ad
1296 1890 1579 1957 orientem,
1632 1889 1753 1944 aliis

186 1989 251 2041 ad
281 1986 613 2041 occidentem
644 2024 658 2048 ,
692 1983 759 2039 ad
788 1996 1032 2039 austrum
1065 1983 1209 2050 aliis,
1266 1982 1387 2036 aliis
1431 1989 1609 2035 autem
1659 1983 1749 2050 qui

189 2079 297 2132 Deo
326 2078 496 2148 magis
525 2077 635 2131 noti
686 2085 815 2131 sunt
846 2076 910 2128 ad
957 2074 1286 2144 aquilonem.
1322 2074 1477 2128 Facit
1523 2074 1589 2128 ad
1640 2090 1751 2128 rem

183 2169 315 2225 illud
343 2184 408 2223 ex
436 2168 620 2224 homil.
651 2169 676 2222 1
705 2168 760 2221 in
786 2167 920 2237 psal.
966 2181 1191 2229 xxxvm,
1234 2180 1381 2221 num.
1412 2164 1484 2219 8:
1525 2183 1543 2216 ι
1574 2164 1750 2220 Alium

188 2259 318 2317 facit
343 2260 483 2314 diem
518 2259 650 2314 solis
674 2260 775 2313 iste
804 2273 996 2312 cursus
1026 2257 1197 2312 nostri
1225 2256 1382 2326 hujus
1414 2256 1536 2311 cadi
1562 2256 1752 2326 spatiis

193 2353 547 2418 terminatus;
581 2351 744 2405 alium
780 2350 943 2405 habet
973 2350 1116 2404 diem
1148 2349 1238 2403 ille
1285 2349 1376 2417 qui
1413 2349 1479 2403 ad
1528 2348 1751 2402 secundi

191 2443 316 2498 οωιί
356 2443 639 2513 pervenire
666 2450 908 2496 meretur
933 2456 1242 2497 ascensum.
1268 2438 1435 2493 Multo
1477 2439 1618 2493 enim
1643 2438 1752 2492 cla-

192 2536 389 2588 riorem
422 2532 563 2588 diem
596 2534 743 2588 ducit
772 2533 860 2588 ille
892 2532 983 2602 qui
1004 2547 1176 2601 usque
1209 2531 1274 2585 ad
1306 2531 1528 2587 tertium
1556 2534 1751 2587 etelum

187 2624 269 2677 vel
300 2625 437 2694 rapi,
460 2623 543 2677 vel
568 2624 846 2691 pervenire
868 2624 1131 2692 potuerit,
1155 2622 1245 2677 ubi
1281 2636 1384 2677 nou
1416 2624 1587 2676 solum
1618 2620 1753 2675 inef-

187 2710 353 2766 fabile
375 2710 556 2766 lumen
589 2712 845 2778 inveniet,
875 2727 1064 2767 verum
1100 2711 1265 2767 etiam
1295 2713 1455 2766 verba
1506 2727 1625 2781 quae
1656 2711 1753 2764 ho-

189 2807 323 2862 mini
353 2807 496 2877 loqui
528 2822 631 2860 non
657 2807 841 2872 liceat,
876 2805 1079 2859 audiet.
1126 2803 1260 2859 Novi
1311 2812 1366 2858 et
1417 2803 1552 2859 alios
1599 2804 1759 2867 dies,"

190 2912 420 2966 quorum
450 2910 732 2949 numerum
766 2892 1016 2947 fortassis
1058 2892 1317 2962 propheta
1350 2893 1541 2947 merito
1573 2891 1753 2960 requi-

192 2989 281 3041 rit.
323 3007 342 3039 »
370 2985 746 3040 Clarissimum
786 2998 913 3037 vero
948 2981 1091 3037 istud
1111 2983 1254 3052 quod
1297 2981 1490 3050 legitur
1533 2986 1763 3036 tractat.

1868 514 2007 565 senti
2040 522 2095 567 et
2124 515 2173 565 in
2214 514 2391 567 futuro
2430 514 2628 569 smculo
2676 514 2919 580 singulas
2952 516 3175 569 diversis
3200 519 3420 587 castiga-

1859 613 1940 657 tas
1966 605 2264 673 suppliciis,
2295 605 2551 673 angelicis
2589 604 2885 670 disciplinis
2924 607 3216 669 emendari,
3250 607 3421 662 donec

1855 697 1921 749 ad
1956 698 2187 765 perfecta
2219 707 2274 750 et
2309 705 2505 750 aeterna
2536 697 2882 764 perveniant;
2913 712 3072 767 quem
3099 700 3274 753 locum
3312 717 3418 755 non

1855 786 2019 842 semel
2047 801 2205 856 supra
2240 788 2581 841 adduximus.
2607 786 2845 841 Tandem
2870 788 2924 842 in
2957 803 3022 843 eo
3055 790 3274 858 desiuit,
3314 809 3418 845 non

1856 881 2196 935 interituram
2227 880 2439 948 quidem
2469 879 2521 932 in
2572 878 2680 932 line
2713 893 2893 932 rerum
2928 882 3263 946 corporalem
3325 899 3421 936 ua-

1855 979 2054 1035 turam,
2082 969 2175 1024 scd
2224 976 2489 1021 mutatum
2539 966 2608 1020 iri
2637 966 2853 1020 rather-is
2875 967 2928 1020 iu
2960 970 3192 1030 modum,
3218 980 3271 1024 et
3305 985 3421 1024 coe-

1855 1062 2041 1117 lestem
2076 1061 2364 1131 quamdam
2401 1058 2754 1113 subtilitatem
2804 1073 2864 1112 ac
2917 1060 3254 1128 splendorem
3296 1063 3422 1115 ade-

1854 1164 2085 1224 pturam.
2123 1151 2304 1205 Multis
2350 1152 2511 1205 etiam
2557 1160 2932 1220 argumentum
2978 1152 3117 1205 istud
3170 1152 3423 1221 explanat

1855 1244 1948 1299 lib.
1977 1260 2015 1299 ll
2048 1242 2187 1311 Περὶ
2209 1241 2411 1311 ἀρχῶν
2432 1256 2551 1310 cap.
2581 1241 2631 1302 5,
2677 1240 2888 1309 sibique
2920 1242 3265 1309 quzcrendum
3298 1258 3422 1311 pro-

1856 1336 2027 1406 ponit,
2055 1346 2233 1389 utrum
2268 1343 2388 1403 post
2428 1332 2571 1387 hunc
2602 1332 2858 1391 mundum
2911 1334 3120 1387 curatio
3159 1333 3338 1403 aliqua
3368 1342 3424 1388 et

1856 1428 2165 1482 emendatio
2196 1426 2377 1479 futura
2411 1426 2502 1490 sit,
2549 1425 2792 1494 asperior
2843 1424 3059 1493 quidem
3115 1424 3167 1479 in
3206 1440 3298 1479 eos
3327 1426 3420 1495 qui

1859 1518 2035 1572 Verbo
2056 1519 2145 1571 Dei
2173 1533 2375 1572 morem
2402 1532 2508 1571 non
2536 1527 2853 1587 gesserunt;
2886 1532 3010 1587 erga
3037 1528 3262 1573 exteros
3292 1533 3421 1572 vero

1857 1610 2068 1665 mollior
2102 1618 2156 1665 et
2187 1609 2381 1673 lenior,
2411 1606 2632 1677 quijam
2674 1608 2725 1662 in
2752 1609 2931 1663 studio
2977 1610 3243 1672 veritatis,
3291 1610 3415 1664 dum

1858 1702 2127 1764 viverent,
2156 1700 2391 1764 subacti,
2422 1699 2618 1753 divina:
2643 1700 2920 1768 sapientia:
2949 1700 3261 1767 capaciores
3288 1698 3419 1757 elle-

1853 1794 1923 1849 cti
1956 1802 2081 1847 sunt
2110 1811 2123 1846 :
2152 1804 2332 1846 utrum
2368 1792 2531 1844 etiam
2564 1790 2685 1845 linis
2720 1790 2959 1844 omnium
2996 1789 3137 1844 hanc
3162 1791 3325 1845 vitam
3346 1792 3420 1846 sit

1852 1896 2166 1955 exceptura,
2197 1884 2335 1938 alius
2369 1898 2497 1937 vero
2547 1884 2780 1936 mundus
2824 1882 3041 1936 futurus
3096 1882 3169 1937 sit
3226 1884 3292 1938 ad
3322 1899 3417 1939 eos

1852 1981 2218 2050 corrigendos,
2253 1978 2345 2046 qui
2398 1977 2452 2030 id
2502 1976 2679 2031 meriti
2714 1984 2857 2030 sunt.
2891 1975 3041 2031 Hanc
3089 1978 3281 2032 deinde
3323 1993 3418 2033 ex-

1854 2073 1989 2126 cutit
2019 2070 2328 2141 opinionem
2376 2084 2495 2139 qua:
2547 2083 2862 2138 corpoream
2913 2078 3161 2122 naturam
3209 2070 3261 2122 in
3312 2070 3418 2124 line

1854 2177 2033 2216 rerum
2084 2161 2298 2230 penitus
2351 2160 2404 2214 in
2440 2158 2666 2213 nihilum
2720 2159 3068 2229 redigendam
3098 2169 3413 2225 asseverat;

1855 2269 2015 2323 quam
2045 2255 2352 2309 edisserens
2380 2252 2455 2305 ait
2483 2266 2629 2304 num.
2651 2250 2685 2302 2
2718 2269 2730 2304 :
2761 2268 2780 2302 ‹
2824 2249 2949 2305 Hmc
2971 2252 3197 2305 materia
3226 2264 3417 2321 corpo-

1854 2349 1951 2411 ris,
1982 2362 2101 2416 quae
2124 2361 2266 2401 nunc
2296 2344 2669 2414 corruptibilis
2709 2352 2811 2410 est,
2844 2345 3027 2398 induet
3058 2344 3418 2411 incorruptio-

1853 2454 1998 2502 nem,
2038 2454 2160 2493 cum
2201 2438 2435 2508 perfecta
2470 2438 2669 2505 anima,
2714 2446 2769 2490 et
2816 2438 3149 2507 dogmatibus
3174 2438 3418 2491 incorru-

1853 2532 2052 2602 ptionis
2085 2533 2343 2587 instructa
2380 2531 2454 2584 uti
2473 2546 2535 2585 eo
2556 2532 2811 2600 cmperit;
2849 2550 2867 2581 ι
2889 2531 3147 2600 docetque
3183 2530 3416 2583 animam

1855 2621 2099 2693 corporis
2134 2622 2503 2676 indumentum
2559 2621 2822 2686 futuram,
2875 2637 2996 2687 qua:
3036 2622 3150 2690 ipsa
3197 2621 3415 2675 Christo

1854 2714 2127 2779 iuduetur,
2154 2714 2294 2768 unde
2333 2714 2648 2782 incorrupta
2694 2714 2905 2769 evadet.
2933 2714 3282 2769 Postmodum
3315 2714 3412 2765 ad-

1854 2808 1934 2861 dit
1959 2824 1972 2860 :
2011 2826 2029 2859 ι
2062 2805 2402 2875 lncorruptio
2419 2816 2598 2860 autem
2625 2816 2679 2860 et
2712 2807 3091 2861 immortalitas
3118 2808 3245 2875 quid
3273 2806 3416 2861 aliud

1854 2899 1982 2963 erit,
2010 2897 2117 2953 nisi
2145 2898 2446 2968 Sapientia,
2477 2908 2530 2952 et
2562 2896 2814 2963 Verbum,
2849 2907 2902 2952 et
2926 2897 3140 2953 Justitia
3173 2898 3418 2968 Dei,qu;e

1855 2990 2092 3046 formant
2119 2991 2379 3055 animam,
2408 3001 2463 3045 et
2496 2990 2745 3057 induunt,
2779 2999 2833 3044 et
2870 2992 3184 3046 exornant?
3221 3012 3241 3045 ι
3284 2991 3415 3045 Eam

190 3097 298 3134 ιη
326 3080 378 3131 in
428 3077 642 3143 Macrin,
677 3092 825 3129 num.
860 3074 948 3137 51,
999 3088 1119 3143 pag.
1155 3073 1254 3127 871
1290 3093 1301 3127 :
1342 3093 1360 3125 ‹
1407 3073 1756 3143 Unumquod-
1783 3118 1826 3175 ϐ
1860 3092 2036 3138 autem
2068 3082 2411 3150 sententiam,
2440 3098 2558 3152 qua:
2599 3083 2841 3137 futurum
2872 3084 3083 3147 statuit,
3131 3094 3188 3137 ut
3236 3085 3417 3138 incor-

190 3168 514 3239 quecmlum
539 3183 649 3222 sua;
689 3167 1046 3221 institutionis
1074 3176 1127 3220 et
1160 3167 1312 3219 initia
1338 3165 1520 3231 habet,
1546 3174 1600 3219 et
1629 3180 1754 3234 per-

192 3263 473 3326 fectiones,
505 3260 555 3315 id
584 3268 668 3315 est
701 3260 980 3313 terminos.
1022 3258 1092 3313 Ut
1144 3269 1272 3326 puta
1312 3266 1436 3327 post
1468 3273 1757 3313 conversa-

194 3360 395 3413 tionem
450 3371 713 3412 summam
744 3371 864 3427 quze
914 3354 1013 3408 fuit
1044 3369 1208 3425 super
1241 3364 1441 3410 terram
1468 3395 1484 3420 ,
1531 3356 1760 3425 suscipit

195 3450 390 3504 iterum
432 3450 709 3504 hominem
752 3449 1087 3503 conversatio
1120 3449 1279 3503 uuius
1323 3449 1467 3513 cceli,
1508 3458 1561 3503 et
1583 3440 1771 3519 peric?

197 3542 305 3596 ctio
334 3556 454 3610 quae
480 3541 533 3595 in
570 3554 633 3594 ea
664 3548 767 3609 est.
793 3541 994 3594 lterum
1017 3540 1243 3609 suscipit
1273 3555 1395 3594 eum
1441 3543 1600 3597 tertia
1629 3558 1759 3597 con-

196 3633 433 3689 versatio
464 3632 606 3686 tertii
636 3632 761 3686 cmli
789 3672 803 3695 ,
836 3641 890 3687 et
930 3632 1191 3701 perfectio
1220 3647 1340 3701 qua:
1378 3634 1433 3687 in
1457 3648 1519 3687 ea
1544 3643 1645 3689 est.
1693 3635 1759 3688 Et

196 3728 277 3782 sic
302 3727 537 3795 intellige
573 3727 705 3780 mihi
736 3725 1025 3779 multorum
1054 3725 1318 3779 caelorum
1339 3725 1503 3779 multa
1538 3742 1759 3781 conver-

194 3818 462 3871 sationqu
501 3817 650 3870 initia
676 3830 797 3870 esse
829 3825 886 3870 et
932 3814 1213 3881 terminos,
1251 3816 1303 3870 id
1355 3825 1437 3872 est
1471 3818 1760 3887 perfectio-

198 3926 316 3977 nes,
349 3926 379 3965 a
412 3910 610 3980 quibus
640 3909 807 3963 initiis
834 3919 888 3963 et
931 3908 1179 3963 terminis
1221 3908 1562 3964 diversorum
1599 3912 1760 3965 coelo-

198 4018 320 4057 rum
363 4010 653 4073 congregat
694 4000 835 4056 Deus
879 4015 1007 4056 suos
1053 4000 1280 4056 electos.
1326 4020 1344 4053 ι
1381 4000 1525 4055 idem
1558 4000 1696 4060 libro
1741 4018 1755 4055 l

196 4093 272 4148 De
305 4094 555 4161 princip.,
582 4109 699 4163 cap.
732 4093 785 4159 6,
818 4094 973 4148 docet
1016 4094 1083 4147 ad
1133 4108 1296 4147 unum
1328 4092 1488 4147 ﬁnem
1523 4094 1757 4149 reditura

196 4185 402 4250 omnia,
435 4184 885 4254 quemadmodum
912 4185 1097 4239 eadem
1127 4184 1276 4239 initia
1300 4184 1754 4247 habuerunt,tum

197 4275 408 4330 scilicet
442 4289 562 4327 cum
609 4274 893 4342 imperium
922 4274 1156 4329 tenuerit
1184 4274 1456 4340 Christus,
1498 4286 1553 4329 et
1579 4274 1761 4345 prolli-

197 4365 337 4436 gatis
390 4364 641 4428 inimicis,
703 4366 910 4435 sibique
956 4367 1237 4437 subjectis,
1297 4382 1361 4422 ac
1422 4366 1535 4434 ipsa
1593 4367 1757 4420 etiam

1860 3190 2020 3244 porca
2050 3175 2159 3229 vita
2192 3176 2397 3244 agenda
2430 3175 2523 3239 sit,
2557 3190 2677 3229 cum
2700 3173 2920 3228 Christo
2962 3175 3204 3244 subjecta
3235 3174 3417 3230 omnia

1860 3266 2094 3332 luerint;
2134 3266 2216 3320 vel
2251 3266 2472 3321 alteram
2517 3268 2656 3321 hanc
2690 3281 2808 3334 quae
2833 3280 3142 3334 corpoream
3173 3269 3418 3321 substan-

1860 3356 1989 3409 tiam
2023 3356 2328 3424 purissimis
2360 3357 2639 3426 spiritibus
2684 3372 2782 3427 pro
2810 3356 3019 3410 meritis
3071 3358 3377 3411 sociandam
3400 3397 3415 3421 ,

1858 3458 1913 3502 et
1967 3448 2019 3502 iu
2066 3449 2357 3503 aethereum
2403 3457 2601 3503 statum
2650 3449 3115 3504 transmutandam
3143 3450 3416 3512 decernit;

1860 3548 1951 3594 aut
1982 3542 2191 3594 tertiam
2246 3541 2496 3610 denique,
2529 3556 2647 3611 qua:
2692 3541 2991 3595 desiturum
3026 3541 3208 3593 mundi
3263 3540 3427 3606 lmjus

1860 3629 2104 3683 habitum
2147 3631 2364 3696 deﬁnit,
2394 3641 2449 3685 et
2482 3648 2639 3701 supra
2674 3633 2938 3700 sphairam
2969 3630 3189 3701 ἀπλανῆσ
3217 3632 3267 3684 in
3304 3642 3420 3684 tuto

1860 3723 2228 3778 collocandam
2251 3725 2460 3793 piorum
2497 3725 2808 3788 stationem,
2844 3734 2953 3777 tum
2985 3725 3076 3792 qui
3105 3724 3420 3791 castigatio-

1861 3814 2023 3868 nibus.
2042 3814 2235 3869 delicta
2258 3814 2568 3883 expiarunt,
2606 3822 2715 3867 tum
2750 3815 2841 3882 qui
2870 3814 3155 3867 virtutibus
3190 3827 3255 3865 eo
3298 3829 3420 3881 per-

1859 3905 2045 3958 venire
2079 3913 2414 3969 merueruut,
2442 3906 2699 3974 proponit
2729 3905 3039 3973 unicuique,
3074 3913 3133 3957 ut
3164 3918 3281 3972 quae
3305 3903 3422 3956 ani-

1860 4009 1947 4046 mo
1977 4008 2077 4047 suo
2118 3993 2421 4048 collibuerit
2453 3993 2624 4063 magis
2645 4034 2660 4057 ,
2688 4009 2805 4048 eam
2831 4009 2929 4064 pro
2959 3993 3187 4047 arbitrio
3215 3992 3419 4060 ample-

1860 4097 2059 4141 ctatur.
2091 4086 2281 4156 Capite
2311 4090 2369 4143 il
2399 4088 2519 4143 libri
2542 4088 2805 4156 ejusdem,
2851 4105 2998 4145 num.
3037 4089 3095 4155 6,
3131 4100 3323 4159 putare
3362 4106 3423 4146 se

1862 4182 2172 4250 pronuntiat
2196 4183 2488 4250 migrantes
2525 4196 2592 4235 ex
2632 4183 2731 4236 hac
2766 4183 2875 4235 vita
2907 4184 3115 4237 animas
3150 4185 3201 4236 in
3244 4183 3420 4237 locum

1861 4274 2092 4343 aliquem
2115 4275 2166 4328 in
2205 4284 2345 4329 terra
2374 4276 2601 4344 positum
2627 4274 2901 4339 secedere,
2927 4290 3083 4345 quem
3112 4276 3419 4344 paradisum

1866 4365 2145 4435 Scriptura
2176 4366 2450 4436 appellat,
2492 4364 2787 4435 ibique‘sic
2819 4376 3073 4435 tanquam
3123 4368 3176 4420 in
3211 4368 3418 4431 schola,

202 4466 394 4523 morte,
438 4473 660 4528 regnum
712 4457 857 4511 Patri
919 4459 1221 4513 tradiderit.
1273 4457 1518 4513 Ostendit
1567 4459 1757 4513 deinde
1788 4469 1832 4523 ι)
1866 4473 2046 4511 rerum
2074 4472 2211 4527 quas
2240 4459 2292 4511 in
2331 4458 2488 4512 terris
2535 4455 2801 4526 viderant,
2834 4474 2897 4512 ac
2928 4460 3225 4512 futurorum
3257 4458 3425 4512 etiam‘

197 4551 309 4604 suis
335 4549 613 4604 ordinibus
639 4549 884 4618 delapsas
916 4550 1173 4619 quasdam
1204 4550 1493 4604 rationales
1518 4560 1758 4614 naturas,

197 4639 323 4693 aliis
346 4638 511 4693 fuisse
539 4638 606 4692 ad
641 4639 930 4709 regendum
977 4640 1201 4694 traditas
1245 4655 1364 4708 quae
1394 4640 1570 4694 locum
1604 4654 1759 4693 suum

202 4730 540 4794 tenuissent,
592 4732 1215 4799 earumquesalubribus
1246 4733 1541 4800 disciplinis
1591 4732 1759 4787 refor-

204 4830 375 4875 matas
420 4821 676 4875 amissam
724 4821 1119 4876 beatitudinem
1172 4834 1494 4891 recuperare
1544 4837 1701 4891 posse
1742 4840 1757 4877 :

208 4930 227 4962 ι
264 4912 342 4966 Ex
396 4912 626 4981 quibus,
674 4931 693 4964 ι
743 4913 918 4981 inquit
947 4929 1095 4966 num.
1131 4912 1185 4977 2,
1218 4933 1237 4964 ι
1283 4915 1555 4977 existimo,
1604 4926 1764 4983 prout

201 5020 303 5072 ego
325 5005 529 5058 sentire
563 5018 778 5072 possum
809 5044 824 5067 ,
858 5005 1000 5059 hunc
1027 5005 1268 5060 ordinem
1300 5006 1516 5059 humani
1549 5007 1762 5074 generis

201 5098 527 5161 institutum,
555 5098 651 5167 qui
673 5099 858 5167 utique
905 5102 957 5151 iu
993 5099 1172 5152 futuro
1204 5100 1425 5166 saeculo,
1454 5098 1535 5153 vel
1570 5115 1763 5169 super-

202 5189 543 5245 venientibus
595 5191 831 5255 szeculis,
887 5208 1009 5247 cum
1060 5195 1256 5247 coelum
1293 5208 1489 5247 novum
1520 5202 1575 5247 ct
1618 5203 1759 5247 terra

202 5296 339 5334 nova
391 5282 686 5337 secundum
741 5284 931 5338 Isaiam
965 5287 1109 5349 erit,
1161 5285 1477 5339 restituetur
1507 5286 1560 5337 in
1616 5282 1771 5339 illam'

204 5372 498 5438 unitatem,
528 5389 689 5443 quam
725 5376 989 5444 promittit
1027 5376 1283 5430 Dominus
1313 5374 1494 5430 Jesus.
1536 5396 1555 5427 ι
1595 5376 1765 5442 Quas-

204 5465 322 5516 dam
364 5474 622 5532 praeterea
657 5465 709 5519 in
742 5475 940 5520 tantam
980 5466 1056 5519 ait
1106 5468 1387 5522 devenisse
1434 5468 1763 5535 nequitiam,

206 5567 264 5608 ut
310 5558 568 5612 virtutum
620 5558 921 5613 ctelestium
977 5559 1331 5613 eruditionem
1394 5560 1610 5628 penitus
1668 5576 1758 5615 re-

206 5658 424 5713 spuant,
477 5649 651 5719 iisque
682 5658 1012 5719 repugnent;
1064 5660 1226 5717 atque
1263 5649 1381 5703 illas
1405 5650 1473 5703 ab
1505 5651 1763 5718 apostolis

210 5751 435 5796 virtutes
468 5741 766 5799 contrarias
806 5741 1063 5812 appellari
1092 5783 1104 5808 ,
1139 5741 1278 5796 unde
1308 5741 1610 5799 mortalium
1642 5744 1764 5799 vita:

1862 4566 2058 4604 causas
2108 4551 2446 4604 condiscere.
2477 4549 2594 4615 Quo
2616 4552 2884 4604 ‘mundier
2918 4561 3120 4614 autem,
3144 4559 3198 4604 et
3223 4552 3425 4605 exerci-

1873 4643 2035 4695 tatior
2057 4641 2236 4710 aliqua
2287 4642 2469 4708 luerit,
2497 4658 2563 4696 eo
2610 4643 2779 4712 magis
2824 4641 3213 4711 proﬁcientem,
3263 4644 3421 4697 citius

1862 4732 1915 4785 iu
1944 4746 2122 4786 aerem
2156 4746 2601 4795 conscensuram,
2626 4731 2753 4786 hinc
2775 4731 2843 4785 ad
2874 4732 3115 4800 sphaaras
3151 4730 3420 4797 caelestes,

1866 4826 1918 4879 iu
1942 4823 2138 4892 quibus
2167 4823 2320 4876 novis
2343 4822 2668 4877 eruditionis
2700 4822 3103 4878 accessionibus
3132 4822 3424 4891 locupleta-

1862 4912 2277 4967 bitur.'Eadem
2318 4913 2583 4967 habentur
2618 4909 2800 4968 Ιίι).ἰιι
2840 4914 2981 4981 Περὶ
3031 4914 3253 4981 ἀρχῶν,
3294 4930 3415 4984 cap.

1862 5004 1916 5069 6,
1974 5019 2124 5057 num.
2153 5004 2206 5068 6,
2242 5004 2505 5072 docetque
2544 5020 2639 5073 per
2672 5005 2930 5059 immensa
2967 5020 3228 5058 annorum
3255 5007 3425 5060 curri-

1864 5096 1983 5149 cula
2021 5096 2233 5150 animas
2258 5096 2369 5150 suis
2396 5097 2447 5149 in
2483 5097 2616 5151 locis
2641 5096 2939 5159 emendari,
2965 5098 3419 5165 praecurrentibus

1865 5193 2008 5257 aliis,
2033 5202 2087 5247 et
2118 5192 2282 5247 citato
2308 5208 2468 5247 cursu
2521 5192 2587 5245 ad
2610 5207 2818 5246 summa
2848 5193 3195 5255 enitentibus,
3244 5192 3425 5246 subse-

1865 5285 2153 5353 quentibus
2197 5284 2443 5353 proxime
2468 5284 2610 5349 aliis,
2664 5283 2939 5338 nonnullis
2969 5284 3209 5348 tardius;
3246 5293 3301 5336 et
3344 5283 3424 5335 sic

1865 5393 1960 5446 per
1983 5378 2222 5432 diversos
2245 5377 2463 5432 ordines
2488 5377 2775 5445 prolicere,
2808 5391 2872 5432 ac
2923 5377 3030 5429 Deo
3059 5374 3425 5438 reconciliari,

1862 5470 2035 5523 donec
2064 5470 2370 5523 destruatur
2398 5477 2699 5538 postremus
2717 5468 2985 5530 inimicus,
3015 5482 3157 5520 mors
3184 5465 3422 5535 scilicet;

1869 5577 1932 5615 ac
1963 5560 2222 5614 restitutis
2262 5549 2478 5614 tandem
2507 5561 2558 5614 in
2603 5562 2746 5615 hunc
2784 5569 2979 5613 statum
3019 5558 3235 5621 animis,
3270 5567 3428 5609 natu-

1872 5664 1986 5705 ram
2020 5650 2356 5719 corporalem
2391 5651 2456 5704 ad
2488 5650 2712 5718 gloriam
2744 5649 3055 5716 perductum
3097 5646 3197 5711 iri;
3225 5646 3431 5698 omnia-

1875 5755 1978 5811 que
2006 5756 2169 5797 unum
2195 5740 2395 5810 futura,
2424 5755 2545 5797 cum
2578 5739 2719 5796 Deus
2769 5738 2928 5795 fuerit
2972 5738 3150 5793 omnia
3186 5737 3237 5792 in
3262 5738 3431 5791 omni~
