3860 6226
378 264 517 319 1015

1672 263 1726 315 Ρ.
1768 257 2082 315 DANIELIS
2121 255 2354 314 IIULT"

3465 255 3608 308 1016

376 385 499 441 bus.
552 384 665 439 Sub
714 385 871 439 ﬁnem
905 385 1093 454 capitis
1145 383 1381 451 ejusuem
1434 399 1579 439 num.
1628 384 1661 439 8
1702 383 1931 452 idipsum
1960 385 2008 443 Α
2041 394 2142 450 ego
2174 379 2371 433 laetitia:
2424 392 2609 432 eorum
2642 378 2912 446 particeps
2953 378 3099 432 fiam.
3130 377 3312 447 Neque
3336 378 3477 431 enim
3509 380 3609 432 de-

377 476 634 540 iuculcat,
675 475 926 545 additque
954 478 1005 529 in
1037 475 1135 529 alia
1166 485 1306 529 terra
1339 486 1552 531 sanctos
1574 490 1696 530 esse
1730 474 1934 543 angeli-

377 570 459 622 cis
494 568 921 623 institutionibus
969 566 1357 622 informandos.
1412 569 1481 621 At
1529 567 1747 621 humilia
1785 566 1843 620 Η
1882 566 1939 619 in

382 657 574 723 Num,
605 675 753 713 ntnn.
787 660 841 724 4,
870 660 936 712 ad
961 660 1238 726 superiora
1271 659 1455 728 adjicit
1488 659 1705 729 angelos
1758 659 1824 711 iis
1853 672 1940 712 re-

379 747 569 816 gendis
594 748 643 801 in
670 747 849 801 futuro
878 748 1074 803 saeculo
1112 749 1228 804 fore
1256 748 1560 819 prrcfectos,
1594 764 1728 818 quos
1758 749 1939 803 labore

380 853 481 894 suo
510 853 574 892 ac
614 840 911 893 ministerio
962 853 992 893 e
1035 840 1266 895 diversis
1297 840 1544 910 gentibus
1590 849 1940 911 congregatus

381 931 448 985 ad
499 929 700 985 Christi
755 930 1001 985 notitiam
1047 932 1403 999 adduxerim;
1438 932 1570 986 adeo
1609 941 1667 985 ut
1699 932 1943 985 Christus

383 1035 488 1074 non
526 1029 632 1074 tam
687 1036 779 1076 rex
827 1021 1039 1077 futurus
1095 1017 1186 1089 sit,
1238 1038 1397 1093 quam
1445 1041 1463 1073 ί
1509 1021 1622 1077 Rex
1658 1037 1862 1092 regum,
1887 1031 1942 1075 et

384 1112 640 1167 Dominus
662 1113 1049 1167 dominantium
1082 1114 1148 1181 ³⁸,
1182 1134 1200 1166 ι
1237 1124 1286 1168 et
1320 1115 1601 1169 nonnullos
1635 1112 1704 1167 ab
1737 1112 1942 1179 angelis

380 1203 598 1258 Christo
624 1202 832 1270 oﬂ'erri,
861 1206 1072 1275 aliquos
1103 1220 1233 1261 vero
1265 1206 1608 1275 archangelis
1659 1206 1937 1260 duntaxat.

382 1291 623 1362 Denique
676 1293 754 1348 sic
804 1294 1075 1350 concludit
1117 1311 1266 1351 num.
1301 1296 1335 1351 5
1369 1314 1381 1350 :
1414 1314 1433 1347 ι
1474 1297 1628 1351 Sicut
1669 1311 1735 1350 ex
1786 1295 1944 1349 initio

383 1382 563 1436 seaculi
614 1381 795 1452 hujus,
843 1398 967 1440 cum
999 1387 1335 1456 dispergeret
1384 1389 1528 1443 Deus
1563 1387 1701 1442 filios
1751 1388 1943 1453 Adam,

382 1471 569 1525 statuit
610 1473 743 1527 fines
772 1477 1007 1543 gentium
1062 1479 1354 1532 secundum
1396 1494 1680 1533 numerum
1721 1479 1943 1550 angelo—

382 1579 501 1618 rum
532 1564 661 1632 Dei,
691 1576 742 1620 et
781 1582 1117 1637 unaquaeque
1147 1584 1278 1637 gens
1331 1572 1431 1626 sub
1466 1571 1554 1626 illo
1583 1571 1774 1643 angelo
1805 1572 1945 1626 facta

383 1665 465 1709 est
486 1694 503 1721 ,
535 1672 638 1710 una
670 1666 850 1712 autem
879 1658 981 1713 fuit
1007 1670 1061 1716 et
1087 1661 1255 1717 electa
1280 1678 1412 1732 gens
1436 1662 1625 1727 Israel,
1664 1678 1783 1733 quae
1818 1678 1944 1733 por-

386 1751 460 1804 tio
488 1749 697 1805 Domini
727 1751 845 1816 l‘uit,
867 1764 920 1808 et
953 1754 1220 1812 funiculus
1245 1758 1579 1814 [Hereditatis
1612 1759 1725 1827 ejus
1755 1760 1835 1826 ’9;
1870 1761 1942 1816 ita

383 1841 544 1896 credo
574 1852 628 1897 et
660 1844 711 1898 iu
738 1843 843 1900 [ine
871 1845 1027 1915 hujus
1065 1849 1274 1916 mundi,
1307 1858 1468 1920 atque
1506 1853 1558 1904 in
1591 1852 1740 1907 initio
1760 1854 1941 1908 saeculi

384 1933 630 2001 alterius,
666 1936 904 1991 futurum
944 1948 1005 1993 ut
1044 1941 1239 1996 iterum
1294 1943 1497 1998 dividat
1523 1943 1781 2000 Excelsus
1810 1946 1945 2001 filios

383 2028 578 2093 Adam,
603 2036 658 2082 et
693 2029 783 2098 qui
815 2045 920 2084 non
951 2033 1228 2100 potuerint
1274 2034 1347 2088 ita
1393 2036 1574 2091 mundi
1615 2051 1733 2090 esse
1761 2036 1943 2103 corde,

386 2128 445 2171 ut
477 2118 649 2187 ipsum
677 2120 896 2175 videant
938 2121 1249 2191 Dominum,
1274 2134 1330 2179 et
1365 2139 1487 2181 esse
1512 2126 1686 2195 portio
1712 2125 1943 2195 Domini,

385 2210 607 2265 videant
642 2220 861 2267 sanctos
910 2214 1154 2281 angelos,
1190 2224 1244 2270 et
1284 2216 1394 2270 sint
1428 2218 1722 2273 secundum
1755 2233 1945 2273 nume-

388 2317 506 2358 rum
535 2303 842 2373 angelorum
869 2305 983 2362 Dei.
1016 2306 1120 2361 Sed
1151 2308 1339 2363 beatus
1364 2320 1449 2363 est
1495 2309 1588 2379 qui
1612 2308 1805 2381 dignus
1830 2309 1948 2365 fue-

387 2400 460 2453 rit
499 2396 551 2451 in
581 2397 671 2452 illa
701 2396 810 2451 vita
841 2412 963 2453 esse
991 2398 1168 2468 portio
1195 2398 1429 2461 Domini,
1464 2406 1520 2453 et
1572 2398 1799 2468 populus
1828 2397 1947 2469 ejus

388 2489 556 2547 Iacob
581 2529 598 2555 ,
643 2505 708 2545 ac
742 2488 1012 2545 luniculus
1044 2490 1376 2545 hereditatis
1403 2505 1515 2545 suae
1542 2490 1724 2546 lsrael.
1761 2509 1781 2542 ι
1810 2489 1947 2545 Cer-

388 2594 606 2637 manum
643 2579 834 2635 borum
863 2586 946 2634 est
974 2580 1114 2647 quod
1155 2579 1350 2650 legitur
1382 2580 1528 2633 hom.
1570 2579 1636 2633 21
1673 2581 1729 2634 in
1755 2577 1946 2644 Num.,

390 2689 542 2730 num.
577 2674 630 2740 1,
668 2672 757 2727 ubi
790 2672 934 2730 aliud
962 2674 1237 2730 beatitatis
1283 2688 1452 2743 genus
1479 2673 1546 2730 iis
1569 2675 1833 2745 assignat,
1856 2672 1949 2743 qui

391 2765 572 2820 eivina
621 2763 917 2819 ministeria
966 2764 1021 2819 in
1068 2765 1207 2820 vivis
1259 2764 1523 2831 obierint;
1573 2765 1716 2820 aliud
1759 2765 1824 2821 iis
1854 2766 1949 2835 qui

389 2863 643 2914 virtutem
682 2862 901 2929 segnius
944 2857 1280 2915 excoluerint
1314 2880 1325 2913 :
1359 2858 1477 2913 illos
1530 2860 1731 2928 quippe
1761 2861 1952 2916 scribit

393 2954 706 3024 supergredi
735 2968 946 3009 summa
974 2952 1096 3008 εωιί
1134 2948 1347 3019 fastigia
1373 2988 1388 3015 ,
1425 2958 1480 3004 et
1530 2950 1600 3004 ibi
1634 2965 1849 3022 semper
1895 2952 1949 3007 in

2036 471 2293 525 cedentes
2334 470 2459 525 hinc
2509 471 2680 525 sancti
2717 470 2973 524 continuo
3025 471 3232 539 integra
3281 470 3605 524 meritorum

2039 576 2256 616 suorum
2276 562 2494 631 praemia
2524 573 2949 630 consequuntur,
2975 561 3068 614 sed
3098 570 3414 630 exspectant
3435 562 3604 616 etiam

2039 666 2172 718 nos,
2209 652 2334 705 licet
2362 663 2676 719 morantes,
2719 652 2844 705 licet
2887 653 3116 707 desides.
3153 651 3268 706 Non
3316 653 3461 706 enim
3520 663 3609 707 est

2040 739 2145 794 illis
2191 739 2427 809 perfecta
2469 740 2653 794 laetitia
2683 780 2700 807 ,
2748 740 2919 795 donec
2958 757 3055 810 pro
3090 741 3366 796 erroribus
3402 742 3609 796 nostris

2042 832 2246 898 dolent,
2293 842 2347 887 et
2395 834 2582 902 lugent
2637 845 2822 889 nostra
2856 844 3101 903 peccata.
3143 855 3162 888 ι
3195 836 3294 891 Cui
3326 836 3609 903 probando

2041 926 2213 978 utitur
2244 926 2348 979 hoc
2397 926 2639 994 Apostoli
2671 925 2833 981 Hebr.
2872 943 2951 993 χι,
2986 927 3074 993 '59,
3101 926 3209 982 40:
3243 947 3262 979 ‹
3306 927 3370 981 Hi
3413 943 3611 983 omnes

2045 1015 2355 1071 testimonio
2387 1014 2509 1069 fidei
2540 1016 2773 1084 probati,
2812 1032 2918 1071 non
2953 1027 3278 1086 acceperunt
3307 1021 3609 1088 repromis—

2048 1108 2255 1160 sionem
2284 1126 2296 1161 :
2330 1107 2440 1161 Deo
2473 1122 2571 1176 pro
2606 1108 2761 1163 nobis
2798 1108 2989 1163 melius
3017 1110 3219 1179 aliquid
3262 1112 3609 1178 providente,

2046 1208 2105 1251 ut
2146 1212 2251 1254 non
2287 1198 2405 1252 sine
2441 1199 2597 1253 nobis
2630 1210 3156 1256 consummarentur.
3190 1220 3209 1254 ι
3262 1202 3425 1255 Addit
3453 1212 3610 1270 post-

2046 1292 2261 1345 modum
2297 1300 2515 1345 sanctos
2549 1291 2842 1360 perfectam
2887 1293 3170 1346 nobiscum
3217 1293 3269 1346 in
3300 1294 3387 1349 die
3413 1294 3609 1362 judicii

2048 1403 2155 1441 una
2183 1388 2572 1443 beatitudinem
2599 1400 2883 1459 capturos,
2927 1398 3210 1458 propterea
3248 1390 3387 1458 quod
3434 1399 3609 1443 totum

2046 1480 2205 1534 simul
2245 1496 2441 1549 corpus
2475 1482 2840 1537 suseitandum
2893 1482 2998 1548 sit,
3052 1481 3297 1536 homines
3348 1483 3609 1536 nimirum

2048 1572 2284 1627 universi
2319 1592 2333 1628 :
2375 1575 2518 1643 quod
2548 1588 2745 1642 corpus
2774 1588 2896 1628 cum
2953 1572 3137 1627 multis
3179 1582 3389 1627 constet
3438 1587 3614 1626 mem-

2050 1663 2184 1730 bris,
2214 1665 2443 1735 singulis
2471 1664 2723 1721 videlicet
2755 1664 3086 1730 hominibus,
3124 1664 3362 1718 futurum
3393 1664 3614 1718 scilicet

2060 1765 2308 1811 truncum
2349 1771 2547 1826 corpus
2574 1768 2627 1810 et
2663 1755 3078 1826 imperfectum,
3116 1757 3160 1810 si
3202 1770 3303 1825 qua
3344 1756 3424 1809 sui
3458 1766 3616 1823 parte

2050 1857 2231 1903 eareat
2258 1887 2274 1913 ,
2329 1864 2428 1904 nec
2462 1849 2695 1918 perfecta
2748 1848 2975 1918 proinde
3019 1864 3084 1904 ac
3133 1849 3287 1917 plena
3318 1849 3613 1903 fruiturum

2053 1939 2262 2006 laetitia,
2292 1942 2467 2009 quoad
2492 1940 2851 2009 integritatem
2884 1954 3037 1993 suam
3071 1940 3355 2007 receperit.
3385 1939 3453 1992 Et
3472 1950 3617 2009 post-

2056 2048 2119 2087 ea
2151 2051 2164 2086 :
2197 2052 2215 2085 ι
2254 2033 2404 2099 Quod
2444 2033 2488 2088 si
2529 2033 2644 2098 tibi,
2690 2032 2780 2101 qui
2822 2033 3122 2087 membrum
3150 2046 3229 2096 es,
3271 2047 3375 2086 non
3398 2032 3618 2087 videtur

2052 2137 2173 2178 esse
2210 2121 2447 2191 perfecta
2496 2122 2718 2188 laetitia,
2771 2123 2816 2177 si
2858 2122 2997 2177 desit
3050 2121 3192 2177 aliud
3243 2123 3545 2178 membrum
3595 2141 3612 2179 :

2056 2225 2255 2285 quanto
2296 2215 2467 2283 magis
2493 2215 2751 2270 Dominus
2779 2222 2835 2269 et
2868 2215 3120 2270 Salvator
3152 2226 3357 2281 noster,
3395 2217 3489 2286 qui
3525 2232 3618 2271 ca-

2055 2317 2150 2377 put
2195 2318 2250 2363 et
2293 2317 2485 2363 auctor
2531 2314 2615 2361 est
2653 2307 2817 2361 totius
2862 2307 3134 2377 corporis,
3170 2322 3275 2364 non
3305 2308 3404 2362 sibi
3436 2306 3617 2376 perfe—

2054 2409 2196 2453 ctam
2232 2397 2364 2452 dicit
2400 2411 2521 2453 esse
2566 2398 2806 2451 laetitiam
2831 2436 2846 2461 ,
2877 2398 3047 2452 donec
3094 2397 3295 2467 aliquid
3334 2412 3402 2451 ex
3444 2414 3616 2452 metu-

2054 2490 2168 2545 bris
2192 2490 2382 2545 deesse
2408 2488 2621 2558 corpori
2653 2503 2752 2543 suo
2789 2488 2934 2543 videt
2962 2488 2985 2542 ?
3021 2507 3041 2541 ›
3069 2487 3362 2543 Laboranti
3391 2488 3615 2559 Origeni

2054 2596 2372 2638 succurrere
2398 2592 2625 2636 conatur
2658 2579 3039 2636 Genebrardus
3074 2581 3127 2633 iu
3158 2580 3378 2635 Collect.
3405 2595 3529 2650 cap.
3558 2581 3612 2643 6,

2055 2683 2111 2727 et
2140 2677 2253 2731 htec
2293 2673 2522 2729 scribit:
2558 2691 2576 2725 ι
2622 2675 2787 2743 Atqui
2839 2674 2889 2728 id
2933 2675 3000 2729 de
3030 2675 3239 2744 integra
3282 2683 3339 2728 et
3371 2674 3615 2729 absoluta

2055 2765 2405 2821 beatitudinis
2436 2764 2935 2831 consummatione,
2970 2779 3128 2834 quam
3160 2766 3398 2820 nondum
3440 2766 3617 2821 sancti

2056 2861 2109 2914 in
2143 2856 2462 2928 corporibus
2488 2865 2845 2926 receperunt,
2893 2866 3069 2926 potest
3102 2857 3384 2927 explicari.
3426 2877 3446 2911 ι
3477 2858 3618 2924 Quid

2051 2954 2205 3024 juvat
2231 2962 2409 3007 autem
2444 2950 2716 3004 recusanti
2748 2964 2903 3019 opem
2937 2948 3115 3017 ferre,
3146 2965 3268 3005 cum
3297 2951 3400 3006 hac
3435 2952 3619 3005 neuti-

394 3045 644 3113 Domino,
670 3060 883 3117 semper
916 3046 970 3100 in
994 3044 1170 3099 Verbo
1194 3043 1309 3113 ejus
1335 3058 1397 3098 ac
1429 3041 1701 3111 Sapientia
1729 3059 1952 3100 versan-
1980 3080 2022 3138 ο
2056 3059 2218 3115 quam
2261 3043 2327 3098 de
2353 3046 2556 3107 causa,
2605 3056 2765 3111 quam
2794 3051 3183 3095 commemorat
3208 3041 3613 3111 Genebrardus,

392 3145 477 3191 tes
527 3139 755 3193 summis
786 3135 993 3191 deliciis
1018 3134 1162 3201 frui;
1221 3137 1319 3191 hos
1363 3147 1491 3189 vero
1523 3142 1681 3189 terrm
1729 3137 1955 3206 alicujus

395 3229 726 3287 sublimioris
758 3240 812 3286 et
851 3228 1194 3299 potentioris,
1229 3238 1384 3284 terra:
1431 3245 1622 3301 nempe
1656 3230 1954 3284 viventium

396 3321 766 3376 haereditatem
794 3329 1069 3390 capturos.
1105 3320 1306 3375 Scribit
1333 3331 1594 3389 praeterea
1620 3320 1813 3375 homil.
1840 3322 1875 3376 5
1902 3322 1957 3377 in

395 3410 551 3478 Lua,
587 3412 640 3466 in
689 3410 869 3467 futura
914 3412 1024 3465 vita
1058 3427 1161 3468 non
1200 3428 1389 3469 omnes
1421 3413 1603 3467 statim
1637 3421 1799 3482 atque
1833 3427 1957 3468 cor-

395 3518 532 3573 pore
568 3503 829 3569 exierint,
862 3504 1032 3560 Deum
1088 3507 1380 3575 angelosve
1422 3506 1638 3560 visuros
1664 3546 1679 3570 ,
1732 3507 1828 3561 sed
1865 3521 1959 3562 eos

402 3605 610 3649 tantum
638 3596 732 3665 qui
771 3596 1032 3651 munditie
1069 3596 1247 3652 cordis
1278 3597 1468 3667 dignos
1499 3611 1560 3653 se
1606 3597 1700 3653 Dei
1735 3610 1957 3668 aspectu

401 3687 779 3756 praebuerint;
817 3688 1065 3757 quamvis
1104 3697 1285 3744 autem
1333 3688 1387 3742 in
1424 3689 1612 3744 eodem
1645 3687 1763 3743 loco
1794 3688 1957 3743 futuri

401 3778 511 3832 sint
542 3786 597 3834 et
627 3778 718 3849 qui
742 3794 877 3849 puro
905 3780 1066 3835 corde
1088 3789 1269 3846 erunt,
1293 3789 1349 3836 et
1374 3781 1465 3851 qui
1496 3780 1745 3836 sordibus
1782 3780 1959 3835 fmda-

399 3870 464 3935 ti,
492 3869 769 3937 disparem
801 3879 976 3926 tamen
1004 3880 1362 3942 utrorumque
1390 3873 1625 3928 futuram
1654 3881 1873 3937 sortem,
1904 3879 1960 3924 et

398 3962 519 4017 i'llos
549 3962 641 4018 Dei
670 3964 865 4018 intuitu
888 3963 1169 4029 fruituros,
1195 3979 1301 4033 quo
1328 3967 1381 4020 hi
1411 3965 1690 4020 carebunt.
1726 3962 1959 4017 Ilomilia

399 4054 468 4108 Π
488 4064 749 4125 sequente
777 4067 1054 4111 asseverat
1087 4057 1155 4111 ab
1184 4056 1429 4112 Ecclesia
1462 4056 1669 4113 caelesti
1694 4055 1958 4123 dejectum

398 4146 468 4200 iri
500 4146 764 4213 digamos,
795 4147 1245 4215 quemadmodum
1284 4148 1337 4203 in
1373 4158 1513 4202 terra
1545 4147 1613 4202 ab
1633 4147 1962 4202 ecclesiasti-

401 4237 481 4291 cis
527 4236 878 4307 dignitatibus
924 4248 1195 4293 arcentur.
1255 4258 1274 4291 ι
1327 4239 1443 4296 Νοη
1485 4255 1623 4309 quo,
1670 4241 1867 4310 inquit,
1905 4240 1960 4294 in

399 4337 661 4382 aeternum
693 4328 979 4383 mittantur
1004 4330 1333 4395 incendium,
1358 4331 1451 4385 sed
1490 4346 1596 4400 quo
1626 4343 1831 4402 partem
1855 4347 1959 4386 non
1990 4346 1995 4351 ‘

2057 3144 2275 3190 sanctos
2323 3131 2597 3188 existimet
2648 3130 2884 3185 nondum
2937 3131 3171 3200 perfecta
3221 3131 3326 3185 frui
3379 3132 3616 3188 laatitia;

2062 3245 2082 3278 ι
2116 3226 2232 3281 Non
2263 3227 2405 3281 enim
2438 3234 2521 3285 est
2546 3221 2675 3289 illis,
2708 3222 2784 3276 ait
2814 3221 2949 3291 ipse,
2977 3220 3221 3292 perfecta
3252 3223 3474 3288 laatitia,
3522 3226 3620 3280 do-

2058 3334 2159 3374 nec
2188 3333 2286 3389 pro
2327 3316 2604 3373 erroribus
2652 3315 2854 3372 nostris
2893 3315 3079 3372 dolent
3123 3328 3177 3373 et
3222 3317 3408 3389 lugent
3431 3327 3619 3376 nostra

2057 3422 2300 3484 peccata.
2326 3430 2344 3463 ›

2126 3505 2262 3560 Cum
2296 3507 2374 3559 ait
2398 3514 2578 3559 autem
2610 3504 2871 3574 Origenes
2900 3515 3033 3560 tom.
3080 3520 3115 3558 x
3142 3505 3197 3558 in
3220 3503 3436 3572 Mani»,
3464 3519 3613 3558 num.

2059 3598 2094 3651 2
2116 3607 2172 3653 et
2202 3598 2255 3662 3,
2282 3599 2513 3662 animas,
2545 3608 2829 3668 postquam
2855 3613 2954 3668 pro
2985 3598 3223 3652 sordium
3266 3606 3321 3653 et
3368 3598 3621 3667 inquina-

2060 3691 2228 3745 menti
2262 3690 2511 3756 ratione,
2556 3689 2675 3758 plus
2724 3688 2969 3744 minusve
3014 3688 3212 3744 fuerint
3263 3699 3620 3758 expurgatae,

2058 3782 2274 3837 tandem
2310 3798 2470 3836 unum
2499 3783 2677 3837 solare
2705 3782 2879 3836 lumen
2911 3780 3121 3836 futuras
3145 3820 3160 3847 ,
3186 3792 3243 3836 et
3270 3779 3621 3836 inferioribus

2063 3875 2235 3929 lucem
2287 3890 2438 3928 suam
2486 3875 2811 3944 praebituras
2847 3892 2861 3929 :
2896 3875 2947 3928 id
2976 3874 3080 3929 sibi
3106 3873 3219 3929 vult
3250 3913 3267 3939 ,
3310 3888 3620 3943 supremum

2063 3966 2181 4021 illas
2208 3964 2480 4020 felicitatis
2521 3965 2727 4034 apicem
2778 3975 3202 4031 consecuturas,
3252 3980 3413 4035 supra
3464 3979 3625 4033 quem

2062 4070 2348 4126 assurgere
2376 4071 2481 4110 non
2518 4055 2643 4110 licet
2670 4074 2683 4110 :
2708 4071 2866 4126 quem
2892 4057 3067 4111 locum
3090 4071 3424 4125 quaecunque
3449 4064 3631 4110 tenue-

2064 4149 2197 4213 rint,
2230 4148 2423 4217 mquali
2456 4148 2577 4203 luce
2607 4148 2832 4217 fulgere,
2856 4158 2911 4203 et
2938 4149 3053 4217 pari
3083 4147 3358 4203 beatitatis
3375 4161 3627 4201 mensura

2064 4240 2167 4294 frui
2198 4253 2420 4295 necesse
2466 4248 2572 4294 est.
2611 4238 2805 4295 Verum
2860 4241 3127 4310 aliquibus
3154 4256 3222 4295 ex
3271 4240 3372 4294 hoc
3400 4255 3629 4295 numero

2066 4344 2280 4399 semper
2306 4328 2673 4386 recidentibus
2700 4332 2766 4385 ad
2794 4330 3019 4399 pristina
3056 4330 3186 4384 vitia
3216 4368 3233 4393 ,
3266 4338 3320 4383 et
3350 4344 3381 4383 e
3417 4344 3630 4383 summo

400 4419 641 4478 habeant
673 4419 725 4473 in
774 4434 941 4490 regno
993 4420 1087 4476 Dei
1119 4441 1131 4476 :
1182 4442 1201 4474 ι
1244 4433 1299 4477 et
1334 4422 1529 4478 deinde
1561 4438 1656 4478 eos
1683 4424 1759 4477 ait
1793 4442 1811 4474 ι
1845 4438 1961 4478 esse
1993 4411 2035 4466 D
2069 4420 2159 4475 illo
2189 4422 2359 4491 gradu
2406 4420 2713 4476 labentibus
2738 4460 2753 4486 ,
2782 4422 3040 4475 obtusiori
3069 4420 3189 4474 lucc
3212 4460 3229 4485 ,
3256 4429 3313 4474 et
3337 4420 3519 4487 priore
3568 4435 3630 4473 ac

398 4511 467 4568 de
521 4511 756 4566 secundo
797 4511 1011 4582 gradu,
1061 4521 1118 4568 et
1162 4513 1227 4568 de
1280 4514 1365 4568 his
1416 4515 1507 4584 qui
1563 4514 1817 4568 invocant
1866 4527 1966 4567 uo-

400 4617 525 4658 men
578 4603 830 4667 Domini,
888 4614 943 4658 et
994 4605 1084 4674 qui
1137 4604 1412 4659 salvantur
1466 4604 1685 4674 quidem
1745 4604 1798 4658 in
1862 4618 1963 4658 no-

402 4695 546 4750 mine
593 4693 721 4749 Jesu
765 4694 1005 4763 Christi,
1037 4710 1376 4766 nequaquam
1410 4705 1590 4751 tamen
1625 4706 1968 4750 coronantur

400 4789 468 4844 ab
497 4802 583 4843 eo.
612 4806 631 4841 ι

471 4879 553 4933 Ad
582 4889 913 4947 postremum
965 4878 1223 4949 quoniam
1256 4881 1322 4935 ad
1370 4894 1635 4935 summam
1676 4878 1965 4949 perfectio-

403 4985 526 5025 nem
560 4985 646 5023 res
676 4980 872 5026 creatae
905 4973 1139 5026 nondum
1166 4972 1411 5027 adductae
1433 4982 1578 5037 sunt,
1618 4972 1822 5027 idcirco
1838 4986 1968 5026 non-

401 5062 528 5115 dum
560 5060 747 5115 beatos
767 5061 981 5130 plenam
1009 5063 1285 5132 recepisse
1331 5062 1593 5127 laetitiam,
1622 5078 1720 5117 nec
1756 5078 1967 5118 summo

402 5151 599 5221 gaudio
633 5152 735 5206 l'rui
768 5151 1074 5219 allirmavit,
1104 5169 1171 5209 ne
1216 5155 1362 5223 ipsos
1389 5154 1605 5223 quidem
1653 5156 1965 5224 prophetas,

402 5242 487 5296 vel
513 5243 789 5313 apostolos
807 5282 824 5310 ,
850 5245 960 5299 imo
986 5261 1051 5300 ne
1078 5247 1254 5313 ipsum
1284 5248 1501 5317 quidem
1527 5248 1824 5303 Christum.
1845 5248 1969 5302 Ver-

402 5332 471 5388 ba
502 5334 670 5404 ipsius
717 5335 830 5390 haec
878 5345 1003 5391 sunt
1054 5338 1236 5394 homil.
1312 5338 1343 5391 7
1410 5341 1466 5391 in
1509 5338 1697 5403 Levit.,
1733 5354 1880 5392 num.
1912 5339 1968 5402 2,

407 5425 583 5493 p.222
614 5440 629 5478 :
661 5445 679 5478 ι
723 5425 970 5482 Nondum
999 5429 1143 5483 enim
1170 5438 1485 5499 receperunt
1517 5428 1760 5483 ltetitiam
1792 5444 1968 5493 suam,

409 5529 477 5569 ne
509 5515 735 5584 apostoli
784 5518 1000 5587 quidem
1026 5560 1043 5587 ,
1093 5519 1189 5576 sed
1225 5530 1280 5576 et
1311 5520 1411 5591 ipsi
1455 5530 1773 5592 exspectant
1825 5532 1883 5578 ut
1917 5531 1971 5578 et

480 5698 523 5729 ³⁸
556 5699 720 5769 Apoc.
746 5701 976 5770 xtx,‘l6.
1054 5702 1099 5735 ³⁸
1132 5702 1282 5760 Deut.
1314 5716 1484 5771 χχχι,
1520 5700 1571 5770 8,
1606 5706 1653 5757 9.

2070 4514 2298 4569 multum
2331 4514 2575 4570 inferiori
2607 4512 2988 4584 splendebunt.
3020 4512 3284 4567 Similiter
3328 4510 3631 4581 intelligen-

2070 4606 2170 4660 dus
2206 4615 2329 4671 est,
2360 4620 2483 4661 cum
2536 4605 2611 4659 ait
2645 4604 2887 4658 futurum
2914 4603 3207 4673 aliquando
3238 4600 3405 4655 Deum
3448 4601 3628 4655 omnia

2072 4697 2125 4749 in
2156 4698 2425 4763 omnibus,
2445 4711 2675 4765 cumque
2700 4710 3008 4765 supremum
3032 4694 3180 4748 illum
3213 4694 3369 4746 linem
3389 4691 3455 4745 ad
3472 4706 3629 4761 quem

2070 4790 2249 4842 omnia
2282 4789 2636 4859 pervenient,
2681 4802 2974 4858 rerumque
3012 4786 3386 4840 universarum
3419 4784 3629 4837 ἀποκα-

2072 4881 2332 4935 τάστασιν
2364 4890 2771 4934 commemorat.
2812 4882 2879 4932 At
2919 4893 3041 4932 cum
3066 4888 3210 4932 temo
3237 4890 3305 4929 xv
3333 4877 3388 4929 in
3415 4874 3628 4937 Matth,
3703 4907 3721 4918 -

2075 4988 2222 5027 num.
2255 4971 2345 5037 '56,
2372 4986 2496 5040 pag.
2524 4970 2649 5034 706,
2678 4970 2870 5025 scribit
2918 4969 2975 5023 in
3023 4966 3433 5022 remunerandis
3460 4966 3629 5021 homi-

2075 5062 2256 5127 nibus,
2284 5061 2577 5114 voluntatis
2608 5062 2873 5115 duntaxat
2912 5058 3153 5129 ipsorum
3188 5071 3251 5111 ac
3278 5054 3443 5111 studii
3470 5054 3629 5108 ratio-

2073 5169 2197 5208 nem
2228 5153 2431 5209 habere
2460 5154 2630 5208 Deum
2658 5195 2674 5221 ,
2710 5169 2817 5208 non
2859 5153 3119 5222 temporis
3146 5151 3287 5221 quod
3318 5150 3628 5205 exercendis

2074 5246 2366 5300 virtutibus
2383 5245 2779 5315 impenderunt,
2798 5245 3073 5301 acidcirco
3089 5243 3384 5315 aequalibus
3401 5240 3631 5311 praemiis

2077 5337 2351 5391 donandos
2387 5336 2702 5406 quicunque
2750 5352 2850 5405 pro
2895 5335 3036 5390 virili
3067 5335 3422 5398 laborarunt,
3473 5333 3527 5386 id
3559 5331 3628 5385 ita

2075 5445 2139 5486 ex
2169 5430 2539 5498 superioribus
2565 5430 2941 5499 explicandum
2975 5440 3101 5494 est,
3135 5428 3379 5483 eamdem
3426 5427 3494 5481 iis
3533 5427 3628 5479 tri-

2078 5521 2345 5578 buendam
2369 5535 2489 5579 esse
2522 5521 2849 5590 mercedem,
2875 5521 3101 5577 salutem
3132 5518 3387 5575 nimirum
3414 5556 3430 5587 ,
3451 5526 3508 5572 at
3530 5530 3627 5571 non
