3860 6226
195 319 222 372 1
235 316 339 373 ﬁ"

1042 310 1611 370 ORIGENIANORUM
1652 314 1780 369 us.
1825 313 1889 379 ιι,
1930 314 2083 374 CAP.
2126 318 2192 382 ιι,
2221 319 2496 386 ρυΑῖδΤ.
2539 303 2643 375 x1.

3304 334 3439 389 1018

197 435 447 493 eamdem
478 430 717 486 adhiberi
751 429 1210 500 purgationem,si
1246 430 1334 484 diu
1359 430 1431 484 illi
1466 431 1518 484 in
1552 431 1768 495 virtute,
1800 436 1847 490 Α
1876 447 1966 487 mo
2001 433 2122 488 loco
2157 435 2483 502 moriuntur,
2521 436 2762 507 ablegari
2809 439 2861 495 in
2899 440 3318 512 ﬁrmamentum,
3354 453 3439 506 vel

203 540 398 596 parum
430 523 518 578 isti
552 522 905 587 desudarunt,
936 520 1200 576 similibus
1231 520 1355 575 licet
1386 523 1437 575 in
1465 521 1634 574 Deum
1655 528 1769 575 stu-

199 622 311 677 diis
342 618 468 673 elati
494 618 658 671 vitam
706 614 1038 681 clauserint;
1093 615 1188 670 sed
1231 614 1463 669 diversis
1507 623 1769 684 utrosque

198 711 508 781 disciplinis
534 750 549 775 ,
586 718 641 763 et
668 706 1136 764 emendationibus
1172 708 1449 777 reparari,
1478 714 1767 777 antequam

201 806 259 861 in
288 818 541 874 supremo
571 801 851 857 beatitatis
903 799 1139 853 culmine
1179 798 1534 854 collocentur.
1582 798 1768 869 Itaque

200 898 423 968 subjicit
454 898 716 967 Origenes
767 910 919 950 num.
966 894 1057 954 57,
1093 908 1213 964 pag.
1262 893 1402 950 707:
1464 893 1768 963 Ἐχέτωσαν

205 992 306 1063 μὲν
321 991 429 1062 γὰρ
460 990 546 1043 διὰ
572 990 670 1060 τὴν
701 988 984 1057 μετάνοιαν
1016 986 1109 1039 καὶ
1154 985 1214 1038 τὸ
1256 984 1768 1055 καταλαμϐάνεσθαι

199 1087 261 1138 ὲν
291 1083 723 1155 ὲπεστραμμένῳ
753 1080 851 1151 βίῳ
882 1079 1162 1151 κρείττονα
1214 1077 1321 1131 τῶν
1351 1076 1767 1147 καταλαμϐανο-

202 1177 382 1247 μένων
410 1177 468 1228 ὲν
492 1176 609 1236 ταῖς
652 1173 963 1244 ἁμαρτίαις,
990 1170 1050 1223 οὐ
1081 1168 1185 1241 μὴν
1218 1168 1322 1239 χρὴ
1371 1168 1768 1238 ὑπολαμϐάνειν

200 1265 333 1335 περὶ
365 1264 543 1318 αὐτῶν
569 1264 646 1317 ὅτι
679 1263 851 1333 ὅμοιοί
886 1263 992 1314 εἰσι
1014 1263 1126 1324 τοῖς
1148 1261 1297 1329 παρὰ
1326 1258 1482 1311 τοῦτο
1519 1261 1767 1330 ἡμαρτη-

198 1359 352 1412 κόσιν
384 1359 441 1411 ὲν
473 1360 537 1428 τῇ
561 1356 789 1427 νεότητι,
821 1355 969 1427 παρὰ
993 1355 1052 1408 τὸ
1078 1354 1210 1426 μηδὲ
1237 1353 1335 1423 τὴν
1361 1352 1534 1424 ἀρχὴν
1575 1351 1642 1405 τὰ
1671 1354 1769 1424 τῆς

202 1452 443 1514 πίστεως
492 1448 884 1522 μεμαθηκέναι.
943 1447 1238 1501 Plurimum
1290 1460 1416 1515 ergo
1463 1447 1577 1500 hzec
1629 1446 1769 1500 inter

202 1542 458 1612 Origenis
515 1540 701 1595 deliria
753 1555 816 1594 ac
876 1538 1145 1594 Joviniani
1200 1539 1448 1595 haeresim
1516 1539 1764 1605 interest,

199 1636 293 1705 qui
348 1635 576 1687 virtutes
611 1646 675 1685 ac
704 1642 924 1700 peccata
950 1645 1071 1685 esse
1102 1630 1330 1701 aequalia
1360 1670 1376 1697 ,
1419 1644 1479 1684 ac
1506 1630 1765 1699 aequalem

198 1726 430 1797 proinde
476 1724 777 1779 mercedem
831 1732 886 1778 et
924 1737 1139 1794 pmnam
1190 1723 1304 1777 fore
1360 1722 1763 1786 arbitrabatur,

200 1818 417 1872 Stoicos
447 1825 666 1870 secutus
702 1815 791 1883 qui
822 1832 841 1865 ι
879 1815 945 1869 de
971 1813 1246 1885 parilitate
1271 1823 1641 1883 peccatorum,
1671 1833 1690 1866 ι
1712 1824 1770 1869 ut

199 1904 280 1957 ait
312 1902 643 1972 Augustinus
683 1902 844 1971 epist.
891 1901 961 1957 29
989 1942 1004 1967 ,
1063 1902 1131 1957 ad
1179 1901 1537 1972 llieronym.,
1597 1921 1617 1955 ‹
1670 1906 1766 1959 soli

202 1995 323 2050 ausi
358 2005 485 2050 sunt
518 1995 797 2064 disputare
821 2003 1013 2050 contra
1039 2008 1258 2050 omnem
1303 2010 1522 2051 sensum
1553 1999 1768 2066 generis

198 2085 446 2140 humani.
485 2102 504 2136 ι

272 2176 366 2231 XI.
403 2174 651 2231 Emensis
681 2175 788 2231 illis
822 2190 886 2231 ac
920 2177 1220 2246 peragratis
1250 2178 1462 2247 spatiis,
1497 2194 1616 2249 qua:
1645 2180 1765 2235 ani-

200 2284 321 2324 mas
356 2269 615 2340 purgandi
644 2283 809 2325 causa
833 2268 1122 2326 decurrere
1156 2271 1311 2325 ﬁnxit
1340 2269 1623 2341 Origenes,
1661 2288 1769 2342 quo

199 2375 296 2416 eas
336 2362 635 2419 subsistere
674 2364 796 2419 loco
822 2379 886 2419 ae
914 2364 1303 2434 conquiescere
1348 2373 1500 2419 ratus
1535 2365 1626 2429 sit,
1682 2365 1768 2420 vi-

199 2454 437 2509 dendum
466 2463 568 2509 est.
604 2453 810 2510 Novum
841 2457 1055 2526 quidem
1088 2455 1306 2521 malum,
1340 2470 1403 2511 ac
1432 2463 1633 2510 terram
1668 2472 1769 2511 no—

201 2560 327 2599 vam
379 2545 626 2600 felicitati
674 2556 728 2601 et
776 2547 944 2616 quieti
985 2554 1109 2616 post
1156 2545 1299 2600 hanc
1346 2545 1511 2600 vitam
1547 2544 1769 2615 deputat

200 2637 297 2693 lib.
342 2653 360 2692 ι
406 2638 543 2706 Περὶ
583 2637 804 2707 ἀρχῶν,
844 2653 964 2709 cap.
999 2637 1056 2705 6,
1101 2653 1253 2692 num.
1286 2638 1340 2704 2,
1376 2648 1594 2709 propter
1636 2639 1768 2694 illud

203 2730 353 2785 Isaia:
387 2745 515 2796 ων,
552 2732 653 2785 l7:
708 2748 728 2782 ‹
766 2730 902 2786 Ecce
936 2731 1079 2786 enim
1136 2745 1238 2802 ego
1281 2745 1408 2786 creo
1454 2730 1622 2785 caelos
1671 2746 1770 2784 no-

199 2836 297 2876 vos
349 2829 404 2875 et
452 2829 650 2876 terram
714 2835 944 2887 novam;
979 2828 1033 2876 et
1075 2836 1181 2875 non
1216 2828 1375 2876 erunt
1421 2821 1474 2875 in
1505 2820 1767 2876 memoria

200 2911 409 2982 priora,
455 2921 509 2966 et
551 2926 658 2966 non
699 2913 996 2967 ascendent
1052 2926 1216 2981 super
1269 2926 1398 2978 cor;
1434 2929 1453 2963 ι
1503 2910 1646 2980 quod
1683 2924 1769 2964 re-

198 3012 559 3073 praesentatur
603 3000 646 3056 ll
698 3002 845 3058 Petr.
894 3019 977 3061 ut.
1030 3004 1131 3069 15,
1186 3011 1243 3057 et
1294 3002 1515 3073 Apocal.
1552 3017 1664 3070 ut,
1714 3001 1765 3059 1.

1872 525 1925 579 in
1963 532 2184 591 terram,
2233 534 2288 580 et
2326 530 2475 582 varia
2519 528 2591 583 ibi
2642 529 2756 585 loca
2798 534 3075 587 nancisci:
3122 551 3185 591 ac
3221 554 3436 595 rursum

1871 614 2329 684 quemadmodum
2375 617 2672 687 migrantes
2709 633 2772 672 ex
2808 618 2997 675 inferis
3030 623 3243 691 animat,
3282 635 3336 679 et
3371 628 3439 681 ob

1869 715 2019 762 recte
2050 716 2200 777 gesta
2240 708 2293 762 in
2329 718 2524 763 terram
2577 722 2906 777 remeantes,
2952 716 3101 769 nasci
3150 716 3435 785 dicuntur;

1869 798 1944 853 ita
1985 799 2168 855 varios
2197 800 2498 854 animarum
2542 810 2693 855 ortus
2738 803 2791 856 in
2839 803 3197 871 ﬁrmamento,
3241 817 3296 862 et
3341 824 3435 865 su-

1869 904 2056 959 premo
2088 890 2211 945 item
2249 892 2396 947 cmlo
2427 893 2757 963 contingere.
2800 893 2973 949 Verba
3015 896 3131 966 ipsa
3168 896 3434 970 Origenis,

1868 981 2067 1051 quibus
2108 982 2224 1037 haec
2263 985 2574 1038 continetur
2612 986 2880 1050 doctrina,
2921 986 3136 1044 adducit
3177 989 3433 1065 Hierony-

1869 1084 1990 1125 mus
2023 1072 2202 1142 capite
2245 1073 2281 1126 2
2311 1082 2365 1127 et
2412 1073 2447 1127 4
2479 1074 2638 1143 epist.
2684 1074 2751 1130 59
2774 1115 2790 1139 ,
2822 1076 2888 1129 ad
2920 1077 3099 1143 Avit.,
3140 1094 3170 1134 e
3206 1080 3343 1137 libro
3387 1100 3437 1137 tv

1869 1165 2011 1229 Περὶ
2041 1162 2261 1232 ἀρχῶν,
2300 1180 2449 1219 num.
2499 1164 2590 1220 23.
2632 1165 2800 1235 Hujus
2829 1176 2976 1222 certe
3013 1169 3134 1223 libri
3183 1187 3334 1230 num.
3367 1173 3441 1230 22

1872 1255 2036 1309 tradit
2067 1253 2326 1325 Origenes
2350 1255 2759 1329 Jerosolymam,
2792 1260 2884 1313 sed
2914 1268 2968 1314 et
3006 1261 3240 1333 reliquas
3270 1264 3433 1319 etiam

1870 1352 2028 1399 terras
2087 1348 2368 1415 regiones,
2429 1347 2563 1403 alias
2628 1350 2728 1404 sibi
2775 1351 3119 1419 cognomines
3173 1353 3226 1408 in
3284 1354 3440 1412 cmlis

1871 1436 2091 1501 habere,
2138 1438 2319 1507 ibique
2367 1438 2677 1510 Egyptum,
2718 1439 3087 1511 Babyloniam,
3138 1442 3336 1515 Tyrum
3383 1455 3441 1501 et

1874 1530 2129 1586 Sidonem
2170 1532 2441 1600 reperiri;
2488 1532 2763 1603 multaque
2805 1535 2870 1587 de
2920 1534 3050 1589 locis
3100 1535 3205 1591 illis
3251 1536 3440 1595 vatici-

1874 1629 2036 1676 natos
2065 1636 2184 1677 esse
2213 1624 2529 1692 prophetas,
2573 1639 2692 1692 qua:
2731 1625 2772 1680 si
2810 1625 2933 1694 quis
2970 1627 3036 1680 ad
3077 1637 3289 1683 terrena
3319 1628 3436 1684 loca

1874 1714 2094 1780 referat,
2143 1714 2305 1769 valde
2343 1731 2464 1768 cum
2501 1715 2841 1771 hallucinari.
2878 1717 3110 1773 Plurima
3144 1721 3215 1777 ibi
3262 1724 3313 1777 in
3347 1738 3438 1778 sa-

1872 1803 1985 1858 cris
2016 1804 2380 1860 voluminibus
2412 1818 2709 1861 memorata
2756 1820 3019 1875 recenset,
3073 1827 3194 1881 quae
3232 1814 3435 1885 allego-

1874 1895 1987 1948 rice
2019 1894 2449 1966 interpretanda,
2498 1911 2553 1952 et
2584 1900 2647 1952 ad
2681 1901 2922 1954 caalestia
2949 1902 3313 1972 detorquenda
3355 1921 3439 1959 ar-

1873 1985 2130 2042 bitratur.
2163 1988 2395 2042 llontilia
2427 1990 2496 2045 28
2526 1991 2580 2043 in
2622 1988 2813 2058 Num.,
2847 2007 2995 2047 num.
3026 1993 3084 2058 2,
3112 1994 3351 2050 Judacam
3382 1997 3436 2051 in

1876 2079 2015 2134 coelo
2062 2081 2176 2135 suis
2205 2081 2512 2135 distinctam
2548 2083 2843 2147 montibus,
2893 2084 3006 2138 suis
3046 2085 3354 2140 civitatibus
3381 2096 3439 2141 et

1872 2172 2032 2238 vicis,
2071 2172 2187 2227 suis
2208 2174 2371 2228 etiam
2406 2174 2651 2228 tribubus
2683 2176 2891 2238 statuit,
2941 2175 2994 2229 in
3037 2191 3206 2245 caque
3251 2178 3433 2231 sedem

1872 2266 2176 2335 positurum
2217 2267 2470 2337 populum
2512 2267 2629 2335 Dei,
2673 2278 2729 2322 et
2758 2285 2944 2324 verum
2979 2268 3255 2336 lsraelem,
3304 2270 3430 2329 Jesu

1872 2357 2031 2424 duce,
2063 2358 2213 2426 cujus
2235 2360 2520 2428 imaginem
2546 2362 2717 2430 gessit
2739 2360 2896 2417 Jesus
2923 2364 3058 2418 alter
3084 2364 3224 2419 filius
3255 2365 3433 2431 Nave;

1874 2463 2321 2520 unumquemque
2355 2459 2531 2506 autem
2585 2452 2637 2505 in
2683 2452 2824 2507 hanc
2872 2452 3087 2509 illamve
3126 2456 3323 2510 tribum
3367 2457 3437 2513 iri

1878 2540 2185 2611 ablegatum
2213 2556 2311 2610 pro
2357 2542 2566 2598 meritis
2597 2557 2661 2598 ac
2705 2544 3035 2612 virtutibus;
3074 2562 3092 2597 ι
3133 2561 3307 2616 neque
3345 2563 3436 2603 so-

1874 2631 1983 2686 lum
2015 2647 2114 2703 pro
2142 2633 2350 2688 meritis
2388 2649 2573 2689 eorum
2622 2635 2713 2704 qui
2745 2636 3146 2705 dispensantur,
3195 2656 3217 2691 ι
3263 2640 3437 2709 inquit

1871 2739 2023 2779 num.
2050 2724 2106 2791 4,
2128 2743 2148 2776 ‹
2173 2726 2266 2780 sed
2298 2735 2352 2781 et
2371 2741 2468 2796 pro
2497 2726 2777 2782 novissimi
2804 2729 2991 2793 Adam,
3024 2729 3081 2784 in
3112 2745 3219 2799 quo
3247 2744 3436 2788 omnes

1874 2814 2184 2870 viviﬁcandi
2220 2816 2494 2881 dicuntur,
2522 2818 2995 2888 contemplatione.
3034 2840 3053 2874 ι
3088 2820 3288 2876 lbidem
3330 2822 3439 2877 col-

1872 2909 2014 2964 locat
2046 2908 2367 2975 Jerusalem,
2402 2922 2455 2967 et
2486 2922 2722 2967 montem
2758 2914 2909 2978 Sion,
2936 2914 3090 2982 juxta
3119 2913 3433 2984 Apostolum

1870 3001 1991 3057 Gal.
2029 3018 2103 3069 tv,
2133 3001 2224 3070 26,
2258 3011 2313 3059 et
2348 3002 2511 3058 Hebr.
2555 3018 2655 3069 xu,
2687 3003 2775 3069 22,
2824 3014 2877 3059 et
2921 3004 3180 3059 Joannem
3210 3004 3434 3073 Apocal.

200 3100 434 3169 Propter
465 3098 596 3154 illud
645 3111 823 3153 autem
854 3098 1006 3154 Pauli
1040 3098 1059 3152 ι
1102 3098 1228 3153 Cor.
1270 3112 1380 3164 vn,
1414 3098 1503 3165 5|,
1541 3117 1561 3151 ι
1615 3099 1762 3153 Praz-
1792 3106 1836 3166 ο
1871 3110 1956 3161 ιιι,
1984 3094 2072 3161 12,
2102 3104 2156 3150 et
2185 3111 2299 3162 xxt,
2328 3096 2384 3160 2,
2417 3106 2470 3150 et
2514 3095 2767 3166 templum
2811 3095 2935 3162 Dei;
2979 3096 3201 3165 diesque
3240 3095 3433 3151 ibidem

197 3190 329 3245 terit
365 3191 507 3244 enim
544 3189 712 3258 ﬁgura
761 3190 918 3258 hujus
965 3189 1176 3254 mundi,
1218 3207 1240 3243 ι
1272 3199 1326 3245 et
1376 3190 1517 3246 istud
1548 3189 1766 3246 Davidis

199 3282 393 3352 psalm.
426 3295 500 3347 Cl,
526 3281 616 3346 27,
659 3297 680 3333 ‹
714 3281 847 3336 (Σωιὶ
892 3282 1175 3353 peribunt,
1226 3289 1281 3334 tu
1326 3293 1504 3337 autem
1552 3297 1767 3353 perma-

199 3390 320 3441 nes,
357 3384 410 3429 et
438 3390 628 3430 omnes
656 3376 800 3429 sicut
829 3375 1211 3429 vestimentum
1247 3384 1618 3443 veterascent;
1658 3395 1676 3427 ι
1712 3385 1767 3432 et

201 3470 308 3526 hoc
343 3467 573 3522 fortasse
603 3467 751 3521 Isaiae
784 3481 858 3531 LI,
891 3465 944 3529 6,
988 3483 1007 3516 ‹
1036 3463 1174 3521 lei
1201 3466 1340 3521 sicut
1376 3465 1554 3522 fumus
1587 3467 1764 3536 lique-

198 3566 387 3626 scent,
426 3568 480 3614 et
507 3566 653 3614 terra
701 3558 842 3613 sicut
880 3558 1264 3613 vestimentum
1295 3567 1581 3623 atteretur,
1619 3578 1638 3613 ι
1676 3575 1766 3614 ea-

200 3663 360 3708 tenus
409 3666 605 3706 novum
641 3650 837 3706 cmlum
878 3658 933 3704 et
970 3665 1164 3705 novam
1199 3658 1393 3705 terram
1424 3662 1667 3707 creatum
1699 3653 1765 3708 iri

197 3746 380 3809 docet,
412 3754 678 3814 quatenus
710 3743 765 3798 in
799 3742 903 3798 ﬁne
934 3756 1114 3798 rerum
1146 3743 1457 3798 destruetur
1487 3745 1587 3800 iste
1612 3760 1766 3800 mun-

196 3840 320 3903 dus,
358 3847 413 3891 et
459 3837 514 3891 in
548 3851 741 3890 novam
784 3845 1005 3901 terram,
1036 3850 1099 3891 ac
1138 3851 1334 3891 novum
1365 3835 1563 3891 coelum
1605 3852 1764 3907 repa-

198 3931 452 3985 rabitur:
490 3947 509 3981 t
544 3928 848 3993 lnnovatio,
879 3949 898 3981 ι
932 3928 1110 3998 inquit
1145 3928 1297 3992 ibid.,
1329 3944 1476 3981 num.
1500 3927 1555 3996 ι,
1586 3945 1605 3980 ι
1641 3929 1762 3983 caeli

195 4030 253 4077 et
284 4030 463 4085 teme,
496 4028 549 4075 et
581 4019 962 4075 transmutatio
999 4018 1214 4073 habitus
1263 4018 1428 4089 hujus
1469 4020 1674 4085 mundi,
1708 4028 1765 4074 et

199 4112 505 4167 immutatio
542 4111 805 4167 caelorum
849 4111 935 4166 his
978 4111 1095 4165 sine
1135 4109 1298 4165 dubio
1348 4110 1762 4179 prteparabitur,

197 4205 292 4274 qui
334 4217 431 4273 per
464 4204 612 4259 illam
655 4204 820 4268 viam,
858 4216 1019 4271 quam
1062 4216 1229 4272 supra
1260 4202 1615 4267 ostendimus,
1660 4201 1765 4256 iter

200 4303 424 4364 agentes
464 4296 530 4349 ad
586 4294 734 4349 illum
771 4293 933 4347 ﬁnem
976 4292 1323 4348 beatitudinis
1375 4294 1636 4360 tendunt,
1674 4294 1762 4348 cui

200 4389 363 4442 etiam
399 4387 499 4457 ipsi
529 4385 731 4441 inimici
765 4384 1084 4455 subjiciendi
1118 4384 1392 4447 dicuntur,
1430 4384 1483 4439 in
1515 4401 1622 4455 quo
1656 4384 1763 4439 ﬁne

1870 3186 2045 3242 festos
2076 3187 2405 3243 celebratum
2446 3188 2511 3241 iri
2562 3196 2732 3258 putat,
2764 3197 2821 3242 et
2860 3202 3190 3257 quaecunque
3216 3188 3433 3242 demunt

1868 3280 2263 3350 prmeipiuntur
2309 3280 2360 3333 in
2399 3280 2533 3350 lege,
2568 3296 2731 3349 quant
2761 3282 3004 3335 umbram
3048 3280 3325 3335 continere
3352 3279 3436 3332 di-

1871 3374 1948 3427 cit
1994 3371 2281 3443 Apostolus
2329 3373 2630 3427 futurorum
2690 3374 2977 3432 bonormu.
3027 3373 3227 3429 Eadem
3276 3372 3437 3433 habet

1870 3466 2056 3521 bomil.
2107 3466 2190 3533 25_
2217 3468 2271 3521 in
2308 3468 2489 3534 Josue,
2543 3484 2693 3523 num.
2742 3468 2817 3535 4,
2869 3483 3042 3538 eoque
3083 3470 3246 3525 refert
3293 3472 3437 3529 istud

1866 3553 2023 3610 Joan.
2069 3571 2181 3623 xtv,
2233 3557 2303 3623 2,
2357 3575 2376 3609 ι
2437 3558 2494 3613 In
2549 3559 2709 3613 domo
2759 3558 2933 3613 Patris
2976 3558 3080 3614 mei
3130 3561 3438 3618 mansiones

1867 3648 2052 3705 multa:
2090 3657 2240 3716 sunt,
2274 3668 2294 3702 ι
2326 3658 2379 3704 et
2413 3665 2576 3721 super
2601 3651 2847 3706 civitates
2903 3650 3023 3706 illas
3048 3652 3302 3708 etelestcs
3340 3670 3438 3723 po-

1869 3750 2117 3797 teStatem
2146 3742 2454 3797 habiturum
2498 3744 2772 3797 existimat
2815 3758 3033 3798 servum
3075 3745 3223 3800 illum
3268 3744 3437 3818 frugi,

1868 3832 1961 3904 qui
1997 3832 2341 3888 commissam
2374 3832 2473 3887 sibi
2523 3834 2806 3902 pecuniam
2843 3834 3046 3889 utiliter
3085 3837 3285 3905 posuit.
3325 3836 3436 3894 Has

1869 3939 2001 3994 ergo
2035 3926 2174 3979 inter
2209 3926 2510 3980 animarum
2539 3927 2697 3981 sedes
2735 3941 2853 3981 eam
2891 3928 3293 3997 proportionem
3319 3938 3433 3985 sta-

1868 4016 1973 4071 tuit
2014 4026 2072 4071 et
2113 4016 2523 4071 similitudinem
2579 4016 2861 4088 Origenes,
2897 4029 2957 4073 ut
2984 4021 3281 4077 caelestium
3317 4038 3436 4078 um-

1866 4111 2022 4163 bram
2068 4122 2189 4163 esse
2216 4117 2269 4164 et
2301 4109 2592 4178 imaginem
2625 4109 2754 4163 velit
2787 4121 2988 4165 terram
3020 4112 3178 4178 hanc,
3210 4126 3435 4182 quaeque

1867 4202 1922 4255 in
1975 4203 2138 4256 terris
2169 4212 2451 4271 geruntur,
2484 4201 2637 4268 juxta
2677 4203 2986 4270 Apostolum
3024 4201 3188 4259 Hebr.
3224 4219 3343 4270 vm,
3373 4203 3430 4262 5.

1869 4292 2236 4348 Memorabilis
2269 4306 2397 4348 vero
2437 4307 2547 4362 pra:
2582 4294 2795 4348 cmteris
2830 4293 2917 4348 ille
2960 4294 3110 4349 locus
3143 4310 3302 4372 quem
3332 4297 3435 4359 ho-

1873 4384 1990 4440 mil.
2021 4384 2055 4439 5
2084 4386 2140 4437 in
2169 4385 2358 4457 psalm.
2404 4400 2591 4455 ιιυιγι,
2617 4384 2939 4459 reperimus,
2987 4394 3077 4447 ubi
3109 4394 3211 4448 hoc
3253 4395 3435 4465 expla-

198 4452 490 4545 umnia,—et
541 4479 594 4533 in
629 4452 879 4532 omnibus
922 4474 1120 4531 dicitur
1163 4490 1285 4532 esse
1316 4474 1478 4531 Dens.
1581 4476 1767 4549 Itaque
1797 4452 2012 4533 Dnans
2043 4452 2228 4551 psalmi
2257 4495 2443 4545 xxxvu,
2475 4452 2617 4545 3-5,}
2656 4452 2721 4534 Et
2761 4452 3018 4538 exaltabit
3061 4493 3131 4554 te,
3163 4493 3219 4540 ut
3265 4452 3437 4542 luere-

199 4574 560 4645 Hieronymus
602 4574 759 4643 epist.
792 4572 879 4637 59,
910 4572 976 4627 ad
1023 4572 1192 4637 Avit.,
1239 4586 1356 4642 cap.
1395 4573 1447 4637 1,
1492 4575 1767 4630 censuisse

199 4668 490 4741 Origenem
525 4669 791 4739 queritur,
830 4668 1072 4721 futurum
1106 4673 1165 4720 ut
1205 4683 1271 4722 ex
1312 4667 1510 4721 animis
1542 4669 1767 4737 quibusc

195 4762 323 4817 dum
374 4779 394 4813 ι
441 4760 718 4815 hominum
771 4764 983 4814 constet
1030 4772 1199 4827 genus
1246 4757 1297 4810 in
1339 4773 1447 4811 uno
1482 4758 1663 4829 aliquo
1696 4777 1760 4817 ex

198 4854 443 4919 mundis,
487 4852 701 4923 quando
722 4850 878 4921 juxta
912 4851 1103 4906 Isaiam
1132 4850 1328 4906 ctelum
1368 4862 1422 4905 et
1454 4858 1595 4906 terra
1625 4869 1763 4910 nova

195 4949 346 5002 ﬁent.
397 4964 416 4998 ι

271 5036 448 5105 Supra
499 5035 602 5090 hoc
643 5034 808 5089 etiam
864 5032 1230 5104 conspicabile
1276 5033 1506 5096 caelum,
1562 5043 1762 5090 terram

194 5143 394 5184 novam
444 5142 508 5181 ac
540 5126 736 5181 cmluut
784 5140 980 5178 novum
1025 5124 1347 5193 quandoque
1395 5123 1659 5191 collocat;
1710 5135 1765 5180 et

193 5221 392 5276 sumnti
442 5218 588 5273 illius
624 5232 688 5271 ac
741 5217 863 5271 novi
925 5215 1046 5270 cceli
1093 5214 1302 5279 ratione
1362 5215 1763 5271 ﬁrmamentum

193 5326 317 5366 esse
349 5309 554 5365 inferos
583 5310 679 5371 ait,
709 5308 1162 5378 quemadmodum
1197 5307 1409 5362 ratione
1439 5308 1765 5363 ﬁrmamenti

195 5413 343 5458 terra
382 5403 497 5457 haec
545 5412 754 5467 nostra,
785 5414 947 5470 quam
992 5400 1209 5469 proprie
1249 5399 1456 5452 aridam
1490 5400 1767 5471 appellan-

196 5500 321 5551 dam
354 5503 573 5562 censet,
625 5494 784 5548 infcri
840 5503 998 5558 sunt;
1051 5491 1347 5546 inferorum
1387 5506 1519 5548 vero
1560 5495 1767 5552 ratione

197 5587 396 5643 coelum
449 5587 568 5657 ipsa
628 5596 746 5650 est;
808 5594 863 5639 et
923 5584 1372 5654 quemadmodum
1422 5584 1764 5643 discedentes

199 5694 269 5734 cx
305 5678 389 5733 bis
420 5676 651 5733 terrenis
685 5676 903 5731 sedibus
932 5677 1126 5730 anima:
1164 5689 1260 5733 pro
1289 5676 1403 5731 suis
1448 5675 1656 5731 meriti:
1682 5679 1765 5732 di-

205 5784 361 5827 versa
400 5769 542 5840 apud
574 5767 781 5825 inferos
819 5767 1059 5825 obtinent
1089 5767 1225 5834 loca,
1265 5768 1337 5824 ita
1366 5780 1486 5839 qua.
1542 5784 1577 5825 ιι
1610 5784 1759 5827 sum-

1874 4572 2050 4627 ditate
2080 4573 2266 4641 capias
2300 4584 2522 4638 terram,
2567 4592 2586 4624 ι
2617 4583 2814 4628 terram
2847 4576 2983 4630 hanc
3016 4591 3138 4633 esse
3171 4578 3283 4631 vult
3310 4579 3435 4633 dor-

1874 4678 1991 4718 sum
2025 4662 2196 4734 ipsius
2245 4663 2570 4717 firmamenti
2603 4677 2616 4714 :
2669 4682 2688 4714 ‹
2728 4664 2899 4733 Unde,
2931 4686 2949 4717 ι
2991 4667 3163 4738 inquit
3198 4685 3347 4723 num.
3376 4671 3435 4737 4,

1879 4769 2025 4823 «ego
2074 4755 2329 4819 arbitror,
2390 4756 2511 4825 quia
2560 4758 2698 4810 sicut
2731 4756 2851 4811 coeli
2902 4758 3090 4827 ipsius,
3129 4759 3179 4813 id
3226 4768 3308 4816 est
3340 4761 3433 4815 ﬁr.

1872 4848 2130 4901 mamenti
2168 4845 2399 4901 inferius
2431 4848 2605 4902 solum
2651 4848 2798 4903 arida
2830 4850 2942 4904 haec
2970 4850 3021 4902 in
3058 4865 3163 4920 qua
3206 4868 3303 4907 nos
3344 4856 3437 4908 ha-

1864 4939 2106 4992 bitamus
2129 4977 2144 5001 ,
2195 4949 2336 4992 terra
2362 4937 2483 5005 ejus
2512 4940 2752 5006 dicitur;
2799 4942 2870 4995 ita
2920 4954 2975 4997 et
3007 4943 3147 4999 illius
3188 4946 3437 5015 superio-

1865 5030 1962 5095 ris,
2016 5031 2160 5098 quod
2204 5030 2574 5100 principaliter
2611 5033 2811 5089 dicitur
2862 5035 3089 5091 inferius
3137 5038 3333 5105 solum,
3381 5042 3437 5095 in

1866 5134 1975 5189 quo
2013 5120 2350 5175 habitatores
2400 5122 2472 5176 illi
2523 5123 2773 5180 cmlestes
2818 5138 3228 5194 conversantur,
3260 5140 3335 5198 et,
3378 5143 3437 5187 ut

1865 5214 1939 5268 ita
1980 5213 2175 5279 dicam,
2204 5216 2419 5270 dorsum
2453 5215 2629 5284 ipsum
2661 5217 2983 5273 ﬁrmamenti
3014 5219 3189 5289 hujus,
3220 5225 3436 5289 merito,

1865 5312 1925 5359 ut
1977 5304 2112 5370 dixi,
2151 5314 2296 5360 terra
2352 5305 2495 5361 illius
2525 5308 2647 5363 caeli
2690 5324 2812 5365 esse
2848 5311 3082 5366 dicitur:
3138 5317 3231 5369 sed
3292 5324 3435 5369 terra

1872 5402 2036 5467 bona,
2083 5410 2227 5455 terra
2277 5411 2483 5471 sancta,
2532 5412 2673 5458 terra
2727 5404 2915 5470 multa,
2971 5414 3111 5460 terra
3167 5406 3432 5469 vivorum,

1868 5502 2014 5547 terra
2050 5490 2223 5548 ﬁuens
2257 5493 2338 5547 Iac
2364 5501 2419 5546 et
2448 5497 2573 5547 mel.
2611 5512 2630 5545 ι
2661 5493 2799 5547 Fuso
2828 5503 2997 5549 totum
3033 5496 3292 5550 doctrinae
3323 5511 3436 5550 sua:

1870 5593 2182 5639 contextum
2235 5584 2469 5653 explicat
2508 5586 2600 5640 lib.
2650 5600 2687 5638 ιι
2741 5585 2881 5653 Περὶ
2924 5585 3148 5655 ἀρχῶν,
3198 5600 3320 5657 cap.
3376 5587 3434 5653 3,

1870 5692 2022 5732 num.
2062 5675 2118 5742 6,
2151 5676 2206 5743 7,
2246 5687 2408 5746 atque
2456 5692 2635 5733 rerum
2687 5680 2931 5735 omnium
2985 5679 3387 5735 universitatem
3416 5722 3432 5746 ,

1868 5765 2229 5833 infernarum,
2268 5776 2625 5835 terrenarum,
2657 5769 2980 5840 crelestium,
3013 5778 3066 5826 et
3105 5784 3226 5841 qua:
3272 5784 3435 5841 supra
