3860 6226
458 293 593 349 £019

1741 288 1800 343 P.
1845 285 2161 341 DANIELIS
2199 283 2432 341 HUETII

3560 280 3704 332 {0'30

457 416 657 473 coelum
694 424 844 478 sunt,
881 415 1119 483 generali
1165 414 1381 466 nomine
1417 412 1671 465 mundum
1703 412 1803 473 ait,
1842 410 2023 478 appel-
2054 417 2098 471 Α
2134 410 2239 472 tur,
2294 403 2602 473 temporalia
2658 411 2809 468 sunt;
2847 416 2965 472 qua:
3018 409 3199 456 autem
3253 417 3356 456 non
3406 401 3698 467 videntur,

460 507 577 565 lari.
614 521 720 573 quo
770 502 951 557 caeteri
1003 502 1184 555 tnundi
1239 501 1622 562 continentur;
1667 508 1723 550 et
1759 496 2020 566 quemad-

460 599 676 653 modum
721 596 1118 650 ﬁrmamentum
1152 603 1352 647 terram
1398 592 1539 644 hanc
1571 590 1874 657 capacitate
1924 602 2021 640 sua

461 689 859 756 complectitur,
902 687 974 738 ita
1030 684 1299 751 sphaeram
1331 682 1617 750 quamdam
1661 681 2019 749 superiorem,

459 796 577 849 quae
621 779 673 832 in
708 777 1005 847 Scripturis
1056 786 1197 828 terra
1255 774 1419 837 bona,
1458 780 1512 827 et
1546 782 1689 825 terra
1724 771 2019 824 viventium

461 873 788 933 nominatur,
837 878 893 924 et
941 867 1165 924 milibus
1212 880 1275 920 ac
1326 865 1621 919 mansuetis
1665 862 2020 931 promittitur,

461 978 559 1015 suo
582 960 875 1029 c0uslrittgi
902 957 1063 1019 emlo,
1098 957 1149 1008 in
1196 969 1302 1024 quo
1346 964 1658 1007 sanctorum
1689 953 1903 1005 nomina
1931 952 2023 1005 de-

463 1056 667 1123 scripta
709 1062 872 1117 sunt;
917 1064 982 1104 ex
1014 1050 1119 1103 hoc
1147 1058 1321 1102 autem
1356 1047 1515 1105 coelo.
1565 1061 1628 1098 ex
1657 1058 1826 1110 eaque
1856 1052 2020 1107 terra,

463 1158 620 1199 terra:
662 1159 723 1199 ac
753 1144 876 1198 cmli
914 1140 1220 1196 nominibus
1265 1138 1457 1192 all'ecta
1492 1138 1659 1190 fuisse
1705 1135 2019 1188 ﬁrmamen-

465 1247 574 1289 tum
622 1244 675 1288 et
722 1234 959 1296 aridam;
1012 1230 1261 1298 aliudque
1314 1242 1434 1282 esse
1482 1226 1677 1281 ctelum
1733 1235 1786 1280 et
1823 1236 2020 1280 terram

461 1343 581 1395 qua:
630 1325 782 1379 initio
825 1339 855 1378 a
904 1324 1009 1377 Deo
1052 1330 1232 1375 creata
1288 1327 1442 1382 sunt,
1502 1333 1565 1372 ac
1622 1318 2021 1371 ﬁrmamentum

464 1419 607 1487 quod
636 1419 721 1471 die
753 1416 991 1471 secundo
1015 1413 1285 1469 conditum
1323 1410 1555 1466 dicitur:
1589 1410 1844 1463 mundum
1880 1410 2023 1464 hunc

465 1522 643 1564 autem
684 1508 1043 1575 superiorem,
1086 1520 1208 1558 eum
1243 1518 1387 1567 esse,
1420 1502 1560 1555 unde
1601 1501 1828 1555 missum
1860 1516 1918 1555 se
1949 1501 2023 1555 si-

462 1596 682 1666 gniﬁcat
715 1595 958 1649 Christus
1005 1593 1188 1646 dicens
1216 1591 1372 1647 Joau.
1405 1605 1522 1653 vnt,
1549 1590 1656 1643 9.5:
1692 1609 1712 1640 ι
1762 1589 1875 1657 Ego
1917 1605 2021 1644 non

463 1702 580 1741 sunt
610 1687 674 1740 de
705 1686 804 1739 hoc
835 1683 1054 1746 mundo,
1088 1700 1107 1734 ι
1141 1680 1475 1750 corruptioni
1508 1678 1815 1747 neutiquam
1846 1679 2021 1747 ipsum

2129 512 2330 555 atterna
2364 508 2508 553 sunt.
2542 515 2559 548 9

2204 592 2318 647 ΧΗ.
2354 591 2432 645 Ad
2464 591 2771 659 paradisum
2816 587 2956 657 quod
3007 588 3227 649 attinet,
3277 600 3306 638 a
3352 599 3571 638 summo
3608 584 3699 636 illo

2129 690 2184 739 et
2213 698 2469 751 supremo
2498 682 2635 737 coelo
2682 694 2802 735 eum
2847 678 3200 732 Adamantius
3234 676 3513 738 distinxit,
3551 683 3610 728 et
3644 674 3698 728 iu

2129 786 2280 831 certo
2310 777 2491 844 aliquo
2518 785 2675 829 terrae
2718 774 2832 829 loco
2858 771 3168 835 collocavit;
3215 784 3334 823 eum
3379 779 3700 821 terrestrem

2130 867 2436 922 eeontrario
2490 866 2796 935 paradisum
2818 904 2833 927 ,
2861 879 3019 931 quem
3065 863 3118 916 in
3156 870 3299 915 terra
3329 860 3489 913 situm
3519 858 3700 913 fuisse

2131 959 2495 1014 certissimum
2538 968 2642 1021 est,
2676 956 2959 1027 allegorice
2993 969 3267 1023 exponens
3297 967 3456 1019 supra
3490 952 3695 1005 caelum

2131 1051 2489 1116 constituerit,
2530 1058 2587 1103 ttt
2630 1050 3001 1104 ostendemus.
3055 1046 3130 1099 Ac
3170 1045 3237 1100 de
3285 1046 3462 1114 priore
3514 1043 3697 1097 mani-

2131 1140 2327 1196 festum
2352 1150 2433 1196 est
2464 1140 2828 1195 testimonium
2855 1138 2950 1192 lib.
2979 1154 3014 1192 II
3042 1137 3178 1205 Περὶ
3205 1135 3427 1205 ἀρχῶν,
3454 1151 3574 1205 cap.
3605 1134 3693 1198 II,

2129 1249 2258 1289 num
2296 1234 2370 1287 6:
2425 1251 2444 1284 ‹
2480 1230 2618 1287 Puto
2644 1232 2809 1295 enim,
2840 1231 3035 1299 inquit,
3072 1228 3212 1297 quod
3261 1228 3433 1282 sancti
3489 1227 3694 1294 quique

2131 1324 2470 1380 discedentes
2496 1324 2564 1377 de
2589 1323 2693 1377 hac
2720 1323 2832 1377 vita
2865 1320 3253 1391 permanebunt
3284 1320 3337 1372 in
3369 1318 3488 1372 loco
3509 1318 3693 1386 aliquo

2129 1415 2186 1472 in
2221 1426 2360 1471 terra
2394 1416 2587 1485 posito,
2616 1430 2775 1485 quem
2802 1414 3109 1485 paradisum
3136 1413 3269 1467 dicit
3296 1412 3576 1480 Scriptura
3614 1414 3695 1465 di-

2129 1511 2289 1572 vina,
2343 1508 2490 1561 velut
2538 1508 2590 1561 in
2635 1506 2867 1576 quodam
2916 1504 3235 1558 eruditionis
3277 1504 3416 1557 loco.
3458 1521 3478 1554 ι
3520 1504 3696 1570 Atque

2131 1600 2272 1655 hanc
2303 1600 2532 1669 primam
2558 1612 2676 1652 esse
2709 1597 2820 1650 vult
2849 1596 3202 1659 mansionem,
3241 1595 3292 1647 in
3321 1609 3427 1662 qua
3465 1608 3696 1659 corpore

2130 1702 2389 1746 exeuntes
2438 1690 2632 1743 animae
2693 1688 2925 1742 terrenis
2986 1687 3234 1741 sordibus
3282 1695 3691 1754 expurgantur;

465 1793 587 1833 esse
631 1776 949 1839 obnoxium,
1004 1788 1103 1829 nec
1148 1773 1323 1827 oculis
1369 1770 1771 1842 aspectabilem,
1827 1771 2025 1823 sanctis

2138 1798 2289 1851 quam
2320 1792 2373 1836 et
2403 1782 2543 1835 idem
2587 1794 2709 1835 esse
2740 1778 2854 1832 vult
2884 1796 2947 1833 ac
2998 1779 3174 1831 sinum
3226 1776 3475 1830 Abrahae.
3511 1795 3531 1827 ι
3587 1775 3694 1829 Sed

465 1880 642 1922 autem
688 1875 743 1920 et
794 1866 1048 1935 perfectis
1087 1863 1266 1918 sedem
1310 1864 1452 1917 hanc
1507 1877 1628 1916 esse
1679 1861 2023 1924 destinatam,

465 1969 523 2014 et
553 1968 750 2012 terram
778 1958 993 2027 quidem
1040 1956 1223 2009 mundi
1259 1955 1398 2009 illius
1442 1953 1512 2008 iis
1534 1954 1624 2022 qui
1657 1952 2028 2020 castigationi-

465 2050 567 2103 bus
626 2058 680 2101 et
731 2046 1204 2101 emendationibus
1267 2044 1491 2098 fuerunt
1541 2043 1861 2112 expurgati,
1907 2041 2028 2098 aliis

464 2156 595 2195 vero
633 2139 852 2204 coelum,
898 2139 989 2206 qui
1035 2140 1160 2192 dum
1198 2137 1250 2190 in
1282 2136 1441 2189 terris
1472 2145 1695 2204 agerent
1752 2134 1843 2189 Dei
1878 2149 2028 2188 man-

467 2235 608 2288 datis
634 2233 1103 2301 obtemperarunt,
1133 2230 1224 2284 sed
1256 2229 1328 2283 ita
1363 2238 1540 2282 tamen
1570 2238 1629 2282 ut
1672 2228 1740 2282 ab
1772 2227 1859 2280 illa
1887 2236 2027 2280 terra

467 2326 535 2379 ad
580 2323 774 2376 omium
817 2335 1125 2390 supremum
1160 2321 1415 2373 transitus
1462 2327 1662 2386 pateat.
1716 2317 2029 2373 Consimilia

468 2425 596 2471 sunt
628 2429 748 2483 qua:
773 2413 1044 2467 habentur
1071 2411 1315 2480 ejusdem
1363 2410 1484 2464 libri
1527 2425 1645 2479 cap.
1676 2409 1731 2475 9,
1778 2425 1928 2463 num.
1972 2410 2026 2475 5,

468 2517 524 2560 et
561 2521 681 2575 qua:
712 2504 886 2572 capite
926 2512 1197 2572 postremo
1246 2501 1365 2556 libri
1412 2517 1494 2567 ιιι,
1550 2517 1698 2555 num.
1743 2501 1795 2565 8,
1832 2502 1886 2566 9,
1940 2501 2030 2555 ubi

469 2608 524 2650 et
552 2596 681 2650 illud
726 2594 935 2661 adjicit,
970 2607 1150 2646 rerum
1190 2591 1413 2644 istarum
1447 2590 1770 2652 caelestium,
1800 2606 1920 2660 qua:
1948 2592 2031 2643 in-

471 2685 734 2740 feriorum
777 2685 1033 2738 harumce
1084 2691 1267 2752 typum
1317 2692 1530 2751 gerunt,
1580 2682 1812 2735 formam
1863 2680 2030 2751 Moysi

469 2777 525 2831 itt
585 2784 767 2830 monte
810 2774 976 2829 fuisse
1018 2782 1411 2839 monstratam;
1473 2774 1539 2826 ad
1586 2774 1807 2843 ejusque
1849 2786 2034 2826 exem-

468 2867 615 2938 plum
638 2866 1031 2922 tabernaculiet
1054 2865 1447 2920 sacriﬁciorum
1472 2866 1831 2919 instrumenta
1859 2865 2029 2933 ipsum

469 2971 830 3027 comparasse,
865 2957 1153 3011 secundum
1184 2965 1513 3024 praaceptum
1552 2956 1679 3009 illttd
1715 2956 1807 3009 Dei
1860 2954 2030 3009 Exod.

470 3065 608 3115 xxv,
671 3048 778 3103 40:
826 3066 845 3099 ‹
900 3048 1109 3116 Inspice
1166 3057 1219 3102 et
1275 3047 1359 3103 Iac
1406 3048 1700 3103 secundum
1760 3048 2033 3115 exemplar

2127 1882 2181 1925 et
2210 1872 2353 1925 illam
2383 1870 2627 1940 ﬁguram,
2665 1889 2682 1920 ι
2722 1869 2896 1938 inquit
2929 1868 3113 1921 homil.
3139 1866 3209 1919 9.6
3235 1868 3288 1919 in
3314 1865 3505 1928 Nam"
3539 1882 3693 1919 nttm.

2125 1963 2181 2028 4,
2227 1982 2245 2014 ι
2281 1977 2401 2015 esse
2433 1960 2667 2014 diximus
2712 1958 2942 2013 exeundi
2973 1959 3042 2012 de
3073 1956 3325 2028 :Egypto,
3361 1974 3483 2009 cum
3529 1958 3695 2011 relin-

2128 2055 2245 2122 quit
2275 2052 2457 2105 anima
2497 2050 2679 2105 mttndi
2730 2049 2887 2117 hujus
2920 2051 3192 2116 tenebras,
3228 2065 3289 2103 ac
3325 2061 3531 2102 natura:
3566 2066 3693 2103 (or-

2129 2158 2303 2213 porete
2332 2144 2654 2203 cmcitatem,
2680 2151 2737 2194 et
2780 2140 3101 2194 transfertur
3130 2142 3195 2193 ad
3232 2141 3375 2193 aliud
3411 2144 3695 2204 SLl'Cttittlll,

2128 2229 2270 2299 quod
2306 2230 2386 2283 vel
2429 2230 2580 2284 sinus
2624 2229 2875 2291 Abrahae,
2923 2242 2979 2281 ut
3018 2230 3070 2281 in
3111 2228 3351 2295 Lazaro;
3399 2229 3483 2283 ve!
3538 2244 3697 2298 para-

2130 2322 2303 2383 disus,
2344 2330 2400 2373 ut
2434 2322 2483 2373 in
2524 2320 2733 2374 latrone
2763 2322 2853 2388 qui
2887 2320 2954 2373 de
2984 2334 3145 2373 cruce
3196 2320 3456 2383 credidit,
3496 2320 3697 2374 iudica-

2132 2421 2236 2464 tur.
2281 2430 2298 2463 ι
2335 2411 2625 2479 Aliquibus
2658 2412 2821 2465 etiam
2870 2411 3179 2480 paradisum
3223 2409 3541 2465 diﬁcrentiis
3588 2411 3699 2463 ("3-

2130 2502 2382 2555 eriminat
2432 2502 2621 2556 homil.
2653 2504 2721 2557 1⁸5
2762 2502 2817 2555 in
2852 2501 3067 2565 Ezech.,
3105 2515 3253 2554 num.
3281 2500 3335 2564 2,
3387 2516 3512 2570 pag.
3564 2500 3695 2562 403,

2132 2593 2260 2661 404,
2295 2604 2352 2647 ιιι
2387 2594 2527 2648 alter
2556 2595 2629 2649 sit
2662 2594 2968 2662 paradisus,
3003 2593 3143 2647 alter
3179 2592 3493 2647 deliciarum
3530 2607 3696 2661 para-

2131 2686 2305 2739 disus.
2332 2686 2511 2756 Atque
2533 2687 2676 2741 hunc
2694 2686 3008 2740 deliciarum
3032 2686 3356 2753 paradisum,
3378 2700 3499 2738 eum
3526 2684 3695 2749 Edon,

2131 2776 2234 2831 ltoc
2258 2786 2363 2843 est,
2399 2778 2640 2832 terrestri
2667 2780 2914 2847 paradiso
2944 2776 3224 2831 confundit
3262 2776 3354 2831 lib.
3393 2793 3433 2841 t-,
3465 2779 3521 2829 in
3552 2775 3695 2830 Cen—

2133 2870 2246 2931 tic.,
2280 2883 2399 2936 pag.
2428 2867 2538 2934 42;
2574 2869 2651 2922 ait
2678 2868 2859 2922 enim:
2893 2886 2912 2919 ι
2950 2868 3051 2935 Qui
3087 2878 3265 2922 autem
3301 2868 3495 2936 dignus
3534 2868 3697 2924 luerit

2134 2959 2313 3013 redire
2339 2967 2393 3011 et
2417 2971 2541 3013 esse
2572 2972 2695 3011 cum
2735 2957 2975 3025 Christo,
3006 2958 3208 3027 quique
3237 2957 3289 3010 in
3318 2973 3485 3026 parvo
3522 2958 3693 3010 ﬁdelis

2135 3048 2384 3101 inventus
2412 3048 2780 3102 constituetur
2811 3063 2975 3117 super
3006 3048 3195 3111 multa,
3232 3045 3319 3101 ille
3348 3047 3609 3115 gustabit,
3641 3057 3693 3102 et

472 3142 613 3213 quod
654 3141 746 3195 tibi
826 3140 879 3193 in
933 3147 1113 3193 monte
1174 3148 1526 3193 monstratum
1601 3146 1702 3193 est.
1754 3156 1773 3189 ι
1840 3125 2315 3208 Atljicithapiet
2365 3138 2697 3206 voluptatem
2756 3138 3006 3202 Domini,
3054 3138 3343 3206 perductus
3400 3137 3464 3189 ad
3517 3136 3692 3190 locum

470 3232 631 3286 etiam
679 3231 732 3284 in
773 3244 982 3284 summo
1036 3229 1126 3283 illo
1172 3228 1311 3283 cmlo
1365 3227 1600 3282 futurum
1650 3229 1777 3283 illud
1825 3248 1844 3279 ε
1893 3230 2035 3299 quod

471 3331 731 3374 aeternum
762 3318 958 3372 dicitur
985 3316 1332 3385 Evangelium
1368 3327 1421 3371 et
1470 3315 1870 3371 Testamentum
1904 3332 2040 3372 sem-

473 3427 571 3481 per
598 3426 814 3476 novum,
837 3410 977 3478 quod
1015 3423 1287 3478 nunquam
1329 3417 1671 3463 veterascet:
1710 3428 1729 3461 ι
1761 3410 1816 3464 in
1865 3424 2038 3478 eaque

476 3505 685 3573 piorum
716 3513 856 3557 terra
884 3502 1148 3556 eruditum
1177 3503 1241 3555 iri
1270 3502 1336 3556 ab
1370 3503 1574 3572 angelis
1599 3504 1828 3567 animas,
1850 3518 2039 3573 quem-

475 3595 757 3651 admodum
790 3604 844 3649 et
876 3595 926 3648 in
968 3594 1410 3649 commemoratis
1447 3610 1608 3663 supra
1640 3597 2033 3666 mansionibus,

472 3685 643 3740 donec
679 3699 988 3753 supremum
1020 3682 1226 3751 adeptis
1253 3682 1449 3737 coelum
1483 3685 1552 3737 sit
1582 3683 1724 3740 Deus
1761 3686 1943 3741 omnia
1980 3688 2034 3741 in

474 3775 744 3832 omnibus.
778 3773 887 3828 Nec
921 3776 987 3828 ab
1027 3774 1109 3828 his
1149 3774 1353 3829 abludit
1392 3775 1579 3829 homil.
1647 3777 1672 3831 1
1730 3778 1787 3831 in
1825 3776 2035 3847 Genes.,

477 3883 625 3924 num.
658 3866 715 3931 2,
748 3881 868 3922 cum
904 3864 1095 3921 scribit
1127 3864 1323 3923 cmlum
1370 3865 1498 3919 illud
1532 3881 1839 3935 supremum
1882 3879 1933 3924 et
1958 3871 2038 3923 in-

480 3973 835 4028 corporeum,
882 3959 1025 4026 quod
1074 3958 1170 4015 Dei
1218 3959 1374 4012 sedes
1425 3967 1539 4023 est,
1584 3959 1818 4026 primum
1864 3975 1893 4013 a
1930 3960 2037 4016 Deo

478 4052 753 4106 conditum
778 4089 795 4115 ,
840 4051 1034 4106 deinde
1059 4066 1378 4120 corporeum
1410 4051 1628 4115 etelum,
1680 4051 1786 4106 hoc
1825 4061 1908 4107 est
1946 4052 2039 4105 lir-

478 4150 853 4196 mameutum:
905 4156 1029 4195 nam
1074 4143 1449 4211 incorporeum
1494 4141 1749 4211 appellat,
1784 4152 1843 4195 ut
1878 4158 2038 4211 supra

478 4231 838 4296 ostendimus,
863 4232 1003 4301 quod
1032 4242 1252 4302 propter
1288 4232 1546 4286 eximiam
1590 4232 1902 4287 tenuitatem
1940 4233 2038 4287 sub

477 4338 672 4378 sensus
715 4337 820 4376 nou
864 4323 1025 4377 cadit.
1067 4322 1194 4378 Item
1229 4323 1405 4392 capite
1432 4321 1620 4376 ultimo
1660 4322 1785 4377 libri
1830 4339 1867 4381 tt
1895 4323 2037 4391 Περὶ

475 4413 697 4483 ἀρχῶν,
725 4429 868 4467 num.
910 4413 967 4478 6,
995 4423 1275 4484 postquam
1310 4421 1525 4467 sanctos
1550 4428 1614 4467 ex
1648 4413 1751 4467 hac
1791 4413 1901 4467 vita
1927 4414 2037 4468 dis-

483 4500 739 4555 cedentes
784 4500 835 4553 in
867 4500 1154 4569 quemdam
1185 4509 1341 4554 terra:
1376 4501 1534 4571 hujus
1569 4502 1743 4557 locum
1776 4501 2037 4556 deveutu-

478 4605 565 4645 ros
597 4589 754 4653 dixit,
781 4591 870 4659 qui
891 4591 1172 4659 paradisus
1203 4589 1519 4660 appellatur,
1551 4590 1675 4645 inde
1707 4590 1849 4645 aeris
1879 4606 2033 4643 man-

475 4681 722 4736 sionibus
760 4695 825 4735 ac
863 4681 1175 4736 coelestibus
1217 4681 1537 4751 transgressi
1569 4683 1634 4736 ad
1681 4696 1744 4735 ea
1770 4697 1891 4751 quze
1928 4698 2035 4739 non

473 4775 748 4842 videntur,
794 4786 847 4830 et
888 4791 1007 4845 qua:
1058 4776 1277 4831 nomine
1321 4777 1585 4831 duntaxat
1628 4776 1781 4832 nobis
1820 4776 2033 4845 cognita

474 4874 621 4941 sunt,
652 4865 880 4921 alIirmat
918 4882 1260 4922 ascensuros.
1307 4866 1444 4922 Ilinc
1481 4868 1619 4922 libro
1659 4883 1730 4921 vn
1761 4868 1819 4921 in
1860 4866 2028 4935 Epist.

472 4965 543 5013 ad
576 4960 753 5025 Rom.,
794 4977 941 5016 num.
979 4962 1033 5027 5,
1072 4977 1192 5031 pag.
1228 4962 1351 5029 600,
1387 4977 1452 5017 ea
1500 4978 1618 5031 qua:
1666 4962 1838 5018 oculis
1875 4977 2033 5017 usur-

476 5062 692 5118 pantur,
730 5053 936 5106 aridam
971 5054 1225 5107 nimirum
1272 5054 1350 5107 vel
1392 5055 1789 5109 ﬁrmamentum
1826 5052 2034 5122 sperari

475 5152 640 5210 vetat,
685 5143 777 5197 sed
803 5160 920 5212 qua:
954 5144 1008 5197 in
1051 5145 1236 5199 oculos
1269 5160 1375 5199 non
1410 5146 1718 5210 incurrunt,
1755 5154 1809 5200 et
1833 5153 2036 5198 mlerna

476 5240 623 5297 sunt,
664 5249 856 5302 nempe
904 5234 1133 5289 coelum:
1173 5254 1191 5286 ι
1236 5236 1346 5289 lmo
1386 5236 1563 5305 potius
1590 5274 1606 5300 ,
1632 5235 1828 5303 inquit,
1870 5231 2036 5287 caelos

478 5328 648 5380 multo
686 5325 1068 5380 eminentiores
1109 5335 1166 5380 et
1202 5326 1531 5383 excelsiores
1577 5340 1737 5395 quam
1783 5334 1866 5379 est
1910 5323 2038 5379 illud

478 5422 875 5470 ﬁrmamentum
913 5417 1055 5485 quod
1104 5417 1276 5471 videri
1311 5416 1483 5471 oculis
1531 5425 1728 5485 potest,
1783 5433 1802 5466 ›
1845 5422 1899 5469 et
1937 5421 2042 5469 ter-

476 5523 589 5563 ram
650 5510 948 5563 mansuetis
998 5509 1363 5576 assignatam,
1418 5509 1662 5563 edicente
1702 5504 1958 5576 Apostolo
1998 5505 2043 5560 ll

479 5602 604 5656 Cor.
636 5616 711 5666 tv,
744 5600 845 5655 IS:
885 5619 904 5652 ι
940 5599 1054 5654 Νοιι
1093 5598 1587 5670 contemplantibus
1616 5598 1775 5653 nobis
1802 5612 1921 5665 quae
1964 5596 2043 5650 vi-

477 5693 690 5762 dentur,
732 5696 823 5751 sed
866 5710 984 5763 quae
1036 5709 1143 5749 non
1188 5695 1465 5749 videntur:
1511 5706 1629 5762 quae
1676 5690 1819 5745 enim
1860 5689 2045 5745 viden-
2094 5720 2099 5724 -

2064 4463 2114 4523 D

2135 3230 2443 3301 quemdam,
2472 3232 2562 3299 qui
2595 3245 2692 3300 pro
2720 3229 3023 3298 hujusmodi
3046 3229 3284 3283 ciborum
3318 3230 3489 3298 cOpiis
3517 3239 3575 3283 et
3605 3244 3693 3282 xa-

2134 3322 2448 3386 rietatibus,
2504 3322 2816 3377 deliciarum
2873 3322 3182 3375 nominatur
3235 3321 3401 3377 locus.
3469 3321 3693 3391 Propter

2134 3413 2277 3480 quod
2312 3421 2365 3466 et
2405 3414 2459 3465 in
2497 3412 2642 3466 Eden
2681 3413 2889 3481 positus
2921 3411 3139 3472 dicitur,
3174 3413 3315 3480 quod
3360 3412 3582 3467 delicias
3614 3415 3693 3466 iu-

2135 3505 2301 3557 dicat.
2335 3522 2354 3555 i
2389 3504 2506 3570 Quo
2549 3503 2617 3558 de
2665 3505 2905 3559 terrestri
2946 3504 3196 3575 paradiso
3242 3505 3368 3574 quid
3420 3506 3690 3569 senserit,

2136 3594 2274 3647 infra
2305 3593 2729 3663 explorabimus.

2206 3685 2343 3741 XIII.
2385 3686 2588 3741 Hausta
2630 3696 2756 3743 sunt
2796 3694 2852 3742 et
2901 3686 2989 3742 illa
3036 3688 3149 3742 fere
3189 3701 3221 3740 e
3251 3686 3491 3740 Platonis
3538 3686 3693 3740 fonti-

2134 3778 2276 3832 bus:
2312 3793 2437 3833 nam
2478 3779 2862 3833 beatitudinem
2898 3783 2950 3833 in
2990 3778 3081 3833 Dei
3132 3778 3485 3833 similitudine
3535 3777 3695 3830 sitam

2138 3867 2228 3923 Ille
2257 3868 2446 3924 voluit.
2477 3867 2667 3924 Testes
2702 3868 2949 3923 Laertius
2980 3869 3035 3921 in
3078 3867 3322 3932 Platone,
3350 3879 3408 3921 et
3449 3866 3695 3920 Clemens

2136 3960 2529 4016 Alexandrinus
2570 3960 2768 4016 Strom.
2805 3962 2899 4019 lib.
2939 3975 3000 4026 ιι,
3029 3961 3118 4028 qui
3145 3970 3198 4015 et
3224 3961 3276 4014 in
3307 3960 3495 4014 eadem
3532 3958 3696 4011 fuisse

2140 4050 2353 4107 Stoicos
2385 4052 2654 4107 sententia
2685 4053 3052 4115 demonstrat,
3097 4059 3157 4104 et
3196 4051 3494 4103 Abammon
3530 4047 3695 4118 Egy-

2139 4143 2284 4211 ptius
2316 4141 2369 4196 in
2390 4141 2743 4209 responsione
2788 4143 2854 4194 ad
2899 4139 3175 4210 epistolam
3195 4138 3496 4208 Porphyrii.
3542 4137 3689 4191 Plato

2139 4239 2399 4299 praeterea
2433 4230 2487 4283 in
2536 4228 2837 4293 Phwdane,‘
2869 4238 3152 4298 postquam
3200 4227 3398 4281 inferni
3447 4237 3695 4296 topogra-

2139 4324 2325 4392 phiam
2353 4322 2660 4390 descripsit,
2696 4330 2882 4374 narrat
2912 4322 3141 4386 animas,
3175 4336 3293 4390 quae
3320 4319 3584 4375 virtutem
3616 4323 3691 4375 iu-

2143 4425 2224 4469 ter
2253 4422 2308 4469 et
2339 4415 2529 4469 vitium
2563 4414 2791 4468 mediam
2846 4421 3135 4467 tenuerunt
3165 4414 3330 4475 viam,
3379 4422 3503 4479 post
3540 4412 3692 4467 latam

2139 4510 2205 4561 de
2243 4520 2302 4560 se
2351 4505 2675 4561 sententiam
2715 4506 2781 4557 ad
2826 4504 3187 4559 Acherontem
3235 4502 3530 4568 prolectas,
3570 4520 3697 4558 con-

2150 4598 2361 4653 scensis
2388 4596 2653 4651 vehiculis
2682 4597 2748 4649 ad
2774 4596 3192 4650 Aeherusiadem
3221 4595 3467 4664 paludem
3498 4598 3690 4664 depor-

2146 4688 2273 4752 tari,
2303 4686 2637 4755 expiatisque
2666 4685 2775 4739 illic
2802 4700 2897 4754 per
2927 4685 3185 4753 supplicia
3214 4684 3517 4739 sceleribus
3547 4686 3694 4750 solvi,

2140 4788 2195 4832 et
2225 4778 2445 4847 pramtia
2478 4778 2698 4833 tandem
2747 4790 2925 4828 rerum
2975 4775 3113 4829 bene
3157 4785 3430 4845 gestarum
3472 4776 3694 4837 referre.

2138 4879 2192 4924 ct
2218 4869 2285 4923 ad
2329 4867 2645 4921 animalium
2680 4867 2843 4920 etiam
2885 4866 3284 4933 generationem
3317 4881 3693 4934 nonnunquam

2138 4961 2386 5017 remitti:
2421 4975 2540 5029 qua:
2584 4974 2710 5013 vero
2763 4958 3156 5013 insanabilibus
3198 4972 3315 5011 sese
3364 4957 3695 5011 facinoribus

2142 5054 2449 5122 alligarunt,
2487 5051 2541 5105 in
2574 5050 2860 5104 Tartarum
2916 5049 3122 5118 absque
3167 5048 3271 5102 ulla
3307 5048 3477 5101 futuri
3526 5049 3696 5102 exitus

2141 5160 2235 5213 spe
2279 5143 2642 5212 praecipitari:
2701 5150 2758 5194 at
2808 5155 3037 5209 quorum
3084 5138 3308 5194 crimina
3350 5138 3537 5192 sanari
3579 5152 3695 5206 pos-

2144 5245 2291 5300 sunt,
2334 5233 2522 5304 projici
2555 5241 2610 5287 et
2664 5232 2783 5287 illas
2834 5233 2885 5286 in
2934 5232 3260 5293 Tartarum,
3300 5229 3394 5282 sed
3428 5239 3695 5283 transacto

2148 5326 2257 5380 illic
2295 5339 2436 5378 anno
2462 5363 2476 5388 ,
2520 5321 2684 5377 ﬂuctu
2721 5321 2847 5375 inde
2901 5322 3045 5391 ejici,
3086 5329 3140 5373 et
3176 5320 3245 5373 ad
3278 5320 3693 5374 Aclterusiadem

2149 5412 2373 5479 revolvi,
2409 5426 2508 5466 nec
2537 5420 2660 5465 ante
2707 5408 2951 5471 liberari,
2992 5420 3152 5475 quam
3199 5418 3292 5458 eos
3335 5405 3694 5464 exoraverint,

2149 5520 2284 5574 quos
2330 5504 2524 5572 injuria
2564 5500 2648 5555 vel
2682 5509 2855 5556 morte
2889 5496 3219 5552 affecerunt:
3250 5512 3368 5565 qua:
3392 5510 3583 5564 puram
3611 5509 3689 5547 au-

2153 5605 2258 5650 tem
2310 5604 2366 5648 et
2411 5595 2677 5648 insontem
2727 5593 2995 5647 duxerunt
3043 5587 3246 5650 vitam,
3290 5602 3393 5640 eas-
3432 5585 3691 5653 regionem

2150 5685 2441 5756 quamdam
2488 5683 2839 5752 superiorem,
2888 5691 2942 5737 et
2976 5678 3184 5735 deliciis
3216 5675 3544 5739 allluentcm,
3590 5685 3687 5741 qua
