3860 6226
148 337 286 391 ιυει

967 333 1537 390 OELZCENIANODUM
1577 336 1705 391 LIB.
1748 336 1813 400 ll,
1853 336 2004 392 CAP.
2042 337 2106 401 Il,
2147 337 2418 403 QUASST.
2460 338 2552 393 XI.

3246 340 3380 393 l022

152 470 317 512 terra:
363 457 768 527 supereminet,
823 458 1153 521 ascendere;
1210 458 1602 528 ironnullasque
1653 476 1718 515 ex
1748 470 1793 522 Α
1822 460 2017 514 anima:
2055 454 2268 530 quidem
2323 462 2601 523 fuerimus,
2653 461 2745 513 sed
2799 474 2950 513 mens
2980 469 3033 513 et
3073 474 3265 513 sensus
3312 459 3379 513 ad

152 548 221 600 iis
257 547 608 617 philosophiae
654 549 936 619 prmceptis
979 550 1253 603 institutas
1285 566 1543 620 corporea
1578 552 1717 607 mole

150 637 371 691 liberari
409 639 642 706 penitus,
694 649 749 691 et
784 639 835 691 in
885 639 1181 693 ammniora
1232 639 1347 693 loca
1396 643 1715 697 concedere.

151 726 431 797 Praecipue
485 730 777 784 notandum
825 731 974 784 venit
1024 731 1153 785 illud
1206 731 1400 785 Plotini
1455 732 1595 786 Enn.
1634 748 1716 795 ιιι,

153 820 249 876 lib.
290 835 361 882 tv,
400 834 517 890 cap.
560 820 615 884 6,
654 835 763 889 quo
813 821 1115 875 animarum
1163 822 1227 875 ad
1275 823 1549 889 superiora
1593 838 1719 890 pro-

153 927 467 979 gressarum
498 912 782 966 nonnullas
806 923 1079 966 asseverat
1104 914 1156 966 in
1192 912 1372 967 sensili
1399 915 1503 967 hoc
1522 913 1719 967 mundo

154 1006 325 1058 vitam
386 1018 568 1073 agere,
614 1002 748 1057 alias
781 1014 933 1057 extra
978 1004 1122 1057 hunc
1166 1005 1459 1059 mundum:
1506 1020 1623 1074 quae
1664 1005 1719 1059 in

156 1096 342 1150 sensili
376 1096 577 1149 mundo
611 1092 847 1165 degunt,
893 1095 1028 1149 alias
1058 1109 1224 1164 penes
1264 1094 1458 1159 solem,
1504 1095 1589 1149 vel
1620 1095 1724 1149 ali-

156 1202 319 1255 quem
346 1186 635 1254 planetam,
667 1187 803 1241 alias
837 1190 887 1240 in
916 1187 1255 1240 tirmamento
1282 1202 1452 1240 aevum
1494 1187 1719 1256 agitare,

158 1292 594 1347 unamquamque
643 1293 741 1347 pro
791 1280 1016 1333 meritis.
1078 1279 1388 1334 Dictavcrat
1438 1294 1568 1333 vero
1610 1279 1721 1348 jam

158 1381 287 1424 ante.
316 1370 667 1439 Pythagoras,
709 1378 767 1423 ut
814 1370 982 1425 refert
1019 1370 1264 1425 Laertius
1305 1371 1358 1425 in
1392 1369 1720 1441 Pythagora,

158 1459 299 1516 εἷναι
328 1463 504 1516 πάντα
535 1463 625 1515 τὸν
653 1462 789 1532 ἀέρα
820 1462 1006 1532 ψυχῶν
1038 1462 1310 1533 ἔμπλεων,
1345 1479 1364 1512 r
1398 1477 1574 1516 aerem
1607 1478 1723 1516 om-

156 1533 284 1606 item
316 1553 512 1607 animis
544 1556 763 1621 plenum
798 1567 939 1608 esse.
989 1572 1009 1604 ι
1043 1552 1219 1621 Atque
1261 1553 1374 1607 haec
1405 1552 1722 1621 interpolata

157 1639 421 1705 Origenes
485 1638 551 1693 ad
634 1637 929 1708 Scriptum:
994 1654 1163 1696 sacra:
1230 1640 1389 1696 eﬂ‘ata
1452 1650 1723 1711 utcunque

158 1730 385 1799 aptavit.

1820 550 2115 619 perfectum
2149 553 2390 613 veniens,
2424 552 2677 620 nulloque
2707 551 3164 620 Perturbationum
3198 550 3380 605 nubilo

1820 642 2075 711 caligans,
2110 643 2408 696 intuebitur
2436 642 2730 712 (legendum
2760 643 3000 709 fortasse,
3030 642 3377 711 intuebimur)

1824 732 2192 795 rationabiles,
2248 730 2720 801 intelligibilesque
2754 732 3083 785 substantias
3127 731 3263 785 facie
3313 733 3377 785 ad

1822 825 2037 880 faciem.
2087 845 2103 876 ι
2155 825 2277 895 Legi
2314 826 2471 878 velim
2517 834 2571 877 et
2632 832 2883 892 quartum
2928 822 3166 887 ejusdem
3220 832 3381 891 caput

1822 918 2083 987 epistolm,
2116 932 2223 985 quo
2253 916 2454 970 dixisse
2484 916 2772 985 Origenem
2808 913 2985 982 prodit
3022 912 3380 982 Hieronymus

1823 1012 2082 1063 adversus
2126 1009 2333 1062 animas
2362 1009 2413 1060 in
2452 1022 2631 1062 rerum
2669 1006 2773 1060 fine
2805 1004 2869 1057 ad
2917 1006 3190 1059 caelestem
3219 1003 3379 1058 Jeru-

1822 1099 1988 1153 salem
2015 1108 2364 1166 pr0perantes
2386 1096 2815 1150 adversariarum
2843 1095 3218 1149 fortitudinum
3243 1092 3382 1147 bella

1823 1200 2174 1259 consurgere,
2226 1206 2294 1244 ne
2331 1190 2632 1243 animarum
2668 1188 3008 1244 remollescat
3048 1186 3238 1251 virtus,
3289 1185 3382 1239 sed

1823 1292 1884 1336 ut
1943 1284 2144 1353 praeliis
2203 1284 2458 1337 exercitas
2507 1297 2700 1337 novum
2746 1281 2956 1335 roboris
2989 1281 3382 1334 incrementum

1824 1376 2062 1443 Capiant.
2113 1372 2307 1444 Tangit
2348 1373 2399 1425 id
2448 1381 2503 1427 et
2547 1372 2876 1441 Theophilus
2924 1369 3115 1422 Pasch.
3151 1385 3223 1432 ιι,
3260 1383 3382 1422 cum

1826 1465 2124 1519 somniasse
2176 1464 2308 1517 dicit
2352 1463 2642 1533 Origenem
2678 1481 2697 1513 ι
2743 1464 3037 1517 ascendere
3085 1461 3293 1515 animas
3326 1461 3381 1512 in

1824 1558 2023 1612 cmlum
2055 1566 2111 1612 et
2147 1556 2519 1619 descendere;
2559 1566 2614 1611 et
2646 1571 2787 1609 nunc
2824 1556 3111 1624 prolicere,
3144 1568 3288 1607 nunc
3319 1553 3386 1605 ad

1825 1648 2082 1702 inferiora
2111 1648 2307 1704 delabi.
2351 1668 2369 1699 ι
2407 1648 2687 1702 Variarum
2722 1662 2937 1717 quoque
2971 1646 3094 1700 cmli
3147 1644 3383 1698 mansio-

1826 1756 1953 1794 num
1986 1740 2297 1809 figmentum
2348 1739 2665 1809 perstringit
2698 1738 2854 1806 paulo
2885 1736 3137 1800 inferius,
3187 1736 3386 1789 dixisse

231 1822 398 1877 Terra
459 1831 638 1877 autem
690 1822 777 1878 illa
828 1824 1151 1881 ﬁrmamenti
1215 1826 1469 1881 convexis
1511 1826 1719 1882 incum-
1752 1826 1796 1883 B
1821 1828 2106 1901 Origenem
2153 1831 2390 1896 tradens,
2429 1848 2448 1879 ι
2489 1844 2717 1899 corpora
2758 1844 2877 1897 quae
2927 1835 3232 1896 resurgunt,
3264 1836 3385 1895 post

158 1912 317 1977 hens,
356 1928 519 1982 quam
560 1914 811 1968 describit
844 1914 1224 1978 Adamantius,
1271 1916 1423 1970 alteri
1458 1917 1582 1971 huic
1612 1932 1728 1985 per-

161 2006 361 2061 similis
394 2016 496 2068 est,
526 2021 686 2075 quam
725 2006 861 2061 libro
902 2006 1091 2060 eodem
1136 2006 1287 2061 Plato
1315 2018 1724 2075 commemorat,

160 2098 251 2153 ubi
299 2098 395 2160 ait,
437 2099 607 2171 αὐτὴν
632 2098 727 2169 τὴν
762 2100 865 2169 γῆν
904 2099 1147 2170 καθαρὰν
1175 2100 1230 2153 ὲν
1260 2100 1481 2173 καθαρῷ
1516 2101 1725 2155 κεῖσθαι

162 2190 242 2260 τῷ
262 2189 493 2262 οὐρανῷ,
522 2192 579 2244 ἐν
608 2185 759 2263 ᾧπέρ
786 2194 901 2245 ἐστι
922 2193 989 2247 τὰ
1003 2194 1199 2265 ἄστρα,
1222 2193 1279 2247 ὃν
1302 2194 1364 2264 δὴ
1396 2193 1589 2265 αἰθέρα
1610 2195 1727 2249 ὀνο-

166 2282 359 2352 μάζειν
386 2285 510 2346 τοὺς
552 2284 778 2348 πολλοὺς
804 2285 912 2338 τῶν
952 2286 1079 2356 περὶ
1109 2286 1177 2339 τὰ
1208 2286 1427 2340 τοιαῦτα
1464 2287 1728 2343 εἰωθότων

162 2375 361 2445 λέγειν·
381 2368 440 2428 οὗ
469 2376 532 2446 δὴ
554 2376 904 2448 ὑποστάθμην
919 2378 1089 2431 ταῦτα
1121 2375 1277 2441 εἶναι,
1294 2381 1389 2434 καὶ
1416 2380 1629 2452 ξυρῤεϊν
1644 2382 1730 2434 del.

164 2465 326 2531 εἰςτὰ
350 2467 500 2520 κοῖλα
520 2468 619 2537 τῆς
650 2470 771 2539 γῆς·
804 2487 822 2520 r
857 2468 1049 2523 Puram
1082 2477 1278 2523 terram
1309 2470 1359 2524 in
1394 2486 1527 2538 puro
1559 2472 1726 2526 sitam

165 2572 288 2611 esse
326 2557 460 2611 emlo
501 2558 553 2611 in
583 2573 691 2627 quo
723 2568 848 2613 sunt
887 2566 1053 2623 astra,
1085 2563 1225 2629 quod
1254 2560 1402 2614 multi
1440 2575 1505 2614 ex
1539 2561 1603 2615 iis
1634 2563 1726 2631 qui

166 2650 473 2718 hujusmodi
505 2652 569 2705 de
598 2649 757 2705 rebus
790 2652 1055 2707 disserere
1091 2652 1285 2717 solent,
1327 2654 1588 2707 aetherem
1640 2667 1731 2721 ap-

166 2742 386 2810 pellant,
420 2740 571 2809 cujus
603 2743 713 2798 haec
749 2756 873 2797 esse
903 2742 1111 2809 faecem,
1138 2754 1193 2797 et
1224 2744 1276 2797 in
1304 2759 1536 2799 concava
1572 2753 1731 2798 terrae

167 2848 381 2903 semper
405 2834 696 2889 conﬂuere.
734 2852 752 2885 ›
799 2833 934 2888 Hinc
962 2834 1326 2889 Tertullianus
1366 2834 1460 2889 lib.
1499 2834 1573 2889 De
1616 2836 1732 2887 ani-

167 2941 277 2985 ma.
308 2938 429 2993 cap.
464 2923 566 2978 55:
604 2942 621 2974 ι
649 2924 755 2978 Sed
788 2924 840 2977 in
872 2925 1074 2979 aethere
1107 2924 1358 2978 dormitio
1396 2935 1577 2977 nostra
1607 2937 1731 2978 cum

173 3015 355 3083 pueris
390 3014 664 3080 Platonis;
704 3024 797 3069 aut
836 3014 887 3068 in
920 3029 1063 3078 aere,
1110 3029 1228 3068 cum
1259 3014 1427 3082 Ario;
1458 3023 1550 3068 aut
1588 3015 1732 3069 circa

172 3105 391 3170 lunam,
440 3119 561 3159 cum
614 3105 1037 3175 Endymionihus
1083 3104 1408 3159 Stoicorum.
1446 3125 1464 3157 ι
1511 3105 1731 3160 Vetusta

172 3168 387 3265 quoque
437 3194 526 3250 illa
563 3168 843 3265 poetarum
891 3194 1156 3263 theologia
1208 3196 1485 3249 beatorum
1522 3196 1730 3250 animas
1758 3168 1800 3227 θ

170 3289 228 3345 in
271 3299 470 3343 terram
500 3287 813 3357 quamdam,
839 3286 1078 3355 Elysium
1106 3300 1296 3353 nempe
1321 3301 1529 3352 nemus,
1564 3286 1730 3354 recipi

171 3377 423 3435 canebat.
456 3377 586 3432 Inde
615 3377 943 3432 Christianis
983 3375 1286 3443 objectabat
1316 3375 1501 3431 Celsus
1533 3390 1631 3429 nos
1663 3375 1732 3430 ab

177 3467 413 3530 ethnicis
439 3467 659 3522 edoctos
689 3466 888 3520 dixisse
921 3466 1161 3520 abituras
1193 3474 1313 3534 post
1355 3475 1580 3519 mortem
1618 3466 1734 3519 ani-

174 3574 293 3613 mas
326 3559 379 3612 in
411 3558 573 3612 aliam
602 3568 802 3614 terram
835 3559 936 3613 hac
965 3558 1261 3613 meliorem.
1294 3557 1429 3611 Tum
1456 3573 1585 3612 vero
1625 3572 1736 3611 ma-

175 3651 333 3720 gistri
363 3650 445 3705 sui
481 3649 765 3719 Origenem
806 3651 995 3721 puduit
1033 3650 1164 3721 (49),
1197 3659 1251 3704 et
1289 3665 1406 3719 quae
1448 3665 1477 3702 a
1514 3648 1735 3703 Platone

174 3743 458 3808 didicerat,
515 3741 719 3797 referre
764 3742 952 3796 maluit
1007 3744 1071 3796 ad
1114 3743 1385 3813 Moysem,
1440 3742 1530 3812 qui
1580 3741 1735 3795 bonis

177 3836 344 3893 Deum
376 3834 587 3890 induxit
630 3833 1051 3902 promittentem
1074 3844 1273 3888 terram
1308 3834 1445 3916 lacte
1484 3842 1537 3888 et
1582 3833 1737 3889 melle

174 3936 523 3993 manantem;
556 3924 707 3994 cujus
739 3925 1041 3996 symbolum
1076 3940 1196 3981 esse
1228 3934 1281 3980 et
1312 3926 1595 3995 imaginem
1636 3924 1733 3980 Ju-

173 4019 349 4077 dzeam
382 4018 520 4073 hanc
546 4030 814 4073 terrenam
838 4027 891 4070 et
914 4016 1213 4077 Jerusalem
1243 4018 1396 4085 dixit,
1422 4017 1574 4086 juxta
1601 4017 1739 4086 Apo-

176 4110 376 4166 stolum
425 4110 590 4166 llebr.
624 4126 723 4177 xu,
749 4110 841 4167 22.
871 4110 928 4164 ln
975 4125 1165 4165 eorum
1211 4122 1583 4182 argumentum
1618 4111 1739 4180 qui-

176 4204 406 4258 busdam
438 4203 612 4258 utitur
648 4203 867 4257 Davidis
920 4204 1244 4259 testimoniis
1270 4246 1286 4272 ,
1317 4198 1473 4274 'frugi
1508 4202 1739 4260 homini-

176 4296 282 4348 bus
324 4309 484 4348 terra:
522 4294 800 4364 cujusdam
838 4294 1206 4349 haereditatem
1237 4294 1558 4364 pollicentis.
1594 4294 1738 4348 Illius

178 4401 395 4455 quoque
439 4394 599 4441 terra:
640 4399 880 4457 gemmas
913 4388 981 4442 ab
1032 4386 1165 4441 lsaia
1214 4401 1327 4452 uv,
1362 4386 1448 4449 η,
1503 4396 1735 4440 transtu-

1828 1921 1995 1975 multa
2040 1924 2235 1975 saecula
2281 1921 2332 1974 in
2387 1918 2609 1972 nihilum
2663 1916 3024 1976 dissolvenda,
3078 1929 3175 1968 nec
3207 1913 3384 1967 futura

1827 2014 2047 2082 aliquid,
2083 2014 2187 2068 nisi
2218 2029 2339 2067 cum
2373 2012 2439 2066 de
2480 2010 2744 2065 crelorum
2790 2006 3161 2062 mansionibus
3191 2005 3387 2059 anima:

1826 2107 1892 2160 ad
1928 2106 2182 2161 inferiora
2214 2106 2453 2170 dilapsae,
2503 2102 2833 2173 indignerint
2887 2100 3059 2162 novis,
3108 2113 3227 2167 qua:
3273 2097 3381 2149 alia

1826 2214 2039 2255 rursum
2076 2198 2226 2263 fiant,
2278 2196 2544 2266 prioribus
2592 2194 2811 2249 omnino
2855 2191 3064 2245 deletis.
3117 2208 3135 2239 ›
3191 2186 3380 2241 Totam

1827 2293 1966 2346 hanc
2014 2292 2174 2345 etiam
2230 2291 2294 2344 de
2342 2288 2483 2344 cmlo
2522 2302 2681 2350 novo,
2712 2296 2764 2339 et
2813 2293 2957 2338 terra
3008 2297 3169 2344 nova,
3213 2281 3385 2349 deque

1827 2382 2033 2439 cmlesti
2080 2382 2172 2436 illo
2211 2381 2429 2442 mundo,
2487 2378 2645 2446 hujus
2684 2376 2852 2431 nostri
2902 2373 3181 2442 persimili,
3230 2388 3384 2427 com-

1828 2474 2215 2530 mentationem
2240 2472 2487 2527 exsufﬂat
2511 2471 2871 2540 Hieronymus
2899 2467 3089 2536 capJ,
3108 2466 3266 2535 epist.
3293 2464 3385 2531 59,

1830 2566 1897 2620 ad
1932 2566 2074 2618 Avit.
2106 2565 2174 2618 At
2212 2564 2482 2617 immerito
2516 2562 2804 2632 Origenem
2840 2558 3019 2628 culpat
3060 2555 3390 2626 Epiphanius

1830 2656 1963 2710 liter.
1995 2671 2139 2718 thv,
2188 2670 2306 2724 cap.
2356 2656 2411 2714 4,
2463 2655 2604 2723 qnod
2656 2651 2967 2708 Davidicum
3018 2648 3146 2701 illud
3191 2646 3386 2717 psalm.

1829 2762 1974 2813 cxrv,
2029 2748 2079 2813 7,
2139 2766 2157 2797 ι
2214 2746 2563 2808 Convertere,
2621 2744 2798 2797 anima
2854 2758 2994 2807 mea,
3042 2743 3096 2796 in
3147 2738 3387 2808 requiem

1831 2847 1999 2903 tuam,
2032 2858 2050 2890 ι
2087 2839 2153 2893 ad
2184 2837 2426 2907 requiem
2452 2836 2594 2890 illam
2624 2835 2895 2890 caelestem
2932 2834 3196 2898 retulerit,
3226 2847 3387 2902 quam

1829 2931 1900 2984 ob
1932 2928 2194 2999 praeclara
2234 2929 2286 2982 in
2314 2928 2424 2982 vita
2460 2928 2562 2981 hac
2598 2937 2750 2997 gesta
2780 2926 2955 2979 anima
3001 2924 3389 2992 consequitur;

1832 3027 2002 3073 totum
2032 3017 2228 3087 quippe
2254 3016 2398 3070 hunc
2427 3014 2685 3085 psalmum
2711 3014 2897 3068 eodem
2934 3012 3099 3068 refert
3131 3010 3389 3065 Ecclesia.

1832 3112 2161 3181 Augustinus
2211 3109 2265 3163 in
2316 3108 2452 3162 libro
2506 3106 2582 3160 De
2612 3106 2892 3160 hwresibus
2933 3120 2951 3157 :
2983 3123 3002 3155 ‹
3050 3102 3389 3166 Paradisum,

1833 3210 1889 3256 et
1924 3201 2113 3266 caelos,
2148 3208 2205 3254 et
2231 3199 2334 3253 alia
2365 3214 2469 3253 non
2504 3198 2733 3252 credunt
2768 3194 3123 3266 (Origeniani)
3153 3207 3272 3248 esse
3303 3207 3391 3247 se-

1833 3293 2068 3347 cundum
2107 3292 2362 3356 litteram,
2404 3291 2495 3345 sed
2552 3291 2604 3343 in
2653 3288 2930 3360 allegoria.
2968 3306 2989 3340 ι
3024 3287 3262 3356 Denique
3292 3283 3391 3338 Mi-

1834 3384 1988 3439 chael
2020 3383 2218 3453 Glycas
2254 3383 2448 3437 Annal.
2494 3390 2634 3452 part.
2670 3399 2687 3437 ι
2721 3390 2775 3436 et
2822 3397 2873 3435 IV
2916 3387 3078 3436 vexat
3106 3378 3393 3448 Origenem

1834 3478 1935 3533 hoc
1976 3480 2210 3542 nomine,
2245 3479 2521 3547 ipsiusque
2553 3476 2877 3531 sententiam
2909 3489 2939 3528 a
2981 3472 3189 3528 Joanne
3217 3470 3395 3541 Chry-

1835 3580 2072 3625 sostomo
2107 3568 2442 3641 proﬂigatam
2473 3576 2882 3624 commemorat.

1914 3664 2028 3719 XV.
2067 3664 2317 3718 Attamen
2352 3670 2541 3717 contra
2578 3668 2655 3715 tot
2683 3656 3110 3714 adversariorum
3160 3652 3398 3709 assultus

1836 3760 2055 3830 Origeni
2099 3756 2350 3827 praesidio
2390 3766 2474 3808 est
2524 3754 2640 3807 haec
2698 3751 2867 3822 ipsius
2915 3747 3200 3804 obtestatio
3246 3746 3340 3800 lib.
3377 3760 3396 3799 ι

1836 3854 1977 3924 Περὶ
2000 3852 2221 3923 ἀρχῶν,
2256 3865 2376 3919 cap.
2410 3850 2465 3913 6,
2498 3863 2644 3901 num.
2683 3848 2733 3910 l,
2762 3860 2864 3914 qua
2889 3843 3097 3897 animos
3137 3840 3394 3894 lectorum

1837 3950 1903 4004 ad
1956 3961 2117 4016 supra
2161 3942 2407 4012 exposita
2436 3941 2682 4010 dogmata
2726 3937 2800 3991 ita
2847 3933 3171 4006 prmmunit:
3211 3949 3231 3983 ι
3268 3930 3397 3998 Quae

1837 4040 2053 4111 quidem
2080 4053 2111 4091 a
2148 4036 2300 4091 nobis
2332 4034 2494 4089 etiam
2532 4048 2654 4087 cum
2694 4044 2891 4100 magno
2928 4036 3070 4081 metu
3098 4035 3151 4081 et
3188 4022 3399 4081 cautela

1840 4134 2114 4195 dicuntur,
2146 4127 2561 4185 discutientibus
2600 4123 2771 4193 magis
2818 4130 2873 4176 et
2920 4118 3398 4191 pertractantibus,

1839 4240 1998 4295 quam
2034 4238 2133 4294 pro
2166 4230 2314 4276 certo
2339 4235 2404 4275 ac
2433 4217 2654 4273 deﬁnito
2692 4213 3073 4269 statuentibus.
3102 4210 3399 4265 lndicatum

1840 4330 2072 4384 namque
2121 4330 2150 4368 a
2193 4313 2348 4368 nobis
2402 4312 2456 4365 in
2507 4308 2877 4377 superioribus
2913 4315 3015 4370 est,
3046 4319 3166 4374 qua:
3198 4302 3303 4357 sint
3334 4299 3402 4354 de

1840 4409 2035 4477 quibus
2069 4406 2356 4460 manifesto
2385 4404 2635 4470 dogmate
2690 4397 3083 4453 terminandum
3128 4395 3220 4457 sit,
3260 4392 3401 4461 quod

178 4479 311 4537 “53°
343 4476 620 4533 Ρίθιοηθω
674 4477 988 4544 "bium",
1040 4492 1105 4533 ³ο
1152 4478 1359 4548 reliqua
1396 4477 1580 4531 “idem
1621 4491 1739 4545 qua
1773 4502 1817 4557 D
1845 4476 1899 4553 et
1921 4512 2020 4567 pro
2050 4495 2253 4550 viribus
2292 4508 2391 4547 nos
2432 4490 2621 4545 fecisse
2658 4497 2785 4556 puto
2808 4526 2823 4550 ,
2859 4500 2980 4538 cum
3028 4483 3095 4536 de
3139 4479 3404 4534 Trinitate

182 4571 252 4625 ad
289 4572 427 4625 hanc
469 4569 704 4625 fabulam
756 4570 1058 4640 pertinent,
1112 4570 1562 4639 quemadmodum
1607 4579 1663 4623 et
1712 4584 1743 4623 a

185 4662 391 4733 Moyse,
426 4662 653 4731 aliisque
680 4662 978 4732 prophetis.
1007 4664 1258 4733 Aggzeum
1275 4676 1402 4717 vero
1427 4661 1741 4715 nominatim

182 4758 388 4821 laudat,
432 4758 522 4825 qui
551 4771 670 4825 cap.
706 4772 769 4822 ιι,
801 4771 941 4813 vers.
965 4756 1021 4819 7,
1046 4765 1243 4810 terram
1278 4755 1345 4809 ab
1389 4753 1537 4808 arida
1567 4753 1744 4807 mani-

183 4852 325 4905 feste
350 4850 654 4919 distinguit.

258 4940 398 4996 XIV.
432 4939 789 5013 Origenianos
820 4954 1034 4996 errores
1063 4938 1215 4995 libris
1250 4938 1391 5007 Περὶ
1434 4938 1636 5007 ἀρχῶν
1665 4938 1745 4992 in-

188 5044 368 5091 sertos
387 5049 713 5104 percensens
744 5034 1100 5104 Hieronymus
1126 5033 1178 5087 in
1206 5032 1364 5101 epist.
1392 5031 1559 5095 59,ad
1583 5030 1750 5091 Avit.,

192 5135 520 5182 memoratos
550 5128 671 5183 illos
704 5128 771 5183 de
800 5132 1049 5194 suprema
1092 5124 1370 5189 felicitate,
1417 5138 1479 5177 ac
1521 5120 1753 5176 diversis

193 5218 469 5273 fclicitatis
514 5220 774 5289 gradibus
821 5218 1045 5272 minime
1094 5215 1460 5285 praetermisit.
1508 5213 1750 5268 Primum

190 5308 350 5378 hujus
388 5310 628 5379 epistolae
674 5317 836 5378 caput
876 5308 979 5377 legi
1004 5308 1185 5364 velim.
1228 5321 1293 5360 ac
1326 5306 1555 5361 alterum
1601 5304 1751 5370 item,

190 5402 334 5470 quod
363 5403 414 5456 in
451 5403 535 5458 his
566 5402 770 5469 verbis,
806 5418 836 5457 e
866 5402 971 5456 line
1010 5399 1233 5454 secundi
1264 5398 1340 5453 De
1389 5397 1657 5469 principiis
1686 5395 1751 5449 li-

196 5490 279 5545 bri
310 5493 515 5560 petitis,
548 5491 783 5547 desinit:
816 5511 836 5544 ι
866 5491 1109 5560 Cumque
1138 5490 1416 5544 intantum
1451 5488 1751 5558 profeceri-

193 5595 333 5642 mus,
366 5590 426 5635 ut
452 5596 791 5652 nequaquam
822 5597 1012 5638 carnes
1044 5590 1098 5637 et
1127 5595 1373 5649 corpora,
1417 5580 1643 5636 forsitan
1685 5599 1750 5641 ne

265 5693 311 5724 "
335 5691 490 5747 Joan.
520 5694 760 5759 xvn,15.

269 5784 379 5859 (69)
408 5786 555 5858 Orig.
586 5788 677 5847 lib.
708 5804 779 5845 vn
807 5798 987 5843 contra
1022 5787 1251 5856 Celsum,
1282 5804 1429 5844 num.
1459 5787 1550 5855 29,
1581 5787 1666 5842 50.

1849 4590 2212 4658 loqueremur.
2244 4582 2396 4638 Nunc
2430 4592 2611 4636 autem
2650 4575 2957 4647 disputandi
2998 4572 3177 4643 specie
3210 4568 3399 4637 magis,

1845 4696 2005 4751 quam
2060 4677 2368 4741 definiendi,
2426 4682 2585 4745 prout
2631 4684 2938 4743 possumus,
2990 4676 3324 4721 exercemur.
3378 4678 3397 4711 ι

1845 4774 1926 4828 Ad
1962 4774 2076 4827 haec
2115 4772 2253 4825 libro
2287 4767 2552 4838 sequenti,
2599 4782 2719 4834 cap.
2766 4763 2820 4827 5,
2873 4776 3019 4815 num.
3064 4756 3118 4821 6,
3154 4754 3281 4826 quid
3313 4761 3406 4806 aut

1847 4878 1953 4933 quo
1988 4862 2105 4915 loco
2149 4860 2221 4915 sit
2262 4859 2365 4913 iste
2393 4858 2644 4919 nnmdus,
2680 4869 2708 4907 e
2732 4867 2839 4922 quo
2869 4850 3085 4905 venisse
3120 4860 3179 4902 se
3207 4842 3407 4911 signifia

1849 4956 2002 5010 cabat
2037 4953 2312 5015 Servator,
2344 4964 2464 5005 cum
2516 4948 2747 5010 diccbat,
2806 4961 2824 4994 ι
2865 4942 2975 5012 Ego
3035 4954 3139 4994 non
3179 4952 3294 4992 sum
3341 4934 3409 4989 de

1850 5048 1954 5102 hoc
1990 5044 2189 5099 mundo
2238 5044 2304 5109 ⁸⁸,
2356 5062 2374 5095 ι
2433 5057 2538 5095 non
2581 5039 2717 5093 satis
2765 5041 3076 5091 constanter
3124 5027 3403 5099 prodidit:

1855 5151 1873 5183 ι
1917 5132 2023 5186 Sed
2078 5140 2257 5184 utrum
2313 5128 2541 5183 mundus
2598 5126 2722 5187 iste,
2786 5122 2978 5191 inquit,
3025 5133 3182 5188 quem
3220 5115 3406 5172 sentiri

1848 5223 1986 5289 vult,
2038 5231 2320 5293 separatus
2368 5222 2435 5275 ab
2475 5219 2579 5273 hoc
2632 5218 2725 5281 sit,
2760 5214 3026 5285 longeque
3052 5204 3283 5272 divisus,
3324 5204 3408 5258 vel

1850 5314 1987 5381 loco,
2016 5313 2099 5368 vel
2134 5311 2417 5382 qualitate,
2473 5309 2557 5365 vel
2604 5307 2812 5378 gloria;
2863 5319 2929 5357 an
2964 5301 3131 5372 gloria
3166 5298 3406 5368 quidem,

1851 5414 1906 5460 et
1957 5404 2217 5475 qualitate
2264 5400 2556 5471 prazcellat,
2605 5400 2745 5453 intra
2791 5405 2974 5449 tamen
3022 5390 3205 5446 mundi
3247 5386 3407 5475 huius

1853 5473 2405 5564 circumscriptionem
2440 5490 2778 5554 cohibeatur,
2812 5482 2953 5554 quod
2984 5490 3041 5537 et
3065 5478 3196 5533 mihi
3238 5473 3407 5544 magis

1855 5586 2152 5645 verisimile
2176 5585 2413 5650 videtur,
2450 5583 2712 5639 incertum
2744 5585 2925 5632 tamen
2968 5580 3075 5638 est,
3098 5576 3156 5623 ut
3182 5578 3282 5635 ego
3313 5576 3404 5617 ar-
