3860 6226
520 332 658 387 1023

1792 331 1850 385 P.
1896 327 2211 383 DANlELlS
2251 326 2485 382 HUETII
3652 329 3757 381 Mi.

519 448 717 512 bitror,
749 457 803 502 et
834 448 1083 504 humanis
1125 449 1302 505 adhuc
1356 452 1772 521 cogitationibus
1810 461 1866 505 et
1896 451 2087 504 mcnti-
2117 458 2163 511 Α
2198 463 2340 511 ram,
2377 462 2500 500 cum
2533 447 2671 500 Dens
2704 446 2813 499 erit
2842 447 3023 500 omnia
3058 446 3113 500 in
3144 446 3394 501 omnibus
3422 463 3440 509 ;
3488 454 3757 513 causam.

516 539 618 594 bus
664 541 978 594 inusitatum
1021 557 1090 606 ς)
1150 542 1343 597 deinde
1386 545 1582 612 triplici
1630 545 1695 598 de
1748 559 1930 596 rerum
1959 556 2090 595 ccu-

516 634 876 687 snmtnatione
917 644 971 688 et
1023 649 1234 688 summa
1274 637 1607 691 beatitudine
1657 637 1933 707 proposita
1970 650 2092 688 sen-

514 724 715 788 tentia,
787 726 852 777 ad
924 725 1222 793 quamlibet
1292 731 1720 796 persequendam
1799 727 2092 795 unicuique

513 816 723 870 arbitrii
780 817 865 869 sui
930 817 1232 872 libertatem
1297 820 1583 888 permittit.
1640 819 1710 872 Et
1757 827 2089 887 postremum

518 907 733 959 tandem
793 916 956 975 caput
1007 906 1128 963 libri
1168 924 1251 973 Ill,
1303 908 1380 963 De
1438 910 1691 978 princip.,
1722 910 1866 977 quod
1897 917 1978 961 est
2014 907 2090 960 De

513 1000 972 1051 consummatione
998 1000 1202 1064 mundi,
1234 998 1436 1055 claudit
1464 1001 1547 1055 his
1583 1001 1763 1054 verbis
1789 1020 1802 1055 :
1832 1019 1851 1053 ι
1891 1000 2088 1055 [lacte-

512 1104 615 1142 nus
652 1089 807 1142 nobis
832 1091 993 1143 etiam
1028 1106 1302 1160 corporeae
1321 1103 1532 1147 naturae
1566 1093 1645 1146 vel
1672 1093 1933 1161 spiritalis
1963 1108 2087 1146 cor-

513 1174 661 1243 poris
696 1176 902 1229 ratione
950 1178 1216 1242 discnssa,
1271 1181 1500 1234 arbitrio
1554 1180 1782 1246 legentis
1826 1181 2083 1251 relinqui-

513 1283 656 1327 mus.
704 1282 770 1322 ex
813 1280 1039 1333 utroque
1095 1273 1240 1341 quod
1289 1273 1484 1328 melius
1533 1274 1859 1342 iudicaverit
1889 1276 2087 1346 eligen-

511 1359 659 1411 dum.
693 1378 711 1410 ι
769 1359 995 1415 Homilia
1039 1361 1110 1416 23
1166 1362 1219 1415 in
1263 1359 1465 1429 Iosue,
1514 1380 1665 1421 num.
1710 1366 1765 1431 4,
1800 1376 2084 1436 postquam

519 1466 629 1505 .oca
684 1453 925 1509 coelestia
984 1454 1067 1510 his
1120 1456 1471 1512 terrestribus
1519 1458 1717 1513 similia
1764 1461 2082 1527 assignavit,

509 1542 777 1611 ejusmodi
840 1547 1101 1616 mysteria
1158 1549 1511 1605 veneratione
1570 1550 1731 1621 digna
1775 1561 1830 1606 et
1873 1552 2086 1606 silentio

510 1648 633 1689 esse
663 1635 931 1702 declarat,
964 1653 1064 1692 nec
1104 1654 1133 1691 a
1167 1640 1479 1694 mortalium
1540 1657 1834 1711 quoquam,
1862 1658 1929 1696 ne
1954 1643 2085 1710 ipsis

508 1727 730 1794 quidem
780 1729 1045 1796 apostolis
1090 1731 1332 1799 perfecte
1379 1733 1613 1801 proferri
1653 1748 1829 1803 posse.
1878 1733 2080 1801 Quam-

2198 548 2284 592 tur
2316 537 2465 591 illinc
2503 538 2812 590 necessario
2850 537 3091 591 desitura
3142 538 3529 591 datnnatorunt
3575 542 3756 606 suppli-

2192 633 2299 693 cia,
2331 645 2504 699 eaque
2533 645 2794 685 noxarum
2844 631 3109 683 duntaxat
3152 632 3491 699 expurgandi
3547 646 3707 684 causa
3737 650 3757 683 ε

2192 722 2303 776 Deo
2338 721 2647 775 hominibus
2676 718 2864 789 intligi.
2888 720 3134 775 Hominis
3155 732 3302 775 esset
3335 722 3758 790 intemperantis.

2193 833 2368 888 neque
2402 818 2535 873 satis
2568 816 2798 885 tempori
2824 816 3098 885 parcentis
3127 830 3244 880 suo,
3274 830 3630 884 quaecunque
3675 831 3760 869 ve-

2191 909 2343 962 sania
2384 907 2485 961 hac
2518 906 2685 961 oblita
2738 907 2791 959 in
2843 905 3191 975 Origenianis
3234 904 3657 959 commentariis
3700 920 3763 957 re-

2191 1000 2496 1069 periuntur,
2534 999 2720 1055 lectori
2763 998 3100 1054 recensenda
3140 998 3410 1068 objicere;
3460 999 3606 1051 adeo
3639 999 3761 1050 mul-

2191 1098 2275 1145 tns
2301 1100 2385 1145 est
2413 1092 2464 1145 in
2494 1093 2595 1147 hoc
2620 1094 2876 1161 dogmate
2902 1091 3202 1160 prodendo,
3254 1100 3310 1144 et
3348 1092 3583 1145 odiosus
3630 1092 3761 1143 Ada-

2190 1187 2446 1239 mantius.
2484 1185 2589 1239 Sed
2645 1200 2714 1239 ne
2756 1201 2852 1239 nos
2910 1194 3092 1237 tamen
3138 1198 3166 1235 a
3216 1198 3367 1237 more
3418 1182 3761 1237 deﬂeclamus

2189 1287 2396 1337 nostro,
2432 1275 2664 1330 illustria
2697 1276 2868 1330 solum
2894 1275 3014 1328 lldei
3040 1288 3201 1327 causa
3230 1287 3591 1342 seponemus.
3623 1272 3759 1326 Prior

2187 1368 2427 1423 occurrit
2483 1366 2632 1422 locus
2678 1367 2863 1422 bomil.
2914 1366 2945 1419 7
3000 1369 3056 1420 in
3095 1367 3283 1429 Leuit"
3334 1367 3388 1419 in
3422 1380 3534 1433 qua
3569 1366 3761 1433 prolixe

2188 1459 2427 1529 disputat
2454 1459 2723 1528 quomodo
2750 1457 2895 1511 Patri
2928 1456 3205 1524 subjectus
3236 1456 3408 1511 Filius
3431 1456 3542 1509 dici
3583 1458 3760 1525 possit,

2189 1551 2535 1619 ostenditque
2586 1547 2780 1602 Filium
2840 1556 3065 1603 eatenus
3123 1546 3229 1602 dici
3281 1545 3439 1600 Patri
3495 1561 3611 1601 non
3659 1563 3765 1601 esse

2187 1645 2515 1714 subjectum,
2541 1650 2814 1711 quatenus
2844 1654 2961 1703 nos,
2993 1640 3082 1707 qui
3134 1653 3322 1693 sumus
3347 1638 3568 1692 Christi
3604 1653 3762 1692 mem-
3824 1694 3825 1709 η

2186 1737 2304 1799 bra,
2340 1734 2483 1789 Patri
2514 1733 2742 1787 minime
2783 1730 3007 1797 subjecti
3055 1744 3259 1784 sumus.
3303 1748 3321 1780 ο
3369 1728 3515 1783 Cum
3548 1744 3702 1793 vero,
3744 1748 3760 1780 ι

506 1822 691 1871 obrent
716 1828 770 1873 et
795 1820 930 1874 libro
977 1838 1029 1875 tv
1072 1823 1213 1891 Περὶ
1239 1823 1461 1893 ἀρχῶν,
1498 1841 1644 1879 num.
1684 1825 1775 1891 2'5,
1804 1842 1927 1896 pag.
1958 1828 2074 1891 186,

2188 1830 2384 1897 inquit,
2409 1840 2557 1879 num.
2586 1824 2641 1886 2,
2687 1838 2813 1893 pag.
2854 1822 2981 1888 222,
3046 1841 3065 1873 ι
3109 1822 3582 1876 consummaverit
3641 1837 3765 1890 opus

508 1924 730 1979 regnum
760 1913 1020 1968 cmlorum
1057 1915 1314 1972 thesauro
1346 1918 1397 1972 in
1434 1933 1565 1987 agro
1600 1918 1917 1975 abscondito
1944 1934 2085 1974 com-

506 2012 754 2073 paratum
789 2004 959 2059 fuisse
987 2016 1161 2075 putat.

582 2093 992 2160 Verumtamen.
1042 2100 1291 2169 quamvis
1330 2102 1536 2172 liquido
1588 2112 1644 2159 et
1697 2104 1815 2160 sine
1859 2105 2083 2175 ambage

506 2198 891 2254 asseverasset,
936 2205 1055 2260 qua:
1100 2192 1343 2247 incertus
1402 2199 1707 2265 proposuit,
1772 2209 2081 2252 sanctorum

507 2278 711 2347 aliquot
739 2279 978 2335 virorum
1014 2281 1288 2353 suﬂ‘ragiis
1321 2295 1375 2339 et
1403 2302 1671 2342 consensu
1707 2289 2079 2357 adjuvaretur.

503 2369 753 2426 Clemens
798 2372 1194 2429 Alexandrinus
1240 2375 1334 2431 lib.
1401 2393 1440 2431 ιι
1498 2377 1694 2433 Strom.
1744 2380 1795 2434 id
1844 2379 2082 2437 Platonis

505 2463 740 2532 axioma,
788 2481 895 2535 quo
952 2476 1064 2521 ttnn
1111 2469 1327 2523 beatum
1383 2470 1655 2526 hominem
1706 2486 1823 2528 esse
1871 2473 2077 2541 definit,

503 2571 627 2610 cum
675 2557 783 2612 Deo
834 2559 1027 2614 similis
1071 2571 1174 2625 est,
1218 2562 1517 2632 Scriptura:
1549 2578 1718 2618 sacra:
1756 2566 2082 2621 auctoritate

503 2648 767 2706 defendit.
807 2650 881 2704 De
909 2655 1070 2708 modo
1118 2670 1178 2709 ac
1214 2655 1332 2710 loco
1367 2656 1644 2711 felicitatis
1678 2667 2007 2723 sanctorum,
2049 2674 2081 2714 a

501 2741 693 2809 primis
750 2757 919 2812 usque
978 2744 1228 2801 Ecclesiae
1294 2748 1620 2817 temporibus
1678 2748 1746 2801 ad
1814 2749 2080 2804 Innocen-

505 2833 638 2887 tium
662 2832 727 2887 Ill
757 2842 810 2889 et
841 2835 1178 2891 Benedictum
1202 2837 1290 2905 X1,
1315 2853 1379 2893 ac
1400 2838 1759 2893 Florentinam
1786 2840 2077 2911 synodum,

502 2925 637 2979 nihil
668 2926 802 2981 certi
830 2926 929 2980 fuit
956 2929 1023 2981 ab
1060 2928 1305 2984 Ecclesia
1333 2931 1737 3000 praescriptum,
1770 2934 1905 2985 adeo
1938 2942 1994 2985 ut
2025 2931 2076 2986 in

504 3017 725 3071 diversa
758 3016 948 3073 Patres
984 3020 1235 3075 abierint.
1275 3021 1473 3076 Eorum
1498 3025 1800 3079 sententias
1831 3033 1883 3079 et
1925 3024 2078 3078 testi-

502 3111 681 3162 monia
710 3110 924 3176 collegit
960 3110 1147 3165 Sixtus
1193 3112 1452 3168 Senensis
1496 3113 1589 3168 lib.
1621 3130 1655 3168 v
1714 3114 1877 3182 Bibl.,
1908 3120 2075 3172 adno-

504 3208 603 3253 tat.
640 3199 764 3263 545,
798 3210 855 3254 ιιι
881 3200 934 3254 in
969 3201 1158 3255 iisdem
1188 3202 1295 3257 huc
1324 3205 1647 3272 reponendis
1671 3221 2071 3275 supervacanea

500 3293 677 3347 omnis
706 3307 827 3348 esse
867 3307 1029 3362 opera
1078 3294 1347 3349 videatur.
1392 3296 1595 3350 Praeter
1617 3313 1711 3353 eos
1744 3300 1833 3368 qui
1859 3300 1926 3355 ab
1959 3302 2074 3372 ipso

500 3384 912 3439 commemorati
955 3394 1099 3451 sunt,
1130 3386 1264 3439 adiri
1298 3387 1458 3441 velim
1490 3387 1749 3458 Cypriani
1782 3392 2073 3459 epistolam

501 3473 591 3536 52,
625 3474 692 3527 ad
748 3475 1140 3543 Antonianum,
1196 3475 1550 3533 Novatianum
1599 3480 1693 3538 lib.
1750 3481 1828 3537 De
1856 3482 2073 3551 Trinit.,

499 3580 620 3635 cap.
651 3568 721 3631 1;
765 3567 1118 3622 Athanasium
1164 3568 1217 3621 in
1277 3567 1615 3638 Expositione
1669 3574 1815 3643 ﬁdei,
1860 3578 2075 3645 paradi-

498 3672 616 3711 sum
640 3658 833 3713 latroni
857 3673 887 3711 a
917 3657 1135 3713 Christo
1167 3646 1218 3713 in
1248 3674 1410 3715 cruce
1435 3663 1782 3731 promissum,
1806 3679 1928 3720 eum
1956 3682 2075 3724 esse

499 3759 811 3805 censentem
854 3750 994 3806 unde
1027 3750 1264 3807 Adatnus
1310 3753 1518 3823 ejectns
1563 3765 1667 3820 est,
1715 3773 1837 3812 cum
1873 3758 2074 3830 Cyrillo

498 3840 947 3913 Jerosolymitano
1003 3842 1214 3899 Catech.
1243 3858 1463 3917 mystag.
1510 3864 1551 3913 ι,
1605 3849 1805 3905 Basilio
1845 3851 1897 3905 in
1933 3852 2074 3908 libro

502 3932 579 3986 De
610 3934 879 4000 paradiso,
932 3943 988 3989 et
1034 3950 1153 3997 cap.
1191 3936 1258 3990 27
1296 3938 1418 3994 libri
1469 3940 1547 3994 De
1599 3939 1803 4008 Spiritu
1848 3954 2070 4010 sancto;

499 4023 761 4092 Gregorio
788 4025 1033 4095 Nysseno
1064 4028 1115 4081 in
1143 4038 1286 4087 orat.
1324 4032 1381 4083 in
1406 4032 1756 4102 quadraginta
1791 4047 2068 4105 martyres,

500 4123 556 4167 et
577 4114 802 4171 Paulino
826 4117 1050 4184 Nolano,
1068 4119 1206 4173 idem
1232 4122 1594 4176 sentientibus
1614 4138 1676 4177 ac
1705 4126 1877 4180 sensit
1904 4129 2071 4181 Atha-

498 4204 707 4259 nasius.
740 4207 979 4260 Adeatnr
1006 4216 1058 4262 et
1092 4209 1432 4278 Epiphanius
1476 4212 1530 4265 in
1579 4213 1737 4282 epist.
1789 4217 1855 4269 ad
1909 4215 2066 4271 Joan.

494 4293 841 4367 Jerosolym.,
874 4313 993 4367 cap.
1042 4300 1098 4367 4,
1146 4309 1200 4355 et
1254 4302 1305 4354 in
1336 4303 1620 4369 Ancorato,
1656 4320 1774 4375 cap.
1810 4305 1903 4372 54,
1936 4308 2062 4363 alibi

494 4388 804 4456 paradisum
832 4391 1125 4455 collocans,
1177 4393 1305 4447 alibi
1348 4394 1589 4459 caelum;
1630 4404 1687 4450 et
1734 4396 2068 4466 Augustinus

2186 1932 2365 1980 suum,
2401 1924 2456 1969 et
2494 1914 2805 1969 universam
2838 1922 3147 1967 creaturam
3202 1927 3353 1966 suam
3386 1913 3459 1965 ad
3496 1928 3764 1967 summula

2185 2007 2534 2078 perfectionis
2560 2005 2873 2070 adduxerit,
2904 2013 3030 2059 tunc
3073 2004 3187 2074 ipse
3222 2004 3444 2058 dicetur
3490 2004 3764 2072 subjectos
3826 1996 3827 2078 ἦ

2186 2100 2239 2153 in
2277 2098 2361 2153 his
2386 2113 2521 2168 quos
2545 2097 2783 2151 subdidit
2810 2096 2979 2159 Patri,
3013 2106 3069 2149 et
3104 2096 3156 2148 in
3199 2095 3401 2164 quibus
3438 2109 3588 2163 opus
3632 2099 3763 2164 quod

2184 2192 2232 2246 ei
2261 2191 2425 2246 Pater
2452 2189 2677 2244 dederat
2704 2187 3122 2251 consummavit,
3155 2197 3212 2239 ut
3243 2188 3287 2240 si
3317 2184 3468 2241 Deus
3499 2190 3692 2240 omnia
3720 2189 3763 2239 il
3822 2184 3827 2243 ξ

2182 2284 2453 2337 omnibus.
2492 2300 2510 2333 ι
2555 2278 2846 2347 Subjungit
2875 2278 3068 2333 deinde
3106 2277 3382 2332 Christum
3430 2288 3551 2332 tnm
3586 2280 3759 2332 vinum

2184 2375 2501 2437 hibiturum,
2548 2390 2567 2424 t
2619 2386 2744 2426 cum
2789 2369 3028 2438 subjecta
3099 2370 3150 2423 ei
3187 2368 3391 2422 fuerint
3446 2369 3668 2434 omnia,
3715 2381 3760 2423 et

2183 2464 2405 2519 salvatis
2440 2463 2697 2517 onmibus
2726 2475 2790 2515 ac
2817 2460 3090 2515 destructa
3122 2468 3296 2513 morte
3322 2461 3572 2527 peccati,
3629 2461 3757 2514 ultra

2176 2556 2288 2626 jam
2330 2556 2692 2611 necessarium
2730 2568 2831 2608 non
2873 2555 2979 2607 erit
3017 2552 3213 2609 offerre
3241 2556 3453 2609 hostias
3487 2570 3593 2625 pro
3634 2570 3756 2624 pee-

2182 2659 2326 2704 cato.
2361 2667 2380 2701 ι
2415 2650 2576 2702 Addit
2598 2646 2757 2716 paulo
2796 2654 2957 2714 post:
2994 2662 3017 2697 ι
3046 2646 3263 2712 Quanto
3286 2647 3469 2715 magis
3504 2648 3758 2701 Dominus

2181 2752 2236 2797 et
2261 2741 2514 2796 Salvator
2553 2749 2757 2805 noster,
2805 2741 2898 2811 qui
2949 2748 3111 2809 caput
3161 2749 3213 2794 et
3239 2748 3436 2794 auctor
3485 2749 3574 2793 est
3598 2740 3756 2792 totius

2180 2835 2447 2903 corporis,
2497 2848 2604 2888 non
2637 2833 2740 2889 sibi
2777 2830 3072 2903 perfectam
3126 2832 3257 2886 dicit
3305 2845 3435 2886 esse
3488 2832 3751 2896 laetitiam,

2180 2926 2350 2981 donec
2377 2926 2580 2994 aliquid
2624 2942 2691 2981 ex
2742 2927 3006 2983 membris
3057 2924 3247 2980 deesse
3279 2926 3509 2993 corpori
3544 2939 3653 2979 suo
3691 2925 3759 2979 vi-

2178 3016 2326 3071 det?
2374 3036 2393 3070 ι
2450 3017 2851 3088 Subjectionem
2928 3019 3072 3074 illam
3114 3017 3275 3073 simili
3317 3018 3485 3071 modo
3534 3017 3753 3085 exponit

2179 3108 2274 3164 lib.
2320 3124 2378 3163 ιιι
2417 3111 2557 3178 Περὶ
2585 3110 2807 3180 ἀρχῶν,
2842 3126 2963 3180 cap.
3001 3111 3055 3176 5,
3098 3124 3249 3164 num.
3293 3109 3352 3173 6,
3400 3122 3535 3164 cum
3572 3110 3752 3163 scribit

2177 3199 2454 3255 Christum
2495 3202 2548 3257 in
2578 3204 2870 3272 semetipso
2900 3202 3353 3271 complectentem
3382 3214 3587 3255 omnes
3627 3215 3753 3269 quos

2177 3292 2408 3361 subjecit
2445 3292 2615 3359 Patri,
2652 3294 2818 3364 etqni
2850 3294 3010 3363 hujus
3050 3309 3152 3364 ope
3188 3294 3417 3348 salutem
3473 3296 3750 3349 consecuti

2174 3393 2320 3449 sunt,
2374 3399 2496 3439 cum
2530 3385 2665 3453 ipsis
2694 3396 2751 3441 et
2798 3386 2849 3441 in
2882 3387 3012 3454 ipsis
3058 3386 3204 3439 Patri
3257 3385 3571 3455 subjecmm
3630 3386 3751 3439 diei.

2176 3474 2458 3531 Subnectit
2487 3486 2670 3547 postea
2692 3492 2841 3532 num.
2871 3478 2902 3530 7
2929 3494 2942 3531 :
2972 3496 2989 3527 ι
3014 3476 3070 3531 Si
3102 3490 3228 3543 ergo
3252 3477 3393 3530 bona
3425 3486 3487 3530 et
3509 3476 3753 3530 salutatis

2175 3568 2446 3637 accipitur
2471 3568 2575 3623 ista
2607 3568 2895 3637 subjectio,
2923 3584 3025 3637 qna
3065 3568 3343 3635 subjectus
3375 3581 3508 3621 esse
3552 3568 3753 3621 dicitur

2176 3658 2345 3713 Filius
2368 3658 2535 3723 Patri,
2562 3659 2714 3713 valde
2765 3674 3105 3728 consequens
3139 3668 3192 3713 et
3232 3660 3524 3712 cohaerens
3552 3668 3666 3722 est,
3706 3672 3755 3709 ut

2176 3748 2520 3803 inimicorum
2588 3763 2707 3817 qua:
2757 3749 2955 3803 dicitur
2996 3747 3133 3803 Filio
3167 3749 3261 3802 Dei
3297 3762 3426 3801 esse
3460 3750 3755 3817 subjectio,

2174 3840 2431 3893 salutaris
2490 3841 2734 3909 quaedam
2785 3840 3108 3909 intelligatur
3163 3849 3218 3894 et
3252 3839 3451 3893 utilis:
3508 3852 3571 3893 ut
3615 3845 3755 3894 sicut

2174 3946 2297 3988 cum
2339 3930 2538 3986 dicitur
2572 3931 2741 3987 Filius
2792 3931 2941 3986 Patri
2996 3931 3289 3999 subjectus,
3330 3932 3585 3999 perfecta
3639 3934 3755 3984 uni-

2172 4033 2343 4075 versae
2405 4030 2669 4077 creatura
2720 4024 2995 4078 restitutio
3058 4024 3369 4077 declaratur
3415 4040 3430 4088 ;
3509 4024 3587 4077 ita
3633 4039 3757 4079 cum

2174 4110 2312 4166 Filio
2344 4112 2437 4167 Dei
2470 4114 2672 4168 inimici
2717 4115 2974 4169 dicuntur
3007 4128 3130 4168 esse
3163 4114 3422 4183 subjecti,
3472 4116 3753 4185 subjecto—

2171 4219 2290 4257 rum
2346 4206 2489 4260 salus
2529 4206 2581 4260 in
2614 4222 2679 4261 eo
2717 4206 3069 4277 intelligatur,
3104 4215 3158 4261 et
3188 4206 3471 4274 reparatio
3507 4209 3753 4276 perdito-

2170 4311 2311 4349 rum.
2344 4314 2362 4348 ι
2397 4294 2492 4351 His
2519 4308 2962 4366 consonantquze
3003 4297 3259 4366 leguntur
3293 4297 3347 4349 in
3395 4298 3513 4352 ﬁne
3550 4308 3751 4351 tracta-

2174 4394 2261 4440 tus
2313 4402 2447 4440 xxm
2517 4388 2572 4440 in
2624 4386 2843 4453 Matth.,
2895 4404 3045 4441 num.
3100 4390 3155 4442 8.
3209 4387 3316 4443 Sed
3358 4399 3415 4443 et
3472 4391 3751 4460 aliquade

494 4479 590 4532 lib.
648 4496 717 4533 xx
768 4479 845 4534 De
892 4483 1035 4537 civit.
1080 4482 1198 4549 Dei,
1244 4485 1471 4555 cap.'u
1500 4495 1553 4539 ei
1592 4485 1683 4549 i6,
1712 4486 1765 4541 in
1796 4488 2065 4557 aliquibus
2102 4501 2145 4555 ι)
2171 4478 2500 4549 subjectione
2548 4480 2633 4534 illa
2672 4480 2794 4535 Filii
2834 4480 3051 4536 disserit
3104 4491 3263 4537 tract.
3289 4496 3427 4549 xxx,
3466 4500 3628 4538 num.
3666 4484 3745 4549 55,

493 4568 713 4639 Origeni
748 4560 1116 4640 consentiens,
1152 4583 1207 4628 et
1240 4584 1429 4630 auctor
1460 4575 1823 4640 Quaestionum
1851 4579 1919 4630 ad
1950 4582 2061 4635 An-

492 4662 744 4725 tiochum,
784 4661 1090 4717 hominibns
1124 4665 1503 4719 absconditum
1551 4664 1676 4729 hoc,
1728 4673 1782 4719 et
1822 4665 2059 4734 ignotum

491 4768 612 4810 esse
642 4760 957 4827 mysterium
986 4759 1225 4817 edicens.

572 4848 711 4903 XVI.
750 4852 894 4905 Satis
937 4867 1002 4905 ex
1042 4852 1435 4920 superioribus,
1482 4854 1646 4909 etiam
1706 4869 1794 4909 me
1840 4855 2057 4920 silente,

492 4941 770 5009 colligitur
797 4943 1174 4997 damnatorum
1203 4945 1379 5012 pmnis
1414 4949 1630 5000 modum
1678 4946 1969 5015 aliquando
2009 4957 2064 5002 et

493 5032 651 5086 finem
704 5050 771 5088 ex
822 5037 1045 5090 decreto
1101 5035 1353 5105 Origenis
1403 5038 1711 5106 impositum
1775 5039 1881 5093 iri:
1936 5054 2058 5093 cum

491 5128 634 5180 enim
681 5126 919 5181 futurum
966 5137 1120 5182 ratus
1160 5129 1254 5193 sit,
1302 5138 1362 5182 ut
1408 5145 1789 5199 quemcunque
1846 5140 2063 5185 teneant

490 5228 690 5271 statum
730 5216 947 5281 animat,
980 5232 1208 5286 peccare
1258 5219 1487 5286 possint,
1521 5227 1575 5272 et
1610 5219 1789 5288 reipsa
1822 5233 2060 5289 persaepe

491 5317 740 5381 peccent,
778 5322 841 5363 ac
884 5324 983 5378 pro
1021 5310 1258 5379 peccatis
1297 5309 1382 5364 vel
1430 5311 1638 5365 meritis
1669 5320 1926 5379 perpetuo
1948 5312 2058 5366 cir-

492 5405 634 5460 cuitu
664 5402 732 5456 ab
756 5402 877 5456 imis
912 5401 978 5454 ad
1013 5416 1245 5465 summa,
1272 5418 1301 5456 a
1330 5403 1558 5457 summis
1607 5404 1672 5456 ad
1719 5403 1825 5456 ima
1880 5404 2059 5458 revol-

501 5504 719 5559 vantur,
751 5494 1027 5565 ipsiusque
1074 5492 1269 5547 diaboli
1325 5508 1512 5547 aversa
1568 5506 1599 5546 a
1644 5490 1755 5548 Deo
1804 5493 2059 5551 voluntas

488 5588 616 5642 olim
651 5588 976 5642 conterenda
1010 5585 1099 5648 sit,
1130 5593 1186 5638 et
1209 5584 1318 5637 Deo
1354 5582 1500 5637 Patri
1544 5599 1768 5654 regnum
1807 5585 2056 5642 Christus

490 5681 559 5733 sit
590 5679 903 5741 traditurus,
953 5687 1172 5747 tumque
1223 5676 1618 5731 existimaverit
1672 5675 1884 5743 plenam
1938 5694 2054 5733 om-

493 5771 638 5824 nium
679 5770 1116 5827 ἀποκατάστασιν
1145 5784 1206 5825 ac
1230 5768 1520 5841 perfectam
1558 5767 1873 5827 felicitatem
1911 5770 2052 5827 futu-

2170 4572 2350 4638 operis
2381 4573 2641 4641 ejusdem,
2696 4589 2815 4644 quae
2861 4576 3117 4643 quoniam
3161 4574 3387 4628 alterius
3418 4586 3561 4629 sunt
3596 4592 3745 4645 argu-

2168 4664 2359 4729 menti,
2394 4667 2769 4734 prmterniitto.
2824 4666 3090 4721 Succcdat
3120 4665 3339 4722 homilia
3382 4666 3417 4720 6
3476 4668 3540 4723 in

2166 4770 2315 4809 mnn.
2345 4755 2399 4820 4,
2431 4756 2482 4809 in
2522 4772 2625 4826 qua
2654 4759 2721 4811 de
2767 4757 2913 4828 lepra
2962 4760 3263 4829 disputans,
3304 4770 3546 4829 propter
3592 4775 3741 4829 quam

2164 4847 2357 4901 castris
2386 4845 2739 4914 cjiciebantur
2769 4849 2859 4911 qui
2895 4863 2958 4902 ea
2996 4849 3339 4912 laborabant,
3375 4848 3596 4918 lepram
3628 4863 3739 4917 pec-

2167 4945 2287 4990 cato
2311 4937 2544 5002 confert,
2577 4953 2804 5007 eamque
2840 4954 2944 4993 non
2990 4950 3249 5009 perpetuo
3286 4955 3619 4993 mansuram
3651 4942 3735 5002 ait,

2166 5029 2259 5083 sed
2289 5030 2557 5100 completa
2590 5031 2891 5100 septimana
2924 5033 2989 5087 ad
3027 5043 3206 5088 castra
3239 5032 3500 5101 leprosos
3526 5049 3737 5089 revoca-

2172 5131 2283 5176 tum
2314 5123 2402 5186 iri,
2433 5124 2484 5176 in
2524 5123 2628 5177 line
2662 5139 2854 5193 nempe
2885 5125 3090 5189 mu'ndi,
3128 5140 3248 5180 cum
3282 5126 3574 5193 plenitudo
3609 5142 3731 5193 gen-

2168 5214 2304 5268 tium
2334 5214 2629 5281 introierit,
2660 5225 2714 5269 et
2746 5217 2924 5271 omnis
2960 5216 3127 5271 Israel
3168 5215 3348 5270 salvus
3388 5218 3523 5280 erit,
3553 5220 3737 5285 ﬁetque

2167 5319 2306 5359 unus
2336 5320 2492 5375 grex,
2524 5316 2579 5361 et
2606 5322 2745 5361 unus
2768 5316 2973 5376 pastor,
3003 5316 3057 5362 et
3086 5306 3250 5361 Deum
3284 5307 3359 5360 ita
3384 5323 3589 5363 omnes
3616 5324 3735 5361 con-

2167 5398 2393 5453 clusisse
2419 5399 2521 5453 sub
2548 5411 2792 5469 peccato,
2829 5410 2889 5455 ut
2915 5401 3155 5455 omnium
3181 5401 3400 5454 demum
3430 5401 3489 5454 in
3526 5402 3735 5455 Christo

2164 5492 2534 5549 misereretur.
2562 5493 2787 5549 lllustris
2808 5502 2861 5548 et
2895 5494 2984 5549 ille
3013 5494 3164 5549 locus
3190 5508 3219 5548 e
3241 5494 3449 5548 Catena
3476 5493 3649 5565 Regis
3682 5494 3731 5545 in

2169 5585 2363 5641 Ezech.
2417 5603 2470 5653 ν,
2526 5588 2615 5653 15,
2659 5604 2781 5659 pag.
2829 5588 2936 5643 415
2967 5607 2979 5641 :
3013 5589 3121 5641 Καὶ
3178 5585 3665 5658 συντελεσΘήσ-ετιι
3706 5586 3731 5634 ὁ

2164 5678 2329 5749 θυμός
2372 5698 2471 5751 μου
2496 5698 2510 5712 ·
2554 5681 2709 5734 τοῦτο
2748 5680 2895 5751 δηλοῖ
2934 5680 3015 5733 ὅτι
3042 5679 3215 5750 πέρας
3249 5678 3356 5743 ἔξει
3383 5680 3413 5731 ὁ
3444 5678 3619 5749 Θυμὸς
3648 5676 3727 5728 τοῦ

2161 5770 2315 5839 Θεοῦ,
2351 5771 2485 5843 ὁμοῦ
2531 5772 2628 5842 τῆς
2679 5770 2981 5836 συντελείας
3018 5770 3111 5825 τοῦ
3153 5770 3390 5840 κόσμου·
3441 5779 3499 5826 ct
3546 5769 3631 5825 hic
3670 5778 3723 5821 ει
