3860 6226
116 288 310 354 1025
948 290 1517 350 οιὶιϐΕΝιιΝοΡιυΜ
1555 293 1682 347 LIB.
1720 290 1783 355 ll,

124 411 357 466 nomil.
392 411 425 465 4
470 409 522 464 in
546 409 793 464 eumdem
831 409 1176 479 prophetam,
1230 424 1376 462 num.
1410 407 1442 463 8
1474 425 1487 461 :
1532 429 1550 458 ι
1586 406 1731 461 Talis
1760 407 1803 465 Α

122 512 246 556 est
270 505 481 573 justus:
520 501 660 555 vidit
698 502 956 554 mundum
1005 510 1132 555 ante
1168 500 1451 563 diluvium,
1491 500 1593 554 hoc
1646 509 1729 555 est

130 600 298 645 ante
329 590 848 645 consummationem
890 608 904 644 :
966 590 1101 644 vidit
1134 591 1392 644 mundum
1421 591 1476 643 in
1507 589 1725 653 diluvio,

130 680 204 733 in
260 679 605 747 corruptione
653 689 707 733 et
754 680 808 732 in
864 679 1089 733 interitu
1119 689 1493 748 peccatorum,
1529 694 1647 747 quae
1678 679 1729 732 in

127 768 251 822 die
286 777 412 823 sunt
446 776 705 821 eventura
738 767 961 835 iudicii:
998 782 1211 820 rursum
1241 765 1444 820 videbit
1478 764 1728 817 mundum

127 855 200 908 in
281 856 680 910 resurrectione
736 856 976 909 omnium
1029 866 1421 925 peccatorum;
1463 874 1482 906 ι
1539 864 1594 910 et
1645 854 1733 908 ille

124 963 384 1016 quoque
416 962 482 1001 ex
511 948 694 1003 homil.
730 948 816 1011 lO,
869 957 1130 1016 sequente
1187 963 1335 1002 num.
1379 947 1412 1000 5
1447 965 1460 999 :
1512 965 1531 998 ι
1566 946 1733 1001 Aiunt

130 1039 378 1094 llcbraai
407 1040 693 1094 Sodomam
725 1040 778 1093 in
805 1041 1051 1096 eumdem
1089 1050 1289 1096 statum
1314 1038 1728 1100 restituendam,

126 1131 198 1185 in
242 1147 359 1201 quo
385 1142 439 1185 et
466 1139 622 1185 antea
670 1133 932 1197 constitit,
972 1142 1030 1187 ut
1071 1149 1282 1188 rursum
1339 1132 1598 1202 paradiso
1638 1131 1730 1184 Dei

128 1234 201 1277 et
248 1233 415 1279 terra:
437 1223 655 1295 Egypti
684 1234 1050 1293 comparetur.
1086 1225 1149 1278 Si
1188 1226 1292 1279 hoc
1333 1237 1392 1279 se
1439 1223 1518 1277 sic
1548 1223 1728 1285 habet,

130 1325 203 1371 et
236 1316 361 1372 sive
395 1316 631 1371 futurum
662 1326 767 1379 est,
804 1317 921 1371 sive
948 1330 1053 1370 non
1091 1334 1105 1382 ;
1148 1321 1463 1384 quaerentur
1484 1314 1625 1367 enim
1654 1312 1730 1366 is-

133 1406 427 1462 tiusmodi
461 1421 549 1461 res
578 1407 716 1476 apud
757 1422 854 1461 eos
884 1406 974 1475 qui
1000 1406 1300 1460 doctissimi
1328 1413 1490 1459 sunt:
1541 1413 1597 1457 ut
1633 1419 1731 1457 au-

130 1506 272 1550 tem
306 1497 399 1550 fiat
431 1497 572 1565 quod
597 1498 818 1556 dicitur.
847 1497 1261 1566 complebuntur
1292 1497 1423 1550 mibi
1460 1510 1728 1549 annorum

132 1588 269 1639 tria
319 1587 510 1652 millia,
564 1597 620 1643 et
670 1597 796 1642 tunc
844 1588 1161 1641 restituetur
1208 1586 1516 1640 excruciata
1556 1584 1732 1639 tribus

132 1678 405 1734 millibus
456 1695 720 1735 annorum
775 1679 1030 1743 Sodoma,
1083 1678 1135 1732 id
1197 1688 1280 1733 est
1332 1679 1514 1733 anima
1562 1692 1726 1733 mea:

136 1769 425 1833 Sodoma,
461 1772 595 1825 meis
629 1784 789 1840 poena
830 1769 1088 1838 peccatis.
1132 1768 1349 1825 Grande
1382 1770 1725 1826 intervallum
1762 1742 1803 1799 Β

134 1861 429 1929 temporis
482 1863 627 1916 inter
684 1861 1076 1916 restitutionem
1122 1869 1178 1915 et
1234 1861 1447 1916 ruinam
1490 1864 1724 1932 positum

134 1962 266 2006 est.
310 1971 330 2004 ι
383 1952 591 2008 Anium
619 1953 959 2023 postmodum
1009 1953 1185 2007 noxiae
1238 1954 1463 2023 ﬁguram
1502 1970 1621 2010 esse
1652 1956 1727 2010 ait

137 2042 488 2111 Samariam,
538 2060 661 2115 qua:
700 2059 818 2098 non
877 2043 1013 2098 alias
1058 2045 1391 2101 restituenda
1435 2047 1523 2111 sit,
1565 2063 1724 2117 quam

137 2147 286 2186 eam
326 2133 512 2188 decem
569 2133 740 2188 tribus
782 2134 986 2189 fuerint
1035 2146 1289 2198 reversae,
1323 2146 1433 2190 tum
1457 2137 1572 2192 ait:
1622 2156 1640 2188 ι
1667 2137 1723 2192 Si

137 2234 345 2281 autem
378 2235 530 2280 tanto
560 2234 683 2294 post
724 2235 962 2295 tempore
988 2228 1301 2283 restituetur
1332 2227 1382 2281 id
1410 2229 1553 2297 quod
1580 2244 1726 2297 pra:-

137 2318 330 2373 cessit
378 2317 431 2371 in
472 2320 712 2387 signum,
743 2320 957 2387 quando
1006 2330 1061 2373 tu
1108 2320 1434 2388 restitueris,
1470 2322 1514 2376 si
1545 2330 1723 2377 tamen

138 2409 485 2473 restitueris,
526 2409 876 2462 Samaritana
901 2417 957 2462 et
987 2409 1241 2465 haeretica
1275 2410 1478 2465 anima.
1518 2428 1621 2481 qua
1655 2412 1727 2466 si-

140 2501 421 2555 mulacris
448 2508 502 2554 et
532 2499 683 2555 feriis
708 2515 815 2554 non
850 2501 1019 2565 veris,
1055 2517 1121 2556 ac
1156 2502 1426 2571 figmentis
1466 2503 1533 2558 de
1570 2502 1725 2558 Jero-

141 2590 324 2644 boam
351 2589 515 2645 corde
532 2589 875 2645 venientibus
899 2589 1219 2645 credidisti?
1240 2609 1259 2643 ι
1291 2590 1564 2658 Ejusmodi
1593 2607 1728 2648 non-

144 2679 314 2735 nulla
365 2679 419 2733 in
463 2679 816 2749 sequentibus
860 2679 1045 2735 videre
1085 2688 1190 2745 est,
1244 2680 1443 2750 quibus
1479 2684 1724 2738 doctrina

140 2769 352 2825 eadem
386 2768 709 2824 inculcatur.
733 2767 838 2823 Sed
865 2768 917 2823 in
944 2769 1255 2824 Adamantii
1288 2780 1463 2827 tamen
1495 2775 1723 2842 gratiam

145 2870 383 2917 notetur
411 2861 576 2927 istud,
612 2878 631 2912 ι
669 2861 725 2916 Si
751 2872 926 2916 tamen
958 2862 1280 2927 restitueris,
1307 2881 1327 2914 ι
1356 2880 1464 2933 quo
1487 2865 1725 2921 incertus

144 2954 287 3023 ejus
314 2961 368 3007 et
392 2951 658 3008 fluctuans
686 2954 901 3010 animus
930 2955 1208 3026 proditur:
1246 2957 1289 3013 si
1323 2958 1483 3013 modo
1535 2956 1724 3029 Orige-

146 3046 384 3099 nianum
417 3045 591 3115 reipsa
624 3045 727 3100 hoc
768 3056 870 3114 est,
911 3062 1015 3101 non
1048 3048 1415 3105 Rufinianum.
1457 3048 1725 3106 lllustrius

147 3137 328 3191 etiam
358 3137 501 3191 istud
529 3147 584 3191 et
615 3137 740 3192 libri
778 3154 796 3192 ι
837 3140 973 3207 Περὶ
998 3138 1224 3209 ἀρχῶν,
1254 3155 1371 3211 cap.
1404 3142 1459 3208 6,
1496 3158 1644 3196 num.
1671 3143 1723 3209 1,

144 3229 209 3293 ‘2,
239 3228 301 3282 in
344 3243 452 3297 quo
485 3228 673 3297 probat
698 3230 801 3285 hoc
834 3229 1125 3299 Scriptura:
1163 3232 1509 3288 testimonio:
1539 3251 1558 3285 ι
1581 3233 1728 3287 Dixit

153 3319 425 3375 Dominus
450 3320 674 3375 Domino
697 3336 816 3377 meo
846 3338 860 3375 :
894 3320 1035 3377 Sede
1064 3336 1093 3375 a
1120 3323 1324 3378 dextris
1354 3324 1521 3379 meis:
1552 3323 1728 3379 Donec

150 3426 360 3480 ponam
402 3413 646 3468 inimicos
677 3422 795 3468 tuos
828 3413 1127 3469 scabellum
1160 3416 1356 3485 pedum
1386 3425 1597 3469 tuorum
1619 3415 1718 3483 “,3

150 3513 214 3555 et
246 3502 341 3557 illo
374 3503 392 3557 l
430 3503 554 3559 Cor.
584 3521 675 3570 xv,
726 3504 818 3572 24,
845 3505 915 3561 25
943 3524 957 3560 :
1002 3523 1022 3557 ι
1056 3505 1259 3562 Deinde
1286 3508 1432 3574 linis,
1466 3522 1587 3562 cum
1619 3518 1727 3563 tra-

152 3595 365 3649 diderit
399 3611 619 3666 regnum
644 3596 753 3651 Deo
775 3605 828 3651 et
850 3596 1031 3652 Patri:
1063 3612 1185 3653 cum
1228 3599 1575 3655 evacuaverit
1606 3613 1727 3654 om-

155 3699 289 3738 nem
356 3686 742 3756 priucipatum,
799 3698 854 3742 et
908 3696 1266 3757 potestatem,
1324 3696 1379 3745 et
1446 3690 1723 3745 virtutem.

155 3775 392 3844 Oportet
446 3788 625 3832 autem
661 3779 810 3833 illum
847 3797 1100 3851 regnare,
1143 3784 1312 3836 donec
1348 3790 1511 3851 ponat
1538 3796 1725 3837 omnes

156 3864 419 3920 inimicos
463 3870 563 3922 sub
613 3869 841 3937 pedibus
870 3871 1007 3939 ejus,
1039 3890 1058 3923 ι
1089 3887 1212 3927 cum
1245 3873 1634 3942 sequentibus;
1671 3884 1728 3928 et

157 3959 271 4011 isto
327 3960 520 4027 psalm.
578 3974 689 4025 ut,
729 3962 764 4015 2
810 3980 823 4016 :
870 3981 889 4014 ‹
942 3961 1130 4017 Nonne
1177 3963 1285 4018 Deo
1337 3963 1581 4030 subjecta
1622 3965 1727 4019 erit

154 4051 348 4104 anima
379 4051 540 4105 mea?
567 4053 633 4107 ab
666 4053 781 4122 ipso
810 4055 951 4109 enim
996 4054 1239 4110 salutare
1291 4070 1511 4120 meum;
1552 4075 1572 4109 ι
1619 4055 1721 4121 bis,

155 4142 410 4211 inquam,
450 4144 748 4213 Scriptura:
779 4147 1104 4203 testimoniis
1141 4148 1379 4202 futurum
1407 4147 1621 4219 probat,
1669 4159 1727 4204 ut

158 4235 405 4289 subactis
434 4234 631 4291 Christi
664 4237 895 4292 inimicis
924 4239 974 4292 in
1003 4254 1166 4293 unum
1188 4240 1346 4294 finem
1370 4255 1466 4306 per
1495 4239 1721 4304 Filium,

156 4325 381 4383 bonitas
410 4324 502 4381 Dei
531 4335 836 4382 creaturam
889 4337 1105 4382 revocet
1154 4329 1461 4383 universam
1490 4344 1505 4383 :
1544 4328 1722 4397 subje-

162 4418 395 4472 ctionem
446 4427 622 4473 autem
643 4420 787 4474 illam
828 4420 1056 4490 idipsum
1087 4436 1206 4475 esse
1234 4421 1489 4490 vult,quo
1508 4420 1724 4475 Christo
1754 4436 1801 4495 ι)

156 4511 593 4568 adhaerescentes
622 4513 882 4569 efficimur
905 4514 1094 4578 sancti,
1124 4525 1178 4569 et
1203 4515 1426 4569 salutem
1470 4515 1725 4583 adipisci-

160 4618 322 4662 mur:
357 4604 517 4659 talem
562 4615 743 4659 autem
776 4604 1015 4659 futurum
1077 4606 1259 4669 finem,
1293 4606 1472 4676 qualia
1508 4606 1723 4659 fuerunt

162 4695 339 4755 initia.
381 4712 502 4751 cum
554 4712 743 4752 omnes
782 4697 876 4752 Dei
922 4698 1145 4753 nutibus
1202 4698 1636 4767 obtemperantes
1668 4699 1722 4751 in

160 4800 331 4841 unum
362 4789 769 4858 conspirabaut.
821 4788 875 4843 ln
914 4788 1263 4859 sequentibus
1299 4789 1490 4843 deinde
1539 4790 1721 4843 omnia

163 4879 220 4933 in
256 4895 419 4934 unum
450 4881 752 4950 reparanda
798 4895 921 4935 esse
968 4882 1307 4935 demonstrat
1334 4895 1402 4934 ex
1433 4880 1538 4934 hoc
1568 4879 1722 4934 Chri-

164 4973 235 5026 sti
266 4972 353 5028 ἠε
403 4992 422 5025 c
460 4972 533 5028 Ut
580 4988 770 5029 omnes
823 4989 990 5027 unum
1039 4974 1171 5039 sint,
1213 4975 1353 5029 sicut
1394 4984 1446 5029 tu
1476 4973 1637 5027 Pater
1668 4974 1721 5027 in

165 5076 255 5116 me
279 5072 332 5117 et
356 5077 454 5134 ego
484 5064 537 5118 in
567 5076 638 5130 te,
675 5074 732 5119 ut
769 5074 826 5119 et
868 5064 967 5132 ipsi
1008 5064 1061 5118 in
1096 5065 1261 5119 nobis
1300 5081 1462 5118 unum
1493 5066 1624 5119 sint.
1658 5064 1723 5118 Et

168 5171 271 5223 ego
318 5157 622 5211 claritatem
668 5172 829 5226 quam
880 5156 1075 5212 dedisti
1133 5157 1289 5220 mihi,
1346 5156 1468 5210 dedi
1506 5157 1606 5222 eis,
1667 5164 1725 5210 ut

169 5247 277 5301 sint
303 5263 490 5313 unum,
538 5248 678 5302 sicut
697 5257 751 5303 et
775 5262 872 5302 nos
900 5262 1069 5301 unum
1098 5260 1287 5301 sumus
1333 5262 1347 5298 :
1389 5244 1502 5315 Ego
1538 5245 1589 5299 in
1621 5245 1722 5309 eis,

167 5346 221 5388 et
252 5348 303 5390 tu
337 5338 390 5392 in
421 5353 529 5401 me,
562 5347 625 5393 ut
653 5336 761 5392 sint
786 5336 1143 5392 consummati
1181 5336 1233 5389 in
1262 5351 1424 5389 unum
1451 5353 1464 5401 ;
1490 5353 1509 5387 ι
1554 5346 1606 5389 et
1633 5334 1725 5389 illo

170 5425 316 5481 Pauli
343 5429 541 5497 Epltes.
585 5444 657 5493 tv,
683 5429 778 5484 l5:
814 5447 831 5480 ι
860 5429 1038 5483 Donec
1061 5443 1408 5483 occurramus
1442 5442 1634 5481 omnes
1668 5428 1719 5481 in

172 5519 430 5578 unitatem
477 5522 625 5590 fidei,
663 5532 720 5577 et
775 5522 1065 5592 agnitionis
1114 5520 1234 5574 Filii
1274 5520 1388 5585 Dei,
1438 5519 1491 5574 in
1542 5519 1717 5574 virum

242 5726 284 5758 "
316 5725 455 5784 Psal.
476 5742 587 5795 clx,
608 5726 659 5783 1.
735 5727 779 5760 ⁸³
810 5727 965 5785 Joan.
994 5742 1126 5796 χιιι,
1154 5726 1341 5783 ειοεδ.

1826 290 1981 345 CAP.
2019 291 2083 357 ll,
2129 291 2407 358 QUIEST.
2448 291 2544 349 XI.
3252 292 3394 352 1026

1834 404 2151 474 perfectum,
2186 406 2241 459 in
2277 419 2590 459 mensuram
2627 405 2803 461 astatis
2846 406 3198 476 plenitudinis
3230 408 3395 464 Chri-

1830 494 1934 557 sti;
1962 512 1981 545 ι
2014 508 2115 547 nec
2153 494 2426 549 daemones
2453 493 2670 563 quidem
2718 495 2862 563 ipsos
2904 496 3268 551 restitutionis
3297 498 3399 551 bu-

1826 584 1915 654 jus
1946 584 2209 638 beneficio
2276 584 2550 638 carituros
2592 599 2712 639 esse
2741 595 2909 654 putat.
2944 586 3147 653 Qumrit
3185 586 3251 639 ad
3284 588 3397 641 [nec

1834 686 1964 730 tom.
2034 692 2069 729 x
2116 677 2170 727 in
2205 674 2420 742 Matth.,
2459 690 2609 730 num.
2659 677 2713 740 5,
2775 692 2896 745 pag.
2950 677 3075 742 445,
3126 678 3397 746 quomodo

1832 764 2042 818 diversa
2091 764 2194 819 erit
2253 765 2304 817 in
2364 765 2764 819 resurrectione
2816 766 3094 819 hominum
3149 766 3397 833 claritas,

1826 856 1980 925 juxta
2030 857 2368 926 Apostolnm,
2404 855 2422 908 Ι
2453 858 2578 910 Cor.
2625 873 2712 921 xv,
2741 857 2832 921 4|,
2874 872 2994 910 cum
3027 858 3223 912 dixerit
3270 857 3397 912 Ser-

1831 960 2023 1003 vatur:
2064 948 2245 1003 «Justi
2297 948 2577 1018 fulgebunt
2629 951 2774 1003 sicut
2821 950 2924 1013 sol,
2974 970 2992 1002 ι
3049 949 3239 1004 Matth.
3271 966 3393 1017 xm,

1831 1042 1938 1106 45;
1974 1050 2085 1095 tum
2116 1042 2404 1109 respondet
2447 1041 2500 1094 in
2544 1042 2663 1110 ipso
2704 1040 3056 1096 beatitudinis
3098 1043 3274 1108 initio,
3312 1042 3399 1095 fu-

1835 1143 2012 1188 turum
2054 1143 2112 1187 ut
2156 1134 2367 1188 diversa
2417 1134 2489 1188 sit
2543 1134 2820 1188 hominum
2867 1135 3108 1198 claritas,
3158 1134 3397 1188 nondum

1832 1224 2082 1279 omnibus
2108 1225 2459 1293 expurgatis;
2494 1234 2551 1279 at
2580 1234 2868 1295 postquam
2916 1227 3144 1282 collecta
3197 1227 3401 1281 fuerint

1832 1329 1861 1367 e
1888 1329 2049 1385 regno
2071 1312 2273 1370 Christi
2315 1314 2595 1380 scandala,
2622 1324 2678 1370 et
2708 1316 2832 1386 igne
2860 1317 3160 1386 absumpta:
3205 1317 3401 1385 nequi-

1833 1405 1941 1468 tiaz,
1975 1416 2102 1461 tunc
2132 1422 2322 1463 omnes
2354 1424 2519 1461 unum
2548 1408 2731 1463 solare
2770 1408 2951 1462 lumen
3005 1408 3240 1463 futuros.
3279 1408 3397 1461 Non

1832 1498 1966 1553 satis
1997 1514 2127 1553 vero
2157 1500 2432 1554 cobzerere
2459 1501 2677 1555 videtur
2704 1501 2846 1568 quod
2891 1501 3173 1568 sequitur;
3206 1499 3402 1555 scribit

1831 1591 1973 1646 enim
2025 1591 2143 1645 fore
2185 1600 2242 1645 ut
2278 1590 2411 1657 justi
2463 1601 2591 1646 tunc
2620 1590 2973 1646 inferioribus
3014 1591 3273 1661 fulgeant,
3306 1591 3401 1661 qui

1833 1679 1969 1735 lucis
2014 1695 2200 1735 eorum
2264 1682 2558 1751 participes
2615 1681 2766 1747 ﬁent,
2822 1684 3272 1751 quemadmodum
3320 1684 3399 1737 sol

1834 1780 1991 1825 terra:
2024 1770 2196 1825 lucem
2225 1784 2379 1826 suam
2408 1774 2635 1843 praebet.
2680 1772 2814 1827 Nam
2848 1774 2891 1827 si
2924 1774 2993 1826 ita
3029 1774 3269 1828 omnium
3299 1790 3401 1829 ex-

1832 1870 2053 1931 purgata
2088 1870 2215 1916 tunc
2246 1874 2405 1918 erunt
2434 1876 2673 1933 peccata,
2709 1874 2771 1919 ut
2812 1864 2957 1919 nullo
2991 1865 3257 1920 claritatis
3291 1867 3402 1922 dis-

1832 1954 2060 2008 crimine
2094 1954 2362 2025 fulgeant,
2403 1958 2629 2027 quinam
2662 1958 2946 2013 inferiores
2974 1968 3151 2025 erunt,
3181 1960 3399 2028 quinam

1833 2041 2187 2111 superiores?
2212 2042 2412 2114 Nempe
2445 2045 2678 2100 neminis
2727 2045 3043 2100 beatitatem
3076 2060 3134 2100 ut
3157 2046 3266 2115 jam
3308 2061 3402 2102 su-

1832 2148 1927 2202 pra
1962 2134 2143 2187 monui
2175 2148 2345 2203 usque
2375 2136 2511 2188 adeo
2541 2134 2816 2205 propriam
2845 2149 2966 2189 esse
2994 2142 3164 2205 putat,
3206 2144 3266 2190 ut
3291 2151 3398 2191 non

1832 2223 1985 2278 novis
2011 2225 2222 2280 delictis
2249 2225 2316 2279 ad
2346 2225 2603 2279 inferiora
2630 2240 2846 2294 semper
2872 2226 3048 2281 delabi
3074 2226 3286 2296 possit:
3331 2228 3399 2281 ad

1831 2316 1937 2368 ima
1965 2316 2129 2387 igitur
2164 2317 2636 2372 retrocedentibus
2689 2331 2904 2386 semper
2952 2318 3248 2387 aliquibus,
3304 2319 3398 2387 qui

1831 2405 2006 2459 locum
2040 2422 2193 2461 suum
2227 2408 2521 2473 tenuerint,
2550 2408 2729 2462 lumen
2774 2407 2843 2461 iis
2890 2423 3047 2462 suum
3079 2410 3398 2479 impertien-

1834 2505 1939 2550 tur.
1979 2494 2231 2565 Ejusdem
2279 2504 2334 2550 et
2383 2496 2522 2550 istud
2574 2504 2659 2549 est
2706 2495 2895 2548 farina:
2961 2510 2992 2548 e
3041 2505 3173 2551 tom.
3224 2511 3293 2550 xv
3342 2497 3400 2549 in

1830 2585 2047 2651 Hau/1.,
2081 2602 2227 2642 num.
2254 2586 2346 2651 ΞΠ,
2372 2602 2492 2658 pag.
2523 2585 2626 2642 695
2661 2603 2673 2640 :
2716 2584 2876 2640 Ἀλλὰ
2908 2586 3048 2641 κατὰ
3095 2587 3191 2657 μὲν
3227 2586 3399 2641 ταῦτα

1829 2678 2075 2749 πρώτους
2093 2675 2507 2749 ἀποδεδώκαμεν
2540 2678 2664 2740 τοὺς
2690 2677 3118 2747 σωθησομένους,
3141 2678 3400 2749 ἐσχάτους

1828 2770 1886 2822 δὲ
1930 2773 2053 2834 τοὺς
2085 2769 2159 2841 μὴ
2187 2770 2371 2837 ἀξίους
2420 2771 2518 2841 τῆς
2556 2771 2813 2841 τοιαύτης
2856 2770 2965 2823 τῶν
3007 2771 3401 2844 σωθησομένων

1828 2861 2049 2925 τάξεως,
2096 2861 2229 2915 ἀλλὰ
2274 2861 2566 2925 κολάσεως,
2609 2861 2701 2914 καὶ
2754 2859 2848 2914 τοῦ
2901 2861 3397 2932 ἐγκαταληφθῆναι,

1827 2953 1945 3023 ἤτοι
2020 2954 2124 3017 ἓως
2186 2954 2247 3006 τὸ
2314 2954 2584 3026 πλήρωμα
2649 2954 2758 3007 τῶν
2834 2954 3001 3007 ἐθνῶν
3061 2956 3313 3027 εἰσέλθῃ,
3361 2957 3398 3027 ἢ

1828 3042 1932 3107 ἓως
2002 3043 2396 3115 ἐκπληρώσωσι
2456 3044 2525 3098 τὰ
2580 3045 2707 3116 περὶ
2766 3042 2872 3098 τῶν
2954 3046 3097 3099 ἰδίων
3144 3048 3397 3119 ἁμαρτη-

1830 3134 2014 3205 μάτων
2038 3151 2051 3163 ·
2102 3144 2154 3188 et
2189 3136 2329 3189 istud
2360 3149 2390 3189 e
2417 3144 2634 3191 tractat.
2666 3151 2843 3191 χχχιιι
2885 3137 2940 3190 in
2993 3138 3209 3204 Matth.,
3248 3155 3397 3201 num.

1827 3224 1927 3280 69:
1969 3243 1987 3276 ι
2020 3228 2128 3281 Iste
2158 3236 2335 3280 autem
2368 3228 2458 3297 qui
2492 3243 2657 3282 unum
2700 3238 2990 3297 acceperat
3021 3229 3307 3295 talentum,
3344 3242 3401 3287 et

1826 3317 2183 3372 absconderat
2211 3318 2384 3386 ipsum
2420 3319 2471 3373 in
2526 3328 2687 3383 terra,
2722 3335 2837 3375 non
2882 3320 3057 3375 solum
3092 3322 3244 3389 quasi
3281 3337 3402 3377 ma-

1826 3408 1910 3463 lus
1941 3418 1994 3464 et
2030 3409 2182 3480 piger
2212 3410 2479 3479 arguitur,
2509 3413 2601 3464 sed
2632 3412 2789 3480 quasi
2837 3410 3047 3465 inutilis
3080 3411 3313 3466 mittitur
3343 3413 3398 3467 in

1827 3500 2081 3554 tenebras
2126 3500 2455 3565 exteriores,
2490 3500 2581 3556 ubi
2619 3500 2765 3554 nulla
2798 3500 3124 3556 illuminalio
3155 3511 3258 3567 est,
3291 3502 3399 3556 for-

1826 3589 1967 3644 sitan
1998 3604 2098 3644 nec
2149 3590 2475 3659 corporalis,
2514 3606 2617 3646 nec
2663 3601 2749 3646 est
2792 3592 3063 3660 respectio
3110 3592 3205 3647 Dei
3248 3594 3398 3661 illic;

1825 3684 1918 3738 sed
1946 3682 2099 3752 quasi
2138 3683 2344 3753 indigni
2376 3683 2747 3753 Speculatione
2796 3683 2887 3738 Dei
2927 3684 3016 3753 qui
3050 3684 3174 3738 talia
3205 3701 3401 3754 pecca-

1825 3783 2039 3839 verunt,
2073 3775 2500 3828 condemnamur
2532 3775 2583 3828 in
2623 3775 2706 3829 his
2730 3790 2848 3845 quae
2883 3777 3194 3837 exteriores
3235 3788 3391 3835 tene-

1826 3866 1937 3920 bra:
1984 3866 2361 3935 appellantur;
2409 3865 2637 3921 forsitan
2686 3866 2861 3921 donec
2911 3868 3298 3937 intellexerint,
3337 3882 3398 3929 ut

1825 3968 2229 4023 convertantur,
2255 3968 2309 4013 et
2337 3960 2483 4027 digni
2516 3957 2817 4013 efﬁciantur
2868 3962 3018 4015 exire
3050 3960 3119 4015 ab
3152 3963 3239 4028 iis,
3286 3964 3399 4019 for-

1825 4052 1964 4104 sitan
2008 4060 2062 4104 et
2102 4060 2322 4119 propter
2362 4049 2524 4103 aliam
2565 4066 2785 4105 causam
2815 4066 2978 4120 quam
3032 4067 3134 4107 nos
3174 4053 3395 4123 ignora-

1825 4153 1974 4201 mus;
2009 4157 2029 4191 ι
2062 4148 2116 4191 et
2144 4138 2245 4192 hoc
2277 4153 2489 4207 quoque
2522 4140 2666 4207 quod
2708 4140 2969 4194 scribitur
2999 4140 3091 4195 lib.
3140 4158 3237 4196 vm
3275 4159 3398 4198 cor:-

1825 4239 1906 4284 tra
1941 4230 2100 4296 Cels.,
2120 4246 2272 4289 num.
2300 4231 2388 4294 72.
2414 4232 2513 4285 sub
2545 4232 2759 4286 easdem
2790 4232 2934 4301 leges
2968 4234 3392 4289 concludendum

1825 4320 2116 4390 aliquando
2171 4321 2429 4391 quidquid
2482 4329 2569 4377 est
2622 4322 2850 4377 rationis
2901 4324 3205 4394 particeps,
3271 4341 3394 4380 cum

1827 4414 1995 4469 verbo
2020 4413 2111 4467 Dei
2145 4413 2196 4467 in
2229 4412 2525 4483 perfectum
2555 4419 2757 4467 statum
2788 4414 3131 4472 restituetur.
3158 4414 3212 4469 ln
3242 4415 3395 4482 cujus

1828 4514 2202 4574 argumentum
2258 4503 2415 4558 affert
2468 4505 2595 4558 illud
2629 4505 2916 4573 Sophortiae
2960 4520 3047 4571 HI,
3084 4506 3156 4561 9:
3193 4524 3212 4558 ε
3246 4506 3394 4559 Tunc

1828 4596 2049 4649 reddam
2081 4595 2291 4665 populis
2318 4596 2518 4651 labium
2557 4596 2810 4664 electum,
2840 4607 2899 4650 ut
2924 4596 3175 4651 invocent
3204 4611 3395 4652 omnes

1830 4686 1884 4740 in
1920 4688 2136 4742 nomine
2173 4688 2405 4755 Domini,
2432 4697 2487 4743 et
2519 4690 2759 4743 serviant
2788 4689 2836 4743 ei
2863 4688 3092 4743 bumero
3116 4703 3240 4741 uno.
3272 4708 3295 4740 ι

1899 4789 2065 4845 XVII.
2107 4790 2452 4861 Perspicuum
2490 4793 2614 4846 hinc
2660 4800 2745 4847 est
2778 4807 2885 4846 non
2936 4791 3068 4846 alias
3112 4792 3394 4850 admisisse

1829 4897 2016 4953 pmuas
2047 4880 2359 4953 Origenem,
2386 4898 2547 4952 quam
2582 4882 2885 4952 piaculares
2917 4891 2972 4937 et
3000 4886 3383 4952 temporarias;

1828 4973 2130 5043 cujusmodi
2156 4983 2280 5028 sunt
2311 4975 2637 5043 purgatorize
2673 4974 2794 5038 illze,
2823 4989 2958 5044 quas
3000 4973 3238 5030 Ecclesia
3291 4991 3388 5032 ea-

1833 5065 2032 5118 tholica
2064 5066 2325 5134 agnoscit.
2374 5065 2483 5119 Sed
2514 5074 2567 5120 et
2596 5065 2935 5121 manifestius
2962 5065 3091 5120 illud
3129 5076 3213 5121 est
3238 5082 3301 5121 ex
3327 5084 3396 5123 eo

1830 5153 1969 5222 quod
2000 5153 2229 5207 habetur
2256 5152 2438 5207 homil.
2472 5153 2505 5208 8
2540 5154 2595 5206 in
2630 5151 2817 5219 Levit.,
2838 5151 2925 5205 ubi
2950 5166 3115 5222 agens
3141 5154 3206 5207 de
3224 5168 3390 5222 puer-

1830 5259 1983 5313 pera,
2024 5244 2176 5314 juxta
2206 5244 2407 5298 veteris
2462 5243 2595 5313 legis
2623 5244 3026 5313 praescriptum,
3056 5259 3152 5314 per
3184 5254 3389 5314 septem

1830 5337 1945 5391 dies
1974 5336 2270 5402 immunda,
2308 5337 2351 5391 si
2396 5336 2694 5391 masculum
2730 5337 3070 5406 peperisset;
3122 5351 3218 5406 per
3256 5353 3392 5406 qua-

1831 5426 2152 5490 tuordccim,
2173 5428 2216 5482 si
2244 5429 2517 5493 feminam,
2544 5428 2900 5498 septimanam
2940 5430 3079 5483 hanc
3106 5429 3389 5497 praasentis

1833 5520 1949 5575 vitae
2010 5530 2219 5594 tempus
2274 5537 2395 5578 esse
2457 5522 2609 5589 dicit,
2665 5536 2773 5593 per
2807 5522 2950 5593 quod
3006 5535 3390 5591 usquequaque
