3834 6226
444 286 583 343 1027

1745 279 1805 335 P.
1851 278 2168 335 DANIELIS
2206 279 2437 335 HUETII

3546 281 3684 335 1028

440 401 628 458 mundi
667 415 791 457 esse
849 414 955 455 non
1005 412 1311 469 possumus,
1368 396 1473 451 nisi
1523 402 1750 450 octavus
1797 396 2008 450 venerit
2040 400 2083 455 Α
2112 393 2309 447 liarum
2338 394 2492 459 Sion,
2524 407 2571 450 et
2604 396 2909 466 sanguinem
2953 393 3256 465 expurgabit
3288 410 3315 449 e
3340 394 3511 449 medio
3538 396 3685 465 ipso-

440 495 559 549 dies
592 534 609 559 ,
667 490 832 546 futuri
896 505 1089 559 nempe
1158 487 1339 543 saeculi
1393 498 1604 556 tempus
1664 506 1677 541 :
1737 506 1755 533 ι
1793 486 1847 540 In
1900 501 2007 556 quo

441 596 621 639 tamen
652 583 761 647 die,
796 599 816 634 ι
879 582 1074 649 inquit,
1123 595 1270 633 num.
1317 579 1370 639 4,
1410 597 1429 630 ι
1458 579 1501 633 si
1532 577 1801 632 masculus
1839 587 1924 632 est
1952 586 2008 630 et

439 675 675 729 viriliter
718 673 915 743 egerit,
966 672 1150 726 statim
1202 671 1254 724 in
1291 671 1410 738 ipso
1440 671 1673 724 adventu
1706 668 1871 723 futuri
1903 684 2005 724 sae-

442 768 554 821 culi
619 776 903 838 purgatur,
954 775 1010 818 et
1057 765 1242 818 statim
1299 762 1498 816 munda
1539 760 1768 817 efﬁcitur
1809 771 2004 827 mater,

441 873 563 927 quae
588 859 777 929 genuit
805 873 927 912 eum
960 874 975 910 :
1010 868 1292 925 purgatam
1331 870 1565 925 namque
1604 855 1749 909 vitiis
1783 868 2006 908 carnem

440 965 508 1005 ex
562 950 960 1005 resurrectione
1004 950 1247 1019 recipiet.
1291 947 1348 1002 Si
1400 962 1529 1002 vero
1565 946 1699 1000 nihil
1754 946 2008 1000 habuerit

441 1044 597 1099 virile
643 1044 934 1098 adversum
990 1050 1293 1110 peccatum,
1327 1040 1419 1093 sed
1462 1039 1723 1093 remissus
1774 1050 1826 1093 et
1874 1037 2007 1092 ειΐε-

441 1135 681 1190 minatus
721 1135 821 1189 fuit
860 1136 911 1189 in
947 1134 1161 1188 actibus
1200 1132 1335 1196 suis,
1381 1132 1535 1200 cujus
1574 1142 1854 1201 peccatum
1901 1131 2009 1185 tale

440 1235 545 1290 est,
577 1226 721 1295 quod
753 1240 856 1278 non
893 1224 1221 1286 remittatur,
1267 1235 1442 1290 neque
1499 1222 1552 1273 in
1603 1221 1856 1289 prtescnti
1905 1236 2006 1275 sae-

440 1316 586 1380 culo,
644 1329 817 1383 neque
874 1314 927 1367 in
980 1313 1197 1377 futuro,
1238 1313 1340 1366 iste
1395 1313 1588 1366 transit
1637 1319 1693 1365 et
1748 1327 1909 1365 unam
1954 1320 2008 1366 et

441 1407 600 1459 aliam
660 1405 1018 1473 septimanam
1066 1404 1119 1457 in
1178 1402 1523 1456 immunditia
1576 1417 1696 1468 sua,
1744 1412 1801 1455 et
1849 1403 2004 1455 tertia

444 1499 661 1552 domum
728 1495 1017 1564 incipiente
1078 1495 1278 1549 oboriri
1340 1495 1666 1563 septimana,
1747 1502 2007 1563 purgatur

440 1591 510 1642 ab
564 1587 947 1652 immunditia,
1007 1601 1169 1655 quam
1232 1587 1492 1641 feminam
1569 1587 1829 1655 pariendo
1879 1601 2004 1639 con-

440 1680 631 1735 traxit.
671 1696 690 1730 ι
743 1678 991 1747 Ejusdem
1027 1678 1243 1745 generis
1270 1688 1354 1732 est
1398 1677 1539 1731 istud
1591 1692 1658 1730 ex
1702 1675 1891 1730 homil.
1939 1676 2005 1729 M

2111 498 2228 535 rum
2253 483 2445 550 spiritu
2464 475 2656 550 judicii
2686 493 2737 538 et
2767 485 2961 553 spiritu
2982 483 3204 538 ustionis
3229 483 3294 537 ”.
3322 481 3395 539 De
3415 484 3685 541 Chaldaeis

2110 585 2289 626 autem
2334 574 2416 628 sic
2447 576 2578 630 dicit
2610 592 2625 630 :
2660 574 2835 630 Habes
2878 577 3128 630 carbones
3158 577 3315 645 ignis,
3357 580 3477 631 sede
3528 594 3688 646 super

2108 679 2221 725 eos,
2255 662 2308 714 lii
2339 674 2491 716 erunt
2520 664 2613 717 tibi
2642 666 2699 717 in
2746 664 3018 733 adjutorio
3044 664 3107 719 “.
3158 664 3226 718 Et
3257 666 3312 720 in
3354 666 3477 721 aliis
3502 668 3639 723 dicit
3669 688 3686 725 :

2110 754 2475 822 Sancti/icabit
2510 755 2766 810 Dominus
2796 758 2851 810 in
2885 757 3005 826 igne
3025 756 3237 810 ardenti
3267 756 3315 796 ⁸⁸
3357 767 3450 813 :et
3480 758 3535 813 in
3566 759 3689 814 Ma-

2109 846 2284 900 lachia
2320 848 2581 915 propheta
2612 847 2777 902 dicit:
2810 846 3015 903 Sedens
3040 847 3300 904 conﬂabit
3322 858 3377 905 et
3405 852 3689 921 purgabit,

2109 949 2165 993 et
2194 938 2384 993 fundet-
2416 950 2674 1010 purgatos
2713 940 2854 995 filios
2886 939 3021 995 Juda
3048 940 3113 995 ⁸⁸.
3141 960 3160 992 ι
3208 941 3337 996 Item
3361 942 3460 1013 jib.
3493 958 3589 998 vttt
3630 946 3691 997 in

2109 1028 2279 1098 Epist.
2304 1030 2371 1082 ad
2399 1029 2573 1098 Rom.,
2598 1047 2744 1086 num.
2771 1032 2861 1096 i2,
2884 1046 3003 1101 pag.
3028 1031 3153 1096 640,
3189 1050 3208 1083 ι
3235 1032 3451 1100 Verum,
3483 1033 3685 1102 inquit,

2111 1121 2161 1173 in
2191 1121 2291 1175 hac
2334 1122 2445 1191 ipsa
2474 1122 2791 1193 purgatione
2821 1138 2940 1190 qua
2980 1138 3076 1192 per
3107 1137 3319 1192 poenam
3348 1124 3489 1192 ignis
3520 1124 3682 1178 adhi-

2108 1212 2289 1277 betur,
2346 1214 2570 1279 quantis
2612 1214 2967 1281 temporibus,
3016 1217 3301 1283 quantisve
3343 1215 3559 1268 saeculis
3614 1216 3680 1270 de

2109 1304 2483 1372 peccatoribus
2511 1303 2693 1373 exigat
2714 1306 3015 1368 cruciatus,
3043 1303 3191 1359 solus
3211 1305 3351 1359 scire
3365 1314 3543 1374 potest
3573 1305 3678 1367 ille,

2110 1395 2195 1448 cui
2237 1394 2400 1449 Pater
2427 1410 2586 1449 omne
2611 1395 2871 1465 judicium
2902 1395 3141 1449 tradidit.
3167 1414 3187 1447 ι
3234 1396 3475 1465 Denique
3503 1396 3595 1451 lib.
3629 1412 3679 1449 tv

2109 1494 2293 1539 contra
2332 1484 2497 1549 Cels.,
2529 1502 2674 1539 ntnn.
2704 1484 2791 1553 10,
2819 1500 3007 1555 pinnas
3026 1488 3217 1542 futura:
3259 1488 3381 1542 vita:
3406 1489 3540 1542 dicit
3562 1504 3680 1544 esse

2107 1577 2409 1647 ἀναγκαίας
2453 1577 2528 1649 τῷ
2560 1579 2743 1640 παντὶ,
2795 1578 2939 1649 τάχα
2969 1578 3024 1631 δὲ
3062 1579 3292 1643 καὶτοῖς
3336 1580 3677 1651 πεισομένοις

2108 1668 2278 1732 αὐτὰς
2300 1670 2398 1723 οὐκ
2429 1671 2751 1742 ἀχρήστους.

437 1771 493 1822 in
530 1769 679 1835 Luc.,
711 1785 834 1839 pag.
869 1770 976 1825 948
1007 1788 1021 1825 :
1076 1789 1094 1820 ι
1136 1769 1287 1823 Sicut
1337 1771 1596 1837 scriptum
1629 1777 1712 1823 est
1752 1770 1804 1821 in
1849 1768 2004 1836 lege:
2040 1747 2081 1801 Β
2180 1763 2366 1821 XVIII.
2393 1765 2657 1832 Quoniam
2685 1774 2863 1821 autem
2888 1767 3168 1822 Paulinum
3196 1768 3321 1824 illud
3357 1784 3502 1839 saepe
3528 1770 3678 1824 testi-

439 1857 497 1913 Si
551 1862 844 1913 masculum
891 1860 1097 1928 peperit
1122 1870 1316 1921 mater,
1368 1868 1571 1927 septem
1612 1858 1801 1912 diebus
1837 1869 2009 1911 mater

437 1950 646 2003 sedebit
690 1950 743 2003 in
791 1950 1052 2019 sanguine
1104 1950 1402 2015 immundo,
1456 1966 1519 2003 ac
1554 1950 1749 2002 deinde
1790 1948 2006 2017 triginta

438 2042 614 2097 tribus
645 2042 699 2095 in
752 2043 1013 2112 sanguine
1045 2057 1207 2110 puro;
1249 2052 1304 2097 et
1334 2043 1400 2096 ad
1427 2052 1726 2097 extremum
1780 2052 1836 2096 et
1897 2042 2008 2110 ipse

436 2131 620 2188 infans
650 2133 857 2188 sedebit
891 2134 942 2186 in
971 2133 1238 2202 sanguine
1264 2133 1594 2202 purissimo:
1631 2133 1710 2186 sic
1750 2132 1875 2202 quia
1919 2132 2007 2185 lex

435 2224 735 2294 spiritualis
779 2234 884 2289 est,
920 2236 976 2279 et
1004 2225 1247 2279 umbram
1279 2224 1442 2278 habet
1488 2223 1790 2277 futurorum
1840 2224 2008 2276 bono-

433 2333 574 2382 rum,
605 2333 891 2387 possumus
915 2318 1209 2385 intelligere
1239 2316 1610 2386 purgationem
1634 2331 1814 2370 veram
1851 2316 2007 2370 nobis

434 2408 657 2462 evenire
689 2417 811 2475 post
846 2417 1071 2477 tempus.
1108 2406 1221 2478 Ego
1252 2418 1383 2476 puto
1408 2407 1552 2475 quod
1587 2417 1641 2460 et
1674 2417 1793 2476 post
1825 2421 2005 2461 resur-

433 2498 733 2553 rectionem
766 2512 831 2551 ex
862 2498 1092 2552 mortuis
1144 2498 1480 2566 indigeamus
1506 2505 1848 2551 sacramento
1887 2496 2004 2551 elu-

433 2598 560 2643 ente
587 2602 684 2644 nos
723 2597 882 2658 atque
907 2598 1169 2658 purgante
1194 2606 1208 2653 ;
1238 2602 1395 2642 nemo
1423 2587 1566 2642 enim
1601 2589 1806 2657 absque
1837 2586 2007 2642 sordi-

432 2682 534 2737 bus
565 2697 846 2750 resurgere
878 2684 1093 2749 poterit,
1126 2698 1225 2737 nec
1261 2682 1420 2735 ullam
1450 2695 1610 2750 posse
1647 2682 1883 2735 animam
1915 2694 2001 2733 re.-

432 2772 597 2841 periri
655 2788 776 2839 qua:
806 2773 1076 2827 universis
1112 2772 1293 2827 statim
1335 2771 1480 2825 vitiis
1503 2780 1706 2825 careat.
1738 2789 1757 2822 ι
1791 2769 2005 2825 Erroris

433 2874 620 2917 notam
659 2865 855 2918 merito
890 2865 974 2918 his
1004 2866 1171 2918 inurit
1193 2863 1553 2919 Bellarminus
1587 2862 1681 2916 lib.
1710 2878 1750 2916 ιι
1782 2861 1857 2915 De
1881 2878 2005 2931 pur-

431 2956 658 3022 gatorio,
691 2970 808 3024 cap.
846 2956 900 3022 9,
943 2956 1089 3025 quod
1140 2970 1207 3010 ex
1236 2954 1533 3024 Scriptura:
1578 2952 1736 3010 eliato
1764 2962 1888 3023 post
1916 2968 2002 3008 re-

432 3046 825 3101 surrectionem
852 3058 905 3101 et
934 3047 1199 3116 judicium
1228 3044 1371 3099 nulla
1401 3045 1633 3115 supersit
1669 3043 2002 3099 emendatio-

432 3138 518 3193 nis
550 3153 692 3207 spes.
726 3140 797 3191 At
846 3153 910 3192 ca
952 3139 1205 3194 mendosa
1249 3155 1387 3202 esse,
1418 3147 1473 3192 et
1497 3138 1625 3192 vitio
1655 3138 1994 3193 librariorum

428 3241 688 3299 corrupta
744 3240 895 3299 putat
949 3230 1153 3286 Suarez
1207 3240 1336 3286 tom.
1369 3231 1437 3286 IV
1489 3232 1542 3285 it:
1579 3245 1639 3284 ιιι
1682 3229 1745 3286 S.
1784 3229 1992 3295 Thom.,

430 3331 622 3389 quaest.
653 3321 741 3385 46,
782 3330 919 3376 sect.
954 3321 1007 3388 5,
1043 3323 1297 3391 quoniam
1338 3323 1444 3377 illis
1484 3338 1548 3376 ex
1583 3322 1812 3376 adverso
1842 3336 1998 3391 repu-

432 3421 605 3480 gnant
629 3427 746 3480 qum
783 3414 1093 3480 praecedunt
1125 3413 1176 3465 in
1208 3413 1396 3467 eadem
1428 3413 1665 3478 humilia,
1699 3413 1852 3467 nefas
1879 3427 1998 3468 esse

429 3503 671 3572 cegitarc
705 3503 945 3557 futurum
994 3512 1051 3558 ut
1080 3505 1285 3559 sordidi
1325 3515 1382 3559 et
1410 3505 1597 3574 polluti
1629 3519 1994 3575 resurgamus.

432 3593 540 3647 Sed
570 3603 773 3647 tantam
798 3608 920 3649 esse
946 3606 1124 3649 tamen
1165 3595 1217 3649 in
1244 3598 1427 3652 multis
1458 3599 1846 3653 hmsitationem
1874 3598 1998 3653 Ori-

428 3685 580 3754 genis
610 3685 1080 3755 deprehendimus,
1108 3696 1167 3740 ut
1194 3702 1388 3741 novum
1423 3688 1551 3741 mihi
1581 3704 1683 3742 non
1715 3687 1785 3742 sit
1808 3688 1997 3742 cadem

428 3777 646 3831 bomilia
675 3778 886 3833 diversa
909 3794 1028 3832 cum
1054 3789 1107 3833 et
1137 3780 1427 3847 pugnantia
1451 3780 1765 3849 prodidisse.
1802 3780 1999 3834 Praadi—

428 3874 620 3917 cantur
653 3866 816 3919 etiam
872 3866 1213 3936 apertissime
1267 3867 1566 3937 piaculares
1606 3882 1777 3938 pwna:
1811 3868 1996 3922 homil.

429 3952 498 4007 16
531 3955 587 4006 in
624 3953 847 4021 Jerem.,
918 3972 1064 4009 num.
1106 3956 1158 4021 5,
1197 3973 1333 4024 lcum
1384 3969 1752 4028 superstructa
1807 3961 2000 4015 animae

429 4059 642 4109 aurum,
676 4056 984 4117 argentum,
1030 4048 1194 4118 ligna,
1238 4049 1420 4103 fenum
1482 4059 1535 4103 et
1588 4050 1835 4119 stipulam
1876 4050 1999 4121 igne

427 4137 703 4206 probanda
738 4154 858 4193 esse
892 4139 1054 4205 dicit;
1094 4140 1289 4194 deinde
1325 4143 1399 4194 ait
1457 4158 1605 4195 num.
1650 4142 1682 4192 6
1724 4161 1736 4195 :
1793 4144 1857 4195 Τί
1906 4139 1997 4196 οὖν

429 4227 644 4301 πρῶτον
677 4230 958 4284 ἀκολουθεί
996 4233 1284 4286 ἀπολαϐεῖν
1320 4233 1408 4287 διὰ
1436 4236 1504 4287 τὰ
1534 4233 1691 4300 Edita;
1729 4235 1884 4305 δῆλον
1916 4236 1997 4289 ὅτι

425 4319 489 4374 τὸ
519 4320 628 4393 πῦρ
662 4322 722 4375 τὸ
766 4323 1050 4377 ἀναλίσκον
1092 4324 1159 4377 τά
1192 4324 1340 4391 ξύλα,
1378 4329 1470 4380 καὶ
1516 4327 1605 4379 τὸν
1653 4328 1861 4398 χόρτον,
1904 4329 1999 4382 καὶ

2110 1859 2348 1912 monium
2375 1870 2621 1927 usurpat,
2650 1858 2792 1927 quod
2822 1868 2897 1912 est
2933 1860 2955 1913 Ι
2990 1861 3114 1915 Cor.
3146 1876 3233 1925 xv,
3262 1861 3352 1926 26,
3390 1880 3411 1913 ι
3440 1861 3684 1916 Novissi-

2108 1962 2194 2000 ma
2218 1957 2398 2001 autem
2424 1949 2641 2003 inimica
2669 1948 2980 2004 destruetur
3007 1966 3173 2017 mors,
3201 1970 3220 2003 ι
3257 1952 3482 2007 minime
3519 1953 3682 2007 siler.-

2110 2038 2184 2092 tio
2206 2039 2498 2107 premenda
2530 2038 2744 2092 videtur
2766 2039 2929 2092 allata
2955 2040 3021 2093 ab
3053 2055 3117 2095 eo
3147 2040 3250 2095 loci
3274 2041 3435 2111 hujus
3469 2044 3685 2111 exposi-

2110 2128 2203 2183 tio.
2252 2127 2478 2183 Mortem
2514 2128 2693 2198 itaque
2720 2129 2994 2183 diabolum
3033 2130 3341 2200 significare
3377 2132 3681 2193 existimat,

2106 2234 2264 2287 quem
2297 2220 2369 2273 ita
2407 2221 2743 2274 destructum
2785 2220 2848 2273 iri
2878 2230 3050 2290 putat,
3074 2232 3337 2290 quatenus
3366 2222 3536 2292 impia
3570 2223 3683 2291 ejus

2106 2320 2209 2364 eta
2238 2310 2346 2365 Deo
2381 2326 2569 2365 aversa
2598 2310 2850 2365 voluntas
2884 2313 3299 2380 expugnabitur.
3345 2313 3549 2368 Demus
3574 2316 3683 2384 ipsa

2105 2404 2268 2457 verba
2292 2417 2323 2457 e
2346 2403 2436 2457 lib.
2476 2419 2535 2458 ιιι
2568 2404 2706 2471 Περὶ
2740 2402 2963 2473 ἀρχῶν,
2995 2418 3116 2472 cap.
3148 2404 3203 2469 ὃ,
3232 2420 3379 2458 num.
3411 2404 3484 2460 5:
3524 2405 3685 2461 «Pro.

2108 2503 2291 2563 pterca
2324 2510 2554 2564 namque
2577 2495 2737 2549 etiam
2770 2496 3089 2549 novissimus
3122 2495 3391 2560 inimicus,
3422 2494 3515 2563 qui
3539 2507 3681 2548 mors

2105 2587 2427 2656 appellatur,
2458 2588 2664 2642 destrui
2694 2587 2914 2654 dicitur,
2947 2596 3004 2641 ut
3032 2601 3204 2655 neque
3252 2586 3391 2640 ultra
3430 2587 3587 2640 triste
3617 2586 3682 2639 sit

2106 2681 2333 2749 aliquid,
2370 2680 2457 2734 ubi
2486 2696 2632 2736 mors
2661 2697 2769 2735 non
2797 2691 2903 2745 est,
2942 2695 3117 2750 neque
3150 2679 3442 2734 adversum
3470 2679 3568 2742 sit,
3593 2679 3678 2731 ubi

2104 2787 2212 2826 non
2246 2780 2329 2826 est
2357 2772 2627 2827 inimicus.
2672 2772 2886 2827 Destrui
2912 2787 3042 2827 sane
3066 2771 3391 2825 novissimus
3421 2771 3677 2827 inimicus

2105 2860 2181 2915 ita
2210 2860 2586 2931 intelligendus
2607 2871 2712 2928 εει,
2755 2876 2860 2917 non
2903 2872 2960 2915 ut
2986 2862 3282 2916 substantia
3324 2860 3467 2931 ejus,
3496 2875 3619 2930 qua:
3650 2874 3680 2913 a

2106 2952 2219 3008 Deo
2248 2953 2390 3008 facta
2424 2961 2525 3020 est,
2558 2964 2777 3023 pereat;
2828 2954 2921 3009 sed
2951 2962 3007 3008 ut
3026 2954 3387 3024 propositum,
3415 2962 3474 3008 ει
3493 2952 3681 3008 volun-

2029 3080 2073 3139 ε
2109 3054 2190 3101 tas
2216 3046 2457 3111 inimica,
2497 3063 2615 3117 qua:
2653 3062 2758 3103 non
2789 3063 2818 3101 a
2866 3046 2998 3114 Deo,
3030 3048 3124 3102 sed
3155 3047 3222 3101 ab
3248 3048 3366 3116 ipso
3392 3046 3678 3116 processit,

2105 3138 2337 3192 intereat
2360 3153 2375 3203 ;
2399 3156 2417 3189 ι
2442 3149 2497 3193 ει
2521 3140 2622 3193 ista
2648 3153 2714 3193 ex
2741 3138 2923 3193 homil.
2956 3140 2988 3193 8
3013 3139 3067 3192 in
3088 3136 3271 3199 Iosue,
3297 3153 3452 3190 num.
3470 3136 3526 3191 4.
3562 3155 3581 3188 ι
3612 3136 3682 3190 De

2102 3230 2315 3285 diabolo
2338 3241 2515 3286 autem
2546 3231 2749 3297 dicens,
2784 3233 2860 3285 ait
2891 3249 2905 3287 :
2933 3230 3287 3285 Novisssimus
3311 3230 3564 3284 inimicus
3595 3230 3684 3283 de-

2098 3332 2334 3377 struetur
2359 3339 2498 3377 mors
2523 3322 2588 3387 ⁸⁷,
2614 3323 2740 3391 quia
2777 3337 2906 3377 vere
2935 3332 3063 3377 tunc
3086 3322 3329 3375 vincetur
3358 3336 3530 3385 mors,
3556 3337 3679 3375 cum

2100 3411 2330 3467 mortale
2358 3414 2457 3467 hoc
2482 3412 2860 3467 absorbebitur
2883 3427 2912 3465 a
2933 3413 3061 3468 vita.
3088 3430 3106 3464 ι
3134 3412 3291 3467 Certe
3316 3410 3484 3467 Hebr.
3504 3428 3570 3479 ιι,
3595 3413 3679 3475 Η,

2100 3507 2288 3559 mortis
2320 3505 2533 3573 quidem
2586 3505 2871 3573 imperiutn
2919 3503 3160 3559 diabolus
3195 3503 3397 3558 habere
3446 3504 3679 3569 dicitur;

2098 3609 2156 3651 at
2187 3613 2217 3651 a
2247 3608 2421 3652 morte
2450 3606 2623 3651 tamen
2661 3596 3030 3664 distinguitur,
3062 3613 3080 3645 ι
3106 3605 3163 3647 ιιι
3193 3609 3289 3663 per
3320 3604 3556 3649 mortem
3590 3595 3681 3649 de-

2099 3698 2338 3745 strueret
2363 3704 2486 3744 eum
2525 3690 2615 3757 qui
2671 3687 2907 3742 habebat
2937 3687 3123 3741 mortis
3152 3686 3457 3755 imperium,
3505 3685 3565 3739 id
3604 3695 3682 3741 cst

2100 3780 2394 3836 diabolum.
2423 3797 2442 3831 ι
2495 3780 2647 3847 Quod
2692 3793 2966 3849 exponens
3002 3777 3261 3848 Origenes
3307 3786 3442 3831 tom.
3482 3793 3591 3832 xm
3627 3780 3681 3831 in

2100 3872 2315 3937 Matth.,
2352 3888 2501 3926 num.
2537 3870 2587 3931 9,
2626 3886 2749 3941 pag.
2776 3870 2899 3932 582,
2940 3870 3153 3940 Κράτος
3189 3869 3246 3922 δὲ
3290 3868 3546 3935 θανάτου,
3601 3871 3684 3922 in-

2098 3963 2235 4027 quit,
2261 3961 2543 4031 νομιστέον
2575 3960 2718 4031 ἔχειν
2753 3961 2844 4013 τὸν
2874 3961 3136 4025 διάϐολον,
3170 3961 3230 4012 οὐ
3257 3959 3352 4013 τοῦ
3389 3960 3559 4031 μέσου
3586 3961 3680 4015 καὶ

2100 4051 2416 4122 ἀδιαφόρου,
2476 4051 2597 4104 καθ’
2630 4052 2689 4105 ὃν
2743 4052 3171 4122 ἀποθνήσκουσιν
3217 4052 3269 4102 οἱ
3316 4051 3562 4105 σύνθετοι
3611 4056 3681 4106 ἐκ

2098 4140 2273 4212 ψυχῆς
2299 4141 2392 4194 καὶ
2432 4141 2702 4211 σώματος,
2749 4141 3123 4212 χωριζομένης
3166 4142 3342 4195 αὐτῶν
3371 4143 3467 4212 τῆς
3496 4143 3679 4213 ψυχῆς

2098 4234 2205 4287 ἀπὸ
2235 4233 2326 4286 τοῦ
2362 4233 2615 4303 σώματος
2637 4251 2651 4263 ·
2686 4234 2822 4287 ἀλλὰ
2853 4235 2946 4287 τοῦ
2980 4235 3219 4287 ἐναντίου
3242 4236 3337 4287 καὶ
3358 4234 3554 4304 ἐχθροῦ
3578 4236 3675 4287 τοῦ

2100 4325 2341 4389 εἰπόντος
2364 4342 2377 4355 ο
2433 4325 2571 4395 Ἐ
2600 4326 2713 4393 εἰμι
2744 4327 2782 4393 ’ὴ
2832 4324 2941 4394 ζωὴ
2966 4326 3032 4391 ⁸⁸,
3072 4325 3192 4379 καθ’
3222 4326 3279 4379 ὃν
3315 4325 3461 4397 ψυχὴ
3492 4326 3679 4397 ἁμαρ-

425 4411 526 4485 τὴν
551 4414 836 4485 καλάμην
880 4425 932 4469 ει
958 4426 1166 4482 postea,
1205 4416 1458 4484 quoniam
1507 4417 1763 4486 scriptum
1797 4427 1878 4471 est
1906 4416 1995 4471 Je-

2104 4415 2349 4480 τάνουσα,
2375 4416 2514 4488 αὕτη
2548 4417 2895 4470 ἀποθανεῖται
2920 4417 2987 4472 δ’.

429 4519 566 4559 rem.
602 4520 717 4571 xvn,
752 4506 816 4561 18
854 4524 865 4558 ;
898 4524 915 4557 ι
942 4506 1010 4559 Ει
1039 4506 1253 4560 reddam
1278 4507 1507 4574 primum
1534 4505 1774 4575 duplices
1803 4508 2001 4577 iniqui-

430 4604 570 4649 tates
601 4608 807 4649 eorum.
838 4614 855 4645 ι
925 4595 1280 4664 ’Λναγκαίως,
1326 4596 1518 4666 inquit,
1569 4596 1889 4667 πρόσκειται
1938 4599 2000 4650 τὸ

428 4687 642 4758 πρῶτον
660 4704 675 4718 °
708 4686 922 4759 πρῶτον
953 4688 1061 4759 γὰρ
1088 4690 1156 4744 τὰ
1176 4689 1277 4760 τῆς
1304 4689 1532 4756 ἀδικίας,
1564 4691 1681 4744 εἶτα
1706 4692 1773 4745 τὰ
1801 4693 1897 4763 τῆς
1926 4692 2001 4745 δι-

428 4775 720 4847 καιοσύνης
762 4776 1088 4832 ἀποδίδοται.
1133 4778 1271 4845 Quin
1317 4781 1482 4835 etiam
1531 4781 1621 4835 lib.
1655 4799 1693 4836 ιι
1728 4783 1866 4850 Περὶ
1896 4784 1999 4851 ἀρ-

428 4866 575 4933 χῶν,
612 4883 730 4938 cap.
763 4868 849 4933 IO,
887 4886 1033 4927 num.
1062 4870 1116 4937 Ξ,
1151 4873 1393 4926 animam
1426 4888 1521 4942 per
1550 4884 1828 4943 peccatum
1852 4875 1999 4930 ordi-

430 4970 554 5009 nem
585 4972 741 5011 suum
787 4959 1039 5015 deserere
1085 4963 1179 5029 ait,
1222 4972 1277 5017 et
1318 4978 1349 5017 a
1381 4978 1637 5034 compage
1688 4966 1774 5020 cui
1822 4981 1851 5019 a
1889 4965 1997 5020 Deo

429 5046 592 5102 fuerit
624 5050 821 5105 innexa
863 5052 1041 5107 divelli
1068 5068 1085 5119 ;
1118 5063 1173 5108 et
1200 5054 1439 5111 adhibito
1476 5056 1599 5125 igne
1638 5075 1657 5107 t
1685 5057 1804 5111 sine
1830 5057 1997 5112 dubio

429 5143 495 5193 ad
523 5140 816 5196 firmiorem
840 5144 1268 5217 suicompagem,
1297 5148 1851 5217 instaurationemque
1868 5149 1997 5203 soli-

428 5232 545 5285 dari
568 5250 581 5298 ;
606 5249 627 5286 ι
648 5248 747 5287 nec
774 5235 940 5291 multo
969 5246 1095 5306 post
1129 5253 1277 5292 num.
1307 5238 1377 5291 6:
1402 5256 1422 5289 ι
1445 5236 1708 5305 Quoniam
1739 5250 1913 5294 autem
1941 5250 1997 5295 et

427 5337 491 5377 ea
521 5339 677 5394 paena
694 5342 813 5396 quae
830 5342 923 5397 per
955 5330 1130 5400 ignem
1152 5328 1337 5384 inferri
1375 5331 1592 5397 dicitur,
1612 5347 1709 5400 pro
1732 5330 1994 5399 adjutorio

429 5415 744 5487 intelligitur
766 5421 1029 5488 adhiberi,
1047 5422 1213 5476 Isaias
1231 5423 1499 5492 docet,qui
1519 5422 1582 5476 de
1602 5421 1763 5477 Israel
1780 5423 1994 5492 quidem

429 5508 508 5563 sic
565 5510 739 5566 dicit:
778 5512 965 5567 Abluet
1000 5513 1255 5567 Dominus
1298 5514 1476 5567 sordes
1513 5514 1749 5583 ﬁliorum
1793 5516 1875 5571 vel
1931 5519 1997 5587 ﬁ-

502 5620 547 5653 ”
574 5622 682 5700 Isa1
712 5640 791 5700 tv.
814 5628 891 5700 >4;
977 5624 1144 5700 "flsa.
1180 5640 1348 5700 XLvtt,
1377 5627 1462 5682 14.
1564 5629 1608 5661 ι’
1634 5627 1736 5687 Isa.
1764 5646 1818 5700 ι,
1856 5631 1942 5685 l7.

431 5699 488 5745 et
511 5706 620 5757 xiv,
651 5695 704 5750 6.
781 5697 824 5728 ⁸³⁵
852 5696 1050 5753 Ezech.
1080 5710 1233 5764 XVIII,
1258 5697 1311 5752 4.

2168 4509 2301 4564 Cum
2338 4510 2413 4563 ait
2445 4524 2690 4565 aversam
2718 4527 2747 4562 a
2771 4508 2881 4563 Deo
2911 4510 3111 4565 diaboli
3151 4508 3485 4564 voluntatem
3513 4508 3671 4571 olim.

2099 4600 2215 4656 fore
2247 4601 2654 4663 conterendam,
2711 4600 2845 4654 satis
2875 4587 3146 4669 significat
3191 4614 3251 4655 se
3288 4614 3357 4653 ne
3396 4600 3672 4655 daemones

2098 4692 2315 4762 quidem
2344 4691 2412 4745 ab
2443 4700 2643 4746 aeterna
2684 4691 2942 4746 felicitate
2973 4690 3281 4746 excludere.
3321 4689 3429 4746 Sed
3467 4690 3671 4746 clarius

2098 4784 2262 4838 etiam
2292 4783 2344 4838 id
2373 4785 2644 4839 evincitur
2689 4798 2755 4837 ex
2800 4786 3108 4851 dogmatum
3144 4783 3312 4853 ipsius
3343 4783 3589 4851 sequela,
3618 4792 3673 4837 et

2097 4890 2161 4930 ex
2196 4876 2298 4930 hoc
2342 4881 2458 4931 loco
2489 4890 2520 4931 e
2557 4876 2648 4930 lib.
2683 4892 2699 4930 ι
2747 4875 2888 4944 Περὶ
2922 4874 3142 4945 ἀρχῶν,
3182 4889 3301 4946 cap.
3330 4873 3386 4939 6,
3427 4891 3580 4929 num.
3614 4876 3668 4939 5,

2095 4982 2255 5036 quem
2280 4975 2334 5023 et
2354 4983 2513 5036 supra
2543 4967 2654 5036 jam
2679 4968 3020 5033 adduximus,
3066 4976 3121 5023 et
3150 4968 3239 5023 hic
3270 4981 3487 5036 quoque
3513 4981 3672 5037 repe-

2096 5067 2269 5114 temus
2316 5076 2330 5113 :
2368 5060 2524 5116 «Jam
2561 5075 2692 5115 vero
2745 5060 2791 5115 si
2821 5059 2983 5130 aliqui
3035 5075 3099 5114 ex
3122 5059 3219 5115 this
3258 5058 3539 5114 ordinibus
3575 5059 3668 5128 qui

2094 5152 2194 5205 sub
2215 5152 2517 5221 principatu
2542 5152 2738 5206 diaboli
2767 5161 2951 5222 agunt,
2990 5166 3054 5205 ac
3074 5150 3290 5205 malitiae
3319 5149 3436 5219 ejus
3464 5149 3673 5204 obtem-

2098 5253 2311 5311 perant,
2355 5253 2606 5313 poterunt
2636 5244 2925 5314 aliquando
2962 5244 3015 5298 in
3046 5242 3241 5297 futuris
3284 5241 3497 5296 sacculis
3528 5256 3672 5295 cun-

2100 5338 2237 5391 verti
2266 5337 2333 5391 ad
2389 5337 2706 5403 bonitatem,
2741 5351 2838 5406 pro
2864 5351 2928 5390 eo
2956 5335 3098 5407 quod
3122 5342 3207 5389 est
3246 5332 3303 5388 in
3354 5332 3483 5401 ipsis
3510 5330 3672 5385 liberi

2102 5415 2330 5482 facultas
2364 5428 2576 5483 arbitrii
2606 5442 2621 5482 :
2655 5445 2720 5482 an
2764 5443 2895 5483 vero
2928 5442 3249 5497 permanens
3281 5434 3335 5480 et
3367 5426 3671 5479 inveterata

2102 5522 2305 5576 malitia
2338 5523 2487 5576 velut
2522 5504 2573 5575 in
2605 5531 2849 5576 naturam
2875 5522 3161 5591 quamdam
3195 5535 3261 5575 ex
3282 5516 3673 5573 consuetudine

2045 5633 2090 5715 ξε
2127 5634 2355 5691 Malach.
2393 5636 2554 5705 “1,5.
2629 5636 2673 5669 ⁸⁷
2698 5634 2719 5691 I
2748 5634 2873 5693 Cor.
2901 5649 2991 5704 xv,
3022 5633 3109 5689 26.
3187 5632 3406 5691 "Joan.
3444 5645 3522 5709 xl,
3557 5629 3665 5692 ‘35;
