3834 6226
119 310 257 370 10‘29

930 305 1503 367 ORIGENIANORUM
1542 306 1672 361 LIB.
1713 305 1774 370 II,
1816 304 1969 361 CAP.
2011 303 2071 370 II,
2107 301 2384 370 QUASST.
2428 300 2515 356 XI.

3233 304 3370 361 1050

112 433 483 493 convertatur,
515 427 678 482 etiam
707 436 763 482 tu
794 427 886 497 qui
919 427 1054 498 legis
1074 427 1324 497 probato,
1355 426 1398 481 si
1426 427 1691 481 omnimo-
1719 436 1764 489 Α
1795 435 1938 494 ptam
1970 424 2357 480 beatitudinem
2410 422 2705 492 possidere.
2752 440 2773 475 ι
2822 421 3023 489 Quibus
3061 431 3116 478 et
3142 423 3254 479 haec
3277 426 3372 478 ad-

114 521 183 575 de
213 534 387 588 neque
412 520 466 572 in
497 519 584 574 his
616 535 735 589 qua:
763 519 1019 574 videntur
1045 519 1431 589 temporalibus
1459 518 1689 583 sazcnlis,

114 624 293 681 neque
332 611 386 666 in
410 612 495 665 his
526 626 645 681 quae
671 627 779 667 non
813 612 1085 679 videntur,
1116 622 1171 668 et
1198 622 1398 669 mterna
1428 624 1572 681 sunt,
1609 630 1695 684 pe-

88 701 263 795 ;nitus
314 717 452 795 pars?
484 703 587 795 ista
627 704 695 757 ab
720 703 808 756 illa
833 704 995 795 etiam
1027 704 1177 789 Iinali
1242 706 1470 772 unitate,
1531 716 1693 776 atque

110 794 489 848 convenientia
519 794 867 865 discrepabit.
896 812 914 845 ι
949 792 1103 849 Jacet
1122 795 1309 850 eadem
1337 797 1603 850 sententia
1638 796 1691 850 in

110 888 234 943 istis
254 903 283 941 e
305 886 634 942 Corderiana
661 886 867 943 Catena
898 889 950 941 in
998 888 1280 951 Joannem,
1311 888 1377 941 ad
1402 887 1558 942 Joan.
1591 904 1688 952 xu,

107 981 171 1035 '5I
218 999 230 1033 :
269 981 341 1033 Τὸ
382 982 441 1033 ἐν
499 979 577 1050 τῷ
624 980 840 1052 σταυρῷ
900 979 1129 1051 πάθημα
1181 980 1348 1034 αὐτοῦ
1394 982 1573 1052 κρίσις
1622 977 1692 1052 ἦν

104 1070 201 1125 τοῦ
237 1071 441 1142 κόσμου
499 1073 686 1125 τούτου
739 1073 970 1137 παντός·
1006 1072 1235 1145 ἐπείπερ
1274 1074 1693 1145 εἰρηνοποιήσας

104 1161 195 1215 διὰ
225 1163 317 1216 τοῦ
341 1163 572 1233 αἵματος
585 1164 680 1217 τοῦ
705 1165 941 1236 σταυροῦ
972 1165 1187 1229 ἑαυτοῦ,
1218 1165 1329 1217 εἴτε
1354 1164 1423 1218 τὰ
1448 1166 1539 1217 ἐπὶ
1564 1166 1687 1236 γῆς,

104 1254 217 1307 εἴτε
242 1253 309 1307 τὰ
333 1256 389 1307 ὲν
411 1256 679 1325 οὐρανοῖς,
717 1257 856 1327 μετὰ
888 1257 1303 1330 θριαμϐεύσεως
1333 1260 1391 1311 ἐν
1415 1258 1493 1329 τῷ
1525 1258 1687 1329 ξύλῳ,

99 1345 172 1409 ἃς
196 1346 532 1401 ὲπεκδύσατο
567 1349 741 1420 ἀρχὰς
770 1350 864 1402 καὶ
890 1349 1158 1415 ἐξουσίας,
1200 1349 1454 1404 ἐκάθισεν
1483 1351 1542 1404 ἐν
1575 1352 1690 1411 τοῖς

102 1439 468 1510 ἐπουρανίοις,
508 1441 879 1505 ἀποκαθιστὰς
929 1441 1106 1494 πάντα
1137 1443 1228 1495 ἐπὶ
1258 1442 1319 1495 τὸ
1356 1441 1569 1512 ἑκάστῳ
1592 1443 1689 1512 ἁρ·

102 1529 271 1600 μόζον
308 1530 402 1584 καὶ
445 1531 655 1602 πρέπον
684 1532 853 1594 τέλος.
896 1550 914 1584 ι
937 1532 1081 1587 Mors
1120 1533 1260 1602 ejus,
1294 1547 1388 1588 seu
1435 1533 1488 1586 in
1528 1548 1690 1588 cruce

98 1623 308 1691 passio,
332 1623 594 1691 judicium
644 1634 761 1679 erat
795 1625 1032 1681 universi
1061 1627 1269 1691 mundi,
1304 1627 1559 1695 quoniam
1604 1626 1687 1680 ef-

100 1712 226 1769 fuso
252 1714 304 1769 in
343 1730 505 1771 cruce
531 1716 795 1785 sanguine
816 1732 915 1771 suo
942 1731 1128 1786 pacem
1155 1718 1466 1772 conciliavit
1492 1726 1598 1771 tam
1631 1718 1682 1772 in

1791 519 2063 589 jnngenda
2092 532 2122 573 e
2154 516 2290 571 libro
2315 517 2525 578 eodem,
2554 532 2673 585 cap.
2707 518 2761 582 I,
2794 532 2944 570 num.
2975 516 3035 569 2|
3071 534 3083 570 :
3119 536 3135 567 ι
3160 517 3236 570 Ex
3262 532 3373 586 quo

1794 609 2099 677 opinamur,
2128 607 2384 677 quoniam
2413 607 2653 675 quidem,
2698 618 2757 661 ut
2781 606 3092 676 frequenter
3115 607 3372 672 diximus,

1794 698 2119 753 immortalis
2160 706 2243 752 est
2273 698 2457 752 anima
2487 707 2541 752 et
2571 707 2793 761 aeterna,
2830 701 2971 767 quod
3007 699 3059 753 in
3101 699 3285 754 multis
3318 710 3375 755 et

1794 792 1911 846 sine
1932 790 2035 845 fine
2070 791 2258 861 spatiis
2287 806 2383 859 per
2410 792 2674 846 innnensa
2698 800 2752 845 et
2778 791 2989 845 diversa
3020 792 3217 846 saecula
3246 807 3372 862 pos-

1794 884 1950 938 sibile
1982 892 2085 949 est,
2114 893 2171 937 ut
2199 901 2226 937 a
2266 900 2476 938 summo
2504 885 2646 939 bono
2673 886 2739 938 ad
2770 883 2950 937 infima
2987 884 3124 937 mala
3151 885 3372 939 descen-

1792 977 1907 1042 dat,
1944 987 2000 1032 et
2041 977 2107 1031 ab
2154 976 2358 1032 ultimis
2398 976 2552 1032 malis
2595 977 2664 1032 ad
2713 993 2921 1031 summa
2968 977 3108 1031 bona
3155 993 3374 1046 repare-

1795 1076 1900 1121 tur.
1927 1086 1945 1117 ι

1862 1158 1980 1213 ΧΧ.
2015 1159 2165 1226 Quod
2219 1161 2266 1214 si
2323 1159 2447 1229 quis
2498 1159 2814 1229 dogmatum
2858 1160 3086 1214 istorum
3132 1158 3371 1226 requirat

1791 1251 2077 1320 originem,
2109 1254 2249 1306 sciat
2278 1253 2368 1306 ille
2399 1262 2594 1321 praeter
2618 1255 2867 1322 quaedam
2898 1251 3194 1321 Scriptura:
3222 1251 3371 1304 testi-

1793 1343 1997 1407 monia,
2029 1359 2149 1413 quae
2181 1359 2305 1397 mox
2331 1360 2359 1396 a
2387 1345 2541 1398 nobis
2586 1354 3011 1397 commemorata
3051 1354 3195 1408 sunt,
3230 1343 3373 1397 Ada-

1792 1435 2053 1487 mantium
2084 1450 2299 1504 quoque
2331 1436 2382 1488 in
2426 1450 2671 1489 errorem
2713 1434 2993 1489 induxisse
3022 1435 3160 1489 male
3199 1435 3371 1488 inter-

1790 1534 2060 1592 pretatum
2112 1525 2264 1587 illud,
2324 1523 2469 1592 quod
2508 1533 2687 1578 exstat
2732 1522 2882 1577 Isaia:
2913 1540 3068 1587 xxiv,
3112 1523 3205 1590 22,
3258 1541 3277 1575 ι
3304 1523 3371 1577 Et

1790 1617 2112 1673 claudentur
2138 1617 2209 1671 ibi
2241 1618 2293 1671 in
2338 1632 2586 1682 carcere,
2614 1628 2669 1671 et
2712 1626 2833 1686 post
2880 1617 3078 1671 inultos
3101 1617 3217 1671 dies
3238 1616 3372 1670 visi-

1794 1711 2092 1776 tabuntur;
2127 1729 2145 1762 ι
2193 1721 2247 1765 et
2278 1711 2379 1764 hoc
2418 1709 2578 1764 Joan.
2613 1727 2666 1775 x,
2695 1710 2782 1772 I6,
2815 1729 2832 1760 ι
2861 1708 2980 1763 Fiet
3014 1725 3179 1763 unum
3210 1709 3369 1776 ovile,

99 1814 252 1861 terra
281 1821 443 1876 quam
478 1808 529 1861 in
562 1808 736 1874 ccelis,
770 1808 893 1862 dum
928 1818 1047 1878 post
1079 1810 1403 1879 triumphum
1434 1812 1487 1864 in
1516 1811 1681 1880 ligno,
1714 1791 1757 1845 Β
1786 1812 1839 1858 et
1867 1818 2006 1857 unus
2024 1811 2233 1871 pastor,
2262 1821 2280 1853 ι
2311 1804 2453 1870 quod
2481 1801 2668 1870 ipsein
2699 1801 2965 1870 dogmatis
2988 1800 3070 1854 sui
3096 1799 3373 1854 fulcimen-

99 1914 240 1969 quos
277 1908 505 1955 exuerat
535 1900 873 1969 principatus
899 1915 963 1955 ac
990 1908 1301 1969 :potestates
1327 1902 1606 1955 constituit
1630 1903 1682 1957 in

99 1990 435 2054 caelestibus,
483 1989 738 2045 universa
772 1990 839 2045 ad
882 1991 1290 2047 convenientem
1328 1990 1587 2061 cujusque
1616 1994 1681 2046 ti-

100 2098 225 2135 nem
248 2082 562 2151 perducens.
589 2099 608 2132 ι

183 2171 315 2225 XIX.
351 2172 617 2228 Caeterum
656 2188 764 2228 non
794 2188 1073 2243 pmnarum
1105 2176 1399 2241 'duntaxat,
1443 2176 1534 2231 sed
1564 2175 1682 2231 feli‘

98 2263 287 2317 citatis
326 2264 486 2317 etiam
524 2274 734 2334 tempus
768 2266 933 2320 certis
971 2266 1446 2337 circumscriptum
1494 2270 1680 2323 termi-

100 2355 186 2410 nis
224 2368 343 2410 esse
382 2356 571 2423 voluit,
614 2357 935 2427 animasque
975 2360 1042 2412 ad
1077 2359 1434 2429 perfectionis
1465 2361 1678 2416 culmen

96 2457 336 2513 evectas,
360 2457 414 2503 et
444 2448 658 2517 peccati
691 2464 755 2503 ac
784 2464 1060 2520 corporeae
1110 2451 1267 2507 molis
1298 2453 1550 2509 sordibus
1580 2470 1677 2508 ex-

97 2549 374 2611 purgatas,
404 2542 586 2595 statim
625 2550 789 2611 atque
831 2557 860 2596 a
905 2543 1105 2598 virtute
1136 2543 1188 2597 in
1230 2544 1418 2598 vitium
1441 2544 1676 2602 deﬂexe-

98 2633 231 2697 rint,
266 2634 315 2686 in
344 2632 625 2688 crassioris
644 2634 891 2703 corporis
914 2649 1189 2690 carcerem
1228 2637 1517 2707 compingi.
1545 2636 1679 2692 Ver-

94 2722 167 2777 ba
202 2721 454 2792 Origenis
488 2737 518 2778 e
544 2722 639 2777 lib.
688 2738 727 2776 ιι
762 2721 838 2778 De
864 2724 1089 2793 princip.
1126 2723 1284 2779 affert
1318 2724 1675 2794 Justinianus,

96 2816 295 2885 quibus
322 2830 548 2886 corpora
590 2817 876 2871 interitura
914 2818 1188 2882 dicuntur,
1238 2833 1360 2871 cum
1391 2818 1502 2873 Deo
1549 2821 1677 2874 sub-

92 2908 237 2975 jecta
278 2908 475 2963 fuerint
504 2908 704 2973 omnia,
736 2907 836 2977 τῆς
864 2907 972 2961 τῶν
1006 2909 1274 2978 σωμάτων
1302 2908 1517 2977 φύσεως
1547 2910 1677 2964 ὑπο-

97 2998 439 3070 στησομένης
470 2998 740 3068 δεύτερον,
778 3000 872 3051 ἐὰν
911 3000 1073 3052 πάλιν
1105 2998 1299 3067 λογικὰ
1335 3002 1672 3074 ὐποκαταϐῇ,

100 3106 270 3145 «cum
329 3090 523 3145 iterum
586 3092 884 3161 reparanda
917 3093 988 3147 sit
1018 3107 1308 3162 corporum
1366 3105 1585 3159 natura,
1626 3097 1671 3149 si

96 3195 318 3236 rursum
373 3183 656 3238 rationalia
690 3185 1041 3240 descendant.
1068 3204 1086 3236 ι
1131 3185 1304 3241 Aii‘ert
1347 3196 1403 3241 et
1450 3189 1552 3241 alia
1607 3203 1672 3243 ex

95 3281 292 3341 quarto
312 3274 481 3341 libro,
520 3274 714 3342 quibus
752 3289 1040 3343 corporum
1078 3286 1330 3331 naturam
1365 3293 1461 3347 per
1503 3280 1674 3334 inter-

93 3362 234 3417 valla
264 3364 525 3418 exsistere
545 3364 722 3429 docet,
759 3366 847 3419 διά
868 3383 987 3421 τινα
1010 3366 1390 3438 συμπτώματα
1416 3372 1675 3441 γινόμενα

95 3457 227 3526 περὶ
281 3456 348 3509 τὰ
377 3456 589 3525 λογικὰ,
627 3459 856 3529 δεόμενα
908 3461 1207 3531 σωμάτων·
1251 3464 1344 3515 καὶ
1385 3463 1547 3517 πάλιν
1577 3465 1676 3534 τῆς

93 3548 518 3620 ἐπανορθώσεως
544 3551 763 3615 τελείως
784 3553 1073 3623 γενομένης
1097 3556 1177 3617 εἰς
1194 3554 1253 3607 τὸ
1286 3555 1357 3627 μὴ
1381 3552 1520 3610 εἶναι
1549 3557 1676 3609 ἀνα-

93 3640 317 3693 λύεσθαι
369 3643 564 3707 ταῦτα,
610 3642 750 3697 ὥστε
776 3644 934 3699 τοῦτο
970 3646 1057 3698 ἀεὶ
1084 3646 1347 3714 γίνεσθαι.
1407 3665 1425 3699 ι
1450 3647 1676 3719 PrOpter

94 3735 358 3802 quosdam
406 3735 585 3805 lapsus
625 3738 786 3793 rebus
834 3738 1045 3793 ratione
1089 3739 1417 3807 pollentibus
1459 3742 1673 3796 contin-

92 3838 306 3894 gentes,
362 3842 482 3897 quae
503 3830 820 3898 corporibus
855 3830 1134 3900 indigent;
1194 3841 1250 3886 et
1286 3848 1501 3887 rursum
1533 3833 1674 3888 facta

92 3920 477 3974 emendatione
504 3922 767 3990 perfecta,
798 3922 1018 3977 dissolvi
1051 3923 1140 3978 illa
1175 3923 1227 3977 in
1265 3924 1513 3989 nihilum,
1541 3926 1675 3979 adeo

93 4020 153 4065 ut
181 4008 236 4064 id
268 4026 479 4080 semper
509 4012 616 4066 fiat.
644 4032 662 4064 ι
696 4013 865 4069 Alfert
886 4025 939 4070 et
966 4015 1070 4071 ista
1094 4028 1125 4069 e
1156 4014 1247 4071 lib.
1277 4030 1292 4067 ι
1321 4014 1678 4087 Hieronymus

91 4105 254 4174 epist.
288 4102 379 4168 59,
410 4105 475 4158 ad
509 4105 681 4170 Avit.,
713 4121 834 4175 cap.
862 4106 888 4159 1
927 4125 941 4161 :
976 4125 994 4158 ι
1018 4104 1073 4160 In
1102 4107 1210 4162 line
1232 4115 1394 4177 atque
1423 4122 1676 4163 consum-

91 4199 333 4252 matione
371 4197 623 4251 mundi...
653 4196 765 4269 (50)
796 4213 915 4253 cum
956 4212 1145 4253 omnes
1185 4197 1416 4271 (animm)
1452 4199 1676 4254 liberum

94 4291 332 4346 habeant
362 4290 673 4355 arbitrium,
720 4299 775 4347 et
801 4301 990 4361 sponte
1024 4306 1120 4347 sua
1163 4290 1246 4346 vel
1285 4292 1515 4347 virtutes
1552 4307 1678 4362 pos-

92 4382 207 4436 sint
238 4398 452 4454 capere,
478 4383 565 4439 vel
601 4384 752 4449 vitia,
778 4383 880 4438 illae
898 4385 1068 4439 multo
1098 4384 1153 4438 in
1175 4384 1343 4454 pejori
1368 4384 1679 4440 conditione

1787 1904 1898 1949 tum
1944 1904 2169 1963 usurpat
2212 1894 2265 1947 in
2296 1896 2400 1948 line
2426 1892 2612 1948 homil.
2650 1892 2683 1946 6
2727 1894 2780 1946 in
2809 1885 2973 1945 Nunt.
3014 1893 3145 1948 Itetn
3180 1893 3306 1947 illud
3340 1908 3373 1948 e

1783 1987 2037 2058 parabola
2084 2002 2244 2055 quam
2281 1988 2533 2057 proponit
2576 1986 2827 2041 Christus
2876 1985 3069 2039 Matth.
3097 2002 3250 2051 xvnt,
3281 1983 3369 2053 I3,

1784 2095 1908 2134 cum
1945 2093 2163 2133 servum
2193 2093 2422 2146 nequam
2457 2079 2631 2132 iratus
2670 2078 2918 2132 dominus
2944 2078 3112 2146 jussit
3137 2079 3365 2132 tortori-

1782 2167 1883 2223 bus
1908 2168 2066 2231 tradi,
2101 2170 2278 2238 quoad
2310 2169 2553 2223 debitum
2582 2169 2851 2239 integrum
2880 2170 3214 2225 refunderet.
3244 2169 3359 2223 Un-

1782 2262 1847 2316 de
1872 2261 2133 2330 Origenes
2160 2260 2344 2315 homil.
2373 2260 2442 2314 55
2471 2262 2525 2314 in
2557 2260 2711 2325 Luc.,
2760 2281 2777 2312 ι
2807 2260 2937 2328 Qua:
2963 2272 3045 2316 est
3069 2262 3149 2315 lex
3181 2277 3369 2316 carce—

1782 2354 1858 2408 ris
1886 2353 2039 2408 istius
2069 2352 2360 2424 (inferni)?
2391 2352 2505 2407 Non
2553 2354 2801 2421 egredior
2851 2368 2919 2407 ex
2961 2369 3049 2418 eo,
3081 2368 3254 2423 neque
3281 2368 3369 2408 me

1780 2456 2002 2503 exactor
2036 2447 2243 2517 patitur
2271 2447 2442 2512 exire,
2481 2448 2582 2502 nisi
2626 2448 2866 2502 debitum
2897 2462 3057 2502 omne
3090 2447 3367 2516 persolve-

1780 2556 1860 2596 ro.
1887 2559 1905 2592 ι
1950 2540 2152 2595 Fraudi
2201 2541 2251 2597 ei
2311 2541 2411 2595 fuit
2454 2555 2737 2611 perperam
2793 2550 3070 2610 acceptum
3117 2548 3174 2596 et
3214 2540 3361 2595 istud

1778 2633 2024 2702 Apostoli
2056 2632 2216 2691 Rom.
2240 2648 2316 2697 χι,
2353 2631 2443 2693 25,
2473 2631 2563 2697 26,
2615 2652 2632 2683 ι
2654 2632 2880 2687 ϐωοὶιοε
2913 2648 2978 2687 ex
3009 2642 3164 2701 parte
3191 2634 3365 2687 conti-

1779 2728 1855 2794 git
1896 2727 1955 2780 in,
1997 2724 2183 2787 Israel,
2233 2726 2409 2780 donec
2474 2724 2751 2793 plenitudo
2801 2724 3041 2794 gentium
3087 2725 3365 2793 intraret,

1777 2827 1830 2871 et
1853 2817 1932 2871 sic
1964 2818 2144 2872 omnis
2171 2816 2339 2871 Israel
2367 2816 2548 2872 salvus
2574 2817 2748 2872 fieret.
2776 2836 2794 2868 ι
2831 2815 3141 2871 Piaculares
3162 2824 3364 2882 autem,

1777 2925 1912 2979 quas
1942 2909 2075 2977 dixi,
2104 2920 2159 2964 et
2181 2909 2523 2980 purgatorias
2551 2924 2742 2978 poenas
2791 2909 2876 2964 his
2901 2909 3143 2964 defendit
3178 2910 3362 2963 verbis

1776 3016 1843 3056 ex
1888 3001 2064 3056 ICor.
2114 3017 2198 3065 ιιι,
2236 3002 2324 3067 12,
2380 3003 2433 3056 in
2495 3003 2691 3072 quibus
2753 3002 3178 3072 uniuscujusque
3228 3017 3365 3070 opus

1778 3094 1901 3164 igne
1939 3095 2304 3149 examinatum
2344 3095 2410 3149 iri
2447 3093 2646 3149 Paulus
2681 3092 2935 3148 afﬁrmat.
2970 3096 3105 3148 Aliis
3138 3094 3364 3164 quibus-

1777 3186 1902 3241 dam
1931 3186 2199 3255 opinionis
2236 3186 2395 3255 hujus
2416 3187 2838 3257 propugnaculis
2863 3187 2938 3240 uti
2974 3186 3148 3241 solcre
3173 3186 3365 3256 Orige-

1777 3279 1949 3334 nistas
1987 3278 2152 3333 tradit
2188 3278 2550 3350 Hieronymus
2594 3279 2661 3333 ad
2710 3279 2912 3334 calcem
2944 3276 3365 3333 Commentario-

1777 3387 1893 3423 rum
1932 3372 1987 3423 in
2028 3368 2265 3435 Isaiam;
2311 3370 2412 3426 hoc
2461 3371 2714 3424 nimirum
2759 3368 2910 3423 Pauli
2954 3369 3113 3424 Rom.
3143 3385 3221 3437 xr,
3270 3370 3362 3434 3‘2,

1783 3461 2100 3516 «Conclusit
2142 3461 2287 3517 Deus
2334 3462 2517 3517 omnia
2571 3463 2671 3517 sub
2725 3471 2969 3532 peccato,
3022 3471 3079 3515 ut
3112 3462 3365 3517 omnibus

1778 3553 2136 3616 misereatur;
2166 3569 2184 3603 ι
2215 3560 2270 3605 et
2312 3552 2402 3607 illo
2445 3553 2608 3607 Mich.
2640 3568 2734 3618 vn,
2778 3552 2810 3607 9
2859 3571 2871 3605 :
2920 3570 2936 3603 ι
2966 3551 3102 3606 Iram
3151 3552 3363 3607 Domini

1778 3645 2084 3709 sustinebo,
2114 3643 2240 3712 quia
2269 3644 2487 3712 peccavi
2513 3644 2563 3697 ei
2598 3659 2612 3696 :
2653 3645 2826 3699 donec
2848 3644 3112 3714 justiﬁcet
3140 3659 3361 3698 causam

1778 3751 1974 3801 meam,
2007 3744 2063 3790 et
2106 3735 2321 3790 auferat
2362 3735 2625 3803 judicium
2656 3751 2857 3803 meum,
2898 3746 2953 3791 et
2973 3737 3167 3792 educat
3196 3750 3279 3789 me
3308 3738 3362 3790 in

1776 3828 2034 3895 lucem“
2076 3828 2269 3899 etLhoc
2312 3828 2476 3882 etiam
2525 3828 2679 3882 Isaia:
2715 3829 2872 3892 xu,i
2918 3847 2932 3882 :
2990 3847 3007 3880 ι
3036 3829 3360 3885 Benedicam

1778 3932 1850 3989 te,
1880 3923 2121 3986 Domine,
2146 3922 2395 3991 quoniam
2419 3923 2587 3977 iratus
2618 3936 2674 3976 es
2692 3921 2820 3975 mihi
2848 3937 2861 3973 :
2895 3921 3135 3977 avertisti
3171 3922 3359 3976 faciem

1779 4024 1925 4068 tuam
1949 4029 1979 4068 a
2010 4027 2115 4081 me,
2141 4022 2196 4068 et
2228 4014 2483 4068 misertus
2522 4028 2580 4068 es
2611 4012 2746 4079 mei;
2795 4031 2813 4064 ι
2841 4028 3049 4068 necnon
3079 4022 3134 4067 et
3160 4014 3262 4069 isto
3284 4012 3361 4067 O-

1778 4120 1883 4161 sea:
1906 4121 2020 4173 xw,
2051 4105 2083 4159 5
2114 4123 2128 4159 :
2159 4122 2178 4155 ι
2209 4104 2342 4159 Cum
2381 4105 2460 4159 ira
2506 4104 2708 4160 furoris
2757 4105 2860 4159 mei
2892 4105 3188 4170 transierit,
3238 4120 3362 4159 rur-

1779 4214 1896 4255 sum
1954 4200 2225 4263 sanabo,»
2275 4209 2435 4268 atque
2485 4198 2670 4252 itidem
2721 4197 2810 4252 illo
2860 4198 3050 4268 psalm.
3086 4213 3221 4263 xxx,
3266 4198 3361 4262 20,

1786 4311 1803 4343 ι
1829 4292 2001 4358 Quam
2058 4291 2280 4360 grandis
2313 4290 2599 4345 multitudo
2626 4290 2888 4345 bonitatis
2930 4300 3052 4355 tua),
3109 4290 3358 4355 Domine,

1780 4398 1941 4453 quam
1975 4382 2301 4438 abscondisti
2335 4380 2649 4436 timentibus
2684 4381 2767 4436 te!
2808 4404 2825 4433 ι

92 4482 280 4541 erunt,
322 4490 482 4544 quam
530 4491 675 4534 nunc
721 4486 883 4542 sunt;
922 4476 1005 4530 hae
1053 4476 1118 4531 ad
1150 4476 1427 4531 meliorem
1473 4486 1671 4531 statum
1704 4480 1749 4535 D
1849 4476 2048 4532 Verum
2088 4490 2195 4530 non
2235 4476 2407 4530 sacris
2437 4475 2702 4529 duntaxat
2729 4474 3069 4542 aucloribus,
3104 4476 3198 4529 sed
3241 4489 3360 4545 pro-

90 4566 414 4634 pervenient
445 4587 457 4621 :
492 4569 616 4638 quia
644 4568 846 4623 diversi
887 4577 1086 4633 motus,
1108 4577 1161 4623 et
1179 4569 1346 4623 variae
1371 4568 1674 4624 voluntates

92 4658 145 4712 in
172 4667 466 4729 utramque
501 4668 709 4729 partem
746 4661 1019 4716 diversum
1054 4661 1318 4731 accipient
1366 4669 1590 4729 statum,
1619 4661 1673 4715 id

91 4759 199 4819 est,
227 4759 286 4805 ut
309 4752 506 4822 angeli,
552 4753 799 4809 homines
844 4755 929 4809 vel
957 4755 1246 4819 dmmones,
1284 4762 1338 4809 et
1361 4770 1572 4811 rursum
1603 4769 1670 4810 ex

92 4844 177 4899 his
228 4844 518 4912 homines;
552 4846 636 4902 vel
696 4846 869 4917 angeli
919 4846 1131 4915 ﬁantp
1192 4856 1246 4901 et
1288 4846 1376 4903 illa
1405 4862 1436 4903 e
1468 4848 1561 4908 lib.
1589 4863 1672 4915 ιιι,

93 4947 217 5001 cap.
246 4933 299 4997 6,
329 4949 477 4989 num.
510 4935 564 5001 5,
620 4953 639 4987 ι
663 4934 774 4991 Nec
800 4936 1022 4991 dubium
1066 4944 1149 4990 est
1184 4936 1310 5005 quin
1354 4944 1477 5005 post
1522 4950 1674 5006 quae-

96 5025 221 5078 dam
256 5026 536 5084 intervalla
566 5038 869 5099 temporum
902 5043 1093 5083 rursus
1122 5028 1345 5082 materia
1385 5028 1666 5093 subsistat,

94 5129 147 5170 et
188 5131 416 5188 corpora
463 5122 613 5188 fiant,
657 5131 712 5177 et
748 5122 935 5177 mundi
977 5122 1266 5176 diversitas
1303 5129 1669 5184 construatur,

96 5219 319 5280 propter
357 5211 541 5265 varias
576 5214 883 5268 voluntates
940 5213 1341 5267 rationabilium
1386 5223 1667 5267 creatura-

96 5318 237 5368 rum,
268 5318 386 5372 qua:
418 5314 538 5374 post
559 5304 848 5373 perfectam
883 5305 1269 5360 beatitudinem
1308 5320 1477 5374 usque
1510 5306 1573 5357 ad
1605 5305 1670 5359 Ii-

96 5408 218 5446 nem
260 5395 501 5448 omnium
534 5410 714 5449 rerum
758 5395 1020 5464 paulatim
1049 5397 1113 5450 ad
1155 5397 1411 5451 inferiora
1441 5394 1672 5465 delapsae

97 5498 302 5540 tantam
327 5486 581 5541 malitiam
605 5498 945 5557 receperunt,
980 5496 1038 5542 ut
1059 5488 1111 5542 in
1145 5488 1474 5544 contrarium
1498 5498 1675 5543 verte-

99 5587 311 5645 rentur,
346 5580 473 5636 dum
499 5579 690 5636 nolunt
714 5595 930 5639 servare
957 5581 1307 5654 principium,
1336 5590 1390 5639 et
1418 5581 1668 5639 incorru-

158 5781 273 5854 (50)
299 5781 432 5839 Vide
461 5782 621 5843 finem
644 5784 736 5843 lib.
765 5799 780 5840 ι
818 5780 891 5841 De
923 5785 1147 5855 princip.

1774 4569 1916 4624 fanis
1949 4569 2113 4623 etiam
2161 4570 2455 4637 regendum
2494 4583 2616 4623 sese
2660 4567 2875 4622 videtur
2901 4565 3165 4638 Origenes
3197 4568 3362 4622 tradi-

1774 4662 1917 4718 disse
1948 4678 1964 4716 :
1991 4659 2199 4714 Platoni
2233 4660 2515 4730 imprimis,
2546 4660 2637 4730 qui
2681 4659 2733 4713 in
2772 4656 3042 4713 Phaedone
3069 4657 3349 4713 Socratem

1773 4754 1979 4809 inducit
2005 4754 2078 4808 ita
2110 4751 2468 4808 disserentem
2508 4771 2520 4806 :
2554 4752 2832 4807 hominum
2855 4751 2948 4821 qui
2978 4764 3098 4807 sese
3127 4753 3357 4806 terrenis

1782 4844 2168 4913 cupiditatibus
2191 4844 2519 4911 dediderint,
2571 4846 2782 4900 animas
2805 4844 2951 4900 circa
2986 4844 3236 4915 sepulcra
3262 4860 3358 4897 va-

1781 4945 1971 5005 gantes
1999 4937 2234 5004 pendere
2258 4951 2466 5005 pinnas,
2495 4938 2669 5006 quoad
2699 4953 2884 4994 rursus
2899 4939 3218 5008 corporibus
3242 4939 3359 4992 alli-

1781 5038 1997 5098 gentur.
2027 5026 2190 5081 Docet
2230 5027 2432 5083 ibidem
2477 5026 2757 5091 Socrates,
2788 5040 3032 5085 mortuos
3072 5030 3141 5085 ab
3163 5046 3227 5085 eo
3252 5032 3358 5085 dac-

1781 5134 1966 5185 mone,
2000 5120 2091 5188 qui
2135 5120 2437 5175 viventibus
2468 5120 2597 5190 ipsis
2638 5121 2926 5192 obtigerat,
2959 5123 3149 5179 deduci
3179 5124 3247 5178 ad
3273 5124 3357 5178 in-

1780 5214 1944 5275 feros,
1972 5223 2024 5266 et
2050 5220 2171 5281 post
2211 5210 2368 5281 longa
2398 5211 2593 5266 deinde
2632 5213 2886 5282 temporis
2936 5214 3108 5282 spatia
3155 5213 3222 5267 ab
3251 5213 3356 5267 alio

1780 5304 1914 5359 duce
1942 5304 2205 5360 revocari.
2232 5303 2321 5357 Ait
2346 5305 2685 5373 postmodum
2716 5306 2782 5360 ad
2806 5306 3231 5361 Acherusiadem
3261 5322 3355 5375 pa-

1781 5396 1958 5451 ludem
1997 5396 2283 5451 convenire
2338 5396 2533 5451 multas
2558 5407 2893 5453 mortuorum
2942 5399 3171 5464 animas,
3233 5413 3355 5466 quae

1781 5497 1902 5557 post
1930 5490 2203 5545 breviores
2237 5489 2320 5545 vel
2347 5491 2714 5547 diuturniores
2747 5501 3047 5561 temporum
3093 5491 3350 5553 ambitus.

1781 5594 1999 5636 rursum
2055 5583 2123 5639 ad
2170 5584 2485 5641 animalium
2541 5584 2939 5654 generationem
3002 5582 3348 5649 emittantur;
