3860 6226
498 313 627 368 1651

1767 310 1826 366 Ρ.
1868 310 2178 367 DANIELIS
2216 308 2449 366 HUETII

3601 319 3742 375 103?.

494 436 827 493 sanabilibus
859 434 1021 491 modo
1050 435 1204 490 noxis
1236 435 1530 505 inquinata:
1571 433 1682 489 sint
1712 451 1726 488 :
1772 448 1892 504 quae
1928 448 2059 488 vero
2091 437 2139 493 Α
2164 431 2279 487 buit
2307 430 2700 501 paenitentiam,
2732 430 2864 502 quid
2891 431 2960 486 ad
2990 432 3133 487 nos?
3161 451 3181 486 ι
3214 442 3269 489 et
3297 433 3395 493 lib.
3417 449 3470 489 vi
3500 436 3553 489 in
3580 434 3740 491 Isaia:

493 531 689 585 ἀνίατα
734 528 959 584 crimina
1011 528 1346 593 admiserint,
1403 529 1615 582 detrudi
1651 529 1705 583 in
1752 527 2062 591 Tartarum,

494 624 636 677 unde
675 622 817 676 nulla
850 635 972 691 spes
1011 622 1241 675 exeundi
1282 622 1536 692 supersit.
1575 620 1790 689 Repetit
1829 622 2059 690 idipsum

492 718 547 772 in
576 716 793 785 Gorgia,
820 730 1119 785 poenasque
1150 705 1502 783 temporarias
1533 713 1828 768 levioribus
1874 712 2050 780 culpis

493 808 886 864 insanabilibus
913 821 1043 860 vero
1080 818 1330 872 adornas,
1360 814 1413 858 et
1454 806 1556 860 fine
1577 806 1847 862 carituras
1872 807 2061 861 decer-

495 901 595 954 nit.
620 900 761 954 ldem
793 900 890 954 lib.
916 915 948 952 Χ
974 898 1046 951 De
1085 898 1283 967 republ.
1319 913 1384 950 ex
1412 897 1538 951 fieri
1573 898 1850 965 cujusdam
1874 899 2065 952 Arme-

496 995 568 1048 nii
620 1008 850 1063 persona
892 993 1098 1046 animas
1130 1001 1313 1045 narrat
1354 1007 1420 1045 ex
1457 991 1595 1047 cmlo
1637 992 1735 1046 sub
1769 999 1961 1057 terras,
2003 1006 2065 1045 ac

492 1086 757 1148 vicissim,
786 1086 927 1137 ultro
969 1084 1215 1152 cilroque
1246 1096 1524 1147 remeare;
1568 1097 1685 1151 qtae
1712 1082 1848 1137 ccelo
1876 1081 2065 1135 fruun-

496 1189 603 1242 tur,
638 1177 844 1231 deliciis
870 1176 973 1231 illic
1000 1184 1054 1229 et
1088 1174 1282 1244 gaudio
1329 1173 1605 1242 perfundi;
1636 1189 1756 1243 quae
1781 1174 1881 1227 sub
1906 1175 2064 1229 terris

494 1273 718 1343 agitant,
746 1269 853 1323 illic
875 1268 1082 1339 χιλιετῆ
1111 1266 1334 1338 πορείαν
1365 1280 1669 1335 capessere.
1704 1280 1767 1320 ac
1798 1265 1918 1320 inde
1946 1274 2064 1319 tan-

494 1366 611 1419 dem
647 1364 819 1417 exire.
849 1362 917 1414 Et
960 1362 1013 1415 in
1048 1360 1264 1426 Tinueo,
1295 1360 1527 1413 animam
1566 1372 1684 1429 qua}
1709 1367 1857 1413 recte
1892 1357 1979 1412 hic
2004 1372 2064 1413 se

493 1455 743 1525 gesserit,
781 1452 973 1507 sideris
1013 1451 1067 1504 in
1098 1464 1377 1505 numerum
1423 1448 1613 1503 referri
1659 1450 1886 1512 asserit;
1944 1462 2064 1516 quae

493 1546 648 1610 male,
673 1546 725 1599 in
752 1544 1014 1598 muliebre
1041 1558 1237 1612 corpus
1263 1541 1468 1596 demitti
1496 1557 1510 1605 ;
1546 1541 1758 1610 utrique
1791 1554 1919 1593 vero
1945 1547 2064 1609 post

497 1641 641 1693 mille
675 1652 937 1693 annorum
972 1636 1295 1691 curriculum
1324 1649 1474 1687 novae
1507 1634 1631 1687 vita:
1655 1632 1929 1701 Optionem
1973 1633 2063 1685 da-

493 1733 572 1797 ri;
603 1742 657 1786 et
685 1745 802 1799 quae
832 1729 986 1784 novis
1026 1742 1145 1782 sese
1189 1725 1569 1781 contaminarit
1594 1725 1763 1789 vitiis,
1802 1725 1852 1778 in
1901 1738 2063 1791 pecn-

494 1830 619 1882 dum
656 1840 878 1894 corpora
928 1823 1226 1892 relegatum
1268 1821 1373 1884 iri;
1406 1833 1576 1888 neque
1612 1819 1873 1873 malorum
1906 1817 2066 1871 finem

492 1930 619 1974 ante
666 1919 991 1979 habituram,
1035 1930 1196 1983 quam
1240 1913 1674 1966 adhrerescentes
1710 1911 1810 1964 sibi
1848 1925 1913 1963 ex
1947 1909 2071 1963 ele—

493 2021 797 2066 mentormn
844 2006 1070 2063 colluvie
1124 2005 1314 2058 sordes
1362 2003 1572 2057 ratione
1612 2001 1895 2070 depulerit.
1937 1998 2067 2067 Qum

494 2107 546 2159 in
574 2105 710 2158 libro
746 2103 817 2156 De
855 2100 1192 2155 universitate
1231 2114 1258 2150 a
1296 2095 1473 2150 Tullio
1519 2095 1709 2149 Latine
1746 2093 1974 2158 reddita,
2014 2102 2070 2147 et

492 2200 561 2253 ab
594 2198 821 2253 Alcinoo
851 2210 971 2263 cap.
1000 2193 1067 2247 16
1093 2190 1319 2260 repetita
1350 2196 1586 2242 exstant.

563 2291 842 2345 Postremo
888 2283 1111 2339 nimium
1146 2279 1456 2334 obterendae
1484 2275 1872 2331 Valentinianae
1896 2275 2069 2328 haere-

492 2400 616 2441 seos
644 2378 971 2437 desiderium
1018 2372 1239 2441 Origeni
1296 2370 1511 2425 errandi
1564 2382 1788 2422 causam
1839 2364 2055 2427 obtulit,

492 2491 616 2530 nam
647 2489 769 2529 cum
798 2470 871 2524 illi
918 2466 1159 2522 damnari
1188 2479 1290 2517 non
1316 2476 1473 2531 posse
1507 2461 1812 2525 crederent,
1847 2458 1939 2528 qui
1976 2472 2063 2510 es-

491 2578 610 2625 sent
640 2565 897 2636 spiritalis
933 2572 1175 2625 naturae;
1218 2557 1448 2622 servari,
1483 2555 1573 2623 qui
1605 2562 1868 2619 terrenae;
1896 2561 1951 2605 et
1980 2550 2065 2604 in~

493 2672 575 2716 ter
632 2660 729 2714 hos
763 2656 1032 2711 diabolum
1084 2658 1391 2713 censerent,
1444 2646 1665 2715 angelos
1715 2644 1854 2698 inter
1900 2641 2062 2697 illos:

491 2752 749 2821 Origenes
782 2750 833 2803 in
870 2749 1078 2801 diversa
1117 2745 1308 2799 abiens
1343 2737 1649 2810 cespitavit,
1685 2749 1936 2791 asserens
1966 2748 2065 2786 an-

493 2843 640 2914 gelos
672 2838 917 2895 damnari
966 2852 1144 2906 posse,
1200 2844 1255 2890 et
1285 2832 1497 2902 aliquos
1534 2830 1716 2899 reipsa
1739 2826 2066 2897 quandoque

492 2935 773 2996 damnari;
817 2928 1090 2985 diabolum
1123 2923 1329 2983 servari
1362 2936 1543 2995 posse,
1575 2929 1633 2976 et
1662 2930 2067 2988 revera_serva-

491 3037 606 3082 tum
637 3023 926 3092 aliquando
954 3022 1043 3075 iri.

566 3117 705 3173 XXI.
736 3114 957 3169 Minime
982 3126 1112 3182 ergo
1134 3110 1329 3165 mirum
1369 3116 1448 3163 est
1476 3104 1732 3168 Platonis,
1753 3100 2064 3157 Platonico—
2092 3114 2134 3175 (ς

490 3226 721 3280 rumque
765 3210 966 3263 dictata
1012 3207 1318 3260 audientem
1368 3198 1775 3264 Adamantium,
1813 3203 1867 3250 et
1905 3193 2067 3249 Chri-

491 3302 680 3359 stianis
703 3301 889 3353 eadem
934 3312 1038 3351 non
1070 3296 1201 3350 satis
1236 3302 1394 3349 caule
1431 3297 1846 3361 proponentem,
1881 3283 2067 3353 explo-

491 3409 612 3448 sum
646 3408 673 3445 a
710 3391 965 3445 Patribus
1007 3403 1071 3441 ac
1102 3386 1360 3455 rejectqu
1408 3384 1591 3437 fuisse.
1631 3379 1889 3433 Futuram
1918 3376 2064 3430 illam

491 3483 691 3538 diaboli
720 3480 1128 3535 conversionem
1160 3485 1215 3531 et
1257 3473 1486 3529 salutem
1514 3484 1696 3524 amare
1719 3468 1845 3523 huic
1873 3480 2067 3536 expro-

490 3576 613 3632 brat
637 3572 968 3642 Epiphanius
1003 3571 1056 3625 in
1098 3569 1253 3638 epist.
1283 3566 1347 3621 ad
1373 3563 1527 3619 Joan.
1555 3560 1823 3625 Jerosol.,
1856 3572 1974 3629 cap.
2007 3558 2062 3623 '5,

489 3676 547 3723 et
575 3668 627 3720 in
685 3665 900 3737 syuopsi
938 3660 1115 3717 tomil
1164 3658 1405 3723 I’anarii,
1455 3655 1547 3710 lib.
1581 3670 1643 3719 ιι,
1684 3667 1801 3721 cap.
1837 3650 1925 3707 18.
1958 3648 2065 3703 Ex-

490 3759 714 3829 probrat
747 3766 801 3811 et
827 3752 1155 3823 Theophilus
1176 3748 1429 3803 Paschal.
1461 3763 1499 3801 ιι
1533 3747 1616 3801 his
1648 3744 1827 3798 verbis
1859 3757 1874 3797 :
1914 3761 1933 3793 ι
1962 3740 2066 3795 Ta-

493 3848 561 3903 lis
586 3856 769 3917 pastor
796 3845 973 3914 gregis
1022 3840 1251 3896 morbidi
1282 3837 1556 3893 Christum
1594 3835 1793 3905 nbique
1818 3832 2067 3902 suggillat

491 3938 724 4008 injuriis,
766 3945 822 3990 et
862 3934 1129 3988 diabolum
1162 3932 1366 3985 honore
1435 3926 1689 3986 sustollit,
1748 3926 1874 3979 dum
1918 3924 2064 3977 illum

494 4029 684 4084 asserit
713 4034 997 4096 purgatum
1021 4023 1167 4076 vitiis
1190 4031 1349 4089 atque
1377 4017 1619 4088 peccatis
1648 4014 1935 4084 pristinam
1968 4013 2067 4067 ali-

492 4119 706 4189 qnando
737 4117 960 4184 gloriam
991 4122 1349 4183 recepturam,
1395 4119 1449 4164 et
1480 4110 1626 4163 hunc
1653 4120 1879 4175 regnare
1917 4104 2065 4158 desi-

491 4224 655 4275 stere,
688 4210 953 4278 simulque
975 4223 1097 4262 cum
1130 4204 1341 4259 diabolo
1370 4203 1469 4257 sub
1500 4199 1684 4254 Patris
1716 4198 1942 4266 imperio
1974 4212 2063 4250 re-

491 4304 801 4373 digendum.
828 4321 846 4353 ι
870 4299 1226 4368 Hieronymus
1253 4296 1411 4365 epist.
1439 4292 1532 4357 59,
1561 4292 1626 4344 ad
1660 4291 1829 4353 Avit.,
1856 4303 1975 4358 cap.
2010 4290 2063 4354 l,

492 4398 693 4453 dixisse
738 4410 859 4449 eum
899 4391 1166 4461 queritur,
1222 4399 1475 4441 «omnem
1512 4391 1817 4438 creaturam
1871 4394 2065 4436 secun-

491 4492 616 4547 dum
646 4486 983 4558 Apostolum,
1011 4481 1232 4536 vanitati
1260 4493 1380 4535 esse
1408 4475 1730 4545 subjectam,

491 4588 545 4641 in
581 4581 959 4639 revelationem
1000 4577 1229 4631 filiorum
1255 4573 1375 4637 Dei,
1406 4590 1424 4623 ι
1463 4580 1518 4626 et
1555 4571 1610 4624 in
1656 4570 1814 4637 epist.
1848 4566 1938 4634 61,
1998 4566 2065 4621 ad

490 4676 829 4739 Pammach.,
884 4687 1002 4741 cap.
1025 4671 1080 4734 '5,
1118 4667 1302 4738 «quod
1352 4666 1497 4720 dicat
1544 4672 1599 4719 et
1656 4659 1958 4723 diabolum,
2011 4666 2067 4712 et

490 4772 758 4825 demones
809 4774 1023 4820 acturos
1071 4758 1439 4830 ptenitentiam
1491 4753 1801 4824 aliquando,
1837 4758 1893 4805 et
1943 4763 2063 4803 cum

490 4861 692 4915 sanctis
718 4858 904 4911 ultimo
935 4864 1174 4920 tempore
1203 4856 1552 4920 regnaturos;
1582 4863 1599 4895 ι
1638 4842 1778 4913 quod
1808 4849 1863 4896 et
1892 4838 2065 4894 fusius

489 4951 720 5019 explicat
750 4962 867 5015 cap.
893 4946 926 5000 5
952 4956 1007 5000 et
1044 4945 1097 4998 in
1143 4941 1304 5010 epist.
1336 4938 1427 5005 65,
1469 4936 1535 4992 ad
1560 4932 1881 4989 Pammach.
1910 4941 1964 4986 et
1989 4930 2065 4984 O-

489 5053 668 5101 cean.,
710 5051 828 5105 cap.
850 5036 906 5098 Ξ,
936 5032 1168 5089 sensisse
1211 5029 1357 5082 illum
1390 5027 1467 5080 ait
1497 5040 1512 5079 :
1546 5043 1564 5077 ι
1592 5024 1724 5080 Post
1752 5021 1921 5077 multa
1961 5035 2064 5074 ste-

490 5131 631 5196 cula,
691 5138 851 5196 atque
892 5128 1052 5179 unam
1086 5122 1326 5177 omnium
1358 5116 1783 5175 restitutionem,
1832 5114 2063 5183 idipsum

488 5222 605 5277 fore
634 5217 961 5279 Gabrielem,
983 5214 1125 5284 quod
1153 5210 1463 5274 diabolum;
1488 5206 1743 5268 Paulum,
1766 5203 1907 5272 quod
1942 5202 2065 5256 Cai-

488 5314 648 5386 pham
672 5328 687 5375 ;
719 5309 979 5376 virgines,
999 5305 1145 5376 quod
1172 5299 1495 5373 prostibulas
1523 5315 1537 5363 ;
1563 5317 1581 5350 ι
1613 5306 1669 5351 et
1701 5296 1754 5349 in
1784 5294 1942 5363 epist.
1970 5292 2059 5357 75,

488 5410 555 5464 ad
593 5404 966 5476 Vigilantiam,
992 5396 1180 5452 scribit
1215 5394 1427 5448 veniam
1456 5399 1585 5444 tunc
1608 5387 1916 5443 hominibus
1939 5399 2061 5439 con-

489 5498 790 5555 donandam
835 5491 1171 5549 existimasse
1217 5484 1528 5554 Origenem,
1578 5480 1797 5550 quando
1845 5479 2058 5534 diabolo

489 5586 883 5644 condonabitur
914 5599 928 5639 :
960 5590 1015 5636 et
1057 5578 1151 5633 lib.
1179 5592 1195 5629 ι
1237 5576 1444 5629 advers.
1482 5569 1820 5639 Pelagianos,
1854 5584 1974 5638 cap.
2000 5567 2055 5629 9,

495 5697 514 5729 σ
545 5676 601 5731 Si
656 5685 858 5740 autem,
915 5670 1109 5739 inquit,
1151 5665 1414 5734 Origenes
1470 5675 1661 5714 omnes
1710 5658 2055 5713 rationabiles

488 5778 771 5827 creaturas
795 5766 929 5823 dicit
960 5777 1068 5822 non
1110 5772 1229 5817 esse
1261 5753 1585 5827 perdendas,
1621 5760 1672 5809 et
1710 5751 1927 5809 diabolo
1958 5749 2053 5803 tri-

1759 4446 2338 4526 etlibemrinberati
2398 4452 2541 4509 sunt,
2600 4442 2667 4497 ad
2727 4441 2844 4495 haec
2902 4437 3041 4493 mala
3087 4438 3262 4491 denuo

2166 538 2279 588 xw,
2308 522 2401 586 20,
2436 539 2455 572 ι
2485 520 2583 576 Ubi
2608 532 2735 576 sunt
2768 536 2900 591 ergo
2932 522 3023 591 qui
3048 522 3180 576 dant
3228 525 3444 580 diabolo
3474 526 3738 594 paeniten-

2168 615 2317 677 tiam,
2345 620 2401 666 et
2434 613 2625 667 dicunt
2656 612 2806 667 illum
2851 629 3013 683 posse
3055 616 3342 671 mundari?
3365 637 3385 670 ι
3435 628 3490 673 et
3523 619 3621 674 lib.
3651 636 3739 674 vui

2164 707 2221 760 in
2253 703 2415 758 Isaiae
2469 718 2589 773 cap.
2621 716 2790 770 XXVII,
2815 719 2960 759 vers.
2987 705 3043 769 i,
3079 725 3098 758 ε
3128 705 3230 773 Qui
3263 708 3449 762 dicunt
3471 711 3740 765 diabolum

2166 805 2417 849 acturum
2476 794 2880 860 paenitentiam,
2943 803 2999 848 et
3040 798 3254 849 veniam
3309 809 3732 853 consecuturum

2166 885 2586 954 interpretentur
2626 884 2783 938 nobis
2808 884 3081 953 quomodo
3112 885 3218 941 hoc
3252 888 3542 956 accipiant,
3597 890 3744 957 quod

2166 977 2429 1045 scriptum
2472 985 2557 1029 est
2606 991 2618 1027 :
2653 974 2723 1028 Et
2768 974 3057 1028 interficiat
3105 976 3392 1031 draconem
3428 976 3517 1045 qui
3556 986 3645 1031 est
3693 976 3743 1030 in

2165 1068 2305 1121 mari
2331 1083 2346 1129 ;
2369 1086 2387 1118 ι
2433 1076 2488 1121 et
2511 1066 2606 1121 lib.
2640 1082 2657 1119 ι
2699 1066 2753 1118 in
2788 1065 2920 1119 Dan.
2956 1082 3038 1128 ιιι,
3064 1065 3133 1121 96
3160 1084 3174 1119 :
3197 1085 3215 1117 ι
3246 1065 3473 1133 Quidam
3512 1069 3747 1137 pessime

2166 1160 2231 1212 ad
2279 1158 2550 1214 diabolum
2594 1156 2855 1223 referunt,
2904 1157 3048 1225 quod
3085 1159 3137 1211 in
3180 1160 3648 1215 consummatione
3694 1171 3745 1215 et

2166 1249 2273 1305 line
2300 1249 2485 1303 mundi
2511 1248 2674 1302 etiam
2706 1249 2818 1317 ipse
2847 1248 3072 1317 recipiat
3099 1248 3344 1303 notitiam
3376 1248 3493 1314 Dei,
3534 1260 3591 1304 et
3631 1266 3743 1305 om-

2166 1356 2264 1397 nes
2288 1342 2353 1395 ad
2384 1341 2755 1411 paenitentiam
2779 1340 3117 1394 cohortetur.
3148 1359 3168 1392 ι
3220 1340 3502 1396 Acerrime
3527 1357 3657 1398 vero
3691 1344 3745 1399 iu

2162 1432 2315 1487 Jama
2342 1447 2423 1494 ιιι,
2455 1432 2510 1496 6,
2552 1432 2816 1485 adversus
2873 1429 3175 1484 doctrinam
3225 1428 3366 1484 hanc
3424 1430 3745 1486 invehitur:

2170 1522 2493 1591 «Alioquin,
2536 1521 2735 1591 inquit,
2770 1521 2815 1576 si
2865 1535 3055 1574 omnes
3100 1520 3450 1576 rationabiles
3481 1532 3749 1577 creatura:

2164 1614 2402 1684 aequales
2451 1622 2596 1679 sunt,
2647 1621 2702 1667 et
2756 1611 2837 1667 vel
2872 1626 2941 1665 ex
2989 1611 3303 1675 virtutibus,
3340 1612 3424 1666 vel
3470 1627 3540 1667 ex
3598 1614 3747 1668 vitiis

2168 1715 2358 1775 sponte
2390 1705 2609 1775 propria
2655 1712 2753 1757 aut
2809 1717 3023 1757 sursum
3061 1701 3366 1771 eriguntur,
3415 1714 3507 1757 aut
3554 1703 3609 1757 in
3644 1704 3749 1757 ima

2103 1778 2145 1833 Β
2174 1804 2515 1864 merguntur,
2558 1802 2611 1847 et
2644 1792 2807 1862 longo
2852 1798 2973 1860 post
3021 1790 3250 1843 circuitu
3313 1800 3472 1862 atque
3517 1792 3749 1847 infinitis

2173 1885 2405 1948 saeculis,
2437 1886 2679 1938 omnium
2728 1896 2909 1936 rerum
2964 1878 3234 1935 restitutio
3275 1879 3390 1944 fiet,
3435 1890 3491 1935 et
3524 1897 3635 1935 una
3666 1882 3747 1935 di—

2172 1979 2350 2047 gnitas
2383 1976 2733 2030 militantium
2762 1990 2776 2038 ;
2823 1987 2942 2041 quae
2967 1970 3223 2024 distantia
3262 1973 3363 2025 erit
3407 1972 3553 2027 inter
3586 1974 3750 2042 virgi-

2172 2085 2295 2124 nem
2328 2079 2379 2121 et
2423 2066 2776 2136 prostibulum
2799 2066 2822 2117 ?
2846 2080 2964 2133 quae
2999 2064 3301 2119 diﬂerentia
3323 2064 3425 2117 erit
3458 2066 3603 2118 inter
3635 2065 3749 2119 Ma-

2172 2170 2308 2215 trem
2341 2160 2572 2223 Domini,
2609 2169 2661 2213 et
2689 2158 2852 2227 (quod
2885 2159 3029 2211 dictu
3066 2170 3280 2228 quoque
3314 2158 3492 2212 scelus
3535 2158 3641 2227 est)
3677 2158 3750 2211 νὶ-

2169 2255 2363 2308 ctimas
2395 2251 2674 2304 libidinum
2701 2248 3076 2319 publicarum?
3115 2250 3328 2304 idemne
3371 2249 3477 2302 erit
3502 2247 3746 2311 Gabriel,

2169 2354 2225 2399 et
2248 2342 2533 2399 diabolus?
2573 2343 2785 2397 idemne
2807 2342 3054 2409 apostoli,
3103 2349 3160 2395 et
3187 2338 3500 2393 daemones?
3532 2339 3749 2394 idemne

2169 2437 2465 2505 prophetae,
2505 2443 2560 2487 et
2603 2432 3121 2502 pseudOprophetze?
3171 2431 3312 2485 idem
3352 2439 3645 2501 martyres,
3696 2440 3749 2485 et

2168 2526 2592 2599 persecutores?
2638 2524 2809 2595 Finge
2852 2524 3130 2593 quaelibet,
3183 2538 3350 2577 annos
3409 2533 3462 2577 et
3504 2533 3748 2593 tempora

2167 2617 2401 2687 duplica,
2432 2629 2489 2671 et
2534 2615 2775 2669 infinitas
2804 2625 2990 2670 aetates
3026 2629 3259 2684 congere
3297 2612 3670 2679 cruciatibus;
3704 2613 3749 2667 si

2167 2709 2292 2763 finis
2319 2708 2556 2763 omnium
2597 2706 2791 2762 similis
2828 2715 2932 2770 est,
2969 2706 3296 2775 praeteritum
3328 2718 3489 2759 omne
3537 2718 3637 2773 pro
3664 2705 3748 2758 ni-

2167 2798 2278 2853 hilo
2298 2808 2397 2864 est,
2432 2799 2558 2865 quia
2606 2813 2713 2851 non
2748 2798 3043 2867 quzcrimus
3078 2796 3222 2865 quod
3253 2794 3545 2864 aliquando
3582 2794 3749 2849 fueri-

2167 2907 2307 2958 mus,
2355 2892 2448 2946 sed
2479 2890 2606 2958 quid
2648 2905 2865 2959 semper
2895 2889 3060 2943 futuri
3098 2900 3303 2943 sumus.
3329 2904 3348 2938 ι
3396 2885 3535 2940 Aliis
3563 2884 3749 2952 hujus.

2166 2985 2310 3040 modi
2342 2983 2613 3052 plerisque
2643 2981 2944 3036 referendis
2985 2979 3331 3049 supersedeo.
3368 2978 3538 3033 Miror
3565 2978 3747 3047 itaque

2169 3076 2297 3145 quid
2327 3076 2379 3129 in
2412 3082 2646 3129 mentem
2678 3072 2886 3129 venerit
2917 3070 3179 3134 Halloxio,
3210 3084 3309 3125 cur
3332 3077 3557 3139 negaret
3581 3066 3675 3122 lib.
3694 3081 3745 3121 iv

2170 3168 2383 3238 Origen.
2445 3167 2671 3234 defens.,
2710 3172 2899 3232 quaest.
2943 3162 2995 3229 5,
3037 3160 3418 3232 Epiphaniam,
3472 3158 3748 3228 Theophi-

2167 3262 2301 3327 lum,
2328 3270 2381 3315 et
2409 3259 2795 3328 Hieronymum
2821 3255 3112 3324 quidquam
3145 3254 3209 3308 de
3236 3267 3298 3307 ea
3326 3267 3384 3306 re
3415 3252 3745 3322 prodidisse.

2165 3353 2301 3410 Cum
2326 3360 2521 3407 cmtera
2550 3359 2727 3404 autem
2748 3347 2995 3416 Origenis
3021 3355 3323 3401 commenta
3343 3343 3566 3399 defendi
3596 3357 3748 3411 posse

2167 3444 2313 3498 dicat
2372 3441 2708 3513 Augustinus
2762 3441 2894 3494 hzer.
2952 3454 3107 3502 xuii,
3166 3438 3232 3491 ad
3282 3435 3747 3501 Quodvultdeum,

2167 3538 2309 3592 istud
2357 3534 2557 3589 frustra
2604 3534 2672 3588 ab
2726 3532 2841 3602 ejus
2887 3529 3259 3585 defensoribus
3301 3527 3558 3582 excusari
3608 3526 3749 3580 fate-

2168 3638 2257 3683 tnr
2293 3643 2307 3679 :
2337 3645 2355 3678 ι
2388 3626 2519 3693 Quis
2539 3625 2683 3678 enim
2706 3622 3015 3678 Catholicns
3038 3619 3381 3675 Christianus
3410 3619 3599 3684 (verba
3625 3626 3753 3671 sunt

2166 3717 2474 3786 Augustini)
2503 3715 2587 3769 vel
2616 3715 2826 3777 doctus,
2855 3712 2937 3766 vel
2966 3711 3213 3765 indoctus
3240 3724 3347 3761 non
3394 3707 3753 3760 vehementer

2165 3809 2455 3863 exhorreat
2479 3821 2597 3862 eam
2617 3821 2779 3876 quam
2808 3803 2940 3857 dicit
2962 3801 3335 3872 purgationem
3362 3799 3637 3851 malorum
3658 3839 3675 3861 ,
3704 3798 3755 3851 id

2166 3909 2269 3967 est,
2288 3902 2447 3955 etiam
2463 3914 2556 3953 eos
2571 3899 2659 3968 qui
2677 3899 2815 3951 hanc
2831 3896 2995 3948 vitam
3013 3894 3063 3946 in
3081 3892 3296 3962 flagitiis
3321 3900 3373 3943 et
3393 3889 3755 3951 facinoribus,

2168 4001 2220 4046 et
2250 3989 2573 4058 sacrilegiis,
2598 3997 2759 4056 atque
2791 3983 3157 4055 impietatibus
3178 3979 3475 4050 quamlibet
3500 3980 3759 4034 maximis

2168 4084 2421 4137 finierunt
2461 4101 2473 4135 :
2508 4081 2683 4149 ipsum
2725 4077 2887 4133 etiam
2941 4082 3216 4144 postremo
3266 4070 3545 4125 diabolum
3589 4078 3759 4141 atque

2166 4175 2387 4245 angelos
2410 4174 2547 4242 ejus,
2579 4170 2827 4241 quamvis
2855 4177 2975 4238 post
2997 4164 3311 4234 longissima
3348 4172 3597 4231 tempora
3626 4178 3759 4232 pur-

2166 4274 2321 4335 gatos
2348 4273 2510 4333 atque
2538 4264 2793 4316 liberatos
2814 4299 2829 4324 ,
2866 4271 3030 4328 regno
3061 4255 3189 4320 Dei,
3238 4255 3455 4322 lucique
3498 4254 3755 4317 restitui;

2167 4364 2223 4409 et
2264 4368 2452 4409 rursus
2495 4361 2617 4423 post
2668 4348 2979 4420 longissima
3030 4356 3272 4414 tempora
3318 4359 3515 4399 omnes
3543 4344 3640 4413 qui
3701 4344 3756 4397 li—

3318 4433 3517 4497 relahi,
3564 4444 3620 4489 et
3668 4448 3752 4486 re-

2167 4537 2341 4603 verti,
2381 4544 2437 4592 et
2500 4536 2599 4590 has
2649 4532 2794 4587 vices
2862 4529 3191 4602 alternantes
3238 4522 3642 4579 beatitudinum
3703 4531 3751 4575 et

2170 4632 2509 4686 miseriarum
2573 4623 2924 4681 rationabiles
2978 4629 3249 4676 creaturae
3297 4629 3520 4684 semper
3568 4615 3751 4679 fuisse,

2171 4739 2385 4794 semper
2412 4721 2563 4777 fore?
2595 4720 2669 4774 De
2692 4733 2797 4788 qua
2836 4714 3126 4770 vanissima
3175 4710 3453 4779 impietate
3489 4708 3751 4762 adversus

2172 4816 2539 4889 philosophos,
2573 4827 2603 4865 a
2634 4812 2831 4881 quibus
2867 4810 2969 4862 ista
2991 4804 3176 4860 didicit
3216 4801 3481 4871 Origenes
3517 4801 3574 4855 in
3615 4800 3749 4853 libro

2173 4911 2252 4966 De
2296 4910 2504 4964 civitate
2560 4905 2658 4959 Dei
2706 4898 3114 4973 diligentissime
3160 4894 3458 4965 disputavi;
3513 4911 3534 4943 ι
3593 4892 3747 4953 libro,

2172 5004 2385 5074 opinor,
2437 4995 2692 5061 secundo,
2751 5007 2867 5061 cap.
2907 4991 2975 5045 17
3014 5000 3068 5044 et
3093 4988 3186 5051 2‘5,
3230 4987 3321 5039 ubi
3366 4986 3562 5053 dogma
3614 4983 3748 5035 idem

2175 5073 2403 5156 excutit,
2433 5100 2487 5145 et
2509 5089 2626 5157 ejus
2657 5100 2820 5140 causa
2860 5082 3056 5137 merito
3093 5078 3438 5149 reprobatum
3460 5076 3530 5128 ab
3560 5073 3750 5127 Eccle-

2170 5187 2247 5241 sia
2279 5184 2567 5253 Origenem
2616 5176 2783 5230 fuisse
2832 5178 3061 5235 narrat;
3109 5178 3170 5221 ut
3208 5174 3263 5221 et
3310 5165 3449 5219 libro
3482 5162 3561 5216 De
3595 5164 3749 5230 gestis

2168 5252 2397 5345 Pelagii,
2423 5287 2545 5341 cap.
2576 5269 2634 5323 '5.
2675 5268 2773 5322 Adi
2801 5264 3077 5320 et'lihrum
3114 5260 3281 5328 ipsius
3312 5265 3492 5310 contra
3530 5252 3750 5307 Pris'cil-

2165 5344 2407 5423 lianistas
2452 5375 2499 5418 et
2542 5360 2893 5430 Origenistas,
2942 5370 3061 5423 cap.
3100 5354 3133 5407 5
3160 5360 3214 5406 et
3242 5349 3297 5414 6,
3346 5358 3402 5402 et
3446 5347 3591 5401 libro
3629 5344 3751 5399 huic

2165 5462 2443 5532 prmlixum
2487 5455 2664 5511 Orosii
2707 5445 3185 5506 Commonitorium
3241 5440 3307 5492 ad
3361 5438 3746 5506 Augustinum.

2166 5554 2431 5623 Snggillat
2469 5548 2718 5604 eumdem
2757 5545 2869 5612 ipsa
2920 5541 3024 5594 hac
3053 5538 3118 5591 de
3157 5548 3323 5589 causa
3383 5541 3577 5584 auctor
3629 5527 3747 5579 libri

2162 5651 2238 5704 De
2273 5644 2533 5701 communi
2561 5639 2815 5705 essentia,
2849 5634 2941 5688 lib.
2965 5649 3048 5696 Ill,
3083 5645 3204 5698 cap.
3231 5628 3284 5689 6,
3316 5635 3371 5679 et
3407 5632 3601 5676 auctor
3625 5622 3733 5675 Dial

2160 5744 2398 5813 logornm
2445 5735 2537 5804 qui
2594 5730 2824 5788 Cmsario
2885 5723 3131 5796 Gregorii
3206 5714 3533 5774 Nazianzeni
3594 5711 3739 5768 fratri
