3834 6226
125 355 263 413 1055

932 357 1506 416 ORIGENIANORUM
1546 358 1672 415 LIB.
1711 358 1773 423 ll,
1812 358 1962 413 CAP.
2005 357 2070 421 ll,
2111 356 2387 424 QUJEST.
2431 357 2529 413 XI.

3222 359 3359 412 1054

122 471 466 542 assignantur
492 470 626 544 (5|),
652 474 901 543 quamvis
926 473 1162 539 Maximi,
1197 477 1285 546 qui
1321 476 1553 531 Caesarie
1600 492 1688 531 re-
1718 484 1765 539 Α
1793 476 2100 546 stinguatnr
2120 475 2334 544 quidem
2359 475 2527 544 ignis,
2573 474 2825 530 sordibus
2861 473 3191 544 absumptis;
3236 491 3361 530 ver--

123 564 334 617 ceutior
366 562 494 629 fuit,
535 563 891 634 fragmentum
924 566 1232 623 exhibeant.
1278 566 1421 622 Inter
1458 569 1685 622 anathe-

120 656 403 710 matismos
425 654 717 710 iustiniani
745 657 985 725 epistola:
1026 661 1091 712 ad
1129 658 1339 713 Menam
1386 660 1683 723 subnexos,

119 758 421 818 postremus
451 749 537 803 ille
558 758 642 803 est
677 767 691 803 :
730 750 797 803 Εἴ
822 768 906 814 τις
946 752 1091 820 λέγει
1124 752 1156 823 ἢ
1200 753 1311 824 ἔχει
1357 754 1687 827 πρόσκαιρον

115 828 255 887 εἶναι
284 834 382 905 τὴν
409 835 518 888 τῶν
542 835 807 907 δαιμόνων
836 839 929 891 καὶ
952 840 1161 895 ἀσεϐῶν
1195 842 1496 914 ἀνθρώπων
1531 844 1687 897 κόλα-

117 943 221 991 σιν,
250 925 342 978 καὶ
372 926 523 991 τέλος
547 928 689 982 κατά
716 946 836 981 τινα
868 931 1056 1002 χρόνον
1082 933 1251 1004 αὐτὴν
1286 934 1427 999 ἕξειν
1447 975 1461 999 ,
1519 934 1685 1004 ὴγοῦν

114 1018 554 1075 ἀποκατάστασιν
582 1022 832 1090 γενέσθαι
863 1023 1151 1095 δαιμόνων,
1182 1025 1447 1097 ἣάσεϐῶν
1478 1029 1572 1082 ἀνθ
1586 1027 1687 1100 ρώ-

115 1126 254 1173 πων,
285 1110 532 1182 ἀνάθεμα
568 1110 727 1166 ἔστω.
770 1131 788 1164 ι
823 1113 881 1169 Si
915 1116 1034 1184 quis
1062 1117 1189 1171 dicit
1225 1128 1319 1173 aut
1354 1121 1517 1174 sentit
1553 1132 1687 1174 lem-

114 1203 382 1271 porariam
423 1219 544 1259 esse
584 1208 887 1261 daemonum
939 1209 1024 1263 vel
1071 1210 1357 1280 impiorum
1406 1213 1684 1269 hominum

113 1295 473 1364 punitionem,
514 1296 783 1368 finemque
830 1299 1010 1369 aliquo
1048 1311 1289 1371 tempore
1342 1306 1478 1361 hanc
1535 1307 1687 1362 habi-

113 1398 289 1440 turam
313 1427 329 1453 ,
364 1389 619 1443 nimirum
651 1390 1043 1446 restitutionem
1087 1393 1323 1449 futuram
1361 1397 1681 1460 dmmonum,

110 1477 198 1530 vel
231 1479 515 1547 impiorum
545 1480 847 1546 hominum,
877 1485 1162 1539 anathema
1207 1488 1296 1541 sit.
1340 1506 1358 1539 ι
1398 1487 1463 1541 Ει
1496 1490 1546 1542 ἰιι
1586 1489 1688 1544 bac

112 1568 226 1638 ipsa
261 1584 475 1638 quoque
504 1571 752 1640 epistola,
787 1577 1239 1643 quemadmodum
1270 1586 1324 1632 et
1353 1579 1403 1631 in
1428 1578 1594 1632 altera
1620 1579 1687 1633 ad

108 1661 375 1730 synodum
430 1661 701 1730 quintam,
737 1667 987 1718 eumdem
1023 1680 1268 1720 errorem
1320 1678 1505 1733 notat,
1537 1676 1590 1722 et
1620 1670 1687 1722 ad

110 1752 318 1806 calcem
347 1752 461 1808 loca
493 1755 747 1809 nonnulla
772 1755 1026 1826 Origenis
1056 1770 1120 1811 eo
1156 1757 1480 1826 pertinentia
1518 1760 1685 1813 addu-

1793 567 1898 620 mis
1924 574 2104 619 autem
2130 567 2248 620 sine
2282 565 2388 619 line
2411 573 2726 634 permaneat
2750 564 2774 616 ?
2802 563 2929 632 quid
2966 564 3197 633 denique
3215 565 3360 619 Gen-

1792 658 2008 713 nadium
2028 655 2105 710 De
2125 657 2382 725 dogmat.,
2400 670 2522 725 cap.
2550 655 2613 721 9;
2649 653 2930 708 Leontium
2957 655 3075 710 Act.
3095 671 3163 723 x;
3194 655 3364 711 Joan-

1791 766 1912 806 nem
1932 748 2346 814 Scholasticum,
2367 757 2719 815 cognomento
2732 745 3051 810 Climacum,
3069 747 3211 800 Scal.
3241 763 3358 815 par.

1791 857 1910 911 cap.
1938 842 1999 907 5;
2037 855 2364 911 anonyrnum
2390 839 2560 893 Photii
2596 838 2717 895 cod.
2754 853 2920 904 cxvn,
2961 840 3116 894 toties
3156 839 3265 909 jam
3304 840 3360 893 in

1791 946 1976 1003 partes
2032 944 2314 999 vocatum;
2362 932 2724 1001 Sophronium
2762 932 2815 986 in
2863 932 3025 1001 epist.
3064 933 3129 985 ad
3179 932 3361 1003 Serg.,

1790 1036 1898 1083 act.
1953 1028 2011 1080 ll
2077 1040 2196 1096 syn.
2242 1040 2324 1091 vr;
2381 1022 2845 1092 TheOphylactum
2887 1024 2941 1077 in
2988 1021 3178 1076 Matth.
3214 1036 3275 1077 ιιι
3308 1031 3365 1078 et

1793 1126 2004 1183 xxv,‘et
2025 1114 2197 1169 Marc.
2229 1129 2356 1179 vm;
2390 1112 2750 1180 Freculpbum
2776 1110 3187 1177 Lexoviensem,
3219 1113 3366 1165 Ana-

1793 1208 2018 1261 stasium
2057 1204 2539 1261 Bibliothecarinm
2571 1202 2743 1267 Hist.,
2773 1219 2904 1257 ann.
2957 1203 3141 1257 mundi
3184 1203 3364 1267 57l5;

1790 1299 2091 1353 Cedrenum
2118 1298 2169 1352 in
2200 1297 2382 1364 Camp.
2412 1296 2574 1360 hist.;
2603 1295 2868 1349 Zonaram
2897 1294 2989 1351 lib.
3023 1310 3059 1348 ιι
3087 1311 3100 1358 ;
3142 1293 3365 1363 Glycmn

1792 1390 1929 1443 Ann.
1960 1397 2100 1457 part.
2128 1403 2188 1441 ιιι
2218 1398 2273 1442 et
2312 1403 2397 1452 Iv;
2429 1386 2851 1442 Constantinum
2905 1383 3364 1452 Harmenopulum

1793 1482 1868 1536 De
1898 1482 2091 1544 sectis;
2125 1479 2485 1548 Nicephorum
2535 1480 2627 1534 lib.
2662 1494 2800 1543 xvu,
2836 1492 2956 1546 cap.
2986 1476 3089 1543 27;
3137 1474 3367 1529 Vincen-

1794 1575 1924 1629 tium
1947 1573 2380 1628 Bellovacensem
2412 1570 2560 1642 Spec.
2590 1575 2759 1627 doctr.
2792 1569 2889 1625 lib.
2921 1582 3052 1623 xvnl
3074 1608 3090 1633 ,
3116 1582 3240 1637 cap.
3272 1565 3365 1631 45,

1791 1690 1846 1736 et
1870 1679 2171 1736 Guidonem
2206 1678 2556 1734 Carmelitam
2604 1678 2659 1732 in
2694 1678 2826 1732 Itrer.
2866 1674 3078 1745 Origen.
3116 1673 3365 1728 eamdem

1795 1774 2044 1829 haeresim
2076 1772 2438 1829 insectantes?

110 1842 205 1895 cit.
234 1841 371 1910 Quin
398 1844 563 1899 etiam
595 1848 829 1917 synodus
872 1848 1063 1916 quinta
1108 1849 1247 1904 hanc
1297 1851 1544 1905 haeresim
1596 1853 1688 1906 de—

1863 1867 2026 1923 XXII.
2078 1866 2172 1921 llis
2226 1867 2608 1935 praetermissis
2664 1867 2717 1921 in
2771 1867 2979 1921 Joanne
3033 1865 3365 1919 Damasceno

112 1944 266 1987 creto
309 1934 711 2006 suojugulavit,
755 1938 801 1993 si
851 1939 981 2008 quid
1020 1939 1289 2005 Cedreno,
1318 1951 1371 1996 et
1404 1941 1594 1997 Photio
1631 1944 1683 1997 in

112 2025 294 2080 libello
324 2026 401 2081 De
428 2031 661 2098 synodis,
688 2039 742 2085 et
769 2046 1040 2103 anonymo
1070 2033 1278 2087 auctori
1307 2033 1427 2089 libri
1464 2034 1541 2088 De
1562 2052 1687 2088 con-

111 2118 256 2173 ciliis
279 2123 631 2188 wcumcnicis,
658 2135 713 2179 et
739 2122 1044 2194 Nicephoro
1090 2127 1385 2181 credimus.
1436 2127 1573 2194 Quid
1594 2143 1688 2199 ap-

111 2209 304 2279 pellem
351 2213 670 2285 Gregorium
728 2214 993 2287 Magnum,
1031 2219 1123 2288 qui
1151 2218 1243 2272 lib.
1290 2235 1454 2273 xxxrv
1489 2219 1685 2274 Moral.

113 2315 235 2370 cap.
272 2302 360 2367 i9,
412 2315 463 2359 et
494 2303 589 2361 lib.
629 2322 688 2360 ιιι
736 2306 976 2376 Exponit.
1024 2310 1078 2363 in
1120 2308 1151 2362 Ι
1182 2308 1305 2380 Reg.
1348 2328 1464 2380 cap.
1497 2328 1555 2377 ιι,
1587 2312 1689 2368 hoc

114 2389 548 2461 Origenistarum
593 2396 1005 2451 deliramentum
1050 2400 1261 2469 prolixe
1308 2403 1519 2470 arguit?
1560 2404 1690 2474 quid

116 2481 429 2549 Maximum,
471 2488 561 2556 qui
618 2488 674 2543 in
731 2490 952 2545 scholiis
990 2491 1057 2545 ad
1097 2491 1339 2562 Dionysii
1384 2494 1582 2549 librum
1612 2495 1687 2550 De

117 2576 310 2628 cretein
369 2578 665 2643 hieran-hu
717 2595 838 2650 cap.
888 2581 941 2648 6,
1003 2584 1166 2637 verba
1221 2586 1336 2638 haec
1364 2582 1615 2652 Origenis
1658 2601 1689 2640 e

120 2665 217 2719 lib.
256 2683 271 2721 ι
301 2668 439 2735 Περὶ
460 2669 662 2739 ἀρχῶν
688 2674 878 2727 recitat
910 2692 922 2728 :
956 2673 1110 2728 Μετά
1140 2675 1196 2729 δὲ
1226 2676 1287 2729 τὸ
1320 2677 1412 2729 ἐπὶ
1440 2679 1572 2730 πᾶσι
1602 2677 1689 2729 τέ-

112 2757 203 2821 λος
228 2760 389 2813 πάλιν
411 2762 741 2834 ἀπόρρευσις
762 2766 853 2818 καὶ
887 2766 1235 2832 κατάπτωσις
1285 2768 1490 2838 γίνεται
1516 2788 1529 2835 ;
1561 2772 1689 2839 quid

114 2849 502 2923 Tthphanem
523 2857 859 2923 Cerameum,
890 2861 980 2929 qui
1012 2860 1196 2914 homil.
1226 2861 1408 2929 2Jth
1436 2863 1649 2916 disserit
1674 2881 1686 2915 :

114 2943 190 2995 Τὸ
215 2944 414 3012 μέντοι,
444 2946 550 3010 ἕως
574 2948 755 3019 ἀποδῷ
784 2953 890 3004 πᾶν
917 2953 976 3005 τὸ
1014 2953 1356 3024 ὀφειλόμενον
1382 2993 1396 3017 ,
1429 2954 1487 3004 οὐ
1514 2970 1691 3024 χρονι-

114 3034 218 3106 κὴν
268 3040 541 3110 σημασίαν
582 3041 749 3112 δηλοῖ,
798 3044 936 3097 κατά
975 3045 1073 3116 τὴν
1116 3046 1328 3117 μυθώδη
1388 3047 1689 3117 Ὠριγένους

112 3128 575 3197 ἀποκατάστασιν,
615 3132 751 3186 ἀλλά
792 3135 855 3187 τὸ
900 3136 1148 3207 ἀόριστον
1194 3138 1288 3188 καὶ
1340 3136 1691 3207 ἀτελεύτητον

114 3222 219 3291 τῆς
261 3221 533 3287 κολάσεως
567 3237 585 3254 ·
640 3243 659 3275 ι
703 3224 815 3280 Hoc
858 3236 1005 3282 certe
1060 3246 1072 3281 :
1130 3228 1305 3283 Donec
1367 3228 1689 3299 persolverit

115 3326 283 3367 omne
326 3314 600 3379 debitum,
640 3330 747 3370 non
802 3319 1184 3387 temporarium
1229 3320 1357 3389 quid
1401 3322 1688 3392 signiﬁcat,

110 3402 270 3470 juxta
307 3403 607 3460 fabulosam
641 3405 891 3477 Origenis
924 3410 1346 3478 restitutionem,
1379 3414 1471 3468 sed
1499 3426 1689 3483 poenas

115 3495 228 3550 line
260 3498 544 3553 carentes?
582 3518 599 3550 ι
634 3500 761 3567 quid
796 3500 993 3556 Bedam
1024 3504 1114 3571 qui
1145 3502 1239 3559 lib.
1274 3519 1288 3558 ι
1330 3502 1690 3573 Expositionis

117 3590 172 3641 in
207 3588 485 3656 Prorerb.,
521 3606 639 3661 quae
668 3591 992 3665 llieronytno
1020 3593 1157 3651 falso
1180 3594 1451 3659 tribuitur,
1471 3598 1535 3650 ad
1567 3612 1686 3666 cap.

114 3694 179 3748 ιι,
212 3682 299 3745 19,
327 3694 380 3738 et
410 3683 503 3739 lib.
542 3700 601 3749 ιι,
628 3686 695 3741 ad
723 3701 842 3755 cap.
882 3703 956 3751 XI,
994 3687 1045 3755 7,
1075 3688 1203 3743 etin
1232 3689 1615 3743 Iietractatione
1637 3691 1691 3743 in

113 3775 248 3829 Acta
271 3788 462 3845 apost.,
492 3779 557 3832 ad
587 3793 710 3849 cap.
736 3795 820 3845 ιιι,
844 3780 981 3835 hanc
1002 3781 1343 3850 reprehendit
1365 3781 1690 3846 doctrinam,

113 3880 346 3935 eamque
370 3866 446 3920 ait
471 3866 830 3938 Origenianos
852 3870 951 3924 hoc
979 3869 1129 3925 lsaia:
1156 3871 1466 3925 testimonio
1508 3871 1693 3925 deferr-

114 3958 287 4014 dere:
322 3978 340 4010 ‹
382 3960 448 4014 Et
473 3961 788 4015 claudentur
811 3962 883 4017 ibi
912 3963 965 4017 in
997 3977 1237 4027 carcere,
1261 3973 1315 4017 et
1341 3972 1460 4031 post
1493 3963 1689 4017 multos

114 4051 238 4108 dies
256 4054 711 4108 visitabuntur"?
737 4072 755 4105 ι
774 4056 900 4124 quid
918 4055 1250 4125 Stephanum
1268 4055 1535 4111 Gobarum
1556 4055 1689 4126 (52),

112 4144 212 4214 qui
233 4145 283 4198 in
303 4147 750 4215 questionibusin
774 4156 1055 4216 utramque
1074 4149 1315 4201 excussis
1332 4157 1557 4218 partem,
1575 4161 1695 4216 qua:

114 4236 237 4290 fere
260 4237 559 4291 Adamantii
580 4237 787 4306 placitis
807 4246 1079 4302 constant,
1096 4238 1173 4292 sic
1196 4237 1389 4292 habet:
1416 4239 1536 4290 ’Ὁτι
1560 4238 1608 4289 ot
1636 4240 1692 4290 ἐν

110 4330 181 4400 τῇ
212 4326 429 4380 κολάσει
455 4328 867 4401 παραδιδόμενοι
888 4328 995 4381 τῶν
1030 4326 1368 4400 ἁμαρτωλῶν
1415 4327 1695 4399 καθαίρον-

110 4436 213 4479 ται.
231 4418 329 4489 τῆς
350 4420 545 4483 κακίας
571 4422 628 4473 ὲν
653 4420 811 4491 αὐτῇ,
840 4420 935 4472 καὶ
968 4419 1105 4491 μετά
1142 4419 1237 4491 τὴν
1262 4419 1527 4491 κάθαρσιν
1558 4420 1693 4471 ἀπο-

1789 1957 1949 2012 ﬁnem
1979 1957 2139 2022 facio,
2175 1958 2348 2027 quiin
2390 1957 2527 2011 libro
2567 1956 2644 2011 De
2700 1957 2983 2011 ltreresibus
3030 1956 3366 2026 Origenistas

1787 2064 2013 2105 censere
2034 2048 2110 2103 ait
2139 2066 2157 2099 ι
2195 2048 2399 2103 Christi
2432 2063 2654 2119 regnum
2687 2049 2898 2103 tandem
2939 2047 3229 2117 aliquando
3272 2048 3366 2098 dc-

1789 2142 2014 2195 siturum
2034 2181 2049 2208 ,
2075 2150 2128 2195 et
2160 2140 2323 2195 simul
2367 2139 2585 2209 angelos
2615 2140 2917 2204 desituros,
2957 2158 2975 2191 ι
3022 2153 3213 2206 nempe
3240 2152 3361 2191 cum

1788 2232 1965 2285 omnia
1991 2248 2153 2285 unum
2185 2246 2305 2286 cum
2340 2230 2447 2285 Deo
2480 2230 2641 2296 (ient;
2679 2240 2734 2285 et
2769 2230 2861 2285 lib.
2922 2246 2960 2284 ιι
3018 2228 3095 2283 De
3128 2229 3233 2298 ﬁde
3278 2244 3364 2281 or-

1788 2324 1959 2388 thod.,
1990 2338 2110 2392 cap.
2148 2323 2202 2387 1,
2231 2321 2611 2392 Origenianam
2648 2322 2786 2376 hanc
2822 2323 2873 2376 in
2904 2322 3167 2391 integrum
3206 2322 3365 2374 resti-

1790 2413 2048 2467 tutionctn
2078 2413 2273 2482 arguit,
2311 2428 2471 2482 quam
2504 2423 2622 2482 post
2654 2412 2797 2466 mille
2821 2426 3084 2465 annormn
3127 2410 3363 2481 spatium

1793 2505 2024 2559 futuram
2071 2504 2368 2559 credidisse
2414 2504 2797 2557 Adamantium
2850 2503 3065 2558 asserit.
3118 2501 3365 2557 Gobarus

1789 2609 2005 2663 quoque
2045 2593 2309 2649 Tritheita
2365 2596 2506 2663 apud
2567 2594 2723 2650 l‘hot.
2772 2594 2895 2649 cod.
2937 2609 3178 2659 ccxxx",
3223 2594 3365 2647 inter

1791 2686 2091 2754 disputatas
2141 2687 2465 2754 qmestiones
2523 2687 2665 2740 hanc
2739 2687 2901 2740 etiam
2964 2686 3144 2754 posuit
3189 2705 3201 2739 :
3240 2686 3365 2737 "Ott

1791 2778 2049 2848 πρότερον
2089 2780 2137 2829 οἰ
2191 2778 2387 2831 δίκαιοι
2446 2779 2860 2850 ἀναστήσονται,
2905 2778 2997 2831 καὶ
3051 2778 3147 2831 σὺν
3184 2778 3365 2839 αὐτοῖς

1791 2868 1970 2920 πάντα
1997 2866 2067 2918 τά
2093 2866 2226 2931 ζῶσι,
2254 2868 2347 2919 καὶ¹
2386 2867 2478 2919 ἐπὶ
2510 2866 2655 2937 χίλια
2702 2866 2795 2937 ἐτη
2838 2866 3174 2937 τρυφήσουσι
3200 2903 3215 2928 ,
3272 2865 3365 2917 καὶ

1792 2956 2075 3020 ἐσθίοντες,
2104 2958 2197 3010 καὶ
2222 2956 2563 3020 τεκνοῦντες,
2604 2958 2697 3009 καὶ
2732 2955 2870 3027 μετά
2901 2956 3060 3010 τοῦτο
3092 2958 3124 3027 ἡ
3155 2954 3367 3010 καθολι-

1792 3052 1863 3123 κὴ
1891 3054 2241 3124 ἐπιστήσεται
2275 3052 2595 3115 ἀνάστασις.
2650 3069 2670 3103 t
2713 3050 2895 3107 Justos
2922 3052 3154 3121 primum
3187 3065 3368 3105 resur-

1797 3155 2058 3207 recturos,
2084 3154 2137 3197 et
2166 3159 2287 3197 cum
2324 3143 2456 3213 ipsis
2487 3142 2666 3197 omnia
2696 3141 2947 3196 animalia
2970 3180 2985 3203 ,
3021 3149 3074 3195 et
3099 3155 3194 3210 per
3222 3140 3368 3194 mille

1794 3250 1966 3290 annos
2001 3234 2207 3289 deliciis
2234 3234 2491 3290 lruitnros
2511 3273 2528 3299 ,
2562 3243 2615 3289 et
2639 3234 2889 3299 edentes,
2919 3243 2973 3288 et
3000 3232 3245 3287 bibentes
3270 3272 3285 3295 ,
3313 3241 3369 3285 et

1790 3327 2109 3398 gignentes,
2147 3334 2440 3396 posteaque
2499 3326 2735 3381 futuram
2783 3325 3144 3381 universalem
3186 3339 3367 3379 resur-

1793 3420 2107 3473 rectionem.
2144 3438 2164 3471 ι
2198 3420 2253 3473 Si
2291 3419 2341 3473 in
2387 3420 2488 3474 hac
2541 3420 2642 3474 l'nit
2670 3417 2931 3490 Origenes
2966 3419 3269 3485 sententia,
3303 3417 3367 3471 il-

1791 3510 1896 3564 iam
1928 3509 2163 3565 Platonis
2194 3510 2401 3581 χιλιετῆ
2456 3511 2711 3582 πορείαν,
2768 3526 2932 3581 quam
2992 3510 3263 3575 diximus,
3312 3510 3368 3565 in

1794 3602 2159 3657 Christianam
2194 3600 2353 3656 tiderit
2394 3601 2692 3657 transferre
2719 3613 2945 3657 conatus
2977 3600 3173 3666 fuerit,
3204 3611 3369 3671 atque

1793 3695 1865 3747 ita
1894 3694 2151 3749 Chiliasta
2188 3695 2291 3747 dici
2331 3694 2522 3762 possit.
2557 3694 2877 3762 Quanquam
2929 3692 3033 3746 alia
3088 3693 3192 3747 fuit
3241 3693 3370 3749 Chi-

1792 3786 2072 3840 liaslarum
2100 3786 2313 3855 proprie
2339 3786 2603 3841 dietorum
2620 3787 2861 3851 haaresis,
2885 3800 2915 3839 a
2942 3785 3223 3850 Cerintho,
3253 3786 3364 3850 vel,

1796 3888 1853 3931 ut
1880 3878 1995 3944 alii,
2028 3894 2058 3931 a
2087 3876 2250 3946 Papia
2269 3874 2677 3946 llierapolitano
2706 3878 2960 3948 episcopo
2985 3888 3128 3932 orta.
3149 3875 3369 3947 iAuctor

1793 3971 1990 4039 quippe
2010 3979 2092 4024 est
2115 3970 2380 4024 Eusebius
2402 3969 2495 4024 lib.
2523 3985 2583 4023 ιιι
2612 3968 2750 4023 Hist.
2775 3970 2936 4025 eccles
2968 4010 2984 4034 ,
3006 3984 3129 4039 cap.
3156 3969 3366 4036 ultimo,

1794 4060 2013 4130 Papiam
2043 4059 2210 4124 illum,
2244 4060 2499 4115 mediocri
2542 4069 2601 4114 ut
2647 4070 2767 4115 erat
2810 4060 3069 4131 praditus
3122 4060 3363 4131 ingenio,

1793 4168 1985 4223 parum
2017 4164 2172 4208 acute
2204 4153 2493 4208 intellectis
2525 4154 2890 4223 apostolorum
2936 4154 3157 4223 scriptis
3196 4154 3367 4223 (vice-

1798 4246 1935 4300 simo
1978 4260 2168 4315 nempe
2202 4242 2603 4315 Apocalypseos
2626 4242 2853 4314 capite),
2897 4258 3124 4314 regnum
3158 4242 3365 4299 Christi

1796 4345 1920 4407 post
1951 4337 2400 4390 resurrectionem
2435 4348 2534 4404 per
2566 4333 2710 4389 mille
2739 4348 2910 4388 annos
2948 4335 3089 4388 inter
3127 4347 3366 4387 summas

1796 4443 2085 4498 corporum
2123 4426 2428 4496 voluptates
2464 4425 2517 4480 in
2544 4426 2706 4480 terris
2750 4436 3222 4494 perseveraturum
3268 4439 3366 4493 pu-

112 4510 334 4565 λύονται
360 4511 457 4582 τῆς
478 4510 747 4574 κολάσεως
769 4527 782 4541 ο
818 4511 994 4563 καίτοι
1026 4511 1086 4563 οὑ
1122 4511 1320 4574 πάντες
1368 4512 1416 4563 οἱ
1448 4509 1687 4581 παραδο-

1793 4528 1964 4585 tasse,
1992 4534 2054 4573 ac
2090 4518 2261 4589 ipsius
2292 4517 2487 4573 deinde
2542 4516 2918 4571 auctoritatem
2969 4516 3113 4571 idem
3163 4514 3365 4569 Irenazo

112 4606 307 4667 θέντες
338 4606 400 4674 τῇ
434 4603 650 4657 κολάσει
677 4602 1025 4673 καθαίρονται
1047 4606 1138 4657 καὶ
1159 4604 1501 4667 ἀπολύονται,
1552 4604 1690 4657 ἀλλά

108 4715 282 4762 τινες,
300 4699 395 4753 καὶ
421 4699 522 4763 ὅτι,
548 4699 682 4769 ὅπερ
709 4700 853 4752 ἐστὶν
880 4698 1077 4769 ἀληθὲς
1100 4699 1198 4768 τῆς
1222 4698 1691 4769 Ἐκκλησίαςφρό-

106 4808 270 4863 νημα
294 4830 309 4855 ,
332 4790 503 4854 οὐδεὶς
528 4791 821 4845 ἀπολύεται
858 4793 958 4862 τῆς
993 4792 1283 4856 κολάσεως.
1319 4811 1337 4843 ι
1371 4793 1690 4847 Peccatores

108 4884 299 4954 pcenis
326 4883 553 4938 traditos
577 4899 606 4937 a
636 4884 875 4953 nequitia
902 4885 1188 4953 expurgari
1218 4884 1270 4936 in
1295 4884 1457 4951 ipsis;
1487 4892 1542 4937 et
1568 4890 1690 4952 post

108 4975 565 5045 expurgationem
609 4976 783 5044 poenis
825 4975 980 5030 solvi.
1011 4973 1122 5029 Nec
1141 4975 1361 5045 purgari
1412 4984 1591 5030 tamen
1633 4983 1691 5030 et

111 5067 327 5125 absolvi
352 5083 538 5123 omnes
564 5069 654 5137 qui
689 5068 968 5138 suppliciis
994 5068 1190 5122 addicti
1230 5076 1355 5123 sunt
1378 5105 1394 5132 ,
1426 5067 1519 5121 sed
1552 5082 1690 5121 non-

108 5158 320 5213 nullos.
372 5158 439 5213 Et
490 5160 758 5213 neminem
807 5159 1070 5229 supplicio
1111 5158 1360 5223 liberari,
1392 5173 1514 5228 qua:
1558 5172 1685 5211 vera

108 5262 199 5305 est
229 5248 482 5304 Ecclesia:
513 5249 829 5304 sententia?
865 5267 883 5302 ι
936 5249 1065 5319 quid
1115 5248 1356 5304 Nicetam
1400 5248 1690 5303 Acontina-

112 5353 254 5405 tum,
300 5343 391 5411 qui
439 5342 534 5397 lib.
568 5358 620 5395 tv
652 5342 907 5397 Thesauri
956 5343 1161 5397 orthod.
1202 5342 1324 5411 ﬁd.,
1371 5342 1504 5396 hrer.
1536 5355 1682 5404 χχχι,

107 5435 405 5505 Origenem
453 5436 590 5490 male
643 5437 881 5491 sensisse
910 5436 1164 5505 prmdicat
1194 5434 1263 5489 de
1305 5448 1585 5504 pmnarum
1618 5446 1682 5486 ac

105 5528 466 5599 pmmiorurn
488 5529 847 5598 perennitate,
878 5529 1223 5598 futurumque
1259 5527 1459 5581 dixisse
1497 5533 1551 5579 ut
1591 5540 1682 5579 cx-

182 5665 237 5702 “
267 5665 371 5721 lsa.
406 5683 555 5733 xxrv,
592 5668 683 5722 2‘2.

186 5809 301 5881 (5i)
337 5809 540 5877 Dialog.
570 5827 651 5879 ιιι,
686 5828 828 5881 resp.
857 5810 979 5865 MO.

434 5905 704 5969 PATROL.
751 5908 865 5966 (in.
916 5903 1109 5964 XVII.

1794 4612 2147 4682 persuasisse.
2204 4610 2423 4665 Sectam
2472 4623 2686 4678 quoque
2738 4608 2881 4661 illam
2926 4606 3196 4676 persecuti
3239 4613 3367 4661 sunt

1792 4702 1883 4754 alii
1914 4700 2211 4755 eruditione
2244 4700 2450 4754 nobiles
2484 4701 2589 4754 viri
2620 4698 2986 4753 Tertullianus
3008 4737 3023 4763 ,
3055 4696 3365 4752 Victorinus

1792 4789 2230 4856 Petabionensis,
2276 4801 2333 4846 et
2383 4790 2742 4856 Lactantius,
2794 4790 2967 4845 donec
3018 4789 3072 4844 in
3117 4799 3364 4859 apertam

1793 4882 1970 4952 erupit
2010 4882 2282 4947 haeresim,
2332 4882 2385 4937 in
2437 4881 2767 4953 Apollinario
2807 4882 3117 4937 damnatam
3177 4894 3208 4934 a
3257 4878 3365 4933 Da-

1794 4990 1946 5031 maso
2002 4990 2161 5045 papa.
2212 4976 2469 5030 Attamen
2508 4975 2598 5028 vix
2652 4974 2755 5029 sibi
2805 4974 3134 5042 persuadere
3190 4980 3368 5041 potest

1792 5069 2129 5139 Epiphanius
2157 5077 2485 5123 assertorem
2520 5067 2687 5121 fuisse
2711 5066 3106 5136 Apollinarium
3138 5065 3365 5136 dogma-

1793 5160 1863 5212 tis
1890 5158 2214 5227 lmjnsmodi,
2252 5157 2406 5228 cujus
2452 5170 2553 5212 nec
2600 5155 2813 5211 aﬂiuem
2862 5155 3031 5211 fuisse
3073 5154 3364 5226 Origenem

1791 5252 2133 5320 perspicuum
2165 5262 2243 5303 est
2275 5266 2342 5303 ex
2392 5250 2475 5303 his
2527 5249 2706 5303 verbis
2744 5260 2876 5302 tom.
2921 5263 3029 5301 xvn
3059 5248 3111 5299 in
3145 5244 3360 5303 Matth..

1790 5355 1937 5393 num.
1968 5340 2071 5403 55,
2104 5357 2225 5409 pag.
2265 5340 2371 5394 827
2403 5361 2415 5395 :
2447 5340 2558 5394 Καὶ
2600 5338 2788 5412 ὥσπερ
2835 5339 3142 5395 πλανῶνται
3180 5339 3229 5390 οἱ
3272 5337 3362 5390 διὰ

1789 5432 1849 5487 τὸ
1884 5434 1957 5505 μὴ
1983 5436 2329 5505 τροπολογεῖν
2378 5434 2445 5487 τά
2488 5433 2801 5506 προφητικά
2854 5434 3090 5505 οἰόμενοι
3147 5430 3360 5503 μέλλειν

1789 5528 1934 5597 ἡμᾶς
1965 5527 2101 5597 μετὰ
2132 5528 2231 5597 τὴν
2268 5527 2562 5581 ἀνάστασιν
2601 5526 2798 5581 ἐσθίειν
2826 5528 2918 5580 καὶ
2955 5525 3129 5579 πίνειν
3170 5540 3355 5594 σωμα-

1865 5804 1975 5874 (52)
2007 5806 2157 5875 Apud
2194 5805 2368 5874 Phot.,
2402 5809 2523 5863 cod.
2559 5824 2793 5863 ccxxx“.
