3860 6226
456 316 596 372 1035

1716 310 1774 367 Ρ.
1811 310 2123 366 DANIELIS
2161 311 2393 368 HUETII

3557 317 3698 377 I036

454 436 581 489 τικὰ
611 432 898 506 βρώματα,
939 430 1059 485 ἐπεὶ
1092 433 1148 486 αἱ
1188 430 1359 496 λέξεις
1396 431 1502 484 τῶν
1544 430 1769 502 γραφῶν
1804 430 2021 483 τοιαῦτα

2128 434 2209 501 (ιιι
2234 442 2413 487 tamen
2461 431 2791 487 concedatur
2832 433 2954 502 quia
3001 432 3181 501 aliqua
3212 432 3475 506 videmus)
3511 436 3694 490 media

457 528 800 598 περιέχουσιν
819 542 832 557 ⁸
878 525 1020 578 οὕτω
1061 525 1155 577 καὶ
1181 523 1252 576 τὰ
1279 525 1404 595 περὶ
1422 524 1613 594 γάμων
1640 523 2020 594 γεγραμμένα,

458 622 552 676 καὶ
575 619 782 690 ἀνδρῶν
808 619 901 671 καὶ
936 617 1207 686 γυναικῶν
1246 616 1536 687 τηροῦντες
1574 616 1666 669 ἐπὶ
1706 615 1801 669 τοῦ
1836 615 2021 687 ῥητοῦ,

459 715 551 770 καὶ
580 713 811 782 οἰόμενοι
839 709 1143 772 συνουσίαις
1168 710 1310 780 ἡμᾶς
1338 708 1433 762 καὶ
1459 707 1579 761 τότε
1614 706 1931 778 χρήσεσθαι,
1957 706 2023 759 δι’

458 805 524 868 ἃς
548 804 670 857 οὐδὲ
697 801 972 872 σχολάζειν
995 800 1110 854 ἐστὶ
1141 802 1206 870 τῇ
1252 801 1522 869 προσευχῇ
1565 798 1782 851 δυνατόν
1802 813 1815 829 ·
1848 798 1907 851 ἐν
1932 814 2026 867 μο-

460 893 650 965 λυσμῷ
683 911 799 956 πως
823 892 990 946 ὄντων
1017 890 1109 944 καὶ
1156 889 1467 960 ἀκαθαρσίᾳ
1510 890 1618 942 τινὶ
1660 888 1769 942 τῶν
1810 888 2027 960 χρωμέ-

460 1004 567 1041 νων
597 984 945 1057 ἀφροδισίοις.
988 982 1259 1037 Adversus
1305 981 1552 1035 eamdem
1607 980 1855 1035 haeresim
1908 980 2025 1050 pari

458 1080 619 1135 modo
674 1075 1018 1131 excandescit
1064 1072 1153 1127 lib.
1227 1088 1265 1125 II
1321 1071 1461 1140 Περὶ
1503 1070 1739 1139 ἀρχῶν,
1787 1085 1906 1137 cap.
1937 1070 2023 1135 Il,

457 1186 606 1225 num.
637 1169 695 1233 2,
740 1178 794 1222 et
829 1166 1049 1238 prologo
1089 1164 1145 1218 in
1184 1162 1410 1228 Cantia,
1447 1178 1570 1233 pag.
1615 1162 1684 1218 28
1715 1179 1727 1214 :
1769 1180 1787 1213 ι
1817 1163 2028 1218 Accidit

459 1272 517 1316 ut
538 1261 893 1330 simpliciores
918 1260 1137 1327 quidam
1160 1256 1465 1310 nescientes
1487 1256 1819 1326 distinguere
1847 1269 1911 1308 ac
1936 1269 2022 1308 se-

457 1368 682 1409 cernere
704 1367 826 1421 qua‘.
852 1350 957 1405 sint
991 1364 1108 1416 quae
1136 1348 1189 1401 in
1222 1346 1517 1416 Scripturis
1546 1347 1747 1404 divinis
1776 1348 2021 1403 interiori

455 1440 683 1509 homini,
719 1455 840 1510 quae
883 1453 1011 1493 vero
1048 1436 1303 1491 exteriori
1345 1437 1647 1505 deputanda
1683 1436 1824 1501 sint,
1865 1450 2025 1490 voca-

454 1535 704 1592 bulorum
736 1528 1178 1588 similitudinibus
1222 1527 1342 1583 falsi
1390 1528 1457 1581 ad
1502 1528 1713 1597 ineptas
1758 1527 2021 1597 quasdam

455 1626 668 1682 fabulas
693 1635 747 1679 et
783 1625 1033 1693 figmenta
1066 1621 1244 1676 inania
1277 1636 1335 1677 se
1361 1621 1722 1684 contulerint;
1767 1628 1823 1672 ut
1860 1620 2021 1673 etiam

454 1725 583 1787 post
626 1715 1079 1770 resurrectionem
1133 1712 1271 1768 cibis
1334 1711 1710 1781 corporalibus
1767 1711 2019 1765 utendum

456 1809 758 1869 crederent,
792 1815 1084 1877 potumque
1109 1805 1426 1859 sumendum
1459 1819 1566 1857 non
1623 1802 1793 1857 solum
1837 1817 1904 1856 ex
1934 1802 2019 1856 illa

455 1901 565 1954 vlte
594 1914 720 1952 vera
752 1908 802 1951 et
825 1898 1038 1951 vivente
1065 1897 1118 1951 in
1142 1896 1371 1961 saecula,
1401 1911 1589 1950 verum
1615 1907 1670 1951 et
1711 1910 1779 1950 ex
1813 1896 1899 1950 his
1937 1895 2021 1949 vi-

457 1991 603 2045 tibus
628 1989 778 2060 ligni.
811 2008 830 2040 ι
871 1988 943 2041 Ea
975 1996 1241 2058 praeterea
1285 1985 1351 2041 de
1380 1986 1781 2042 resurrectione
1803 2026 1817 2049 ,
1850 1985 2023 2054 deque

455 2078 633 2149 poenis
657 2078 1027 2133 damnatorum
1056 2076 1309 2146 opinatus
1355 2083 1469 2142 est,
1498 2091 1616 2143 qua:
1642 2074 2022 2129 CIIiIionetita-

458 2185 578 2224 rum
617 2169 847 2224 vesaniae
885 2184 948 2223 ex
1009 2172 1238 2225 adverso
1282 2176 1601 2238 repugnant.
1656 2165 1784 2221 Inde
1829 2164 2021 2219 Hiero-

457 2277 650 2335 nymus
677 2262 730 2317 in
764 2262 971 2332 prmfat.
1004 2262 1127 2318 libri
1164 2277 1295 2315 vaII
1326 2260 1677 2314 Commentar.
1712 2260 1767 2312 in
1798 2258 2023 2323 Isaiam,

458 2370 578 2425 quae
601 2362 683 2408 est
711 2355 778 2408 ad
803 2353 1177 2417 Eustochium,
1204 2353 1463 2407 adversus
1490 2350 1817 2406 Millenarios
1842 2350 2023 2419 dispu-

460 2457 600 2513 tans,
630 2456 872 2501 errorem
896 2443 1108 2497 illorum
1135 2458 1320 2497 eorum
1345 2441 1518 2498 errori
1548 2442 1639 2512 qui
1670 2442 2025 2505 resurrectio-

456 2555 581 2594 nem
614 2538 807 2593 toIlunt
830 2537 1162 2593 contrarium
1187 2544 1241 2589 et
1262 2535 1564 2604 oppositum
1590 2550 1708 2588 esse
1735 2533 1977 2603 agnoscit
2006 2550 2020 2586 :

456 2638 511 2685 et
529 2627 865 2685 Justinianus
889 2629 941 2681 in
974 2626 1198 2697 epistola
1229 2626 1295 2680 ad
1314 2625 1549 2693 quintam
1578 2627 1835 2695 synodum
1862 2639 2023 2691 quam

455 2723 676 2778 exhibet
698 2718 993 2786 Cedrenus,
1014 2718 1313 2773 doctrinam
1335 2716 1651 2786 Pythagora:
1676 2726 1730 2771 et
1762 2715 2022 2778 Platonis,

458 2813 726 2882 hujusque
752 2809 885 2864 adeo
913 2808 1074 2863 verba
1110 2823 1272 2876 super
1322 2807 1408 2862 his
1442 2807 1587 2861 mille
1639 2821 1901 2861 annorum
1933 2819 2025 2876 pe—

456 2904 624 2983 riodis
657 2916 950 2973 exponens,
975 2914 1094 2955 eam
1129 2899 1343 2970 Origeni
1382 2913 1645 2969 nusquam
1677 2896 1885 2952 tribuit.

527 2990 713 3047 ΧιΧΙΙῐ.
752 2988 1011 3057 Quamvis
1035 2998 1211 3043 autem
1241 2987 1583 3043 manifestum
1605 2986 1808 3041 erroris
1845 2997 2023 3040 tenea-

457 3099 578 3138 mus
606 3083 887 3153 Origeucm
931 3082 985 3135 in
1017 3080 1314 3149 quaestione
1342 3078 1409 3133 de
1433 3094 1709 3149 pcnnarum
1754 3088 1807 3132 et
1851 3079 2023 3133 beati-

458 3177 586 3231 tatis
614 3174 976 3245 perennitate,
1009 3172 1176 3227 multa
1207 3183 1385 3225 tamen
1418 3172 1470 3225 in
1494 3171 1611 3241 ejus
1656 3170 2021 3225 defensioiiem

454 3266 643 3321 adduci
676 3276 935 3335 possunt,
982 3279 1105 3320 cum
1148 3279 1215 3320 ex
1265 3265 1382 3333 ejus
1434 3262 1747 3334 deprompta
1783 3262 2021 3333 scriptis,

456 3370 570 3413 tum
624 3358 764 3428 apud
829 3357 1076 3413 laudatos
1144 3357 1433 3426 scriptores
1504 3356 1827 3425 conquisita.
1892 3355 2023 3422 Quae

455 3451 770 3523 priusquam
795 3451 1146 3520 attingamus,
1166 3450 1386 3517 dignum
1411 3447 1539 3502 illud
1557 3448 2025 3503 animadversione

454 3553 539 3599 est
564 3543 705 3613 quod
748 3552 1134 3596 commemorat
1184 3550 1373 3594 auctor
1412 3539 1817 3603 Prwdestinati,
1860 3554 2022 3610 quem

454 3635 622 3690 edidit
653 3632 887 3689 Iacobus
909 3632 1250 3696 Sirmondus,
1285 3632 1414 3686 baer.
1439 3646 1592 3694 XLIII,
1620 3630 2022 3698 Ampullianum

455 3727 742 3798 quemdam
780 3727 1095 3781 haereticum
1133 3724 1421 3793 Bithynum
1465 3724 1517 3777 in
1559 3738 1679 3778 eam
1728 3723 2022 3777 incurrisse

455 3820 727 3885 haeresim,
756 3836 777 3871 ι
807 3828 866 3874 ut
896 3818 1099 3874 diceret
1136 3833 1325 3874 omnes
1367 3816 1687 3871 criIninosos
1735 3829 1858 3868 cum
1902 3814 2021 3868 dia-

453 3912 577 3968 bolo
605 3921 662 3968 et
683 3910 964 3968 daemoniis
991 3925 1057 3966 eo
1082 3922 1252 3978 usque
1295 3907 1349 3962 in
1385 3908 1625 3975 gehenna
1656 3905 1903 3975 decoqui,
1932 3922 2023 3962 us-

455 4020 669 4078 quequo
694 4005 815 4075 purI
851 4002 1047 4059 redditi
1068 4001 1282 4070 possint
1314 3999 1438 4053 inde
1462 3999 1644 4052 mundi
1678 4009 1729 4053 et
1761 4000 2020 4052 immacu-

453 4096 545 4152 lati
576 4096 761 4167 egredi
782 4113 847 4161 ;u
878 4101 1208 4165 quapropter
1240 4105 1361 4146 cum
1389 4089 1693 4144 universam
1721 4087 2019 4143 Ecclesiam

452 4189 738 4243 adversum
768 4201 828 4241 se
865 4186 1267 4250 commovisset,
1285 4183 1510 4238 vitiatos
1541 4197 1572 4236 a
1606 4195 1665 4237 se
1692 4180 1855 4235 libros
1892 4179 2021 4236 Ori-

452 4278 625 4349 genis,
668 4284 731 4333 et
777 4291 871 4332 eos
913 4277 1184 4346 praecipue
1227 4276 1317 4345 qui
1366 4281 1493 4329 sunt
1538 4272 1678 4343 Περὶ
1714 4270 1915 4341 ἀρχῶν
1963 4272 2019 4325 in

451 4369 736 4425 sententia:
764 4383 875 4424 suae
918 4367 1221 4438 praesidium
1262 4365 1569 4434 protulisse.
1612 4364 1771 4419 Addit
1826 4363 2019 4418 deinde

2124 536 2251 581 sunt
2280 541 2294 578 :
2336 540 2453 594 qua:
2479 536 2605 580 ante
2639 525 2893 578 mundum
2934 524 3167 590 fuerint,
3201 525 3538 595 ignoramus;
3580 526 3697 581 fue-

2125 624 2254 669 runt
2279 630 2441 684 porro
2482 615 2721 684 quaedam
2766 624 2892 669 ante
2926 616 3203 669 mundum.
3229 614 3358 682 Quae
3386 626 3505 683 post
3534 632 3695 670 mun-

2126 711 2251 764 dum
2282 718 2531 763 secutura
2562 715 2709 774 sunt,
2739 709 2803 760 ad
2831 716 3037 761 certum
3061 722 3165 761 non
3194 708 3651 777 apprehendimus
3681 729 3694 765 :

2124 810 2285 854 erunt
2336 807 2517 852 autem
2567 797 2672 851 alia
2716 804 2837 867 post
2881 797 3160 852 mundum.
3198 815 3219 849 ι
3269 797 3405 852 Tum
3454 810 3692 869 postea:

2134 909 2153 942 ι
2188 891 2259 944 Ea
2290 906 2412 959 qua:
2443 898 2565 958 post
2594 898 2895 943 extremum
2947 889 3204 943 sacculum
3241 888 3421 943 futura
3462 900 3592 944 sunt
3642 891 3697 945 in

2125 982 2317 1036 saecula
2358 979 2704 1045 saeculorum,
2755 981 2878 1049 quis
2928 989 3107 1048 potest
3145 982 3454 1050 exponere?
3485 980 3695 1036 Garm-

2125 1074 2297 1128 lornm
2315 1083 2397 1129 est
2417 1074 2694 1127 hominum
2709 1073 2897 1127 borum
2914 1073 3158 1128 notitiam
3175 1073 3433 1142 polliceri,
3450 1075 3701 1129 nescien-

2127 1167 2257 1221 tium
2292 1166 2416 1234 quia
2447 1165 2609 1219 homo
2633 1178 2694 1218 ea
2730 1174 2937 1217 tantum
2964 1174 3141 1233 potest
3173 1179 3368 1233 capere
3387 1202 3402 1229 ,
3429 1180 3550 1235 qua:
3578 1178 3697 1218 me-

2119 1258 2209 1312 dia
2244 1267 2384 1319 sunt,
2409 1266 2464 1311 et
2493 1271 2556 1309 ea
2580 1270 2701 1324 qua:
2726 1267 2848 1324 post
2870 1257 3125 1310 mundum
3151 1271 3320 1325 usque
3342 1256 3409 1311 ad
3428 1271 3694 1312 consum-

2124 1351 2413 1405 mationem
2442 1350 2494 1403 in
2516 1349 2720 1416 judicio
2752 1360 2878 1404 sunt
2906 1351 3083 1402 futura
3113 1351 3178 1403 de
3205 1349 3401 1417 ptenis,
3429 1348 3498 1404 de
3525 1348 3697 1402 retri-

2122 1441 2361 1497 butione.
2415 1441 2483 1495 Et
2524 1442 2715 1496 borum
2763 1454 2983 1510 quoque
3022 1440 3191 1495 multa
3240 1440 3504 1496 absconsa
3570 1450 3701 1494 sunt

2125 1534 2303 1597 nobis,
2330 1542 2388 1585 ut
2416 1542 2637 1603 propter
2667 1535 2769 1588 hoc
2789 1533 3006 1601 quidem
3036 1534 3294 1601 scriptum
3324 1532 3395 1586 sit
3424 1550 3439 1587 :
3468 1530 3701 1585 Duabus

2123 1624 2362 1678 uelabant
2402 1625 2588 1692 [aciem
2626 1626 2693 1679 δ’.
2734 1644 2753 1678 ›
2798 1622 2952 1679 Unde
3001 1638 3088 1679 res
3130 1638 3223 1678 eas
3263 1632 3702 1692 pertractaturus

2125 1715 2216 1770 lib.
2243 1730 2257 1769 ι
2290 1716 2429 1784 Περὶ
2464 1715 2687 1786 ἀρχῶν,
2720 1731 2839 1786 cap.
2864 1718 2917 1780 6,
2946 1731 3097 1769 num.
3126 1716 3178 1780 1,
3208 1714 3309 1768 hac
3332 1715 3706 1770 obtestatione

2124 1807 2338 1863 lectoris
2369 1816 2605 1864 mentem
2649 1817 2883 1878 occupat
2917 1824 2933 1861 :
2973 1826 2992 1858 ι
3026 1808 3156 1874 Qua;
3204 1807 3421 1877 quidem
3464 1821 3497 1860 a
3540 1805 3705 1859 nobis

2123 1900 2289 1955 etiam
2315 1915 2439 1954 cum
2472 1915 2668 1971 magno
2694 1909 2841 1954 metu
2874 1908 2929 1955 et
2957 1898 3169 1954 cautela
3196 1899 3487 1963 dicuntur;
3518 1898 3707 1953 discu-

2124 1992 2384 2046 tientibus
2413 1991 2587 2060 magis
2613 2000 2668 2045 et
2701 1991 3158 2060 pertractantibus
3182 2028 3197 2055 ,
3226 2005 3385 2057 quam
3413 2004 3512 2058 pro
3544 2002 3707 2045 certo

2122 2098 2188 2138 ac
2225 2083 2443 2137 deﬁnito
2464 2083 2849 2138 statuentibus.
2878 2082 3177 2139 Indicatum
3207 2096 3440 2152 namque
3473 2095 3504 2134 a
3540 2080 3703 2134 nobis

2126 2176 2179 2230 in
2208 2175 2580 2245 superioribus
2603 2184 2705 2239 est,
2733 2190 2855 2246 quae
2902 2176 3014 2231 sint
3050 2176 3119 2230 de
3143 2174 3355 2249 .quibus
3407 2171 3705 2228 manifesto

2122 2273 2373 2341 dogmate
2399 2271 2797 2327 terminandum
2832 2271 2938 2335 sit,
2972 2271 3118 2341 quod
3143 2278 3198 2324 et
3219 2284 3317 2340 pro
3352 2250 3704 2323 viribus‘nes

2123 2361 2319 2419 fecisse
2363 2372 2491 2433 puto
2539 2378 2663 2418 cum
2702 2364 2772 2419 de
2810 2362 3081 2418 Trinitate
3129 2361 3495 2431 loqueremur.
3545 2358 3706 2413 Nunc

2129 2465 2307 2510 autem
2331 2453 2639 2525 disputandi
2687 2452 2869 2522 specie
2920 2453 3128 2525 magis.
3173 2467 3332 2521 quam
3383 2451 3703 2515 deﬁniendi,

2123 2555 2285 2616 prout
2310 2560 2631 2614 possumus,
2664 2560 3008 2601 exercemur.
3046 2562 3065 2595 ι
3100 2544 3275 2612 Atque
3305 2544 3406 2597 bac
3445 2542 3704 2596 admoni—

2127 2639 2271 2693 tione
2293 2637 2670 2705 przemunitam
2714 2636 3152 2691 dissertationem
3193 2634 3362 2689 altera
3403 2636 3508 2689 hac
3552 2635 3705 2688 exci-

2124 2728 2223 2797 pit,
2277 2727 2430 2781 initio
2474 2727 2665 2795 capitis
2709 2727 2985 2797 sequentis
3027 2743 3042 2778 :
3092 2744 3114 2778 ι
3158 2725 3281 2782 Haec
3313 2724 3536 2795 quidem
3574 2740 3704 2795 qua:

2125 2819 2379 2889 superius
2416 2817 2789 2883 disseruimus,
2832 2814 3071 2887 generali
3115 2816 3274 2871 nobis
3314 2829 3569 2869 sermone
3618 2814 3707 2870 di-

2128 2918 2278 2979 gesta
2303 2908 2432 2973 sint,
2467 2922 2565 2977 per
2598 2908 3048 2977 consequentiam
3090 2906 3262 2975 magis
3301 2906 3701 2969 intellectunm,

2126 3018 2285 3073 quam
2337 3002 2560 3057 deﬁnito
2597 3004 2845 3072 dogmate
2885 3012 3210 3071 pertractata
3256 3012 3417 3071 atque
3447 3002 3702 3057 discussa

2050 3123 2094 3181 ο
2127 3097 2193 3150 de
2243 3095 2651 3150 rationabilibus
2689 3096 2924 3154 naturis.
2978 3102 3099 3163 post
3148 3109 3272 3149 eum
3320 3094 3506 3148 locum
3537 3109 3701 3161 quem

2125 3185 2194 3240 de
2222 3184 2402 3250 Patre,
2457 3193 2513 3240 et
2546 3184 2719 3251 Filio,
2750 3196 2806 3240 et
2846 3186 3052 3256 Spiritu
3107 3192 3296 3241 sancto
3341 3199 3440 3255 pro
3497 3184 3706 3240 nostris

2124 3276 2334 3332 viribus
2359 3276 2725 3347 exposuimus.
2767 3276 2919 3333 Nunc
2958 3292 3085 3347 ergo
3128 3277 3410 3331 videamus
3435 3292 3562 3345 qua:
3592 3278 3707 3330 sint

2124 3368 2193 3423 de
2215 3368 2411 3437 quibus
2449 3369 2719 3423 disserere
2755 3370 2808 3424 In
2837 3369 3292 3438 consequentibus
3325 3368 3591 3423 convenit
3626 3383 3708 3423 se

2124 3457 2360 3512 cundum
2407 3458 2597 3526 dogma
2644 3467 2912 3522 nostrum,
2947 3454 3002 3514 i'd
3044 3469 3148 3526 est,
3186 3460 3484 3514 secundum
3520 3459 3708 3515 Eccle-

2121 3548 2217 3603 sia:
2236 3547 2417 3606 Iidem.
2442 3567 2461 3600 ι
2482 3548 2652 3619 Magis
2672 3550 2835 3604 etiam
2853 3549 3073 3605 ﬂuctuat
3092 3560 3220 3606 tom.
3237 3565 3407 3604 xxvuI
3423 3552 3479 3603 in
3500 3548 3704 3615 Joan.,

2124 3656 2274 3694 num.
2306 3639 2628 3710 7,qua2rens
2669 3656 2735 3695 an
2781 3641 3071 3711 aliquando
3124 3643 3351 3698 vinculis
3400 3643 3708 3697 solvendus

2120 3731 2223 3794 sit,
2249 3744 2450 3796 necne,
2483 3732 2645 3787 homo
2683 3732 2771 3787 ille
2823 3734 3128 3803 impudens,
3185 3734 3279 3804 qui
3327 3749 3451 3789 cum
3496 3734 3708 3804 absque

2121 3823 2349 3893 nuptiali
2386 3834 2537 3880 veste
2566 3826 2632 3878 ad
2666 3826 2972 3881 convivium
3007 3826 3363 3893 accessisset,
3410 3828 3557 3882 mitti
3588 3827 3707 3894 jus-

2120 3927 2214 3966 sus
2242 3922 2325 3968 est
2369 3913 2423 3968 in
2469 3914 2723 3970 leaebras
2760 3915 3083 3982 exteriores,
3131 3916 3311 3983 ligatis
3354 3917 3705 3987 pedibusque

2121 4005 2472 4076 manibusque
2517 4023 2532 4059 :
2584 4007 2658 4061 Οὐ
2686 4007 2794 4076 γὰρ
2835 4006 3176 4079 ἐμφαίνεται,
3213 4006 3421 4075 inquit,
3448 4006 3525 4061 τὰ
3572 4008 3705 4079 περὶ

2119 4097 2429 4161 ἀπολύσεως
2488 4098 2749 4169 ἐσομένης
2795 4100 3152 4171 γεγραμμένα
3204 4099 3333 4171 περὶ
3377 4099 3549 4154 αὐτοῦ
3568 4118 3586 4133 ·
3639 4100 3705 4153 οὐ

2117 4189 2266 4242 δοκεῖ
2301 4189 2360 4242 δέ
2410 4207 2501 4258 μοι
2545 4191 2784 4260 ἀσφαλὲς
2813 4187 2950 4245 εἶναι
2995 4191 3069 4263 μὴ
3094 4191 3471 4245 καταλαϐόντα
3512 4195 3707 4247 6mm—

2117 4280 2264 4347 τοῦν,
2299 4280 2531 4353 μάλιστα
2558 4281 2636 4353 τῷ
2663 4283 2737 4354 μὴ
2765 4283 3073 4356 γεγράφθαι
3104 4284 3232 4355 περὶ
3264 4283 3451 4350 αὐτοῦ,
3480 4286 3706 4357 dat-aqq-

2119 4370 2342 4425 νασθαι·
2391 4384 2446 4428 et
2480 4373 2573 4429 lib.
2612 4390 2732 4441 vtII,
2764 4376 2818 4429 in
2858 4375 3029 4444 Epist.
3065 4379 3133 4429 ad
3172 4373 3352 4440 Rom.,
3400 4392 3557 4432 num.
3612 4378 3703 4442 13,

453 4459 618 4516 libelli
654 4470 886 4516 auctor:
927 4477 947 4512 ι
980 4458 1088 4514 Sed
1116 4459 1205 4526 qui
1251 4457 1369 4512 sani
1412 4471 1605 4512 sensus
1628 4466 1739 4519 est,
1778 4464 1830 4508 et
1859 4455 2021 4508 habet
2051 4453 2095 4506 1)
2123 4478 2244 4534 pag,
2282 4464 2384 4518 6ιο
2422 4480 2436 4516 ε
2485 4484 2504 4517 ι
2537 4466 2734 4521 Verum
2771 4466 2827 4520 in
2873 4467 2977 4522 hac
3025 4468 3138 4536 ipsa
3184 4469 3535 4537 purgatione,
3582 4487 3704 4541 qua

454 4552 759 4622 splendidus
787 4552 991 4615 oculos,
1030 4550 1111 4605 sic
1134 4548 1280 4603 videt
1308 4548 1488 4604 addita
1514 4548 1565 4603 in
1589 4546 1837 4616 Origenis
1882 4561 2018 4616 upu-

454 4645 618 4700 sculis
645 4644 784 4699 mala
808 4645 932 4709 ista,
957 4653 1116 4712 atque
1143 4641 1435 4711 cognoscit,
1456 4640 1593 4695 sicut
1624 4639 1669 4694 si
1703 4640 1754 4692 in
1784 4637 2020 4708 stragulo

455 4730 712 4791 coccineo
745 4750 953 4804 pannos
983 4734 1168 4797 albos,
1202 4742 1295 4787 aut
1332 4731 1591 4802 cujusque
1614 4730 1840 4785 alterius
1868 4729 2016 4784 colo-

454 4830 532 4883 ris
565 4837 752 4884 cernat
780 4827 1017 4883 adsutos.
1056 4846 1076 4880 ι
1118 4825 1285 4881 Νιιηο
1328 4840 1449 4895 quas
1483 4839 1581 4894 pro
1616 4837 1675 4877 se
1728 4823 1842 4891 ipse
1882 4820 2019 4874 Ada-

452 4923 692 4977 mantius
738 4923 1075 4992 suppeditat,
1102 4919 1437 4989 colligamus.
1486 4916 1730 4971 Primum
1755 4912 1947 4969 'bomil.
1983 4912 2017 4966 8

454 5014 510 5066 in
538 5012 722 5076 Levit.,
757 5014 985 5078 num.’5,
1020 5026 1140 5068 esse
1168 5011 1241 5065 ait
1269 5019 1487 5081 peccata
1522 5008 1767 5079 quaedam
1790 5046 1807 5071 ,
1846 5024 1864 5058 I
1898 5019 2017 5080 qua:

457 5116 581 5173 post
606 5104 747 5158 hanc
791 5106 953 5158 vitam
1002 5106 1282 5160 nobiscum
1329 5110 1639 5164 transeunt,
1691 5110 1746 5155 et
1794 5111 1914 5152 esse
1962 5099 2047 5151 in.

460 5195 589 5261 ipsis
615 5193 856 5260 quaedam
886 5195 956 5247 ita
982 5195 1266 5249 animabus
1292 5193 1475 5256 inIixa,
1505 5199 1565 5244 ut
1597 5185 2017 5259 nequeantabo-

458 5285 574 5340 leri.
609 5304 629 5338 ι
664 5283 891 5339 Homilia
918 5285 951 5338 4
978 5286 1033 5337 in
1054 5284 1275 5348 Isaiam,
1308 5299 1454 5338 num.
1487 5283 1538 5347 1,
1562 5280 1755 5336 nesciri
1782 5293 2020 5347 pronun-

2122 4571 2218 4626 per
2270 4571 2487 4626 poenam
2544 4557 2684 4624 ignis
2715 4558 3037 4623 adhibetur,
3065 4560 3280 4628 quantis
3327 4564 3700 4627 temporibus,

2122 4648 2445 4718 quantisque
2491 4649 2704 4704 saeculis
2736 4650 2802 4705 de
2843 4652 3218 4720 peccatoribus
3263 4651 3522 4721 exigatur
3569 4670 3700 4709 crn-

2122 4740 2325 4807 ciatus,
2360 4739 2505 4797 solus
2534 4742 2674 4796 scire
2699 4751 2874 4812 potest
2900 4743 2986 4800 ille
3024 4743 3110 4799 cui
3149 4742 3311 4800 Pater
3344 4758 3516 4800 omne
3552 4745 3699 4816 judi-

2120 4832 2262 4886 cium
2286 4832 2504 4887 tradidit
2527 4832 2594 4889 ⁸³.
2630 4853 2649 4884 ι

2192 4922 2344 4980 Facit
2368 4932 2423 4979 et
2442 4924 2579 4980 illud
2619 4940 2716 4994 pro
2745 4925 2982 4996 Origene
3011 4929 3151 4997 quod
3183 4928 3275 4984 lib.
3312 4944 3368 4984 III
3404 4931 3553 5001 Περὶ
3597 4932 3697 4999 ἀρ-

2124 5013 2267 5085 χῶν,
2294 5031 2413 5085 cap.
2437 5016 2491 5081 6,
2520 5017 2718 5089 legitur
2746 5037 2760 5074 :
2801 5034 2923 5075 cum
2946 5023 3091 5076 enim
3116 5020 3293 5075 tandiu
3325 5021 3494 5076 Deum
3523 5026 3696 5078 dixis-

2123 5118 2206 5161 set
2256 5106 2495 5162 l‘uturum
2534 5112 2723 5164 omnia
2778 5111 2829 5165 in
2878 5111 3163 5176 omnibus,
3210 5114 3451 5180 quaudiu
3495 5116 3695 5168 anima:

2123 5197 2327 5266 absque
2353 5198 2457 5252 ulla
2491 5201 2728 5255 materia:
2750 5203 3047 5269 corporalis
3088 5202 3409 5263 admistione
3432 5217 3694 5271 perseve-

2123 5294 2351 5350 rassent,
2383 5286 2533 5342 addit
2553 5286 2765 5343 demum
2794 5306 2941 5345 num.
2965 5290 2997 5345 6
3022 5308 3050 5368 τ’
3083 5309 3102 5343 ι
3131 5290 3185 5346 In
3211 5306 3318 5363 quo
3340 5300 3483 5347 statu
3522 5295 3692 5347 etiam

456 5377 574 5441 tiat,
607 5391 724 5445 quae
746 5385 863 5445 post
889 5376 1142 5430 mundum
1167 5374 1557 5429 eventurasint
1588 5391 1601 5426 :
1634 5389 1654 5423 ι
1683 5369 2014 5433 Novissima,
2114 5391 2431 5444 permanere
2471 5392 2684 5449 semper
2714 5390 2771 5436 et
2818 5382 3226 5439 immutabiliter
3273 5383 3554 5439 Creatoris
3596 5400 3693 5439 το.

454 5467 653 5534 inquit,
678 5476 736 5521 ut
766 5475 913 5531 sunt,
959 5480 1064 5519 non
1101 5464 1283 5519 valent
1320 5464 1587 5519 enarrari.
1630 5462 1761 5525 Quis
1799 5475 2013 5514 annun-

454 5556 602 5609 tiavit
631 5557 693 5609 de
728 5556 1056 5610 novissimis?
1083 5555 1459 5626 aitScriptura
1490 5556 1560 5609 ³¹.
1594 5554 1722 5620 Quae
1763 5551 2012 5608 videmus

2115 5463 2324 5521 Inntate
2348 5476 2430 5521 est
2456 5469 2806 5538 credendum,
2855 5472 3011 5527 ﬁdem
3060 5474 3137 5528 rei
3182 5473 3414 5528 faciente
3462 5488 3691 5528 senten-

2118 5555 2193 5611 tia
2220 5556 2460 5629 Apostoli
2487 5559 2721 5619 dicentis
2746 5561 2791 5596 “
2826 5587 2840 5620 -.
2882 5563 3108 5620 Domum
3135 5566 3384 5621 habemus
3429 5583 3534 5621 non
3573 5582 3681 5619 αα»

519 5739 563 5769 ⁸⁸
605 5738 705 5794 Isa.
739 5754 847 5806 ιιι,
879 5741 970 5796 26.
1045 5743 1088 5774 ³³
1136 5741 1232 5798 Isa.
1270 5757 1345 5809 v1,
1383 5740 1434 5797 2.
1514 5741 1558 5775 ⁸³
1588 5740 1743 5799 Joau.
1791 5757 1840 5808 v,
1872 5742 1960 5801 ‘22.

2124 5739 2159 5796 II
2196 5739 2320 5799 Cor.
2349 5756 2400 5810 v,
2436 5741 2486 5798 I.
