3834 6226
189 305 327 361 «οῖς-⁸

1005 291 1578 352 ORIGENIANORUM
1616 289 1746 347 [ΑΒ.
1787 289 1852 353 li,
1894 285 2045 339 CAP.
2090 282 2156 351 ll,
2195 281 2474 349 QUzES'l‘.
2523 283 2615 336 X-l.

3298 283 3436 336 1058

183 424 471 492 uarat-tam,
504 429 751 472 aeternam
771 415 827 467 in
853 414 1014 468 caelis.
1054 432 1072 464 ι
1105 413 1218 466 Nisi
1242 414 1364 466 haec
1393 411 1528 465 forte
1561 411 1627 465 de
1657 423 1755 463 suo
1786 413 1831 468 Α
1861 404 1969 458 lum
2006 403 2255 473 pessimae
2284 413 2404 455 esse
2433 408 2662 462 naturae.
2697 408 2752 454 et
2779 413 2898 469 quae
2925 397 3122 453 salvari
3158 414 3430 468 nunquam

183 514 404 568 Ruﬁnus
433 513 696 579 interpres
728 508 981 562 attexuit.
1012 506 1078 560 Et
1107 506 1159 559 id
1203 505 1500 560 subsidium
1529 517 1744 573 quoque

183 615 395 673 praestat
425 602 762 663 Adamantio,
795 600 938 669 quod
969 599 1227 667 scriptum
1268 605 1350 651 est
1380 605 1538 650 tract.
1583 609 1746 648 xxxiv

182 701 237 752 in
269 695 486 758 Matth"
518 709 665 748 num.
712 693 799 757 72,
829 707 882 761 p.
913 690 1019 745 889
1062 709 1075 743 :
1126 708 1144 741 ι
1179 689 1368 742 Nullus
1415 688 1557 742 enim
1609 687 1749 756 ignis

183 791 319 849 inter
343 787 585 846 homines
609 793 690 840 est
713 793 970 848 aeternus,
999 785 1090 837 sed
1133 797 1232 835 nec
1274 780 1422 834 inulti
1457 780 1745 847 temporis;

184 879 539 949 exstinguitur
593 878 736 931 enim
781 876 912 930 cito.
961 875 1214 930 IEternus
1263 883 1442 926 autem
1492 872 1630 942 ignis
1670 882 1752 925 est

184 972 288 1034 ille,
324 971 389 1024 de
413 985 519 1040 quo
544 977 597 1024 et
616 968 784 1023 Isaias
813 968 941 1021 dicit
988 968 1040 1020 in
1082 966 1187 1020 ﬁne
1234 965 1531 1032 prOphetiae
1579 977 1691 1016 suae
1733 976 1749 1014 :

191 1060 388 1116 Verania
413 1075 593 1114 eorum
634 1076 738 1113 non
770 1060 1045 1120 morietur,
1080 1070 1122 1110 et
1152 1057 1287 1124 ignis
1311 1071 1488 1108 eorum
1533 1071 1634 1107 non
1663 1069 1755 1106 er-

182 1155 473 1222 atinguetur
497 1151 582 1217 ⁸⁵;
617 1168 636 1202 ι
675 1158 730 1203 et
756 1148 899 1218 quod
928 1147 1115 1201 homil.
1150 1146 1219 1200 55
1243 1147 1298 1199 in
1326 1144 1455 1199 Luc.
1486 1163 1503 1201 :
1543 1162 1562 1194 ι
1599 1143 1756 1210 Quod

185 1248 228 1303 si
263 1259 508 1315 magnam
562 1243 850 1313 pecuniam
903 1238 1272 1303 debuerimus,
1320 1238 1460 1292 sicut
1534 1235 1621 1291 ille
1666 1236 1755 1304 qui

187 1337 446 1394 scribitur
506 1335 692 1389 decem
737 1325 902 1386 millia
947 1329 1146 1384 talenta
1209 1329 1493 1393 debuisse,
1557 1336 1759 1396 quanto

189 1439 426 1496 tempore
455 1427 772 1482 claudamur
791 1423 842 1476 in
867 1436 1109 1486 carcere,
1135 1421 1305 1475 donec
1356 1418 1641 1472 reddamus
1667 1417 1762 1470 de-

186 1521 378 1584 bitum,
401 1534 506 1573 non
538 1531 758 1586 possum
793 1513 1081 1568 manifeste
1125 1510 1493 1581 pronuntiare.
1525 1507 1581 1562 Si
1617 1508 1760 1561 enim

187 1610 276 1680 qui
310 1624 502 1679 parum
530 1609 708 1672 debet,
737 1620 845 1660 non
869 1604 1181 1675 egredietur
1231 1602 1333 1654 nisi
1384 1599 1623 1654 exsolvat
1659 1598 1762 1650 mi-

188 1714 376 1758 nutum
402 1703 791 1772 quadrantem;
826 1699 1018 1769 utique
1057 1697 1150 1767 qui
1205 1706 1354 1750 tanto
1389 1694 1570 1749 debito
1601 1694 1765 1747 fuerit

1851 495 2053 565 possit;
2111 502 2300 546 contra
2346 493 2448 546 hoc
2499 499 2647 546 recte
2693 490 2955 559 Origenes
3006 490 3282 559 respondit
3329 507 3430 545 nor

1851 601 1974 641 eum
2019 585 2274 655 periturae
2323 597 2445 639 esse
2496 582 2846 647 substantiae,
2881 585 2973 636 sed
3017 582 3291 636 voluntate
3317 598 3442 650 pro.

1852 678 1970 748 pria
1997 677 2289 739 corruisse,
2313 685 2367 730 et
2394 688 2555 745 posse
2593 672 2813 728 salvari.
2864 673 2977 727 Hoc
3001 674 3274 730 Candidus
3312 690 3436 729 ver-

1858 770 1923 824 tit
1961 770 2015 823 in
2063 768 2420 833 calumniam,
2479 767 2636 836 quasi
2683 765 2942 836 Origenes
3007 768 3202 822 dixerit
3240 769 3435 822 diaboli

1857 871 2108 915 naturam
2146 875 2266 915 esse
2297 861 2635 915 salvandam.
2671 859 2826 926 Quod
2858 857 2948 913 ille
2973 858 3110 914 falso
3138 860 3438 929 obiecerat,

1859 955 1948 1009 hic
1980 952 2196 1008 refutat.
2245 972 2264 1005 ι

1933 1066 2102 1123 XXV.
2149 1066 2351 1137 Nempe
2394 1067 2555 1124 rebus
2613 1068 2683 1123 ab
2752 1067 2996 1123 Ecclesia
3049 1069 3283 1122 nondum
3335 1068 3442 1122 hoc

1865 1167 2107 1229 tempore
2157 1159 2394 1214 deﬁnitis
2442 1160 2592 1214 varia
2639 1161 2821 1215 animo
2872 1160 3101 1230 agitavit
3151 1159 3445 1229 Origenes,

1862 1252 2009 1320 quod
2043 1259 2097 1305 et
2130 1252 2198 1305 ab
2226 1251 2347 1305 aliis
2383 1252 2608 1308 subinde
2649 1250 2904 1307 Patribus
2950 1252 3154 1306 factum
3185 1251 3447 1307 observa-

1868 1359 2008 1396 mus.
2039 1343 2282 1397 Justinus
2310 1341 2515 1414 Marlyr
2551 1344 2601 1398 in
2647 1344 2870 1413 Dialogo
2899 1361 3014 1397 cum
3043 1343 3320 1414 Tryphone
3351 1345 3448 1399 de-

1873 1435 2112 1490 crevisse
2159 1435 2369 1489 vidctur
2403 1451 2594 1503 pinnas
2645 1435 3024 1490 damnatorum
3077 1452 3172 1506 per
3221 1446 3449 1490 mortem

1872 1528 2174 1582 animarum
2222 1543 2342 1582 esse
2365 1527 2633 1583 ﬁniendas
2663 1547 2676 1583 ε
2723 1527 2883 1582 Ἀλλὰ
2918 1530 3014 1600 μὲν
3049 1529 3168 1583 οὐδὲ
3211 1528 3450 1599 ἀποθνή-

1873 1636 2022 1672 σκειν
2054 1621 2196 1690 φημὶ
2223 1619 2402 1682 πάσας
2425 1618 2521 1683 τὰς
2557 1619 2733 1690 ψυχὰς
2765 1619 2901 1688 ἐγώ·
2954 1620 3184 1691 ἕρμαιον
3223 1620 3330 1690 γὰρ
3384 1615 3453 1690 ἦν

1873 1711 1947 1772 ὡς
1979 1708 2191 1778 ἀληθῶς
2214 1712 2324 1773 τοῖς
2353 1711 2561 1772 κακοῖς.
2598 1709 2757 1764 ἈλΧὰ
2786 1711 2839 1763 τί
2864 1728 2877 1776 ;
2905 1711 3002 1775 τὰς
3038 1713 3134 1781 μὲν
3168 1711 3275 1763 τῶν
3306 1711 3455 1762 εὐσε-

189 1796 478 1861 obnoxius,
512 1794 722 1848 inﬁnita
751 1792 803 1847 ei
831 1792 899 1845 ad
933 1790 1263 1845 reddendum
1295 1787 1533 1841 debitum
1571 1786 1766 1840 saacula

1889 1800 1980 1853 ἰῶν
2013 1802 2068 1853 ὲν
2109 1801 2377 1871 κρείττονι
2411 1819 2501 1853 ποι
2536 1802 2696 1873 χώρῳ
2747 1803 2950 1873 μένειν,
2991 1803 3090 1867 τὰς
3137 1803 3192 1855 δὲ
3237 1803 3454 1866 ἀδίκους

193 1889 644 1942 numerabuntur.
681 1904 700 1937 ι
742 1884 881 1950 Quin
932 1883 1097 1936 etiam
1151 1891 1356 1934 certam
1382 1878 1672 1947 aliquando
1717 1887 1772 1931 et

191 1977 584 2032 immutabilem
627 1973 940 2029 felicitatem
992 1971 1231 2024 futuram
1277 1971 1528 2023 concedit
1573 1968 1665 2021 lib.
1721 1983 1773 2022 tv

191 2071 331 2139 Περὶ
367 2069 589 2138 ἀρχῶν,
641 2080 789 2122 num.
823 2063 895 2118 24
930 2079 944 2114 :
1006 2081 1027 2113 ί
1068 2061 1173 2116 Sed
1229 2071 1284 2115 et
1330 2061 1774 2116 comminationcs

193 2165 384 2235 posita:
408 2171 533 2218 sunt
560 2161 644 2216 his
675 2159 766 2229 qui
802 2156 1144 2227 praevaricati
1180 2155 1378 2210 fuerint
1405 2155 1611 2224 legem;
1650 2168 1775 2206 nec-

195 2271 302 2311 non
343 2265 398 2310 et
452 2255 537 2310 his
588 2253 680 2324 qui
739 2249 1125 2322 puriﬁcatione
1170 2248 1520 2317 indigebant,
1565 2247 1775 2301 diversa

194 2347 634 2418 puriﬁcationmn
666 2358 888 2414 genera,
926 2341 1080 2395 velut
1109 2339 1201 2409 qui
1238 2338 1570 2409 frequentius
1595 2347 1778 2393 essent

195 2439 465 2510 polluendi
499 2438 826 2501 traduntur;
861 2443 918 2487 ut
951 2449 1047 2502 per
1088 2431 1202 2485 haec
1236 2431 1450 2485 tandem
1507 2431 1572 2484 ad
1630 2430 1776 2485 illam

197 2545 359 2585 unam
415 2529 846 2600 purificationem
901 2527 1151 2590 veniant,
1216 2531 1341 2591 post
1402 2538 1563 2591 quam
1613 2521 1777 2592 pollui

196 2624 341 2676 ultra
395 2637 501 2675 non
555 2621 699 2674 licet.
739 2639 758 2671 ι
814 2619 878 2674 Et
927 2615 1116 2671 homil.
1164 2613 1232 2668 l8
1278 2615 1332 2666 in
1383 2612 1578 2667 Je‘rem.
1626 2628 1778 2677 xvm,

197 2731 349 2770 Itum.
388 2714 440 2780 l,
473 2728 596 2782 pag.
635 2712 761 2774 241,
807 2713 872 2764 ad
910 2707 1346 2762 emendationem
1389 2713 1507 2773 past
1555 2713 1778 2756 mortem

198 2805 516 2876 neutiquam
560 2803 832 2870 suscipere
872 2799 1117 2853 homines
1168 2797 1408 2850 decernit
1457 2813 1470 2848 :
1529 2793 1692 2846 Ἐπὰν
1724 2793 1781 2844 δὲ

201 2895 462 2969 μετὰ-τὸν
490 2894 760 2948 ἐνεστῶτα
780 2891 952 2945 αἰῶνα
983 2891 1206 2960 ἥκωμεν
1230 2887 1366 2958 πρὸς
1405 2886 1485 2956 τῷ
1517 2885 1658 2938 τέλει
1693 2901 1784 2935 νε-

198 2989 417 3058 νόμενοι
440 2986 540 3055 τῆς
571 2983 739 3055 ζωῆς,
771 2982 959 3035 ἔπειτα
987 2978 1327 3050 πυρωθέντες
1353 3019 1366 3040 ,
1403 2978 1520 3047 ἤτοι
1563 2975 1665 3027 ὑπὸ
1688 2971 1782 3025 τοῦ

199 3081 375 3153 πυρὸς
403 3078 511 3132 τῶν
532 3075 940 3148 πεπυρωμένων
967 3073 1062 3127 τοῦ
1089 3071 1323 3142 πονηροῦ
1348 3061 1515 3138 βελῶν
1533 3067 1784 3137 γενέσθαι

198 3171 486 3228 ὁτιποτοῦν
523 3169 820 3240 γινώμεθα.
876 3168 946 3220 Ἣ
987 3165 1091 3220 ὑπὸ
1118 3164 1210 3217 τοῦ
1257 3163 1403 3216 θείου
1435 3161 1627 3232 πυρὸς,
1663 3161 1786 3213 ἐπεὶ

203 3266 300 3318 καὶ
328 3267 357 3317 ὁ
381 3262 512 3326 Θεὸς
539 3262 695 3333 ἡμῶν
724 3259 835 3331 πῦρ
859 3258 1252 3312 καταναλίσκον
1283 3256 1430 3308 ἐστὶν
1451 3295 1465 3320 ,
1502 3255 1596 3307 ἐὰν
1617 3252 1787 3322 γενώ-

207 3358 349 3429 μεθα
370 3397 384 3421 ,
418 3358 595 3430 φημὶ,
641 3354 746 3409 ὑπὸ
791 3353 995 3406 τοιοῦδε
1021 3354 1053 3423 ἢ
1084 3351 1286 3405 τοιοῦδε
1340 3349 1509 3422 πυρὸς
1530 3389 1544 3412 ,
1585 3334 1788 3403 ὃτιποτ’

205 3453 274 3506 ἂν
314 3449 598 3521 γενώμεθα
633 3448 727 3501 ἐὰν
775 3444 1167 3515 συντριϐῶμεν,
1205 3443 1313 3495 εἴτε
1360 3442 1468 3495 ἀπὸ
1502 3441 1596 3494 τοῦ
1650 3439 1791 3493 καλὰ

207 3545 378 3617 σκεύη
409 3543 687 3612 γεγονέναι
722 3541 803 3602 είς
833 3538 1125 3608 σωτηρίαν,
1156 3536 1266 3589 εἴτε
1315 3536 1422 3588 ἀπὸ
1451 3535 1543 3587 τοῦ
1592 3535 1792 3605 μοχθη-

207 3639 280 3711 ρὰ
306 3637 474 3706 σκεύη
507 3635 787 3704 γεγονέναι
816 3633 895 3695 είς
925 3630 1222 3691 ἀπώλειαν,
1243 3629 1342 3680 οὐκ
1366 3625 1790 3696 ἀνακτιζὸμεθα,

205 3733 330 3786 οὐδὲ
365 3728 666 3798 ἐπιδέχεται
693 3725 848 3796 ἡμῶν
873 3727 907 3795 ἡ
929 3722 1240 3792 κατασκευὴ
1282 3720 1580 3791 βελτίωσιν.

284 3821 479 3879 XXIV.
512 3808 603 3877 Uti
640 3833 929 3888 possumus
978 3823 1240 3885 praeterea
1290 3812 1356 3866 ad
1404 3811 1658 3864 tuendum
1702 3809 1796 3862 ali-

207 3930 319 3986 qua
358 3930 423 3970 ex
471 3921 622 3984 parte
658 3909 950 3977 Origenem
1008 3904 1316 3962 testimonio
1357 3903 1588 3973 quodam
1621 3942 1636 3965 ,
1689 3915 1796 3969 quo

211 4006 488 4064 damnatis
510 4004 728 4075 quidem
761 4002 966 4056 aditum
1007 3999 1072 4053 ad
1098 3997 1411 4052 beatitatem
1458 3992 1786 4064 patefactum

208 4098 505 4168 aliquando
542 4095 605 4150 iri
642 4093 862 4156 statuit,
907 4089 1121 4146 diabolo
1156 4096 1333 4142 autem
1375 4088 1587 4156 penitus
1626 4084 1796 4136 inter-

209 4191 442 4246 clusum.
493 4185 735 4240 llabetur
770 4182 904 4237 illud
937 4179 1030 4234 lib.
1063 4193 1156 4233 vnt
1192 4177 1251 4230 in
1296 4175 1465 4244 Epist.
1500 4173 1568 4227 ad
1617 4172 1795 4237 Rom.,

212 4297 366 4336 num.
390 4279 447 4340 9.
480 4293 602 4347 pag.
652 4274 777 4340 654,
830 4274 1014 4342 ibique
1055 4268 1292 4326 Luciferi
1340 4283 1522 4323 casum
1575 4283 1606 4321 a
1645 4267 1797 4337 lapsu

211 4372 584 4429 lsraelitarum
641 4365 865 4422 differre
917 4371 1194 4419 asseverat
1236 4378 1251 4415 :
1307 4379 1325 4412 ι
1368 4359 1586 4413 Illorum
1629 4359 1797 4422 enim,

1875 1894 1966 1946 καὶ
1995 1891 2235 1963 πονηρὰς
2269 1893 2325 1943 ὲν
2360 1891 2581 1962 χείρονι,
2622 1893 2714 1945 τὸν
2750 1888 2849 1963 τῆς
2888 1895 3121 1965 κρίσεως
3159 1893 3452 1964 ἐκδεχομέ-

1881 2003 1977 2048 νας
1997 1985 2186 2054 χρόνον
2219 1984 2374 2035 τότεο
2411 1983 2582 2047 οὕτως
2616 1985 2671 2036 αἱ
2725 1986 2821 2055 μὲν
2852 1985 3000 2050 ἄξιαι
3045 1983 3136 2037 τοῦ
3167 1984 3300 2037 Θεοῦ
3350 2002 3455 2054 φα-

1875 2080 2068 2140 νεῖσαι,
2100 2077 2201 2128 οὐκ
2243 2075 2679 2146 ἀποθνήσκουσιν
2723 2076 2821 2140 ἔτι,
2852 2077 2909 2128 αἱ
2950 2076 3006 2128 δὲ
3050 2076 3364 2141 κολάζονται
3398 2076 3456 2140 ες

1875 2169 1920 2220 τ’
1952 2166 2020 2219 ἂν
2060 2165 2227 2230 αὐτὰς
2257 2166 2349 2218 καὶ
2395 2161 2530 2217 εἶναι
2576 2165 2670 2218 καὶ
2713 2164 3038 2230 κολάξεσθαι
3075 2167 3103 2217 ὁ
3141 2166 3271 2230 Θεὸς
3301 2167 3452 2240 θέλῃ.

1883 2277 1900 2309 ι
1932 2259 2128 2311 Verum
2160 2257 2435 2311 enimvero
2459 2272 2635 2326 neque
2659 2259 2800 2313 mori
2830 2260 2952 2314 dico
2975 2260 3186 2314 animas
3216 2275 3407 2314 omnes
3437 2276 3456 2315 :

1881 2363 2067 2404 revera
2125 2349 2269 2402 enim
2323 2350 2482 2404 malis
2527 2350 2824 2419 optandum
2868 2352 2920 2404 id
2975 2359 3030 2405 et
3089 2358 3457 2419 Opportunum

1879 2452 2044 2496 esset.
2097 2440 2233 2507 Quid
2264 2441 2429 2510 ergo?
2458 2443 2670 2510 piorum
2707 2442 2926 2511 quidem
2977 2442 3030 2496 in
3079 2441 3287 2496 meliori
3340 2440 3460 2495 loco

1882 2549 2121 2598 manere,
2177 2535 2394 2603 iniquas
2421 2545 2601 2588 autem
2631 2543 2688 2590 et
2734 2535 2906 2590 malas
2954 2536 3005 2590 in
3036 2533 3232 2605 pejori,
3260 2532 3455 2600 judicii

1885 2635 2097 2694 tempus
2138 2636 2536 2696 exspectantes.
2588 2627 2768 2692 Atque
2823 2627 2895 2680 ita
2948 2642 3068 2696 qua:
3116 2626 3290 2695 digna:
3347 2623 3460 2678 Deo

1883 2718 2252 2786 apparuerint,
2290 2734 2392 2773 non
2429 2718 2738 2772 moriuntur
2766 2717 3019 2787 amplius,
3050 2718 3153 2772 illa:
3196 2734 3324 2772 vero
3354 2734 3460 2788 pu-

1884 2804 2128 2867 niuntur,
2178 2805 2415 2874 quandiu
2464 2820 2558 2860 eas
2593 2814 2648 2859 et
2691 2819 2814 2861 esse
2865 2815 2919 2861 et
2957 2806 3132 2875 puniri
3189 2805 3334 2861 Deus
3363 2822 3462 2862 vo-

1884 2897 2062 2950 luerit.
2099 2915 2117 2948 ι
2156 2897 2413 2952 Eamdem
2445 2897 2639 2968 arripit
2669 2896 2970 2952 doctrinam
2995 2897 3232 2952 lrenaeus
3264 2897 3361 2952 lib.
3396 2909 3458 2966 tr,

1887 3004 2006 3056 cap.
2035 2989 2125 3054 6i,
2161 2990 2249 3043 ubi
2282 2991 2494 3046 animas
2541 3005 2648 3045 non
2699 3002 2859 3044 secus
2892 3005 2956 3044 ac
3011 2988 3116 3044 alia
3160 2989 3252 3044 Dei
3296 3004 3462 3059 opera

1893 3081 2074 3134 tandiu
2123 3096 2408 3149 superesse
2456 3091 2512 3137 et
2562 3096 2914 3152 perseverare
2958 3080 3173 3146 asserit,
3225 3098 3243 3131 ι
3284 3082 3464 3152 quoad

1893 3187 2061 3240 usque
2101 3186 2161 3224 ea
2211 3174 2352 3228 Deus
2380 3182 2435 3227 et
2481 3189 2601 3228 esse
2653 3184 2708 3230 et
2742 3187 3094 3244 perseverare
3141 3172 3400 3237 voluerit;
3440 3192 3459 3224 ι

1893 3280 1990 3318 nec
2025 3265 2193 3318 multo
2224 3275 2381 3334 post:
2417 3283 2436 3316 ι
2471 3264 2588 3321 Non
2636 3267 2783 3322 enim
2819 3280 2885 3320 ex
2921 3265 3097 3333 nobis,
3143 3266 3342 3335 inquit,
3372 3280 3466 3318 ne-

1892 3372 1995 3426 que
2027 3372 2090 3409 ex
2123 3369 2308 3412 nostra
2354 3367 2541 3411 natura
2572 3359 2680 3412 vita
2717 3369 2823 3424 est,
2855 3358 2950 3413 sed
3003 3359 3303 3414 secundum
3335 3372 3466 3427 gra-

1895 3447 2021 3502 tiam
2057 3448 2149 3503 Dei
2181 3451 2338 3503 datur
2369 3466 2382 3503 :
2419 3461 2473 3504 et
2501 3451 2619 3505 ideo
2650 3451 2742 3521 qui
2776 3452 3078 3506 servaverit
3103 3437 3287 3507 datum
3320 3452 3464 3516 vitae,

1895 3550 1948 3595 et
1975 3541 2177 3610 gratias
2207 3543 2379 3611 egerit
2404 3543 2452 3596 ei
2484 3542 2574 3611 qui
2605 3541 2881 3611 praestitit,
2931 3541 3165 3611 accipiet
3196 3553 3251 3597 et
3278 3543 3334 3596 in
3368 3558 3469 3596 sae-

1895 3632 2073 3687 culum
2139 3633 2321 3687 saeculi
2389 3632 2782 3702 longitudinem
2848 3632 3098 3697 die’rum;
3152 3632 3242 3699 qui
3286 3641 3467 3684 autem

1897 3725 2153 3793 abiecerit
2183 3741 2328 3792 eam,
2361 3735 2415 3781 et
2441 3727 2688 3796 ingratus
2723 3725 3000 3780 exstiterit
3033 3723 3226 3778 {actori
3265 3723 3336 3778 ob
3366 3723 3471 3778 hoc

1897 3817 2038 3887 quod
2069 3817 2242 3871 factus
2285 3829 2389 3881 est,
2442 3828 2496 3872 et
2526 3833 2632 3871 non
2665 3817 2981 3887 cognoverit
3026 3796 3148 3871 etim
3199 3815 3289 3885 qui
3331 3831 3472 3885 prae-

1897 3920 2024 3977 stat,
2063 3913 2176 3980 ipse
2203 3926 2261 3966 se
2285 3911 2461 3980 privat
2502 3911 2556 3964 in
2606 3910 2864 3964 saeculum
2897 3907 3079 3963 saeculi
3109 3890 3470 3977 perseveran-

1903 4002 1999 4055 tia.
2041 4021 2059 4052 ι
2096 4003 2364 4056 Arnobius
2409 3999 2620 4055 animas
2671 4008 3064 4054 tormentorum
3112 3998 3473 4054 diuturnitate

1901 4103 1956 4146 et
1985 4092 2190 4146 saevitia
2225 4100 2605 4159 consumptum
2640 4089 2708 4144 iri
2738 4098 2792 4144 et
2819 4090 3148 4144 exstinctum
3176 4090 3474 4144 arbitratus

1902 4193 2018 4250 est;
2076 4192 2237 4252 atque
2270 4183 2411 4238 hanc
2444 4195 2565 4236 esse
2611 4192 2840 4236 mortem
2870 4189 3128 4234 aeternam
3176 4181 3354 4250 impiis
3384 4181 3474 4236 ho-

1902 4275 2138 4329 minibus
2169 4284 2276 4328 tam
2316 4288 2459 4343 saepe
2492 4272 2545 4328 in
2595 4273 2880 4344 Scriptura
2928 4271 3250 4326 intentatam
3285 4288 3299 4325 :
3353 4271 3474 4339 pio-

1904 4381 2020 4419 rum
2048 4379 2177 4418 vero
2204 4373 2256 4418 et
2287 4374 2596 4419 sanctorum
2630 4364 2910 4418 hominum
2947 4363 3157 4416 animas
3199 4361 3340 4416 felici
3371 4361 3475 4416 im-

212 4465 419 4535 inquit,
452 4463 536 4517 vel
569 4462 621 4516 in
655 4461 760 4516 ﬁne
788 4459 970 4515 saeculi
1019 4455 1304 4513 conversio
1329 4454 1456 4517 erit,
1504 4461 1629 4506 tunc
1671 4466 1773 4505 cun

1901 4455 2232 4509 mortalitate
2283 4472 2347 4511 ac
2401 4458 2507 4511 vita
2570 4465 2773 4511 aeterna
2819 4455 3050 4526 perfrui.
3113 4454 3475 4521 Quamobrem

209 4560 495 4633 plenitudo
542 4557 779 4629 gentium
822 4552 1246 4616 subintraverit,
1297 4558 1349 4603 et
1399 4546 1575 4602 omnis
1629 4545 1797 4599 lsrael

209 4653 406 4708 salvus
439 4650 529 4704 ﬁet
565 4667 579 4703 :
625 4649 781 4702 istius
816 4655 996 4700 autem
1025 4643 1116 4713 qui
1138 4643 1205 4695 de
1243 4641 1383 4695 cmlo
1417 4638 1677 4694 cecidisse
1719 4636 1796 4690 di-

208 4747 386 4809 citur,
411 4755 510 4797 nec
546 4742 597 4794 in
629 4740 736 4794 ﬁne
768 4737 952 4793 saeculi
985 4736 1089 4790 erit
1130 4733 1238 4788 ulla
1272 4731 1574 4789 conversio.
1612 4747 1631 4780 ι
1671 4727 1798 4783 lnde

207 4844 302 4892 est
324 4833 467 4904 quod
497 4832 841 4885 vehementer
866 4834 1149 4883 succenset
1202 4825 1255 4878 in
1289 4821 1512 4893 epistola
1571 4820 1635 4875 ad
1663 4820 1799 4874 ami-

209 4944 314 4984 cos
347 4939 472 4981 suos
504 4922 895 4976 Alexandrinos
935 4919 1191 4988 iactatum
1225 4916 1397 4970 fuisse
1442 4915 1496 4970 in
1525 4913 1716 4985 vulgus
1741 4929 1800 4969 se

192 5016 426 5084 "dicere,
459 5037 476 5069 ι
510 5017 719 5070 Patrem
746 5014 965 5068 malitia:
1016 5027 1077 5064 ac
1108 5009 1425 5080 perditionis
1447 5051 1461 5074 ,
1511 5016 1566 5062 et
1613 5021 1799 5060 eorum

207 5112 312 5182 qui
347 5111 412 5164 de
444 5121 608 5177 regno
639 5106 730 5160 Dei
759 5105 1081 5174 cjiciuntur,
1120 5102 1172 5154 id
1215 5110 1296 5153 est
1338 5097 1609 5152 diabolum
1633 5139 1647 5162 ,
1682 5110 1804 5149 esse

207 5201 543 5263 salvandunt
573 5217 588 5253 :
622 5196 786 5268 quod,
817 5195 1022 5264 inquit,
1053 5208 1119 5248 ne
1151 5192 1344 5260 aliquis
1377 5189 1594 5258 quidem
1623 5197 1803 5241 mente

201 5304 405 5362 ,motus
454 5303 510 5347 et
579 5287 864 5344 manifeste
925 5286 1197 5340 insaniens
1271 5282 1451 5336 dicere
1524 5288 1717 5349 potest.
1776 5297 1795 5329 ι

201 5367 521 5454 i’ropterea
549 5382 911 5450 Hieronymus
949 5377 1169 5446 Apolog.
1209 5390 1244 5428 ιι
1276 5374 1329 5426 in
1359 5369 1560 5437 Ruﬁn.,
1590 5383 1710 5438 cap.
1744 5368 1804 5430 5,

204 5479 404 5553 palam
448 5489 571 5529 eum
611 5475 714 5528 hoc
762 5471 994 5525 crimine
1033 5464 1299 5528 exsolvit,
1342 5461 1484 5531 quod
1530 5459 1667 5513 alias
1700 5459 1801 5528 ipsi

192 5580 469 5651 ’μετεωρο
498 5569 690 5640 objicit
716 5584 729 5620 :
777 5586 796 5620 ι
819 5566 1026 5625 Asserit
1047 5562 1344 5651 Candidus,
1374 5556 1804 5649 inquittdiabo-
1845 5632 1847 5635 ι

302 5759 347 5789 ⁸⁵
387 5755 487 5810 lsa.
518 5769 661 5819 vat,
687 5752 778 5808 24.

1904 4549 2114 4602 animas
2163 4548 2429 4604 humanas
2476 4548 2727 4618 ancipitis
2764 4563 2906 4613 esse,
2955 4546 3254 4615 mediaeque
3305 4552 3475 4602 vitam

1907 4640 2050 4692 inter
2079 4648 2134 4693 et
2166 4648 2395 4695 mortem
2430 4655 2494 4695 ac
2526 4641 2789 4704 ambiguae
2826 4651 3035 4693 naturae
3066 4639 3205 4693 libro
3238 4640 3478 4693 secundo

1906 4732 2101 4785 iterum
2132 4730 2438 4799 iterumque
2493 4732 2704 4800 repetit.
2771 4730 3063 4800 Gregorius
3100 4728 3480 4786 Nazianzenus

1905 4832 2046 4878 orat.
2095 4823 2165 4877 59
2217 4823 2496 4877 barreticos
2548 4823 2818 4878 diﬁiciletn
2872 4833 2925 4879 et
2974 4824 3285 4879 diuturnum
3336 4823 3478 4892 ignis

1907 4915 2232 4984 baptismum
2286 4924 2637 4984 suscepturos
2685 4916 2949 4980 minatur,
2999 4916 3104 4970 nisi
3159 4916 3226 4969 ab
3285 4917 3480 4970 haeresi

1909 5009 2211 5072 discedant,
2242 5023 2349 5077 quo
2380 5007 2501 5077 igne
2528 5008 2704 5062 omnis
2755 5007 2960 5061 malitia
3010 5007 3091 5062 sic
3119 5015 3377 5076 tanquam
3404 5006 3482 5059 fe—

1911 5116 2039 5154 num
2086 5099 2362 5154 exurenda
2395 5099 2486 5152 sit.
2519 5096 2778 5154 Oratione
2829 5112 2960 5152 vero
2997 5098 3241 5167 sequenti
3271 5097 3483 5152 dubitat

1911 5203 2090 5247 utrum
2129 5191 2469 5260 sempiternae
2494 5191 2872 5245 damnatorum
2902 5204 3076 5259 pana:
3130 5190 3321 5243 futurae
3347 5190 3479 5253 sint,

1911 5301 1979 5340 an
2036 5299 2166 5339 vero
2220 5299 2250 5337 a
2299 5283 2409 5337 Deo
2462 5298 2561 5354 pro
2609 5298 2704 5338 sua
2765 5282 3106 5337 humanitate
3147 5281 3477 5336 breviandae.

1910 5375 2107 5430 Narrat
2132 5375 2376 5445 profecto
2427 5374 2643 5430 Simeon
2678 5373 3087 5443 Metaphrastes,
3135 5373 3190 5427 in
3257 5370 3373 5424 Vita
3413 5371 3479 5428 S.

1912 5468 2142 5537 Cyriaci,
2176 5482 2295 5536 cap.
2333 5466 2414 5530 lO,
2444 5481 2565 5521 cum
2599 5481 2627 5519 a
2671 5464 2872 5534 Cyrillo
2912 5463 3175 5520 monacho
3213 5471 3482 5530 quaereret

1911 5558 2194 5628 Cyriacus,
2249 5574 2496 5628 quzcnam
2561 5557 2837 5629 praacipue
2898 5555 3151 5625 dogmata
3201 5561 3483 5609 tuerentur
