3860 6226
411 346 547 404 1050

1668 334 1725 387 Ρ.
1768 329 2080 386 DANIELIS
2114 328 2345 385 HUETII

3514 327 3658 382 10.30

412 461 656 524 Nonnus,
680 456 963 520 Leontius,
993 454 1194 523 aliique
1220 451 1383 507 Novae
1411 451 1601 505 Lauraz
1631 448 1971 518 Origenisttc,
2006 450 2049 504 Α
2078 446 2439 516 abstergeret,
2466 444 2659 500 librttm
2707 444 2948 512 scripsit,
3007 442 3160 511 cujus
3205 452 3462 512 excerpta
3489 444 3658 498 habet

413 552 761 623 respondisse
788 547 1045 618 Cyrillum
1087 545 1353 600 atlirmare
1407 542 1526 596 illos
1560 559 1580 593 ι
1629 540 1880 609 dogmata
1911 541 1977 592 de

413 643 838 716 praeexsistentia
896 650 951 694 et
996 639 1335 694 restitutione
1385 636 1438 691 in
1479 634 1723 689 eumdem
1778 641 1975 686 statam

412 751 533 792 esse
576 735 751 789 media
796 742 850 787 et
892 732 961 787 ab
1006 731 1151 785 onmi
1200 727 1440 797 periculo
1487 727 1695 791 aliena;
1737 724 1979 779 dicentes

414 827 501 883 illa
530 827 611 881 eis
656 825 720 878 ad
766 824 867 878 hoc
902 823 1044 876 ferre
1089 820 1483 883 testimonium,
1530 833 1648 887 quae
1681 815 1876 870 alicubi
1924 816 1975 868 in

413 918 527 974 suis
580 916 927 985 Apologeticis
988 926 1210 982 magnus
1255 909 1546 980 Gregorius
1620 907 1690 963 ita
1748 906 1972 975 reliquit

414 1009 615 1077 scripta
651 1022 664 1057 :
697 1006 828 1058 Mihi
869 1004 1075 1057 videtur
1110 1017 1191 1053 res
1236 1016 1338 1053 non
1369 998 1485 1053 vilis
1514 1014 1606 1051 nec
1644 1004 1975 1050 contemnen-

412 1100 503 1162 da,
531 1099 659 1151 dare
685 1098 737 1150 in
774 1106 999 1163 tempore
1042 1093 1326 1161 unicuique
1353 1091 1665 1142 dimensum.
1699 1085 1975 1150 orationis,

413 1202 463 1246 et
502 1191 802 1257 dispensare
826 1189 881 1240 in
904 1186 1110 1255 judicio
1136 1184 1405 1237 veritatem
1438 1190 1731 1234 nostrorum
1760 1178 1981 1246 dogma-

410 1291 544 1344 tum,
581 1295 696 1349 qua:
728 1279 790 1331 de
817 1281 1030 1339 mundo,
1069 1282 1159 1326 aut
1187 1273 1250 1326 de
1281 1270 1493 1324 mundis
1519 1269 1977 1339 philosOphamur,

412 1376 477 1424 de
504 1371 745 1430 materia,
792 1368 855 1419 de
898 1367 1097 1428 anima,
1144 1364 1207 1416 de
1251 1361 1616 1429 intelligentia,
1669 1368 1716 1413 et
1774 1357 1977 1411 naturis

411 1461 839 1529 intelligentibus,
867 1469 971 1509 tam
998 1452 1474 1524 prwstautioribus,
1518 1465 1676 1521 quam
1706 1448 1980 1502 deteriori-

413 1554 544 1615 bus;
572 1551 634 1603 de
660 1548 986 1615 providentia
1014 1561 1130 1615 qua:
1153 1545 1330 1597 omnia
1358 1542 1570 1612 colligat
1604 1557 1721 1610 qurc
1744 1540 1981 1593 videnlur

412 1644 611 1698 evenire
644 1642 865 1705 ratione,
893 1649 939 1692 et
973 1651 1291 1709 quazcunque
1316 1644 1505 1704 prwter
1545 1635 1799 1687 rationem
1846 1631 1981 1699 infe-

412 1736 602 1789 riorem
640 1742 684 1785 et
727 1733 1011 1784 humanam
1042 1745 1061 1782 :
1088 1737 1137 1781 et
1166 1742 1282 1798 quw
1312 1737 1566 1795 prwterea
1602 1728 1664 1777 de
1686 1724 1977 1793 primamq-

413 1837 520 1882 stra
550 1825 938 1885 constitutione,
994 1821 1299 1890 ﬁgurisque,
1345 1829 1391 1871 et
1441 1817 1679 1879 veritate,
1715 1826 1763 1868 et
1820 1824 1977 1868 testa-

412 1917 619 1977 mentis,
658 1924 705 1965 et
755 1912 950 1965 Christi
998 1911 1166 1975 primo
1208 1908 1454 1973 adventu,
1510 1916 1557 1959 et
1614 1905 1885 1959 secundo:
1925 1905 1979 1959 in

411 2011 491 2063 his
534 2010 668 2061 enim
700 2017 744 2059 et
776 2004 977 2072 assequi
1023 2012 1095 2056 est
1143 2016 1246 2055 non
1300 1998 1504 2063 inutile,
1539 2005 1590 2051 et
1635 2014 1735 2050 non
1776 1994 1981 2067 assequi

410 2111 558 2156 vacat
586 2097 838 2168 periculo.
872 2114 890 2148 1
924 2096 1035 2150 lloc
1061 2092 1380 2163 Origenistis
1424 2090 1734 2161 praesidium
1764 2090 1975 2159 eripere

413 2200 639 2250 conatur
688 2190 937 2260 Aloysius
991 2188 1347 2255 Lipomanus,
1395 2183 1725 2238 Veronensis
1775 2181 1981 2249 episco-

411 2301 546 2356 pus;
594 2285 686 2339 sed
728 2281 992 2353 quidquid
1044 2289 1222 2333 tamen
1275 2276 1486 2341 aﬂ'erat,
1534 2274 1750 2329 videtur
1782 2272 1835 2326 id
1877 2271 1977 2326 sibi

412 2377 643 2431 voluisse
664 2373 955 2445 Gregorius
986 2372 1082 2425 has
1109 2370 1434 2439 quaestiones
1482 2367 1719 2421 nondum
1749 2364 1881 2419 satis
1917 2363 1980 2418 li-

412 2468 629 2538 quidas,
679 2480 777 2520 nec
820 2480 916 2535 per
963 2464 1262 2518 Ecclesiam
1307 2460 1476 2516 fuisse
1515 2460 1976 2527 cireumscriptas.

412 2558 549 2625 Quid
578 2558 678 2611 hoc
705 2565 787 2611 est
808 2565 988 2608 autem
1015 2552 1161 2622 quod
1211 2551 1406 2605 ibidem
1443 2550 1666 2618 subjicit
1698 2548 1977 2619 Cyriacus,

412 2648 752 2703 existimasse
794 2644 1131 2713 Origenistas
1178 2643 1324 2708 illos,
1364 2660 1383 2693 ‹
1418 2641 1560 2711 quod
1584 2641 1653 2694 'in
1691 2641 1978 2709 pristinmn

411 2747 612 2797 statum
662 2736 1087 2801 resurrectione,
1158 2743 1411 2805 poterunt
1459 2744 1798 2803 quaecunque
1855 2738 1981 2784 sunt

410 2832 619 2886 ratione
640 2829 886 2900 pra-dita,
912 2827 976 2880 ad
1000 2826 1269 2880 daemones
1299 2840 1471 2894 usque
1499 2822 1754 2878 fabricari
1780 2836 1979 2885 teones,

409 2925 465 2980 id
495 2934 576 2979 est
608 2921 845 2976 sarcula?
882 2938 901 2973 1
954 2917 1088 2972 Nam
1138 2933 1338 2981 mones,
1384 2917 1596 2985 aliaque
1655 2913 1981 2969 Valentinia-

411 3030 604 3071 norum
663 3012 1047 3085 τερατεύματα
1102 3010 1359 3081 Origenes
1409 3009 1541 3063 satis
1606 3008 1977 3061 aversabatur.

411 3099 703 3170 Gregorius
750 3100 885 3153 alter
941 3097 1329 3168 Origenianatn
1401 3096 1724 3150 sententiam
1778 3096 1979 3163 absque

410 3191 517 3245 ulla
570 3192 906 3245 dubitatione
967 3190 1307 3259 amplectitur
1374 3189 1425 3241 in
1494 3187 1858 3256 Disputatione
1915 3186 1978 3240 de

410 3284 588 3336 anima
617 3293 664 3336 et
700 3283 1103 3347 resurrectione,
1135 3298 1241 3351 qua
1275 3281 1487 3335 animas
1532 3288 1810 3348 exemptus
1856 3292 1977 3331 cor-

408 3376 653 3445 poribus,
714 3384 769 3428 et
799 3376 1070 3428 daemones
1104 3387 1352 3441 quoque,
1401 3373 1547 3427 omni
1576 3370 1700 3427 olim
1738 3370 1977 3437 deposita

410 3466 709 3519 vitiositate
749 3464 1021 3519 Christum
1054 3478 1175 3517 esse
1206 3462 1553 3517 confessuros
1604 3462 1841 3517 declarat
1875 3479 1889 3514 :
1924 3471 1980 3517 et

411 3555 520 3609 alio
543 3554 947 3613 Dissertationis
969 3551 1205 3621 ejusdem
1240 3552 1355 3605 loco
1385 3551 1547 3604 Deum
1581 3551 1657 3604 ait
1689 3566 1792 3603 non
1823 3551 1980 3604 aliter

409 3661 530 3701 esse
560 3661 718 3714 posse
767 3645 948 3698 omnia
987 3645 1038 3698 in
1073 3645 1347 3705 omnibus,
1394 3643 1549 3713 juxta
1580 3642 1816 3710 Apostoli
1854 3655 1977 3696 sen—

412 3741 653 3801 tentiam,
688 3752 847 3805 quam
886 3735 1067 3791 evulsa
1121 3736 1362 3789 funditus
1404 3744 1457 3789 et
1503 3737 1798 3803 exstirpata
1830 3733 1973 3787 omni

410 3830 673 3899 nequitia.
702 3828 818 3881 Alia
851 3825 1045 3880 deinde
1075 3825 1341 3895 permulta
1376 3824 1505 3878 huic
1534 3824 1827 3878 astruendo
1855 3838 1979 3877 con-

410 3923 572 3992 gerit,
632 3935 754 3990 quae
806 3919 1040 3973 vitandae
1089 3932 1250 3971 causa
1317 3917 1646 3988 prolixitatis
1693 3926 1974 3986 praetereo.

408 4012 764 4068 Catecheticaa
794 4020 1051 4082 prmterea
1084 4010 1347 4064 orationis
1372 4011 1547 4078 capite
1575 4007 1630 4072 8,
1682 4019 1802 4077 post
1837 4009 1978 4062 hanc

407 4105 576 4156 vitam
614 4102 797 4156 curari
826 4117 855 4155 a
892 4101 1001 4156 Deo
1028 4116 1224 4171 pravos
1264 4102 1427 4156 animi
1465 4101 1687 4156 atiectus
1722 4098 1974 4164 allirmat,

408 4193 499 4263 qui
531 4194 583 4247 in
620 4194 722 4247 hac
744 4194 853 4246 vita
877 4194 1057 4248 sanari
1097 4209 1194 4262 per
1220 4194 1489 4248 virtutem
1506 4208 1613 4247 non
1639 4203 1931 4262 potuerunt
1957 4207 1972 4257 ;

411 4294 522 4338 tum
562 4299 681 4354 cap.
736 4285 828 4351 26,
876 4300 981 4340 non
1032 4285 1283 4339 homines
1322 4286 1587 4339 duntaxat
1635 4298 1891 4351 nequam,
1923 4291 1977 4338 et

410 4375 626 4445 impios,
675 4376 770 4430 sed
820 4374 1026 4446 peccati
1078 4376 1238 4429 etiam
1293 4384 1568 4429 auctorem
1616 4373 1889 4428 diabolum
1944 4388 1972 4426 a

2076 537 2301 593 Photius
2348 540 2469 593 cod.
2501 553 2759 593 ccxxxtn.
2808 536 2920 592 lloc
2951 552 3115 605 opere
3161 537 3655 592 demonstrandum

2077 630 2179 684 sibi
2230 630 2477 699 praponit
2546 629 2873 694 Germanus,
2944 630 3013 683 ab
3058 645 3124 683 eo
3174 645 3360 683 errore
3412 630 3656 685 alienum

2078 721 2245 776 fuisse
2273 721 2630 790 Gregorium;
2672 722 2716 775 si
2750 737 2853 789 qua
2890 738 3018 776 vero
3050 723 3101 776 in
3139 722 3253 791 ejus
3278 722 3497 791 scriptis
3524 723 3657 777 illuc

2079 814 2331 867 videntur
2374 814 2670 881 pertinere,
2713 812 2885 867 fuisse
2927 814 2995 866 ab
3044 812 3368 881 Origenistis
3418 814 3653 876 intexta,

2079 905 2163 959 vel
2191 915 2337 960 certe
2391 906 2706 973 depravata.
2758 902 2994 971 ldipsum
3040 918 3099 959 se
3137 905 3407 959 inandisse
3461 918 3655 960 narrat

2077 995 2408 1065 Nicepltorus
2435 996 2525 1050 lib.
2560 1012 2637 1060 st,
2670 1011 2792 1065 cap.
2826 995 2916 1049 i9.
2961 994 3038 1049 Ne
3090 996 3407 1049 Ambrosius
3430 998 3651 1065 quidem

2080 1088 2147 1142 ab
2191 1085 2424 1157 Origene
2472 1087 2749 1151 dissonat,
2794 1102 2917 1140 cum
2966 1086 3228 1155 psalmum
3271 1103 3430 1142 cxt'tu
3481 1103 3655 1157 espo-

2079 1194 2236 1244 nens,
2267 1194 2389 1233 reos
2434 1180 2717 1250 suppliciis
2766 1179 2961 1248 subjici
2996 1190 3204 1239 censet,
3250 1182 3371 1248 quia
3423 1181 3491 1235 iis
3543 1181 3651 1233 ali-

2079 1272 2295 1340 quando
2322 1271 2590 1325 esimendi
2619 1280 2779 1338 sunt;
2816 1270 3016 1326 diaboli
3052 1286 3180 1323 vero
3218 1285 3432 1339 pmnam
3467 1271 3656 1325 diﬂ'er-

2082 1364 2149 1428 ri,
2184 1372 2241 1417 ttt
2270 1377 2548 1432 nunquam
2582 1362 2822 1417 ﬁniatur.
2850 1361 2965 1428 Quo
3004 1364 3214 1417 accedit
3248 1364 3654 1418 Ambrosiaster

2079 1452 2131 1506 in
2162 1451 2327 1521 Epist.
2372 1450 2441 1505 ad
2488 1449 2677 1520 Ephes.
2706 1466 2824 1521 cap.
2858 1465 2918 1513 tt,
2949 1449 3248 1504 Ecclesiam
3278 1450 3475 1504 docens
3495 1489 3509 1512 ,
3546 1451 3651 1504 etsi

2080 1553 2265 1600 sancta
2297 1543 2536 1609 dicatur,
2566 1543 2875 1597 hominibus
2911 1550 3090 1597 tamen
3118 1542 3331 1597 vitiosis
3375 1550 3650 1605 constare,

2080 1652 2186 1690 non
2212 1636 2465 1705 perituris
2496 1636 2735 1704 quidem,
2761 1636 2853 1689 sed
2880 1651 2976 1704 per
3008 1638 3186 1705 ignem
3227 1634 3520 1705 purgandis
3547 1649 3562 1685 :
3596 1643 3652 1688 et

2083 1726 2135 1779 in
2166 1740 2290 1796 cap.
2327 1742 2410 1792 111,
2443 1728 2879 1795 praedicationem
2903 1728 3323 1783 ecclesiasticam
3347 1728 3422 1780 ait
3453 1729 3653 1781 dzemo-

2011 1797 2055 1852 B
2083 1818 2240 1872 nibus
2283 1818 2568 1886 prolicere,
2625 1827 2684 1871 ut
2727 1819 3031 1873 detrectato
3081 1819 3279 1874 diaboli
3321 1820 3548 1888 imperio
3584 1820 3652 1874 ad

2004 3153 2048 3213 Ω

2084 1909 2248 1963 Deum
2298 1917 2708 1964 convertantur.
2763 1910 2932 1965 Caute
2983 1926 3200 1980 quoque
3247 1911 3652 1965 observandum

2081 2009 2164 2056 est
2197 2000 2606 2071 Hieronymum,
2660 2003 2748 2069 qui
2799 2011 2879 2057 tot
2926 2003 3253 2073 Origeniano
3288 2004 3488 2057 nomini
3517 2018 3649 2058 con-

2081 2092 2330 2146 tumelias
2359 2091 2568 2157 inﬂixit,
2604 2092 2654 2144 id
2684 2090 2795 2147 fere
2828 2094 2882 2146 in
2918 2094 3152 2162 Origene
3182 2108 3346 2160 super
3375 2093 3474 2146 hac
3502 2108 3650 2161 quac-

2082 2185 2257 2239 stione
2286 2198 2532 2254 arguere,
2585 2185 2727 2253 quod
2771 2185 3041 2239 diabolum
3086 2185 3262 2253 pmnis
3307 2185 3651 2239 liberandum

2081 2286 2200 2327 esse
2231 2278 2546 2343 asseruerit,
2594 2277 2843 2345 quamvis
2894 2277 3229 2331 contrarium
3276 2278 3515 2332 fateatur
3551 2279 3656 2333 ali-

2082 2365 2229 2431 cubi,
2262 2377 2320 2421 ut
2348 2368 2691 2433 notavimus;
2750 2370 2815 2422 de
2861 2368 3182 2424 liberatione
3210 2384 3339 2425 vero
3371 2371 3655 2425 hominum

2081 2457 2299 2513 siluisse
2327 2460 2525 2527 ipsum.
2556 2459 2747 2528 Itaque
2790 2460 3069 2513 abnortnia
3119 2460 3329 2514 disserit
3380 2462 3655 2530 quadam,

2081 2557 2136 2604 et
2174 2563 2205 2602 a
2246 2548 2351 2603 ﬁde
2395 2549 2567 2604 aliena
2613 2551 2708 2605 lib.
2770 2567 2785 2604 t
2834 2552 3038 2604 advers.
3090 2548 3391 2620 Pelagium,
3441 2567 3561 2620 cap.
3596 2554 3653 2614 9.

2081 2656 2267 2710 positas
2298 2641 2519 2696 tradens
2548 2643 2907 2712 sempiternas
2937 2642 3199 2697 destinari
3229 2643 3446 2698 diabolo
3474 2655 3528 2696 et
3555 2645 3654 2697 bo-

2082 2732 2319 2786 minibns
2351 2733 2563 2801 impiis;
2596 2742 2651 2787 at
2687 2734 2890 2804 iniquis
2912 2744 2967 2787 et
2994 2744 3339 2804 peccatorum
3373 2736 3481 2788 reis
3511 2744 3619 2789 tem
3640 2766 3655 2775 -

2080 2824 2294 2893 poralcs
2334 2825 2691 2879 solummodo.
2746 2825 2971 2896 Impium
3021 2839 3199 2882 autem
3244 2829 3310 2881 ab
3360 2827 3546 2895 iniquo
3577 2829 3653 2881 ita

2082 2915 2363 2985 distinguit
2402 2932 2417 2969 :
2454 2933 2473 2967 ‹
2508 2914 2696 2970 Omnis
2755 2917 2951 2986 impius
2996 2917 3215 2986 iniquus
3268 2928 3427 2973 estet
3462 2934 3658 2987 pecca-

2083 3012 2167 3064 tor
2203 3024 2217 3062 :
2252 3023 2351 3062 nec
2396 3010 2765 3076 reciprocatur
2811 3018 2871 3063 ut
2913 3011 3185 3079 possimus
3214 3010 3420 3075 dicere,
3474 3013 3658 3065 omnis

2083 3108 2335 3167 peccator
2386 3110 2440 3152 et
2486 3099 2700 3167 iniquus
2757 3102 2922 3155 etiam
2973 3100 3171 3170 impius
3205 3111 3287 3156 est
3335 3118 3347 3152 :
3402 3102 3656 3169 impietas

2080 3192 2221 3248 cnim
2256 3192 2474 3260 proprie
2502 3193 2568 3246 ad
2593 3205 2688 3246 eos
2716 3192 2968 3261 pertinet.
3003 3192 3095 3261 qui
3125 3192 3367 3247 notitiam
3411 3192 3510 3247 Dei
3543 3208 3648 3245 non

2080 3283 2301 3347 habent,
2332 3281 2410 3335 vel
2439 3282 2800 3352 cognitionem
2842 3283 3274 3351 transgressione
3326 3292 3650 3344 mutarunt;

2080 3383 2359 3442 peccatum
2389 3380 2566 3427 autem
2601 3380 2655 3427 et
2691 3372 2944 3441 iniquitas
2970 3386 3066 3441 pro
3096 3372 3357 3439 qualitate
3392 3373 3648 3426 vitiorum

2079 3472 2199 3533 post
2236 3464 2442 3533 peccati
2486 3473 2543 3517 et
2593 3463 2899 3531 iniquitatis
2948 3464 3166 3518 vulnera
3201 3464 3391 3531 recipit
3441 3464 3652 3517 sanita-

2083 3566 2211 3611 tem.
2251 3575 2269 3609 s
2304 3556 2652 3612 Postmodum
2702 3556 3023 3611 sententiam
3073 3571 3227 3609 suam
3281 3569 3403 3609 cum
3453 3554 3653 3623 Orige-

2078 3650 2236 3702 niana
2279 3649 2351 3702 ita
2398 3647 2675 3716 componit
2705 3664 2719 3700 :
2762 3665 2780 3697 ι
2819 3647 2875 3701 Si
2908 3646 3168 3715 Origenes
3192 3661 3383 3698 omnes
3418 3647 3654 3699 rationa-

2079 3740 2214 3795 biles
2248 3747 2531 3792 creaturas
2561 3736 2695 3790 dicit
2722 3752 2825 3790 non
2853 3750 2974 3790 esse
3001 3736 3325 3805 perdendus,
3358 3743 3415 3787 et
3445 3734 3655 3787 diaboli

2083 3831 2267 3885 tribuit
2296 3828 2693 3899 pmnitentiam,
2726 3828 2855 3896 quid
2886 3827 2951 3882 ad
2989 3841 3106 3892 nos,
3143 3827 3234 3896 qui
3284 3837 3340 3880 et
3368 3826 3652 3881 diabolum

2079 3933 2133 3977 et
2170 3922 2426 3977 satellites
2462 3922 2600 3990 ejus,
2633 3933 2928 3988 omnesque
2955 3918 3148 3989 impios
3176 3928 3231 3972 et
3262 3920 3655 3987 przevaricato-

2080 4031 2166 4069 res
2197 4016 2428 4069 dicimus
2456 4014 2638 4081 perire
2687 4019 2945 4080 perpetuo
2976 4025 2992 4062 :
3036 4021 3090 4063 et
3118 4009 3478 4074 Christianos,
3511 4010 3556 4063 si
3595 4010 3652 4064 in

2078 4104 2315 4172 peccatis
2343 4101 2595 4170 przeventi
2624 4098 2845 4163 fuerint,
2892 4097 3177 4152 salvandos
3221 4113 3341 4152 esse
3377 4110 3501 4168 post
3529 4114 3649 4177 pq:-

2081 4194 2219 4247 nns?
2271 4211 2289 4244 »
2324 4192 2479 4247 Clara
2530 4200 2656 4246 sunt
2696 4198 2751 4244 et
2797 4188 2885 4242 illa
2928 4188 2980 4240 in
3032 4188 3229 4256 quibus
3286 4190 3446 4243 tinent
3496 4190 3654 4258 ponit

2077 4284 2474 4340 Commentariis
2523 4282 2634 4337 suis
2681 4281 2738 4335 in
2786 4279 3025 4345 Isaiam,
3090 4279 3277 4334 dicens
3333 4282 3652 4348 neutiquam

2076 4376 2429 4446 evulgandum
2476 4388 2595 4429 esse
2643 4372 2776 4426 illud
2824 4372 3043 4440 dogma,
3082 4372 3224 4439 quod
3270 4370 3653 4423 damnatorum

408 4462 544 4520 Filio
570 4464 663 4519 Dei
689 4464 950 4521 benelicio
984 4462 1234 4520 aﬂ‘ectum
1264 4464 1442 4528 docet,
1491 4478 1647 4532 quem
1674 4464 1747 4516 ita
1780 4478 1974 4533 expur-
2004 4485 2051 4542 ι)
2087 4467 2339 4521 terminat
2361 4478 2567 4535 pmnas,
2608 4476 2700 4528 ne,
2743 4471 2887 4516 metu
2930 4459 3169 4527 supplicii
3210 4459 3399 4512 aeterni
3444 4459 3652 4523 ablato,

410 4556 522 4626 gari
545 4555 640 4621 ait,
667 4557 1124 4627 quemadmodum
1147 4571 1336 4609 aurum
1365 4556 1607 4609 adhibito
1633 4555 1753 4625 igne
1775 4570 1974 4625 expur-

410 4657 587 4717 gatur,
630 4658 839 4704 secreta
882 4657 939 4702 et
988 4657 1211 4702 excocta
1264 4647 1516 4716 sequiore
1546 4647 1811 4713 materia;
1858 4658 1975 4701 tan-

409 4739 641 4808 demque
688 4741 975 4809 aliquando
1022 4755 1117 4808 per
1164 4742 1349 4807 longos
1391 4748 1687 4809 temporum
1743 4741 1974 4796 ambitus

411 4843 730 4901 consumpto
774 4835 917 4902 quod
960 4841 1168 4887 natura:
1201 4833 1336 4887 inest
1370 4832 1513 4885 omni
1552 4832 1712 4897 malo,
1751 4835 1973 4885 damna-

412 4932 496 4982 tos
524 4925 578 4978 in
611 4925 876 4994 integrum
921 4926 987 4980 iri
1036 4926 1368 4988 restitutum,
1420 4934 1480 4978 ut
1510 4940 1614 4979 uno
1646 4940 1741 4979 ore
1773 4926 1977 4992 gratias

412 5025 610 5069 creatae
643 5031 729 5070 res
751 5017 1019 5071 universae
1048 5016 1154 5071 Deo
1190 5016 1500 5070 rel’nndant.
1550 5015 1753 5069 Aurum
1794 5018 1976 5071 itidem

410 5104 465 5159 in
502 5106 803 5173 exemplum
853 5108 1069 5161 asciscit
1109 5122 1230 5176 cap.
1261 5107 1329 5161 55
1362 5107 1489 5161 libri
1525 5109 1793 5177 ejusdem,
1821 5118 1875 5161 et
1911 5121 1979 5162 ne

411 5198 604 5252 futurae
643 5199 858 5268 quidem
898 5213 994 5267 spe
1022 5198 1209 5253 salutis
1254 5214 1350 5253 eos
1381 5200 1710 5266 intercludit,
1762 5200 1851 5268 qui
1881 5215 1976 5253 ne-

412 5302 517 5357 que
542 5288 813 5357 baptismi,
840 5303 1016 5358 neque
1064 5290 1421 5356 poenitentia},
1474 5304 1649 5359 neque
1678 5290 1783 5343 ulla
1826 5290 1977 5343 deni-

412 5395 517 5451 que
544 5382 863 5451 purgatione
899 5382 1018 5436 vitae
1058 5397 1226 5437 noxas
1251 5382 1520 5436 eluerunt.
1566 5382 1765 5437 Verum
1808 5383 1977 5437 inter-

412 5473 553 5527 cedit
607 5464 907 5528 Germanus
960 5475 1267 5543 patriarcha
1320 5474 1975 5543 Constantinopolitanus,

412 5565 504 5633 qui
533 5575 591 5619 ut
638 5566 797 5635 hujus
844 5566 1110 5636 opinionis
1152 5566 1323 5623 iabem
1359 5581 1389 5622 a
1419 5565 1682 5638 Gregorio
1734 5565 1976 5637 Nysseno

484 5749 531 5782 ³⁸
568 5748 709 5806 Psal.
735 5766 832 5810 ιιι,
867 5753 914 5805 l.

2080 4558 2251 4628 magis
2278 4571 2395 4611 sese
2430 4554 2644 4610 licentia
2678 4560 3013 4623 prorumpat.
3038 4550 3260 4602 Dentutn
3289 4550 3368 4602 sic
3403 4550 3601 4602 desiuit
3630 4565 3645 4599 :

2085 4668 2103 4701 t
2154 4651 2219 4703 Et
2272 4649 2414 4703 sicut
2457 4646 2677 4709 diaboli,
2721 4654 2779 4699 et
2826 4644 3065 4698 omnium
3115 4650 3434 4709 negatorum
3482 4652 3651 4708 atque

2081 4741 2386 4809 impiorum,
2443 4738 2532 4807 qui
2578 4736 2833 4790 dixerunt
2879 4734 2929 4787 in
2973 4732 3137 4787 corde
3178 4747 3278 4784 suo
3322 4748 3337 4782 ε
3385 4729 3509 4782 Non
3574 4738 3653 4782 est

2079 4833 2311 4898 Deus",
2348 4832 2617 4886 credimus
2660 4837 2861 4882 aeterna
2911 4833 3216 4886 tormenta;
3264 4823 3343 4875 sic
3394 4832 3648 4891 peccato-

2081 4940 2197 4978 rum
2245 4932 2406 4991 atque
2454 4921 2738 4989 impiorum
2766 4955 2782 4981 ,
2842 4926 2896 4969 et
2955 4924 3129 4968 tamen
3178 4909 3653 4971 Christianorum,

2078 5029 2304 5084 quorum
2355 5026 2518 5079 opera
2556 5012 2605 5063 itt
2659 5009 2779 5076 igne
2825 5003 3100 5073 probanda
3146 5012 3273 5055 sunt
3313 5010 3476 5066 atque
3527 5014 3653 5066 pur-

2078 5104 2633 5174 gandavmoderatam
2661 5098 2991 5152 arbitramur
3021 5101 3075 5148 et
3107 5092 3318 5145 mistam
3346 5088 3653 5141 clementia:

2081 5194 2405 5250 sententiam
2429 5192 2645 5261 judicis.
2685 5208 2705 5241 1
2741 5187 2863 5242 Ιίωο
2896 5202 3016 5241 cum
3060 5180 3467 5239 Commentariis
3511 5192 3652 5245 quo-

2075 5302 2180 5356 que
2206 5286 2318 5340 suis
2355 5286 2409 5338 in
2436 5283 2729 5352 Epistolam
2759 5282 2826 5334 ad
2877 5278 3129 5348 Ephesios
3173 5272 3519 5342 aspersisset,
3564 5282 3652 5321 re-

2074 5380 2377 5451 prehensus
2407 5385 2490 5431 est
2534 5393 2563 5430 a
2612 5374 2807 5428 Ruﬁno
2838 5372 3033 5426 Iuvcct.
3084 5384 3099 5423 ι
3131 5376 3186 5423 et
3212 5383 3286 5433 tt,
3328 5365 3491 5434 hujus
3526 5362 3654 5414 licet

2077 5471 2533 5543 reprehensiones
2571 5469 2817 5522 devitarc
2858 5473 3085 5520 conetur
3119 5460 3480 5528 Hieronymus
3507 5454 3602 5508 lib.
3632 5468 3650 5507 t

2078 5563 2302 5633 Apolog.
2328 5560 2536 5617 advers.
2571 5558 2776 5628 Ruﬁn.,
2810 5571 2928 5626 cap.
2963 5556 3014 5609 6.
3050 5552 3217 5609 Libro
3247 5563 3377 5605 vero
3407 5547 3652 5617 ejusdem
