3834 6226
241 324 373 381 1041
1054 325 1629 384 ORICENIANORCM
1666 325 1794 380 LIB.
1836 322 1898 389 ll,
1936 323 2086 380 CAP.
2122 324 2186 389 ll,
2221 324 2494 393 QUASST.
2533 324 2623 380 XI.
3339 327 3477 383 1049.

241 435 519 505 Apologim
543 436 798 503 secundo,
824 451 944 507 cap.
974 439 1023 501 l,
1052 440 1164 495 haec
1192 439 1389 494 habet:
1415 458 1433 491 ι
1459 438 1608 506 Quod
1635 447 1810 493 autem
1845 443 1888 497 Α
1916 437 2111 491 colahit
2140 452 2233 492 eos
2279 438 2431 507 quasi
2464 452 2676 503 aurum,
2707 447 2761 492 et
2798 438 2949 507 quasi
3010 447 3323 509 argentum;
3370 459 3391 494 ι
3422 454 3478 495 et

242 529 566 597 imprecaris
611 530 894 594 fratribus,
929 531 1031 585 hoc
1073 542 1156 586 est
1204 531 1646 587 criminatoribus
1686 532 1812 597 tuis,
1913 544 1980 585 ex
2038 530 2126 584 illo
2159 528 2406 585 Ieremia:
2440 546 2501 595 ιΙ,
2528 530 2635 585 22:
2684 549 2701 581 ι
2755 530 2811 585 Si
2855 532 3053 587 laveris
3103 540 3155 586 te
3202 534 3378 599 nitro,
3421 544 3477 590 et

240 631 474 676 :eternos
510 623 659 691 ignes
698 637 825 676 cum
871 622 1107 686 diabolo,
1163 638 1267 676 non
1300 632 1410 676 tam
1445 621 1641 677 fratres
1680 623 1812 677 mihi
1917 622 2357 691 multiplicaveris
2389 623 2479 677 tibi
2514 624 2731 679 herbam
2780 624 2975 684 borith.
3029 625 3294 679 maculata
3334 640 3392 681 es
3421 626 3472 679 in

243 712 447 767 videris
499 726 766 781 premere;
813 727 976 782 quam
1027 713 1299 767 diabolum
1345 713 1651 777 sublevare,
1691 728 1813 767 cum
1916 712 2201 783 iniquitate
2246 723 2332 768 tua
2381 730 2562 770 coram
2614 729 2732 780 me,
2781 715 2908 769 dicit
2954 716 3207 771 Dominus
3250 718 3410 773 Deus.
3450 738 3469 769 ι

243 802 453 863 iisdem.
492 803 685 873 quibus
711 803 959 859 homines
986 803 1308 871 Christiani,
1339 807 1558 878 ignibus
1586 808 1815 878 puniea-

242 894 344 948 dus
399 895 500 961 sit;
539 914 558 948 ι
592 895 746 964 quasi
797 894 902 951 alio
952 896 1092 965 ignis
1140 912 1342 967 genere
1397 899 1643 956 diabolus
1686 915 1817 955 cru-

249 986 477 1042 ciandus
512 990 605 1054 sit,
643 987 751 1042 alio
799 988 1047 1043 homines
1098 988 1415 1046 Christiani.
1464 990 1650 1060 Itaque
1687 991 1812 1045 Sta-

244 1079 452 1135 nislaus
478 1079 792 1136 Pannonius
822 1081 1181 1151 Anabaptista
1212 1081 1357 1136 hunc
1401 1080 1651 1151 Origeuis
1680 1097 1809 1151 pro-

242 1186 494 1242 pugnans
522 1185 787 1239 errorem,
818 1171 870 1225 in
902 1172 1042 1227 libro
1066 1171 1143 1227 De
1178 1172 1359 1227 divina
1398 1173 1811 1242 philanthrOpia,

244 1262 557 1332 Hieronymi
591 1263 965 1332 auctoritatem
1011 1277 1115 1317 non
1168 1264 1288 1318 sine
1333 1266 1547 1319 ratione
1571 1274 1813 1333 usurpat,

242 1349 623 1420 immeritoque
656 1366 685 1403 a
719 1349 871 1405 Sixto
905 1350 1129 1406 Senensi
1155 1352 1248 1408 lib.
1275 1368 1325 1408 γι
1348 1352 1514 1419 Bibl.,
1539 1354 1662 1408 adn.
1685 1354 1811 1422 290,

242 1446 314 1500 ob
348 1458 465 1499 eam
492 1458 604 1498 rem
640 1444 1053 1512 reprehenditur
1082 1458 1099 1498 :
1136 1460 1260 1498 nam
1289 1446 1540 1514 quamvis
1590 1445 1815 1501 nefaria;

243 1533 461 1603 penitus
486 1542 539 1587 et
567 1532 836 1587 damnatae
866 1534 1128 1589 doctrime
1157 1533 1528 1591 defensionem
1556 1551 1813 1606 suscepe-

244 1624 631 1679 rithtereticus
666 1622 780 1689 ille,
820 1624 873 1678 in
920 1638 1092 1693 eoque
1142 1624 1480 1693 impudenter
1505 1625 1680 1697 egisse
1728 1626 1814 1680 fa-

245 1717 467 1770 tendum
496 1717 590 1780 sit,
638 1715 952 1786 Hieronymi
996 1726 1173 1772 tamen
1220 1716 1578 1787 patrocinium
1614 1719 1815 1788 absque

243 1808 541 1876 impostura
589 1817 645 1862 et
683 1782 991 1871 mendacio,
1038 1824 1158 1879 quae
1204 1782 1306 1878 ipsi
1353 1808 1538 1877 objicit
1587 1782 1809 1875 Sixtus,
1845 1782 1887 1839 Β

243 1897 348 1951 sibi
393 1898 636 1953 asciscit.
670 1897 1027 1953 Proferantur
1067 1900 1212 1954 enim
1245 1900 1370 1955 licet
1403 1912 1655 1956 sexcenta
1689 1900 1815 1956 Hie-

242 1990 461 2058 ronymi
516 1988 857 2056 testimonia,
929 1991 1129 2058 quibus
1177 1990 1512 2045 contrarium
1559 1992 1813 2057 tradidit;

242 2094 409 2133 unum
459 2079 584 2134 imle
629 2080 757 2134 illud
791 2080 1042 2146 efﬁcitur,
1073 2092 1312 2137 mutasse
1343 2082 1491 2136 illum
1528 2082 1816 2151 aliquando

242 2171 593 2235 sententiam,
646 2187 747 2227 nec
804 2173 979 2227 unicae
1040 2188 1255 2242 semper
1309 2173 1817 2243 opinationiadhm-

242 2262 404 2317 sisse.
434 2262 504 2316 At
536 2278 633 2333 par
660 2263 777 2334 pari
814 2264 998 2319 retulit
1027 2263 1404 2336 Hieronymus,
1428 2278 1537 2333 quo
1565 2262 1815 2318 Ruﬁnum

244 2354 602 2419 remorderet,
632 2354 725 2423 qui
762 2370 884 2410 cum
916 2356 1031 2411 haec
1061 2356 1127 2411 ad
1158 2357 1506 2411 Anastasium
1536 2371 1724 2425 papam
1762 2357 1817 2411 in

244 2445 503 2514 Apologia
526 2446 649 2514 ﬁdei
673 2463 782 2500 sure
820 2446 1132 2515 scripsisset
1162 2464 1175 2500 :
1214 2465 1233 2499 ι
1267 2447 1323 2502 Si
1353 2448 1478 2517 quis
1505 2457 1667 2518 negat
1697 2449 1816 2502 dia-

246 2533 428 2589 bolum
464 2538 684 2591 aeternis
712 2538 930 2605 ignibus
978 2539 1419 2607 mancipandum,
1457 2548 1662 2607 partem
1696 2554 1816 2594 cum

246 2627 369 2695 ipso
387 2630 572 2684 aeterni
600 2630 740 2698 ignis
767 2630 1026 2699 accipiat,
1050 2638 1108 2684 ut
1135 2630 1333 2685 sentiat
1359 2632 1503 2700 quod
1525 2632 1762 2701 negavit,
1791 2651 1812 2684 ι

245 2718 302 2773 in
325 2720 686 2788 suspicionem
715 2731 894 2777 tamen
927 2732 1151 2778 asserta:
1178 2723 1373 2777 diaboli
1402 2722 1595 2779 salutis
1622 2738 1819 2779 vocare

247 2810 475 2865 tentavit
530 2811 888 2881 Hieronymus
934 2810 1155 2881 Apolog.
1203 2827 1263 2875 ιι,
1309 2828 1431 2882 cap.
1466 2812 1514 2876 l,
1549 2828 1666 2867 eam
1700 2828 1730 2867 a
1760 2828 1820 2868 se

246 2899 374 2955 licet
400 2903 761 2971 suspicionem
802 2901 1120 2971 propulsare
1150 2900 1379 2956 Ruﬁnus
1417 2901 1678 2956 Invectan
1707 2904 1818 2972 pri-

248 3008 339 3046 ma
384 2993 700 3049 laborasset.
754 2993 975 3061 Verum,
1028 2995 1232 3049 omisso
1283 2997 1386 3051 hoc
1442 2995 1621 3050 Rulin’i
1675 2996 1816 3065 loco,

246 3098 409 3153 quem
433 3100 536 3141 non
569 3087 688 3141 sine
711 3085 1058 3142 cavillatione
1079 3086 1133 3140 in
1160 3087 1467 3156 sequiorem
1497 3088 1632 3141 trahi
1659 3104 1818 3158 posse

247 3191 472 3232 sensum
499 3188 773 3247 putamus,
808 3191 1000 3250 aperte
1034 3178 1222 3235 deﬁnit
1253 3179 1305 3233 in
1340 3179 1589 3249 Symbolo
1622 3182 1819 3249 sempi-

252 3267 423 3323 ternis
468 3269 687 3339 quidem
737 3270 1024 3325 tormentis
1068 3268 1421 3324 crueiandum
1466 3284 1586 3326 esse
1634 3271 1821 3326 diabo-

250 3360 395 3422 lum;
435 3370 618 3415 sontes
648 3374 778 3415 vero
810 3360 1081 3424 homines,
1113 3359 1458 3429 temporariis
1484 3371 1538 3416 et
1569 3362 1817 3431 aliquan-

250 3450 323 3503 do
358 3450 610 3505 liniendis
642 3470 654 3505 :
683 3466 808 3504 nam
838 3451 969 3521 quid
995 3451 1139 3505 aliud
1166 3451 1268 3507 sibi
1299 3452 1437 3508 velle
1468 3461 1662 3522 potest,
1695 3468 1821 3509 cum

249 3540 486 3596 aﬂirmat
519 3542 761 3596 futurum
796 3552 853 3597 ut
880 3552 1194 3613 peccatores
1229 3563 1248 3597 ι
1285 3546 1488 3615 absque
1512 3547 1823 3603 interitione

249 3650 349 3690 sua
383 3634 595 3691 debitas
634 3635 787 3690 luant
815 3638 1042 3707 pcenas?
1076 3655 1096 3689 ι
1126 3644 1181 3691 et
1209 3637 1371 3708 justis
1396 3637 1614 3707 quidem
1651 3655 1670 3689 ι
1701 3652 1823 3707 per-

251 3727 571 3795 petuitatem
594 3727 798 3797 glorizr,
827 3730 1202 3797 peccatoribus
1237 3739 1421 3785 autem
1451 3729 1821 3798 prolixitatem

252 3817 592 3875 confusionis
617 3830 673 3873 et
719 3834 892 3888 poenae
926 3840 945 3872 ι
987 3822 1128 3876 Deus
1159 3821 1477 3875 ministret?
1510 3820 1680 3876 Recte
1708 3822 1826 3891 qui-

254 3912 376 3967 dem
406 3920 460 3966 et
486 3927 554 3966 ex
591 3912 846 3967 Ecclesia:
878 3913 1195 3983 praescripto
1219 3912 1285 3967 de
1324 3927 1604 3981 poenarum
1636 3928 1827 3981 pereu-

253 4003 426 4058 nitate
459 4004 733 4059 disserunt
776 4004 1199 4076 Chrysostomus
1236 4014 1291 4060 et
1339 4006 1689 4073 Augustinus,
1731 4007 1824 4059 sed

256 4101 487 4161 uterque
518 4102 693 4148 tamen
723 4095 993 4164 peculiare
1034 4095 1167 4149 illud
1211 4095 1396 4161 habet,
1444 4098 1588 4166 quod
1621 4096 1828 4151 crucia-

257 4192 347 4238 tus
376 4184 777 4249 damnatorum,
804 4186 849 4242 si
886 4187 1064 4241 minus
1096 4187 1264 4252 finiri,
1315 4197 1371 4241 at
1405 4188 1648 4241 vivorum
1678 4196 1827 4242 certe

256 4275 507 4346 precibus
534 4286 589 4332 et
613 4278 896 4333 sacrificiis
940 4279 1173 4348 mitigari
1212 4280 1451 4348 putavit;
1504 4279 1591 4332 hic
1628 4279 1677 4332 in
1715 4278 1824 4332 En-

257 4367 483 4421 chiridio
510 4369 579 4421 ad
610 4367 975 4435 Laurentium,
1014 4384 1133 4440 cap.
1170 4370 1274 4424 ΗΟ
1315 4379 1372 4425 et
1420 4370 1542 4434 H2,
1583 4370 1674 4424 ille
1702 4370 1754 4424 in
1793 4371 1828 4425 5

1915 804 2070 860 Prius
2132 804 2261 859 illml
2315 804 2591 861 Malachiaa
2654 808 2931 875 usurpavit
2970 808 3230 876 Origenes
3288 809 3381 868 lib.
3422 826 3473 866 vr

1916 907 2097 951 contra
2124 895 2286 959 Cels.,
2321 912 2443 952 cum
2473 905 2736 967 quareret
2758 912 2925 967 quare
2957 899 3109 955 vallis
3126 898 3337 956 Ennon.
3356 917 3477 972 quae

1916 987 2028 1055 ipsa
2076 998 2159 1043 est
2202 988 2445 1059 gehenna
2506 996 2563 1044 et
2620 1001 2901 1059 poenarum
2949 990 3135 1055 locus,
3192 993 3243 1047 in
3287 996 3475 1051 eadem

1919 1080 2083 1145 tribu,
2115 1079 2467 1147 Benjamitica
2499 1080 2773 1146 nimirum,
2803 1082 2854 1136 in
2884 1097 2991 1151 qua
3019 1082 3334 1151 Jerusalem,
3359 1101 3479 1143 cen-

1916 1182 2154 1238 seretur;
2193 1174 2587 1243 respondetque
2613 1172 2785 1229 locum
2816 1175 2956 1229 hunc
2988 1189 3267 1245 pmuarum
3298 1179 3470 1248 accipi

1916 1279 2014 1333 pro
2046 1264 2374 1321 cruciatibus
2415 1267 2762 1335 purgatoriis,
2799 1268 2887 1335 qui
2932 1283 2960 1321 a
3006 1269 3242 1326 cmlestis
3268 1269 3478 1328 Jeroso—

1918 1354 2070 1426 lymze
2100 1354 2245 1427 Rege
2270 1372 2334 1412 ac
2364 1356 2590 1413 Domino
2615 1358 2807 1414 anima:
2831 1358 3159 1430 inﬂiguntur,
3183 1366 3477 1419 secumlum

1920 1448 2078 1502 verba
2105 1464 2134 1503 e
2158 1447 2418 1504 Malacltia
2442 1451 2695 1505 adducta.
2723 1449 3005 1507 Subnectit
3037 1454 3249 1507 demum
3282 1468 3477 1526 myste-

1916 1539 1994 1593 ria
2030 1539 2141 1595 btec
2168 1540 2381 1595 silentio
2412 1542 2765 1611 obsignanda,
2800 1557 2866 1597 ne
2892 1543 3137 1600 homines
3170 1558 3395 1616 nequam
3422 1548 3475 1603 in

1917 1630 2103 1684 vitium
2146 1632 2377 1687 ell'renes
2435 1642 2629 1699 ruant,
2689 1633 2886 1703 quippe
2929 1635 3019 1704 qui
3066 1650 3136 1690 ne
3196 1650 3475 1705 poenarum

1917 1723 2133 1792 quidem
2174 1735 2531 1789 arteruarum,
2564 1734 2619 1780 et
2656 1725 2762 1780 fine
2808 1728 3108 1781 carentium
3137 1730 3388 1797 Opinione
3413 1746 3477 1785 ac

1916 1822 2061 1867 metu
2110 1828 2139 1868 a
2188 1816 2480 1871 sceleribus
2534 1816 2959 1873 absterreantur.
3022 1818 3173 1885 Quod
3214 1824 3480 1888 expressit

1916 1901 2276 1976 Hieronymus
2314 1908 2365 1960 in
2409 1908 2513 1961 line
2562 1907 2850 1962 Comment.
2892 1910 2945 1963 in
2991 1908 3211 1965 Isaiam.
3264 1910 3478 1981 Perspi-

1916 2010 2075 2050 cuum
2130 2005 2213 2051 est
2254 1998 2437 2067 itaque
2474 2000 2794 2054 sententiam
2839 2000 2976 2056 hanc
3018 2004 3082 2057 de
3127 2005 3476 2059 tcrminamlis

1917 2084 2205 2154 aliquando
2248 2087 2621 2141 damnatorqu
2653 2088 2954 2157 suppliciis,
3007 2088 3255 2159 Origenis
3294 2100 3475 2156 aetate,

1917 2176 2207 2247 multisque
2248 2187 2365 2246 post
2420 2178 2599 2243 annis,
2646 2180 2884 2234 nondum
2937 2181 3085 2236 clara
3135 2182 3400 2239 haereseos
3424 2193 3479 2237 et

1917 2281 2170 2336 expressa
2198 2278 2323 2323 nota
2351 2268 2518 2324 fuisse
2544 2268 2884 2335 infamatam,
2917 2282 2975 2326 ut
3001 2282 3122 2342 pote
3156 2288 3316 2341 quam
3343 2290 3478 2329 non-

1918 2360 2046 2414 nulli
2078 2362 2142 2416 de
2173 2373 2312 2416 coetu
2342 2360 2581 2426 Patrum,
2623 2362 2765 2431 iique
2798 2379 2903 2418 non
2940 2363 3104 2418 infimi
3146 2375 3344 2433 puncto
3381 2381 3479 2421 suo

1918 2452 2339 2520 comprobarint.
2400 2452 2661 2520 Quocirca
2726 2455 3020 2510 Facundus
3076 2454 3479 2514 Hermianensis

1919 2542 2015 2597 lib.
2062 2558 2137 2608 tv,
2181 2558 2299 2613 cap.
2345 2544 2403 2609 4,
2449 2545 2636 2599 scribit
2710 2546 3068 2601 Domitianum
3112 2548 3477 2618 Ancyranum,

1919 2632 2258 2703 Origenianze
2306 2635 2567 2690 doctrina:
2612 2635 2969 2705 defensorem,
3024 2638 3077 2691 in
3108 2638 3288 2693 libello
3319 2654 3478 2708 quem

1918 2722 2134 2791 scripsit
2174 2723 2370 2793 Vigilio
2417 2740 2590 2795 papa).
2636 2745 2653 2778 ι
2693 2737 3116 2797 conquerentem
3150 2730 3217 2785 de
3260 2729 3345 2784 his
3388 2731 3479 2799 qui

1920 2815 2360 2870 contradicebant
2436 2816 2787 2886 dogmatibus
2846 2815 3126 2888 Origenis,
3187 2821 3483 2876 asserentis

1921 2905 2131 2958 animas
2162 2903 2425 2959 humanas
2456 2913 2581 2959 ante
2612 2920 2836 2975 corpora
2866 2906 2917 2959 in
2939 2907 3168 2973 quadam
3197 2907 3347 2962 beata
3373 2909 3479 2962 vita

1924 2996 2327 3060 pracexstitisse,
2362 3002 2418 3050 et
2453 3011 2644 3051 omnes
2672 3011 2791 3063 (ιιιιι⁵
2820 2994 3021 3051 fuerint
3048 3006 3252 3053 aeterno
3281 2998 3483 3070 suppli-

1922 3088 2007 3143 cio
2033 3088 2331 3153 destinatae,
2378 3088 2429 3142 in
2467 3088 2748 3155 pristinam
2780 3088 3169 3143 beatitudinem
3210 3104 3334 3146 cum
3361 3092 3483 3145 dia-

1921 3179 2043 3234 bolo
2084 3187 2139 3232 et
2189 3178 2398 3249 angelis
2445 3177 2564 3247 ejus
2610 3178 2844 3242 restitui,
2897 3177 3077 3233 dicere
3112 3178 3274 3232 etiam
3326 3180 3480 3234 hate:

1923 3270 2295 3325 Prosiluerunt
2349 3272 2417 3325 ad
2468 3270 2991 3325 anathematizaudos
3030 3272 3389 3327 sanctissimos
3435 3282 3483 3326 et

1922 3361 2322 3431 gloriosissimos
2354 3362 2613 3423 doctores,
2646 3363 2739 3413 sub
2770 3363 3038 3415 occasione
3063 3377 3240 3415 eorum
3274 3378 3389 3431 quae
3424 3362 3488 3415 de

1921 3451 2330 3518 prarexsistentia
2361 3458 2410 3502 et
2441 3450 2766 3502 restitutione
2810 3461 2951 3503 mota
2991 3461 3133 3517 sunt,
3160 3451 3489 3519 dogmatnm,

1925 3543 2019 3596 sub
2043 3543 2210 3609 specie
2246 3542 2455 3610 quidem
2506 3540 2767 3610 Origenis,
2812 3558 2990 3597 omnes
3025 3552 3197 3597 autem
3245 3545 3336 3614 qui
3366 3554 3490 3599 ante

1923 3649 2041 3692 eum
2077 3642 2125 3687 et
2156 3641 2269 3701 post
2300 3649 2416 3685 eum
2442 3632 2655 3701 [uerunt
2676 3642 2887 3687 sanctos
2907 3635 3431 3689 analhematizantes.
3462 3652 3485 3687 ο

1998 3725 2187 3779 Petrus
2209 3724 2532 3788 Halloixius,
2551 3723 2999 3795 Origenianarutn
3015 3726 3245 3794 partium
3267 3726 3494 3794 insignis

1927 3826 2209 3887 patronus,
2248 3817 2457 3871 duobus
2502 3815 2614 3871 fere
2660 3817 2831 3871 modis
2867 3816 3142 3885 objectum
3168 3817 3491 3872 Adamantio

1926 3910 2129 3963 crimen
2146 3907 2357 3963 amoliri
2380 3908 2555 3961 studet
2578 3906 2793 3977 Origen.
2813 3907 3020 3976 Defens.
3040 3908 3128 3963 lib.
3149 3915 3417 3976 Iv,quaest.
3432 3907 3488 3964 ιε

1929 4014 2051 4053 nam
2092 3998 2174 4052 vel
2218 4012 2341 4052 eum
2382 4007 2613 4051 conatur
2656 3998 2939 4052 ostendere
2984 4013 3090 4051 non
3129 3997 3331 4051 dixisse
3367 3995 3491 4066 qui“

1928 4091 2049 4145 dem
2097 4090 2381 4144 damnatos
2423 4098 2478 4143 et
2529 4088 2799 4143 daemones
2853 4089 2921 4143 ad
2974 4088 3252 4156 superiora
3284 4102 3494 4158 regres—

1928 4197 2107 4245 suros,
2136 4182 2228 4237 sed
2258 4181 2466 4250 regredi
2515 4188 2722 4233 tantum
2767 4192 2943 4248 posse,
2999 4179 3156 4248 idque
3187 4179 3349 4234 certis
3376 4178 3495 4248 qui-

1932 4274 2158 4329 husdam
2186 4270 2603 4332 conditionibus,
2632 4283 2755 4337 quae
2787 4284 2908 4323 cum
2934 4269 3249 4339 neutiquam
3286 4268 3496 4338 possint

1929 4366 2265 4434 contingere,
2315 4378 2420 4417 non
2469 4362 2626 4415 aliter
2654 4359 3059 4429 intelligendum
3089 4360 3399 4431 Origenem,
3429 4372 3496 4412 ac

261 4458 451 4514 homil.
485 4459 554 4512 ad
588 4457 786 4528 Philip.
817 4460 1046 4516 Prorsus
1069 4477 1197 4517 vero
1230 4461 1524 4531 platonizat
1557 4462 1818 4533 Synesius
1856 4474 1901 4530 υ
1929 4459 1973 4512 si
2004 4456 2149 4512 omni
2184 4455 2398 4525 penitus
2427 4451 2746 4509 liberatione
2774 4450 3070 4518 diabolum,
3102 4452 3496 4520 damnatosque

259 4550 421 4616 epist.
451 4548 541 4613 44,
583 4549 649 4602 ad
700 4549 1003 4604 Joannem:
1050 4550 1324 4605 daemones
1373 4549 1571 4617 quippe
1616 4550 1691 4603 ait
1738 4564 1833 4603 ex-

260 4640 477 4711 piandis
500 4640 795 4696 sceleribus
824 4640 1104 4710 prtefectos
1138 4642 1382 4697 eamdem
1410 4641 1464 4694 in
1507 4643 1713 4695 animas
1746 4655 1831 4693 ar-

262 4741 398 4796 tem,
425 4747 585 4801 quam
641 4732 867 4788 fullones
916 4733 967 4787 in
1009 4732 1255 4787 sordidas
1296 4742 1472 4786 vestes
1520 4744 1780 4787 exercere
1814 4746 1828 4784 :

261 4822 565 4877 animarum
632 4838 759 4892 ergo
824 4823 1181 4893 quarumdam
1240 4839 1345 4877 non
1411 4837 1606 4893 magno
1650 4822 1833 4877 labore

261 4914 507 4984 abstergi
548 4914 823 4981 maculas,
887 4914 1286 4984 pristinumque
1337 4914 1516 4968 induci
1560 4914 1831 4979 nitorem;

262 5006 386 5061 aliis
416 5020 546 5059 vero
574 5005 647 5059 ita
675 5005 887 5060 inolitas
930 5020 1049 5060 esse
1078 5005 1298 5071 sordes,
1352 5013 1410 5059 ut
1441 5004 1582 5058 nulla
1614 5004 1831 5070 lotione,

265 5098 587 5169 purgatione
640 5097 783 5151 nulla
832 5098 1082 5152 mundari
1124 5099 1332 5168 possint
1383 5116 1398 5153 :
1448 5106 1645 5153 cratera
1702 5097 1835 5152 meri

265 5200 394 5257 sunt
418 5189 756 5244 Platonismi.
790 5188 1134 5258 Comparatio
1173 5190 1263 5244 illa
1297 5189 1586 5260 purgandae
1618 5189 1833 5254 animze,

265 5298 391 5338 cum
432 5298 610 5352 panno
640 5282 857 5337 sordido
897 5280 1115 5336 fullonis
1160 5290 1275 5337 arte
1312 5281 1640 5347 mundando,
1692 5287 1751 5334 ut
1779 5286 1836 5334 et

266 5374 389 5429 alia:
440 5390 469 5428 a
520 5373 771 5429 Patribus
814 5373 881 5428 ad
928 5372 981 5427 id
1024 5373 1416 5443 explanandum
1458 5382 1835 5443 argumentum

268 5481 393 5521 cum
437 5464 561 5536 igne
600 5474 656 5522 et
692 5480 826 5521 auro
871 5465 1148 5530 inStitutae,
1194 5462 1446 5532 profecta!
1487 5463 1740 5517 videntur
1766 5478 1831 5517 ex

268 5556 362 5611 his
392 5554 670 5611 Malachize
700 5571 785 5620 nr,
814 5556 872 5620 Ξ,
894 5556 928 5611 ’5
952 5575 965 5610 :
1004 5574 1021 5606 ι
1056 5554 1171 5623 Ipse
1197 5553 1341 5607 enim
1370 5552 1521 5621 quasi
1550 5552 1687 5623 ignis
1710 5568 1873 5632 con».

270 5647 436 5714 ﬂans,
465 5657 518 5704 et
544 5649 696 5717 quasi
730 5650 896 5704 herba
934 5647 1191 5702 fullonum
1220 5662 1232 5696 :
1264 5654 1315 5700 et
1340 5645 1548 5699 sedebit
1572 5644 1835 5710 conflatis,
1866 5647 1875 5651 ’

1929 4548 2172 4605 homines
2196 4546 2483 4616 privasset.
2516 4545 2868 4602 Conditiones
2905 4555 3084 4600 autem
3114 4545 3219 4600 illae
3242 4553 3368 4598 sunt
3393 4546 3494 4598 hu-

1921 4638 2181 4707 jnsmodi,
2204 4652 2367 4707 posse
2415 4638 2637 4707 angelos
2679 4648 2734 4694 et
2768 4639 2956 4694 beatos
2987 4637 3053 4691 ad
3099 4637 3203 4690 ima
3231 4634 3493 4706 provolvi,

1928 4733 1972 4786 si
2005 4731 2253 4787 libertate
2284 4737 2495 4785 utentes
2523 4729 2734 4783 arbitrii
2764 4745 2793 4783 a
2826 4731 3026 4783 virtute
3059 4727 3343 4791 deficiant;
3376 4741 3439 4780 ac
3464 4740 3497 4780 e

1931 4820 2205 4876 contrario
2244 4822 2313 4875 ad
2364 4836 2575 4876 summa
2612 4836 2768 4891 posse
2814 4822 3095 4875 damnatos
3144 4829 3200 4874 et
3225 4820 3496 4873 dzemones

1933 4913 2240 4983 pervenire,
2271 4912 2314 4967 si
2346 4913 2520 4982 gratia
2552 4912 2716 4980 adjuti
2749 4911 2931 4967 divina
2961 4910 3313 4981 resipiscant;
3373 4922 3495 4962 cum

1931 5014 2112 5060 autem
2168 5004 2315 5059 nullo
2347 5019 2567 5072 prorsus
2606 5005 2764 5058 modo
2806 5003 3048 5057 futurum
3091 5003 3162 5056 sit
3195 5010 3252 5055 ut
3284 5001 3335 5055 hi
3367 5001 3498 5054 resi-

1936 5098 2165 5165 piscaut,
2196 5095 2269 5149 illi
2297 5111 2327 5148 a
2352 5095 2549 5149 virtute
2577 5096 2852 5162 deficiant,
2906 5096 3031 5149 hinc
3063 5094 3273 5163 colligit
3298 5091 3499 5145 Halloi-

1935 5185 2057 5240 xius
2084 5185 2401 5239 arbitratum
2433 5183 2602 5239 fuisse
2637 5183 2921 5254 Origenem
2951 5199 3048 5239 nec
3073 5198 3102 5236 a
3132 5183 3389 5237 beatitate
3418 5181 3499 5235 di-

1934 5276 2186 5347 lapsuras
2216 5276 2355 5341 illos,
2388 5292 2490 5331 nec
2516 5277 2614 5331 hos
2642 5276 2816 5344 poenis
2838 5276 2902 5329 iri
2928 5274 3235 5329 liberatum.
3261 5291 3278 5324 ι
3297 5272 3497 5340 Quare.

1937 5373 2131 5442 inquit,
2173 5373 2387 5441 quoties
2422 5370 2554 5426 dicit
2594 5367 2854 5438 Origenes
2903 5368 3172 5423 diabolum
3211 5380 3366 5435 posse
3391 5362 3499 5419 sal-

1934 5466 2073 5530 vari,
2106 5462 2484 5533 intelligendus
2512 5470 2597 5517 est
2622 5460 2804 5519 dicere
2829 5477 2895 5516 ex
2927 5469 3078 5529 parte
3114 5469 3318 5511 naturae
3338 5495 3352 5516 ,
3393 5470 3497 5509 non

1937 5570 1999 5609 ex
2030 5564 2183 5623 parte
2214 5554 2466 5619 malitiae;
2493 5555 2609 5609 sive
2635 5556 2777 5623 quod
2804 5563 2993 5607 natura
3027 5552 3142 5618 ejus
3172 5565 3280 5603 non
3308 5548 3379 5602 sit
3413 5562 3497 5601 re-

1937 5660 2182 5715 pugnans
2212 5644 2392 5698 saluti.
2427 5642 2540 5699 lloc
2569 5647 2714 5697 enim
2759 5643 3013 5697 tenebant
3065 5637 3444 5705 Valentiniani.
3476 5657 3494 5689 ι

270 5750 327 5797 et
354 5743 652 5798 ctnundans
695 5752 1001 5813 argentum,
1048 5750 1105 5797 et
1153 5737 1399 5808 purgabit
1433 5738 1568 5796 filios
1597 5737 1744 5803 Levi,
1787 5749 1861 5794 ct-
1940 5738 2112 5803 Quam
2151 5736 2281 5792 levis
2307 5736 2376 5792 sit
2407 5737 2521 5791 haec
2545 5736 2843 5800 excusatio,
2877 5734 3027 5796 satis,
3081 5731 3132 5785 ni
3166 5730 3343 5798 fallor,
3380 5746 3503 5800 pre,-
