3834 6226
413 288 552 350 ίοοὸ

1684 307 1744 362 Ρ.
1777 307 2093 364 DANIELIS
2130 309 2364 366 HUETll

3525 311 3672 367 1044

413 411 601 508 batum
633 424 717 508 est
746 417 1120 486 superioribus
1147 425 1493 491 testimoniis,
1521 443 1642 494 qua:
1669 445 1774 484 non
1799 430 1985 485 ὑποθε-
2015 435 2060 492 Α
2088 431 2324 490 fortasse
2348 435 2491 505 quod
2521 445 2729 504 tempus
2757 451 2844 491 res
2891 437 2962 491 sit
3006 436 3165 508 vulgo
3190 435 3501 507 ignorabilis
3526 453 3544 501 ;
3583 435 3668 489 vel

409 502 598 567 τικῶς,
626 507 717 559 sed
739 508 985 564 absolute
1007 520 1061 564 et
1080 513 1402 583 simpliciter
1419 517 1733 574 felicitatem
1764 521 1985 574 damna-

410 596 480 648 tis
506 605 558 650 et
590 599 924 657 dmmonibus
953 605 1299 673 pollicentur.
1340 607 1468 665 Plus
1491 610 1658 667 habet
1690 615 1899 670 roboris
1929 617 1981 670 in

409 688 591 755 specie
618 687 870 748 Halloixii
899 695 1142 755 defensio
1181 699 1373 766 altera,
1404 718 1525 773 quae
1551 704 1604 760 in
1632 708 1847 776 copiosa
1871 710 1984 765 Ori-

409 780 764 849 genianorum
803 785 1047 842 locorum
1111 793 1366 862 congerie
1415 795 1586 864 posita
1640 807 1743 860 est,
1789 801 1984 867 quibus

407 882 624 930 aeternae
665 876 878 932 diabolo
921 888 977 933 et
1023 880 1295 939 damnatis
1337 899 1546 955 paenae,
1580 891 1768 944 αξιοι-ιιὶ
1833 891 1983 956 ignes

409 965 776 1021 ascribuntur.
819 967 952 1023 Nam
993 973 1134 1040 quod
1178 974 1390 1031 dixerat
1433 975 1696 1049 Origenes
1729 983 1980 1048 αἰώνιον,

406 1055 744 1127 interpretes
778 1059 969 1117 Latine
994 1075 1264 1126 wternum,
1288 1067 1660 1125 reddiderunt.
1689 1071 1822 1128 Tota
1849 1090 1982 1143 ergo

405 1151 893 1216 argumentationis
920 1153 1005 1209 vis
1033 1154 1084 1210 in
1114 1155 1264 1212 vocis
1309 1158 1454 1214 illius
1513 1161 1728 1216 αἰώνιον
1762 1167 1979 1235 propria

403 1235 800 1305 signiﬁcatione
832 1243 1005 1311 posita
1035 1253 1140 1299 est.

474 1326 664 1384 XXVI.
695 1331 843 1384 Δίὼν
877 1348 982 1388 non
1031 1334 1262 1405 simplici
1319 1339 1542 1396 notione
1602 1342 1818 1413 gaudet,
1854 1358 1977 1399 nam

401 1419 564 1474 modo
589 1420 796 1477 ﬁnitum
830 1433 1060 1494 tempus,
1093 1427 1252 1482 modo
1283 1429 1642 1495 indeﬁnitum,
1693 1435 1853 1490 modo
1897 1436 1979 1490 in-

403 1512 614 1568 ﬁnitum
646 1526 822 1570 sonat.
856 1517 1152 1588 Hesychius
1181 1539 1194 1574 :
1224 1522 1400 1590 Αἱὼν,
1431 1526 1460 1576 ὁ
1500 1525 1614 1594 βίος
1645 1527 1756 1580 τῶν
1777 1529 1980 1600 ἀνθρὼ-

401 1621 520 1658 πων
543 1623 555 1636 ·
585 1609 614 1660 ὁ
660 1609 760 1679 τῆς
803 1610 948 1680 ζωῆς
973 1611 1161 1681 χρόνος
1183 1629 1196 1642 °
1229 1615 1358 1667 ποτὲ
1413 1616 1468 1668 δὲ
1512 1618 1603 1670 καὶ
1635 1620 1726 1672 ἐπὶ
1765 1621 1976 1692 μακροῦ

401 1701 594 1769 χρόνου
631 1707 850 1758 νοεῖται.
889 1705 1075 1763 Plures
1119 1709 1286 1762 etiam
1341 1707 1579 1784 Joannes
1619 1711 1977 1770 Damascenus

400 1791 495 1845 lib.
539 1807 574 1847 ll
629 1792 705 1848 De
736 1795 840 1862 ﬁde
892 1800 1125 1863 orthod.,
1157 1813 1278 1868 cap.
1318 1801 1370 1866 1,
1424 1803 1575 1857 vocis
1612 1803 1743 1857 αἰών
1772 1805 1970 1876 signiﬁ-

399 1883 649 1941 cationes
699 1889 966 1956 proponit,
1040 1905 1160 1960 qua:
1215 1892 1410 1960 partim
1463 1896 1530 1949 ad
1597 1898 1965 1964 terminatum,

399 1975 597 2043 partim
647 1978 713 2031 ad
769 1979 1170 2037 interminalum
1220 1986 1482 2054 temporis
1531 1988 1762 2050 spatium
1804 1993 1969 2058 perti-

399 2078 556 2124 nent.
613 2071 934 2128 Aristoteles
988 2090 1006 2127 ι
1057 2074 1134 2128 De
1167 2076 1292 2130 caelo
1347 2077 1545 2132 factam
1592 2089 1742 2148 putat
1780 2096 1966 2135 vocem

397 2157 534 2210 αἰών
557 2159 626 2214 ab
651 2160 743 2213 ἀεὶ
796 2160 900 2226 ὢν,
959 2179 1066 2233 quo
1092 2168 1418 2222 aeternitatis
1460 2169 1669 2224 notatio
1719 2172 1966 2225 contine-

398 2259 506 2306 tur.
561 2251 711 2307 Hanc
761 2255 1176 2326 originationem
1233 2259 1426 2315 deinde
1482 2272 1810 2331 usurparunt
1843 2263 1966 2317 Plo-

398 2342 567 2409 tinus,
602 2345 846 2411 Proclus,
881 2348 1223 2422 Etymologus
1246 2392 1262 2418 ,
1299 2361 1354 2406 et
1387 2352 1498 2408 alii.
1552 2354 1621 2406 At
1677 2369 1744 2409 eo
1788 2365 1966 2410 tamen

398 2433 661 2489 vocabulo
719 2447 1004 2509 utrumque
1070 2449 1283 2512 tempus
1329 2443 1556 2510 exprimi
1615 2444 1816 2499 faletur
1869 2447 1969 2500 ibi-

399 2525 510 2580 dtr
563 2527 903 2585 Aristoteles.
934 2532 1018 2586 Ab
1064 2533 1196 2587 αἰών
1228 2535 1431 2604 prodiit
1478 2533 1730 2590 Latinum
1767 2553 1964 2602 tectam,

393 2618 598 2674 lnserto
639 2621 913 2691 digamma
959 2623 1206 2690 Eolico;
1250 2635 1307 2680 ut
1351 2626 1419 2680 ab
1454 2627 1559 2690 δῖς.
1602 2630 1734 2682 oris.
1770 2629 1966 2683 Ai‘vum

393 2709 578 2776 igitur,
646 2719 706 2764 ut
765 2712 919 2779 αἰὼν,
979 2715 1328 2785 multiplicem
1385 2718 1548 2772 habet
1599 2719 1748 2783 vim,
1808 2721 1968 2774 modo

395 2810 610 2872 tempus
643 2804 747 2859 line
777 2820 1001 2873 carens,
1047 2809 1206 2861 modo
1261 2808 1614 2863 terminatum
1655 2811 1964 2877 designans.

390 2893 598 2950 Prioris
640 2905 803 2952 testes
860 2899 1085 2954 Servius
1132 2899 1189 2953 in
1242 2917 1296 2955 vr
1353 2903 1598 2967 Eneid.,
1639 2920 1783 2961 vers.
1825 2908 1965 2973 764;

391 2984 744 3055 Censorinus,
797 3003 917 3058 cap.
951 2988 1042 3056 16,
1089 3001 1142 3044 et
1177 2991 1414 3046 Isidorus
1456 2993 1732 3063 Originum
1777 2997 1871 3052 lib.
1912 3015 1964 3066 v,

389 3095 508 3148 cap.
555 3079 624 3134 '58
661 3097 676 3141 _:
718 3097 739 3133 ι
781 3080 1015 3147 Ᾰζνιιιιι,
1069 3083 1278 3153 inquit,
1347 3094 1432 3140 est
1497 3098 1628 3141 aetas
1684 3099 1959 3158 perpetua,
1992 3115 2033 3173 ο

390 3172 546 3240 cujus
578 3187 755 3242 neque
813 3174 1050 3242 initium,
1103 3189 1280 3246 neque
1327 3179 1646 3234 extremitas
1699 3183 1958 3243 nascitur,

390 3265 533 3330 quod
563 3264 737 3320 Graeci
765 3266 940 3320 αἰῶνα
963 3276 1178 3334 vocant,
1208 3269 1350 3337 quod
1382 3268 1675 3334 aliquando
1703 3275 1842 3341 apud
1873 3290 1965 3330 eos

391 3369 492 3420 pro
517 3355 735 3418 saeculo,
765 3355 1055 3424 aliquando
1088 3371 1186 3426 pro
1210 3369 1422 3412 aeterno
1450 3361 1691 3428 ponitur.
1736 3360 1890 3416 Unde
1912 3374 1967 3418 et

391 3448 532 3517 apud
562 3445 785 3501 Latinos
812 3457 893 3501 est
927 3449 1248 3503 derivatum.
1271 3467 1288 3500 ι
1332 3449 1657 3507 Posterioris
1691 3454 1965 3524 signiﬁca-

391 3538 557 3594 tionis
591 3539 744 3592 testis
787 3538 1040 3594 Horatius
1083 3539 1318 3594 Carmin.
1359 3542 1452 3596 lib.
1494 3558 1552 3606 ιι,
1600 3545 1688 3598 od.
1727 3546 1783 3609 9,
1819 3562 1960 3601 vers.

391 3629 478 3693 15,
512 3629 600 3685 ubi
634 3640 713 3684 ter
739 3647 844 3684 (evo
903 3629 1144 3686 functum
1195 3629 1475 3686 Nestorem
1518 3635 1678 3698 dicit,
1717 3638 1806 3705 qui
1855 3647 1970 3691 tres-

390 3722 587 3791 γενεὰς
626 3733 975 3788 excesserat,
1031 3724 1134 3778 hoc
1167 3733 1249 3779 est
1273 3725 1341 3780 90
1364 3740 1556 3780 annos.
1599 3727 1741 3782 Idem
1789 3743 1962 3784 aevum

388 3832 485 3886 pro
505 3826 747 3886 tempore
774 3826 1002 3885 usurpat
1023 3817 1182 3886 epist.
1220 3817 1272 3882 1,
1304 3817 1395 3872 lib.
1427 3833 1490 3882 ll,
1515 3832 1657 3875 vers.
1688 3819 1811 3883 159.
1841 3836 1962 3875 cum

387 3906 461 3959 sit
485 3906 710 3974 vestigia
736 3907 876 3961 ruris
918 3907 971 3960 in
1015 3907 1228 3976 longum
1275 3922 1445 3961 aevum
1489 3909 1773 3963 mansisse.
1811 3909 1964 3979 Smpe

386 4011 487 4066 pro
513 4007 674 4052 aetate
721 3997 1034 4060 adhibetur,
1094 4002 1237 4052 unde
1290 3997 1575 4068 longaevus,
1627 4001 1959 4070 grandwvus,

389 4105 614 4143 coaevus.
645 4088 729 4143 Ab
756 4107 886 4155 tevo,
911 4091 1116 4154 (cvitas,
1142 4097 1198 4145 et
1228 4104 1324 4159 per
1352 4093 1774 4147 contractionem
1802 4104 1960 4146 (etas:

387 4179 543 4249 cujus
583 4181 723 4235 idem
756 4190 837 4236 est
879 4181 1184 4235 intellectus
1217 4196 1278 4236 ac
1315 4183 1433 4245 a'vi,
1473 4199 1596 4236 nam
1636 4183 1795 4238 modo
1827 4194 1966 4239 tem-

386 4289 488 4343 pus
548 4281 831 4336 acternum,
892 4273 1053 4328 modo
1120 4274 1595 4346 circumscriptum
1631 4277 1828 4347 signat.
1878 4278 1961 4332 Ab

385 4382 494 4420 mo
536 4365 719 4419 itidem
774 4366 1086 4431 writernus,
1127 4376 1182 4421 et
1239 4383 1336 4436 per
1388 4384 1661 4440 syncopen
1703 4381 1961 4438 wlernus;

2091 523 2234 590 quod
2262 524 2418 578 nobis
2439 540 2634 594 parum
2656 524 2856 594 liquido
2881 537 3005 580 nota
3037 528 3144 582 sint
3166 527 3458 595 praeterita,
3477 525 3663 580 futura

2089 627 2220 666 vero
2275 615 2489 681 penitus
2549 616 2762 685 ignota;
2829 617 2910 671 vel
2945 619 3087 687 quod
3139 628 3347 686 tempus
3400 618 3566 670 tacite
3610 626 3668 671 et

2089 705 2298 761 occulte
2323 708 2600 776 subrepat.
2649 708 2868 764 Diceres
2899 710 3136 765 ad-banc
3174 710 3432 779 originem
3475 723 3666 776 respe-

2089 797 2235 853 xisse
2297 798 2578 856 Horatium
2618 817 2742 857 cum
2781 804 2997 871 scripsit
3049 804 3142 859 lib.
3181 820 3222 871 I,
3263 804 3348 859 od.
3376 803 3466 868 12,
3508 816 3661 858 vers.

2087 885 2214 939 45:

2371 978 2569 1050 Crescit
2605 982 2828 1042 occulto,
2856 981 2992 1036 velut
3021 981 3198 1050 arbor,
3241 999 3369 1047 eoo,

2372 1049 2543 1103 Fama
2575 1051 2849 1117 Marcelli;

2085 1169 2137 1214 et
2168 1158 2435 1228 Ovidium,
2467 1161 2682 1220 Metam.
2712 1179 2767 1230 x,
2805 1178 2951 1220 vers.
2987 1165 3128 1220 5l9:

2363 1248 2586 1304 Labitur
2616 1253 2838 1315 occulte,
2886 1252 3126 1323 fallitque
3147 1253 3374 1307 volatilis
3404 1259 3556 1308 tetas.

2085 1335 2241 1393 Valet
2277 1340 2342 1393 ad
2377 1341 2711 1410 superiorum
2734 1342 3224 1405 confirmationem,
3253 1341 3393 1410 quod
3426 1340 3655 1394 habetur

2087 1429 2380 1486 Deuteron.
2413 1447 2503 1495 xv,
2533 1432 2621 1499 l7,
2661 1434 2728 1487 de
2751 1433 2970 1487 nomine
3000 1434 3088 1502 qui
3130 1433 3262 1488 sein
3297 1433 3652 1487 voluntariam

2084 1530 2137 1575 et
2158 1531 2415 1577 aeternam
2440 1524 2760 1578 servitutem
2792 1525 3066 1592 mancipat
3099 1541 3112 1578 :
3147 1541 3167 1575 ι
3200 1524 3455 1578 Assumes
3488 1523 3654 1577 subu-

2083 1613 2211 1678 lam,
2268 1624 2322 1670 et
2371 1614 2674 1685 perforabis
2735 1629 2920 1670 aurem
2969 1614 3086 1684 ejus
3137 1616 3190 1669 iu
3246 1615 3408 1682 ianua
3461 1615 3655 1667 domus

2080 1715 2205 1769 tuae,
2265 1716 2314 1760 et
2377 1707 2577 1761 serviet
2624 1707 2718 1761 tibi
2775 1721 2949 1776 usque
2987 1709 3041 1762 in
3093 1717 3375 1761 aeternum.
3407 1723 3424 1756 ι
3485 1703 3652 1757 Hebr.

2080 1780 2218 1861 ε’πθ
2247 1807 2346 1862 Ἐν
2373 1782 2466 1883 ῙΙἏἾ
2493 1807 2596 1857 ππ.
2627 1797 2790 1864 LXX,
2815 1799 2908 1852 xui.
2937 1799 3086 1852 ἔσται
3109 1816 3189 1852 σοι
3215 1797 3428 1867 οἰκέτης
3460 1797 3537 1857 εἰς
3561 1794 3656 1846 τὸν

2078 1887 2268 1940 αἰῶνα.
2323 1889 2424 1942 Cui
2464 1889 2642 1943 simile
2681 1889 2810 1943 illud
2871 1888 3080 1945 Horatii
3141 1891 3231 1947 lib.
3284 1905 3322 1951 ι,
3362 1889 3521 1956 epist.
3557 1886 3654 1939 1οο

2069 1993 2210 2032 vers.
2257 1980 2320 2032 41
2367 1996 2381 2031 :

2243 2069 2446 2125 Serviet
2471 2080 2724 2125 aeternum
2745 2111 2760 2135 ,
2799 2073 2922 2141 quia
2967 2087 3130 2139 parvo
3162 2071 3343 2124 nesciit
3370 2068 3468 2122 uti.

2069 2157 2215 2214 Utile
2242 2161 2410 2216 etiam
2439 2163 2540 2216 hoc
2568 2161 2881 2233 Hieronymi
2913 2164 2965 2216 in
3013 2161 3295 2216 Ezechielis
3324 2178 3443 2230 cap.
3488 2173 3652 2212 xxvi.

2077 2265 2217 2305 vers.
2246 2251 2345 2305 ult.
2377 2271 2388 2304 :
2425 2268 2444 2302 ι
2471 2249 2537 2304 Ει
2568 2252 2709 2304 ultra
2741 2268 2845 2304 non
2876 2253 2979 2306 eris
3025 2253 3080 2304 in
3099 2255 3464 2318 sempiternum
3491 2263 3510 2301 :
3534 2250 3654 2304 sive

2067 2351 2126 2397 ut
2159 2343 2213 2399 in
2255 2343 2516 2400 Hebraico
2553 2329 2726 2412 ὢν,
2765 2357 2822 2400 et
2875 2346 2929 2401 in
2971 2346 3158 2401 Graeco
3192 2343 3325 2398 αἰὼν
3365 2344 3652 2406 scribitur,

2068 2453 2231 2492 unum
2300 2438 2554 2493 steculum
2614 2440 2906 2510 signiﬁcat,
2959 2439 3113 2509 juxta
3162 2439 3293 2494 illud
3329 2438 3501 2500 Isaia,
3551 2438 3652 2508 qui

2071 2541 2193 2600 post
2229 2532 2562 2601 septuaginta
2589 2546 2761 2586 annos
2790 2531 2919 2586 dicit
2942 2531 3141 2603 Tyrum
3174 2531 3556 2586 restituendam
3589 2531 3645 2583 in

2066 2623 2334 2692 integrum
2352 2631 2571 2677 statum.
2595 2624 2760 2677 Aiunt
2779 2635 2954 2678 autem
2976 2639 3138 2678 unum
3159 2622 3434 2687 saeculum,
3466 2622 3516 2674 id
3539 2629 3648 2684 est,

2067 2715 2316 2768 humanm
2373 2723 2582 2783 tempus
2626 2715 2802 2770 anatis
2848 2714 3184 2785 septuaginta
3231 2727 3496 2766 annorum
3547 2726 3650 2764 nu-

2070 2815 2220 2855 mero
2263 2803 2566 2871 supputari,
2600 2802 2885 2859 Psalmista
2931 2805 3151 2859 dicente
3183 2821 3197 2856 :
3235 2801 3355 2856 Dies
3384 2816 3647 2855 annorum

2069 2902 2367 2946 nostrorum
2397 2893 2454 2946 in
2480 2893 2606 2961 ipsis
2635 2895 2965 2963 septuaginta
2997 2896 3124 2948 anni
3153 2895 3196 2926 ⁵⁷
3224 2911 3238 2950 :
3271 2911 3290 2945 ι
3327 2902 3382 2947 et
3418 2890 3560 2944 istud
3589 2892 3648 2942 in

2067 2981 2247 3040 Galat.
2279 2999 2295 3038 t
2336 3003 2348 3038 :
2380 3001 2400 3036 ι
2429 2985 2486 3039 ln
2516 2984 2743 3041 Hebrmo
2795 2989 3041 3041 smcutam
3063 3026 3079 3050 ,
3133 2986 3185 3040 id
3225 2994 3308 3040 est
3343 2967 3503 3049 EST},
3554 2983 3649 3036 ubi

2066 3081 2088 3132 Ὶ
2125 3073 2356 3128 litteram
2381 3074 2613 3144 positam
2645 3076 2922 3139 habuerit,
2963 3077 3308 3131 wternitatem
3347 3074 3646 3145 signiﬁcat:

2068 3166 2155 3220 ubi
2209 3181 2336 3221 vero
2380 3167 2849 3234 siue'lscribitur,
2892 3186 3088 3222 annum
3131 3170 3644 3237 quinquagesimum,

2066 3272 2223 3329 quem
2256 3258 2330 3313 illi
2359 3256 2644 3313 Jubilaaum
2670 3268 2884 3314 vocant.
2909 3279 2928 3312 ι
2971 3260 3117 3312 Αιὼν
3159 3276 3288 3315 vero
3319 3276 3426 3314 non
3457 3261 3642 3314 inﬁni-

2067 3361 2177 3405 tum
2206 3359 2418 3421 tempus
2439 3393 2455 3418 ,
2491 3353 2585 3408 sed
2625 3353 2957 3407 indeﬁnitum
2993 3353 3262 3424 signiﬁcat
3295 3355 3346 3408 in
3379 3353 3496 3408 istis
3533 3352 3646 3407 Lu-

2066 3457 2143 3498 cae
2171 3459 2210 3510 ι,
2242 3443 2356 3498 53:
2399 3461 2417 3494 ‹
2443 3444 2509 3498 Ει
2564 3446 2810 3513 regnabit
2865 3447 2918 3501 in
2971 3447 3131 3501 domo
3169 3443 3336 3502 Jacob
3386 3446 3440 3500 in
3481 3455 3647 3500 arter-

2067 3550 2211 3597 num,
2242 3553 2262 3587 ι
2287 3536 2365 3598 εἰς
2386 3537 2511 3598 τοὺς
2534 3536 2736 3600 αἰῶνας
2757 3553 2771 3567 ο
2811 3551 2934 3592 nam
2963 3537 3006 3592 si
3035 3537 3086 3592 id
3121 3539 3355 3608 spatium
3388 3539 3647 3608 temporis

2066 3626 2474 3681 interminatum
2497 3629 2844 3697 exprimeret,
2873 3644 3131 3698 quorsum
3157 3630 3480 3685 adderetur:
3525 3650 3544 3683 ι
3574 3631 3649 3685 Ει

2068 3718 2216 3786 regni
2249 3719 2365 3787 ejus
2401 3735 2505 3772 non
2531 3721 2635 3774 erit
2666 3720 2808 3778 ﬁnis.
2837 3739 2856 3772 ι
2892 3721 2946 3776 ld
2982 3722 3083 3776 sibi
3121 3723 3233 3776 vult
3277 3737 3408 3791 ergo
3439 3721 3645 3789 Lucas,

2067 3811 2179 3865 sive
2208 3811 2390 3879 potius
2413 3811 2628 3867 Gabriel
2657 3829 2670 3868 :
2701 3812 2976 3870 Obtinebit
3006 3814 3096 3868 ille
3127 3815 3340 3884 quidem
3381 3817 3432 3869 in
3477 3818 3648 3874 domo

2066 3899 2232 3956 Jacob
2271 3915 2492 3971 regnum
2524 3902 2838 3957 diuturnum
2865 3945 2880 3970 ,
2913 3919 2976 3960 ac
3003 3906 3150 3960 nullo
3184 3906 3290 3960 ﬁne
3315 3908 3642 3964 cariturum.

2068 3992 2220 4061 Saepe
2268 3993 2430 4062 igitur
2475 3994 2566 4048 τὸν
2617 3994 2788 4049 αἰῶνα
2826 3996 3034 4064 τοῦτον,
3086 4013 3185 4067 pro
3215 4001 3464 4068 praesenti
3508 4013 3646 4055 tem-

2065 4089 2292 4150 pore,'et
2321 4085 2411 4138 τὸν
2441 4085 2613 4139 αἰῶνα
2643 4088 2953 4158 ἐρχόμενον,
2984 4104 3048 4142 ac
3070 4091 3197 4153 τοὺς
3228 4091 3433 4154 αἰῶνας
3467 4093 3643 4163 ἐπερ-

2065 4176 2349 4245 χομένους,
2377 4192 2474 4245 pro
2505 4180 2705 4244 futuro,
2730 4183 2782 4234 in
2815 4181 2962 4236 Novo
2989 4180 3347 4238 lnstrumento
3375 4187 3640 4253 reperias.

2064 4266 2190 4320 Inde
2221 4268 2482 4340 Origenes
2521 4272 2708 4327 homil.
2737 4273 2770 4327 6
2799 4274 2854 4327 in
2883 4273 3087 4339 Exod.,
3121 4290 3268 4332 num.
3302 4276 3371 4329 15
3399 4294 3412 4327 :
3456 4296 3476 4329 ι
3500 4277 3644 4342 Quo-

2067 4360 2171 4416 ties
2198 4363 2252 4416 in
2283 4365 2531 4418 saxulum
2555 4365 2773 4428 dicitur,
2807 4367 3082 4435 longitudo
3119 4367 3332 4435 quidem
3355 4371 3640 4436 temporis,

384 4473 489 4526 qua
521 4472 652 4512 voce
692 4468 901 4527 tempus
932 4459 1095 4513 etiam
1135 4460 1340 4513 ﬁnitum
1381 4460 1670 4530 aliquando
1692 4464 1951 4532 exprimi-
1985 4454 2028 4507 D
2057 4458 2150 4511 sed
2164 4471 2282 4512 esse
2299 4457 2421 4512 linis
2443 4458 2638 4527 aliquis
2661 4459 2928 4513 indicatur
2959 4477 2974 4514 :
3002 4469 3057 4515 et
3079 4460 3194 4514 siin
3217 4461 3364 4513 aliud
3382 4462 3641 4514 saxulum

388 4559 494 4602 tur.
532 4548 775 4603 Notabile
806 4549 936 4603 illud
959 4549 1239 4604 Ciceronis
1262 4549 1355 4606 lib.
1383 4565 1444 4604 ιιι
1473 4549 1550 4606 De
1571 4563 1704 4608 orat.
1746 4569 1765 4607 :
1800 4572 1818 4604 ι
1838 4553 1968 4608 Nul-

385 4641 495 4694 lum
535 4651 621 4695 est
666 4642 810 4696 enim
858 4655 1027 4710 genus
1064 4654 1273 4706 rerum,
1318 4641 1462 4710 quod
1505 4652 1600 4698 aut
1646 4644 1888 4700 avulsum
1934 4661 1963 4700 a

386 4733 595 4786 caeteris
639 4748 736 4801 per
762 4746 820 4787 se
855 4733 1023 4801 ipsum
1061 4741 1312 4788 constare
1335 4773 1350 4799 ,
1401 4741 1493 4786 aut
1525 4748 1633 4804 quo
1681 4749 1877 4790 caetera
1917 4737 1961 4790 si

385 4832 632 4891 careant,
679 4825 787 4878 vim
846 4840 995 4879 suam
1043 4836 1204 4895 atque
1243 4825 1601 4880 aeternitatem
1638 4841 1964 4883 conservare

384 4919 615 4986 possint.
647 4935 667 4968 ι
697 4917 895 4972 Errant
921 4918 1098 4982 multi,
1138 4920 1265 4972 item
1305 4919 1469 4984 docti,
1509 4927 1561 4974 et
1590 4919 1956 4989 etymologica:

386 5007 520 5061 artis
550 5008 844 5076 principes,
877 5011 965 5077 qui
1001 5010 1067 5064 ab
1093 5021 1318 5064 wlernus
1353 5009 1550 5064 factum
1586 5019 1773 5080 putant
1815 5028 1954 5064 sem-

387 5099 652 5166 piternus.
687 5097 968 5168 Repugnat
998 5101 1246 5155 modulus
1276 5101 1499 5173 syllaba:
1538 5102 1805 5167 secnndaz,
1836 5117 1956 5170 qua:

383 5189 697 5258 corripitur.
741 5190 1098 5257 Sempiternus
1151 5196 1208 5248 lit
1246 5210 1274 5247 a
1317 5209 1552 5258 semper;
1607 5201 1665 5249 ut
1710 5194 1778 5249 ab
1815 5193 1951 5258 heri,

383 5281 675 5345 hesternas,
708 5296 736 5334 a
769 5281 882 5346 diu,
917 5283 1173 5348 diurnus,
1205 5295 1423 5340 auctore
1455 5283 1756 5339 Prisciano.
1799 5284 1953 5350 Quod

383 5371 518 5426 αἰὼν
545 5375 684 5444 apud
709 5373 944 5440 Gnaeos,
979 5390 1144 5427 a'vttm
1186 5377 1324 5440 apud
1359 5375 1605 5440 Latinos,
1634 5376 1776 5430 idem
1812 5377 1954 5445 apud

386 5463 641 5520 Hebraeos
702 5465 972 5534 signiﬁcat
1011 5451 1184 5532 εὕδω,
1227 5479 1445 5538 tempus,
1493 5469 1767 5533 steeulum,
1797 5477 1952 5521 teter-

386 5557 560 5615 nitas:
590 5574 622 5613 a
655 5559 838 5614 radice
876 5543 1013 5624 οὓς,
1047 5562 1188 5629 quod
1218 5571 1320 5626 est,
1377 5567 1712 5627 abscondere,
1745 5562 1910 5618 latere
1934 5576 1953 5615 :

2067 4547 2305 4616 dicatur,
2336 4550 2531 4618 aliquis
2557 4551 2675 4605 sine
2701 4551 2864 4606 dubio
2898 4552 3106 4619 longior
3142 4553 3361 4621 quidem
3383 4592 3399 4615 ,
3453 4563 3638 4607 tamen

2063 4640 2278 4705 ponitur
2327 4640 2492 4696 ﬁnis:
2531 4652 2584 4695 et
2611 4643 2819 4710 quoties
2861 4643 3054 4696 swcula
3091 4643 3410 4697 saeculorum
3461 4646 3641 4698 nomi-

2063 4740 2281 4796 nantur,
2319 4731 2545 4787 fortasse
2578 4733 2701 4787 licet
2733 4733 2945 4802 ignotus
2977 4735 3165 4799 nobis,
3219 4744 3397 4789 tamen
3446 4751 3475 4789 a
3531 4738 3638 4792 Deo

2063 4830 2296 4876 statutus
2349 4823 2544 4891 aliquis
2598 4825 2858 4879 terminus
2908 4825 3268 4891 indicatur“
3337 4834 3392 4879 et
3444 4825 3538 4882 lib.
3595 4843 3634 4880 ιι

2061 4914 2201 4982 Περὶ
2233 4913 2451 4984 ἀρχῶν,
2507 4931 2626 4984 cap.
2668 4917 2720 4980 3,
2777 4932 2920 4970 num.
2955 4917 2989 4971 5
3019 4931 3035 4971 :
3062 4935 3081 4968 ι
3111 4917 3288 4972 Movet
3340 4927 3524 4973 autem
3580 4920 3635 4973 in

2061 5008 2165 5062 hoc
2210 5008 2502 5079 Scripturae
2565 5021 2768 5065 sancta:
2819 5013 3144 5077 auctoritas,
3193 5027 3312 5080 quae
3358 5013 3536 5067 dicit:
3567 5012 3634 5067 In

2060 5101 2311 5156 saxulum
2343 5111 2391 5155 et
2441 5103 2615 5156 adhuc
2658 5103 2725 5155 ⁵⁸.
2777 5104 2843 5155 Et
2892 5104 3064 5157 adhuc
3107 5103 3248 5158 enim
3297 5105 3442 5171 quod
3478 5104 3629 5166 dicit,

2060 5193 2180 5262 plus
2202 5192 2401 5262 aliquid
2435 5193 2549 5246 sine
2583 5194 2744 5249 dubio
2771 5208 2928 5262 quam
2953 5195 3206 5249 saeculum
3241 5195 3348 5248 vult
3381 5195 3627 5264 intelligi.

2063 5281 2128 5335 Et
2161 5283 2278 5337 vide
2306 5297 2373 5338 ne
2401 5281 2530 5337 illud
2572 5284 2715 5352 quod
2754 5285 2884 5339 dicit
2911 5285 3158 5339 Salvator
3189 5284 3315 5353 quia
3365 5285 3481 5338 colo
3505 5324 3520 5347 ,
3570 5293 3630 5337 ut

2060 5375 2148 5427 ubi
2184 5391 2276 5444 ego
2305 5391 2442 5439 sum,
2485 5383 2536 5428 et
2569 5377 2656 5428 isti
2681 5376 2783 5428 sint
2819 5392 3056 5441 mecum;
3103 5386 3151 5430 et
3184 5377 3317 5430 sicut
3349 5393 3444 5444 ego
3487 5387 3537 5429 et
3571 5388 3630 5428 tu

2062 5485 2223 5521 unum
2249 5483 2451 5530 sumus,
2483 5477 2532 5521 et
2566 5470 2651 5522 isti
2671 5471 2776 5523 sint
2811 5471 2866 5522 in
2915 5470 3064 5523 nobis
3113 5485 3274 5523 unum
3321 5470 3388 5532 ”,
3443 5478 3631 5524 osten~

2061 5562 2190 5615 dere
2229 5560 2476 5615 videatur
2511 5560 2634 5630 plus
2673 5560 2871 5632 aliquid
2919 5576 3081 5631 quam
3125 5571 3212 5618 est
3260 5559 3514 5618 saeculum
3567 5565 3631 5617 et

454 5734 498 5766 ³⁷
529 5733 673 5791 Psal.
709 5751 931 5807 Lxxm,
969 5737 1052 5792 l0.
1131 5738 1174 5770 ⁵⁸
1214 5735 1382 5793 Exod.
1419 5751 1504 5806 xv,
1545 5736 1631 5794 l8.
1710 5739 1754 5774 "
1791 5736 1945 5795 Joan.
1984 5751 2118 5803 xvn,
2157 5737 2344 5793 ει-ἓι.
