3860 6226
215 312 357 370 1045

1028 311 1599 371 OBIGENIANORUM
1640 309 1768 366 LIB.
1808 309 1874 376 ll,
1910 310 2062 367 CAP.
2103 311 2166 379 ll,
2201 310 2477 380 QUIEST.
2515 312 2605 369 XL

3295 317 3429 374 1016

205 431 443 497 saecula;
480 430 617 486 forte
648 432 811 486 etiam
848 432 966 503 plus
994 448 1154 502 quam
1193 442 1276 488 est
1306 433 1501 488 smcula
1544 433 1762 489 saeculo-
1794 436 1849 493 Δ
1872 432 2089 498 abeam,
2123 432 2354 487 dicimus
2400 442 2661 488 aeternum
2706 431 2896 497 Deum,
2943 446 3046 487 non
3088 434 3271 502 utique
3299 436 3430 491 istas

204 537 370 587 rum;
416 522 469 577 id
510 522 785 588 videlicet,
831 538 951 577 cum
993 524 1102 593 jam
1155 539 1261 579 non
1311 526 1365 579 in
1414 524 1609 579 saeculo
1648 535 1773 581 sunt

202 612 407 675 omnia,
449 612 540 666 sed
572 612 625 666 in
658 613 906 667 omnibus
943 614 1099 671 Deus.
1134 634 1152 667 ι
1185 614 1349 684 Igitur
1379 630 1552 685 neque
1577 616 1634 669 in
1670 632 1772 671 ue-

202 700 408 766 cuium,
444 715 619 770 neque
646 701 701 754 in
725 702 921 755 saecula
943 703 1254 761 saeculorum
1283 704 1512 774 spatium
1538 704 1773 761 intermi-

202 797 391 844 natum
445 789 753 860 signiﬁcare
786 790 954 846 voluit
976 790 1271 863 ;0rigeues.
1327 794 1589 861 Quorsum
1642 809 1772 864 ergo

203 881 572 936 aitCaPsarius
612 882 752 937 Dial.
778 897 839 937 tu
885 884 1225 940 existimasse
1258 885 1404 941 illum
1448 886 1655 941 ﬁnitum
1704 887 1771 942 iri

202 971 461 1041 supplicia
501 974 872 1027 damnatorum
896 1014 912 1038 ,
948 974 1014 1027 ἐκ
1047 975 1141 1028 τοῦ
1172 975 1386 1031 αἰώνιον
1421 977 1578 1047 μόνον
1602 978 1771 1049 φῆσαι

201 1066 295 1119 τὸν
344 1064 547 1137 Κύριον
599 1066 658 1119 τὸ
691 1066 1043 1137 κολαστήριον
1088 1066 1219 1141 πῦρ,
1274 1068 1368 1121 καὶ
1413 1069 1512 1121 οὐκ
1555 1068 1770 1125 αἰώνιον

202 1154 435 1209 αἰώνωνο
472 1157 664 1224 «Quod
714 1168 975 1211 aeternum
1026 1166 1232 1213 tantum
1270 1159 1466 1215 dixerit
1512 1161 1770 1218 Dominus

199 1248 528 1316 piacularem
560 1248 759 1319 ignem,
790 1264 894 1303 non
929 1258 1192 1303 aeternum
1230 1250 1282 1305 in
1307 1252 1587 1307 sacula?»
1623 1253 1769 1308 Asti-

198 1338 415 1408 pulatur
443 1340 808 1407 superioribus
837 1339 1093 1394 Leontius
1116 1339 1432 1410 Byzantius,
1458 1344 1547 1412 qui
1580 1342 1769 1413 Orige-

198 1432 370 1487 nistas
397 1431 575 1487 dicere
595 1432 689 1493 ait,
724 1432 805 1485 ὅτι
833 1432 894 1485 τὸ
922 1432 1016 1485 τοῦ
1042 1431 1252 1498 αἰῶνος
1278 1433 1447 1505 ὄνομα
1494 1435 1586 1489 ἐπὶ
1639 1436 1770 1507 ὠρι-

199 1522 401 1592 σμένου
432 1523 624 1594 χρόνου
662 1522 1018 1593 λαμϐάνεται,
1064 1524 1159 1578 καὶ
1196 1525 1324 1579 ὅταν
1352 1528 1481 1599 εἴπῃ
1512 1528 1546 1598 ἡ
1581 1528 1769 1600 Γραφὴ

195 1614 281 1666 ὅτι
318 1613 508 1666 αἰωνία
535 1613 679 1666 ἐστὶν
707 1615 739 1683 ἡ
777 1613 1015 1678 κόλασις,
1045 1613 1118 1682 οὓς
1151 1613 1296 1683 λέγει
1326 1615 1376 1667 εἰ
1407 1616 1481 1686 μὴ
1506 1618 1603 1669 ἐπὶ
1640 1617 1769 1689 ὡρι-

199 1705 625 1777 σμένουιχρόνου.
655 1724 674 1757 ι
698 1705 902 1760 Nomen
925 1705 1120 1770 αἰῶνος
1136 1706 1201 1762 de
1220 1716 1460 1777 tempore
1484 1710 1769 1764 terminato

197 1772 462 1866 intelligi,
492 1810 547 1853 et
592 1813 713 1852 cum
760 1799 837 1852 ait
886 1797 1171 1866 Scriptura
1203 1772 1428 1852 αἰωνίαν
1455 1813 1574 1855 esse
1605 1801 1763 1870 pnni-
1798 1772 1843 1829 Β

200 1891 424 1954 tionem,
470 1890 679 1944 nonnisi
729 1890 936 1944 ﬁnitum
972 1900 1182 1959 tempus
1219 1889 1587 1961 signiﬁcare.»
1629 1892 1764 1946 'l‘um

197 1981 421 2044 fatetur,
454 1982 535 2035 ὅτι
566 1981 643 2052 τῷ
680 1982 794 2036 δντι
820 1982 883 2035 τὸ
924 1981 1017 2035 τοῦ
1058 1980 1271 2045 αἰῶνος
1296 1982 1465 2052 ὄνομα
1494 1982 1587 2036 καὶ
1618 1982 1767 2054 παρὰ

197 2074 311 2134 τοῖς
336 2071 458 2136 ἔξω,
494 2074 586 2126 καὶ
618 2072 766 2143 παρὰ
797 2076 863 2143 τῇ
896 2073 1083 2144 Γραφῇ
1119 2072 1377 2135 πολλάκις
1410 2073 1502 2125 ἐπὶ
1526 2072 1766 2143 ὡρισμὲοο

196 2178 292 2214 νου
326 2163 519 2233 χρόνου
550 2162 900 2233 λαμϐάνεται·
941 2182 960 2215 ‹
989 2163 1198 2218 Revera
1222 2177 1414 2216 nomen
1472 2163 1683 2226 αἰῶνος,
1711 2171 1767 2218 et

197 2254 340 2321 apud
362 2254 616 2323 profanos
646 2262 921 2320 auctores,
962 2262 1017 2308 et
1058 2255 1110 2308 in
1161 2252 1443 2323 Scriptura
1479 2268 1621 2323 saepe
1668 2270 1765 2323 pro

198 2345 355 2398 ﬁnito
392 2354 628 2414 tempore
666 2347 825 2401 sumi.
851 2365 870 2398 ›
917 2345 1227 2413 Subjectam
1285 2359 1415 2399 vero
1455 2343 1763 2416 Origeniaui

199 2435 361 2504 hujus
401 2436 669 2505 dogmatis
709 2436 1133 2492 confutationem
1181 2437 1250 2492 ab
1280 2437 1400 2492 aliis
1420 2436 1530 2507 jam
1564 2436 1765 2492 contri-

199 2536 309 2580 tam
336 2528 638 2596 usurpavit.

228 2617 534 2673 .Primitivi
592 2620 673 2674 sui
732 2620 1065 2676 notationem
1119 2636 1466 2693 repraesentat
1525 2626 1763 2696 αἰώνιος,

197 2724 311 2765 rem
347 2710 590 2766 iudicans
616 2713 937 2783 quandoque
964 2714 1160 2768 inﬁniti
1190 2719 1480 2784 temporis;
1511 2719 1758 2786 quando-

195 2816 303 2872 que
344 2818 456 2858 rem
490 2805 624 2857 certi
660 2807 917 2875 temporis
963 2816 1021 2861 et
1072 2810 1369 2865 terminati.
1426 2810 1764 2882 Quapropter

194 2893 480 2950 szeculares
502 2893 655 2949 ludos
675 2898 917 2952 centenis
949 2897 1061 2953 fere
1088 2899 1390 2971 quibusque
1421 2913 1757 2959 recurrentes

193 2985 374 3049 annis,
409 2986 661 3050 αἰωνίους
685 2985 858 3041 Grmci
890 2987 1100 3044 dixere.
1134 2989 1355 3045 Frustra
1382 3006 1509 3063 ergo
1550 2993 1604 3048 in
1643 2993 1761 3049 Ori-

190 3076 351 3148 genis
374 3077 602 3147 gratiam
626 3086 683 3132 et
722 3079 940 3133 tutelam
966 3095 1029 3135 ea
1063 3082 1401 3138 adducuntur
1428 3085 1759 3151 testimonia,
1789 3102 1835 3164 ρ

191 3170 249 3224 in
277 3168 474 3238 quibus
500 3167 769 3223 infernum
808 3170 1019 3240 ignem,
1069 3182 1331 3226 aeternum
1370 3173 1487 3229 fore
1531 3190 1767 3244 pronun-

195 3261 317 3325 tiat,
348 3260 431 3315 vel
461 3268 515 3314 ut
541 3259 725 3315 Griece
756 3264 1048 3329 scribebat,
1086 3263 1304 3318 αἰώνιον
1340 3267 1440 3320 hac
1471 3266 1612 3321 enim
1635 3279 1768 3320 voce

202 3352 447 3422 longum,
492 3353 584 3406 sed
633 3352 924 3407 ﬁniendum
953 3363 1165 3424 tempus
1206 3356 1490 3413 intellexit.
1544 3356 1765 3424 Qualem

195 3445 366 3514 igitur
394 3444 519 3498 huic
551 3445 809 3499 vocabulo
866 3445 1157 3517 allingebat
1192 3462 1433 3513 sensum,
1478 3448 1639 3502 talem
1688 3448 1763 3502 illi

198 3551 227 3590 a
260 3536 616 3605 scriptoribus
646 3539 819 3592 sacris
863 3536 1030 3592 fuisse
1059 3538 1286 3592 inditum
1328 3540 1606 3594 censebat.
1655 3539 1765 3594 Me-

200 3627 459 3680 moranda
484 3628 535 3679 in
560 3628 611 3679 id
640 3637 1018 3695 argumentum
1059 3626 1277 3693 scripsit
1324 3626 1658 3694 Augustinus
1677 3627 1761 3702 (in

193 3716 375 3772 libello
416 3729 598 3771 contra
644 3715 1081 3771 Priscillianistus
1132 3727 1180 3770 et
1233 3716 1593 3787 Origenistaa;
1642 3734 1763 3772 nam

193 3822 321 3863 cum
364 3809 428 3862 ad
458 3822 579 3861 eum
626 3807 1092 3860 Commonitorium
1144 3808 1455 3876 scripsisset
1518 3808 1763 3873 Orosius,

191 3899 339 3969 quod
373 3901 495 3955 huic
518 3900 802 3967 Augustini
830 3899 1086 3968 opuscqu
1120 3899 1322 3968 praeﬁgi
1348 3898 1516 3963 solet,
1558 3900 1612 3953 in
1657 3915 1764 3969 quo

186 3992 382 4061 jactari
413 4007 479 4047 ex
510 3990 760 4061 Origenis
798 3990 951 4047 libris
995 3990 1426 4059 conquerebatur
1470 4000 1761 4045 tartareum

192 4083 346 4137 illum
380 4084 580 4153 ignem,
611 4083 702 4152 qui
750 4090 984 4137 aeternus
1018 4081 1361 4149 praedicatur,
1419 4081 1609 4151 «.juxta
1647 4090 1764 4153 ety-

194 4174 483 4245 mologiam
511 4176 756 4230 Gnecam
781 4188 887 4229 non
918 4187 1039 4227 esse
1076 4179 1416 4241 perpetuum,
1450 4174 1610 4227 etiam
1657 4171 1765 4225 La-

193 4269 311 4321 tino
347 4268 651 4321 testimonio
691 4266 919 4334 adjecto,
956 4264 1079 4333 quia
1122 4264 1320 4318 dictum
1362 4264 1455 4327 sit,
1503 4262 1569 4316 In
1612 4276 1762 4317 teter-

191 4375 343 4423 num,
373 4367 428 4412 et
453 4357 516 4411 In
540 4358 787 4412 sarculum
815 4358 994 4410 saeculi
1009 4373 1029 4421 ;
1054 4373 1073 4407 ι
1123 4354 1407 4425 respondet
1430 4354 1761 4424 Augustinus

1873 526 2006 580 duas
2034 523 2382 580 brevissimas
2412 526 2668 596 syllabas,
2725 527 2827 580 sed
2849 528 2991 595 quod
3031 528 3113 583 eis
3156 528 3431 598 signiﬁca-

1871 624 1979 672 tur.
2011 635 2030 669 ι
2066 616 2233 683 Quasi
2255 631 2383 672 vero
2405 632 2527 672 cum
2555 619 2729 673 sancit
2751 619 2910 685 Deus,
2948 627 3009 674 ut
3030 619 3246 675 nonnisi
3274 620 3428 673 indu-

1870 716 1956 765 tus
1985 708 2140 765 lineis
2168 709 2511 765 feminalibus
2566 710 2967 766 tabernaculum
3004 712 3297 768 testimonii
3339 713 3425 766 in-

1869 798 2144 869 gredialur
2170 799 2391 865 Aaron;
2426 798 2700 868 additque,
2737 819 2756 851 t
2780 799 3101 869 Legitimum
3141 802 3427 870 sempiter-

1867 905 1996 944 num
2019 889 2123 945 erit
2158 892 2336 945 Aaron
2360 929 2377 957 ,
2420 901 2476 946 et
2514 890 2707 945 semini
2738 890 2853 960 ejus
2888 899 3007 959 post
3046 906 3169 949 eum
3200 891 3267 955 ⁶¹,
3303 910 3323 944 ι
3370 892 3425 948 id

1867 996 1975 1036 non
1999 982 2065 1037 ad
2097 983 2407 1037 mandatum
2438 982 2682 1051 proxime
2705 982 3029 1048 institutum,
3063 984 3156 1039 sed
3186 985 3251 1039 ad
3306 1001 3424 1056 my-

1870 1071 2104 1126 sterium
2141 1072 2395 1127 mandato
2423 1073 2528 1128 hoc
2560 1072 2913 1142 signiﬁcatum
2948 1074 3233 1144 pertineat.
3259 1075 3423 1142 Quasi

1877 1163 2003 1227 has,
2030 1178 2148 1231 quae
2170 1162 2413 1231 proxime
2440 1164 2657 1233 scriptae
2684 1173 2831 1229 sunt,
2874 1165 3109 1236 syllabas
3138 1165 3426 1236 legitimum

1866 1254 2229 1322 sempiternum
2249 1266 2369 1309 esse
2391 1253 2550 1321 velit;
2581 1270 2685 1310 non
2717 1266 3040 1325 praeceptum
3068 1256 3295 1327 syllabis
3317 1258 3423 1313 illis

1867 1342 2191 1409 institutum,
2218 1343 2395 1412 quoad
2419 1343 2677 1407 litteram,
2724 1360 2829 1400 non
2860 1346 3037 1414 quoad
3066 1349 3420 1419 anagogicum

1867 1448 2105 1489 sensum.
2136 1436 2272 1502 Quid
2298 1445 2384 1491 est
2421 1445 2599 1491 autem
2623 1435 2857 1492 litteram
2903 1439 3217 1505 destruere,
3249 1440 3295 1494 si
3322 1439 3425 1495 hoc

1868 1539 1974 1579 non
2009 1525 2137 1581 est?
2179 1525 2294 1581 Non
2324 1527 2499 1581 minus
2528 1529 2741 1583 validus
2760 1538 2846 1583 est
2891 1542 3121 1599 sequens
3161 1529 3311 1586 locus
3354 1544 3424 1585 ex

1868 1614 2043 1685 Epist.
2101 1617 2165 1671 ad
2212 1616 2317 1671 Tit.
2346 1633 2385 1684 ι,
2416 1618 2451 1670 2
2484 1640 2497 1675 ;
2528 1616 2732 1688 tSpem
2792 1619 2914 1674 vita:
2953 1628 3199 1686 aternte,
3259 1634 3422 1689 quam

1869 1707 2115 1774 promisit
2142 1723 2244 1762 non
2272 1709 2500 1763 mendax
2540 1709 2680 1763 Deus
2714 1719 2840 1763 ante
2865 1719 3102 1778 tempora
3123 1719 3323 1764 aeterna
3352 1728 3378 1764 :v
3396 1727 3414 1759 ι

1868 1796 2053 1853 Graece
2094 1797 2200 1869 πρὸ
2230 1787 2434 1871 χρόνων
2467 1799 2719 1855 αἰωνίων.
2756 1819 2775 1850 ι
2805 1799 2936 1855 Cum
2969 1808 3172 1863 autem,
3226 1800 3421 1869 inquit,

1868 1898 2161 1945 retrorsum
2193 1899 2430 1959 tempora
2482 1906 2511 1945 a
2566 1891 2946 1946 constitutione
2996 1891 3180 1946 mundi
3222 1890 3425 1947 habere

1866 1980 2146 2036 videantur
2186 1980 2418 2045 initium,
2458 1982 2726 2050 quomodo
2756 1990 2881 2036 sunt
2913 1989 3135 2046 aeterna,
3166 1982 3268 2038 nisi
3296 1982 3420 2051 quia

1865 2082 2063 2126 aeterna
2089 2072 2244 2138 dixit,
2274 2086 2392 2141 quae
2436 2081 2561 2127 ante
2604 2086 2665 2127 se
2704 2089 2808 2128 non
2850 2071 3052 2127 habent
3083 2072 3248 2127 ullum
3282 2080 3420 2128 tern-

1865 2163 2045 2231 pus?»
2104 2162 2264 2232 Atqui
2323 2161 2526 2216 nullum
2587 2162 2713 2219 licet
2768 2173 2975 2233 tempus
3034 2173 3272 2230 tempora
3330 2161 3420 2216 illa

1864 2254 2222 2323 praecesserit,
2279 2254 2347 2308 ab
2390 2255 2545 2309 initio
2584 2264 2765 2310 tamen
2809 2254 2991 2323 aliquo
3020 2252 3289 2323 proﬂuere
3332 2252 3419 2307 illa

1864 2343 2155 2413 aliquando
2186 2353 2505 2414 coeperunt;
2541 2360 2604 2399 ac
2636 2346 2863 2414 proinde
2891 2348 2958 2401 ab
2976 2345 3235 2401 anteriori
3268 2353 3423 2413 parte

1868 2432 2021 2487 ﬁnita
2049 2445 2196 2490 sunt.
2229 2435 2445 2490 inﬁrma
2476 2448 2556 2491 cst
2584 2438 2745 2508 igitur
2779 2446 3005 2507 utraque
3049 2436 3246 2493 solutio
3283 2437 3419 2501 haec,

1862 2535 1918 2579 et
1946 2526 2015 2579 ita
2046 2541 2179 2581 sane
2210 2529 2277 2582 ab
2299 2529 2595 2597 Augustino
2624 2531 2931 2598 proposita,
2972 2537 3031 2584 ut
3057 2544 3165 2584 non
3195 2529 3419 2583 multum

1863 2617 1915 2671 ei
1945 2616 2161 2671 innixus
2191 2619 2284 2674 sit.
2327 2619 2492 2674 Addit
2521 2619 2736 2682 deinde,
2794 2620 2848 2674 in
2901 2620 2994 2676 illo
3040 2621 3230 2676 Matth.
3288 2636 3419 2684 xxv,

1861 2708 1931 2764 46
1963 2727 1977 2763 :
2011 2709 2209 2765 «Ibunt
2260 2709 2335 2765 illi
2395 2710 2449 2765 in
2505 2710 2900 2767 ambustionem
2956 2721 3245 2777 aeternam,
3288 2713 3443 2782 justi~

1861 2811 2038 2857 autem
2065 2802 2118 2856 in
2161 2802 2324 2856 vitam
2359 2811 2615 2857 aeternam
2635 2843 2651 2868 ,
2682 2822 2702 2857 ι
2740 2818 2924 2872 parem
2960 2818 3080 2860 esse
3112 2805 3261 2860 vocis
3286 2803 3417 2859 αἰώ-

1863 2913 1973 2960 νιος
2013 2895 2296 2966 utrobique
2342 2897 2696 2960 notationem,
2742 2897 2858 2951 sive
2913 2911 3035 2951 cum
3085 2896 3206 2951 vitae
3245 2896 3414 2966 justis

1864 2988 2158 3057 promissae,
2181 2987 2294 3043 sive
2319 3003 2438 3043 cum
2467 2988 2573 3056 igni
2600 2986 3052 3043 malis’inferendo
3075 2986 3383 3058 adjungitur
3399 3004 3425 3056 ;

1864 3094 1928 3133 ac
1958 3079 2183 3148 proinde
2213 3079 2364 3149 ignes
2394 3078 2497 3133 ﬁne
2518 3078 2787 3134 carituros
2815 3077 3148 3145 signiﬁcarl,_
3165 3078 3419 3147 quoniam

1865 3169 2029 3223 vitam
2071 3168 2215 3222 illam
2258 3168 2365 3223 ﬁne
2409 3167 2701 3222 carituram
2754 3182 2821 3223 ex
2864 3168 3198 3237 aequoapud
3231 3181 3435 3222 omnes

1863 3269 2119 3326 constat;
2150 3260 2292 3328 quod
2321 3258 2459 3314 idem
2490 3259 2685 3330 legitur
2712 3273 2924 3328 quoque
2946 3257 3037 3312 lib.
3060 3273 3152 3311 xxi
3179 3256 3259 3311 De
3279 3257 3420 3311 civit.

1864 3350 1996 3417 Dei,
2035 3365 2157 3419 cap.
2198 3350 2292 3405 25.
2329 3350 2401 3405 At
2446 3350 2498 3405 id
2545 3365 2732 3418 parum
2775 3351 2993 3404 omnino
3042 3347 3181 3402 valet
3234 3355 3423 3403 contra

1864 3442 2170 3511 Origenem,
2201 3442 2290 3512 qui
2321 3451 2427 3495 tam
2461 3442 2736 3497 beatorum
2765 3440 3006 3497 felicitati
3037 3455 3197 3508 quant
3230 3439 3424 3509 impio—

1865 3549 1983 3588 rum
2004 3534 2331 3589 cruciatibus
2358 3535 2643 3588 terminum
2680 3534 3082 3604 prmscribebat.

1932 3625 2247 3694 Complures
2272 3626 2512 3681 vocabuli
2541 3626 2685 3680 αἰών
2718 3627 2965 3681 notiones
3000 3623 3253 3694 proponit
3293 3622 3425 3692 Ely-

1862 3716 2119 3785 mologus,
2152 3716 2310 3770 modo
2337 3716 2524 3780 vitam,
2551 3718 2707 3772 modo
2737 3717 2859 3772 vitm
2878 3726 3087 3783 tempus
3117 3716 3426 3784 signiﬁcan-

1864 3806 1963 3871 tis;
2000 3816 2112 3860 tutu
2142 3805 2256 3862 haec
2289 3809 2448 3862 habet
2478 3826 2495 3863 :
2524 3806 2666 3861 Αἰὼν
2703 3808 2795 3860 καὶ
2851 3809 2880 3859 ὁ
2924 3807 3031 3861 τῶν
3065 3806 3247 3876 χιλίων
3289 3806 3424 3860 ἐτῶν

1862 3894 2124 3966 ἀριθμός’
2160 3905 2214 3951 et
2246 3896 2404 3965 paulo
2446 3909 2605 3966 post:
2637 3896 2779 3951 Αἰὼν
2816 3897 3029 3967 λέγεται
3080 3899 3173 3951 καὶ
3207 3896 3255 3950 οἰ
3288 3896 3427 3950 ἑπτὰ

1862 3986 2053 4050 αἰῶνες
2073 3988 2179 4042 ἀπὸ
2210 3989 2307 4060 τῆς
2346 3988 2439 4042 τοῦ
2482 3990 2707 4062 οὐρανοῦ
2747 3990 2841 4044 καί⁹
2874 3991 2975 4062 γῆς
3014 3989 3239 4053 κτίσεως
3267 3991 3427 4062 μέχρι

1862 4079 1961 4149 τῆς
1987 4080 2170 4151 κοινῆς
2190 4079 2297 4133 τῶν
2321 4080 2618 4150 ἀνθρώπων
2658 4081 3024 4145 ἀναστάσεως.
3058 4081 3244 4136 Priore
3269 4084 3429 4137 modo

1862 4184 1991 4223 usus
2011 4176 2094 4222 est
2134 4185 2267 4223 voce
2295 4169 2431 4223 αἰὼν
2461 4170 2754 4239 Origenes,
2802 4186 2922 4225 cum
2970 4172 3106 4225 dixit
3147 4172 3429 4226 damnatos

1862 4262 2159 4316 cruciatum
2188 4261 2251 4315 iri
2291 4263 2358 4316 ad
2396 4263 2541 4318 mille
2578 4279 2767 4326 annos,
2813 4264 2859 4318 si
2893 4263 3051 4319 modo
3094 4278 3280 4317 revera
3308 4272 3431 4333 post

1860 4352 2009 4407 mille
2037 4368 2299 4408 annorum
2331 4354 2618 4409 decursum
2642 4356 2695 4410 in
2722 4356 2987 4424 integrum
3022 4355 3327 4409 restitutum
3356 4355 3426 4409 iri

190 4467 315 4519 cap.
350 4451 382 4505 6
407 4460 461 4504 et
488 4451 542 4515 7,
585 4448 854 4520 geminum
887 4462 1011 4502 esse
1049 4446 1377 4501 intellectum
1419 4448 1565 4503 vocis
1604 4446 1761 4513 αἰὼν,
1792 4440 1839 4501 D
1867 4446 2147 4500 daumatos
2193 4446 2444 4515 opinatus
2491 4454 2594 4511 est,
2649 4455 2707 4499 ut
2762 4460 2922 4513 supra
2976 4444 3247 4515 objectum
3297 4445 3347 4499 ei
3395 4460 3426 4498 a

192 4537 487 4605 aliquando
520 4536 774 4591 saeculum
801 4575 817 4599 ,
852 4534 1142 4603 aliquando
1185 4536 1538 4590 aeternitatem
1572 4545 1762 4591 notan-

192 4628 298 4695 tis;
325 4636 380 4682 at
405 4642 591 4682 vocem
619 4625 836 4689 αἰώνιος
869 4627 1027 4681 rebus
1068 4625 1177 4680 tine
1223 4626 1533 4681 carentibus
1564 4626 1764 4696 imponi

189 4718 392 4775 solere.
420 4718 573 4786 Quod
609 4718 680 4773 ita
716 4729 892 4773 tamen
925 4732 1031 4772 non
1064 4730 1185 4771 esse
1224 4727 1278 4772 et
1310 4732 1409 4772 nos
1448 4732 1608 4787 supra
1635 4733 1761 4787 pro-

191 4814 463 4879 bavimus,
505 4822 559 4867 et
587 4812 743 4867 facile
778 4814 1038 4881 probatur
1086 4827 1154 4865 ex
1203 4810 1410 4865 duobus
1469 4810 1764 4880 Scriptura:

192 4907 356 4971 locis,
390 4920 523 4973 quos
570 4904 669 4959 sibi
706 4903 1272 4973 objicitAugustinus,
1320 4911 1376 4957 et
1420 4900 1620 4958 frustra
1646 4941 1661 4969 ,
1715 4900 1762 4957 si

190 4997 323 5065 quid
378 4996 552 5059 video,
605 4994 816 5050 solvere
867 4994 1080 5062 satagit.
1143 4991 1298 5047 Prior
1357 4992 1653 5061 saepissime
1705 4991 1761 5046 in

193 5087 566 5142 Pcntateucho
600 5086 880 5150 occurrit,
920 5100 1043 5140 cum
1085 5082 1421 5137 caeremoniis
1463 5092 1519 5136 et
1569 5082 1761 5139 ritibus

188 5179 333 5249 legis
374 5179 609 5246 antiquae
653 5176 936 5242 institutis,
978 5175 1108 5230 dicit
1158 5173 1296 5227 Deus
1335 5188 1350 5226 :
1392 5191 1410 5224 ι
1443 5174 1556 5230 Hoc
1607 5176 1759 5231 vobis

191 5270 302 5326 erit
331 5269 628 5340 legitimum
653 5278 913 5323 aeternum
930 5266 998 5320 “.
1031 5286 1049 5318 ι
1085 5295 1155 5305 -
1186 5263 1553 5334 «Quanquam,
1584 5266 1758 5337 inquit

189 5363 548 5431 Augustinus,
610 5361 656 5416 si
701 5360 1013 5430 diligentius
1062 5359 1201 5415 dicta
1244 5358 1632 5427 intelligantur,
1692 5374 1757 5416 ea

190 5453 440 5519 fortassis
509 5467 631 5523 qua:
702 5452 808 5507 illis
875 5450 1232 5506 sacramentis
1293 5449 1759 5519 signiﬁcabantur,

195 5545 362 5603 ﬁnem
394 5560 501 5602 nou
548 5554 706 5603 erant
737 5546 1008 5603 habitura.
1067 5543 1143 5597 ita
1191 5541 1369 5608 enim,
1430 5558 1499 5599 ne
1548 5543 1759 5617 longius

269 5720 316 5755 ⁸⁸
342 5717 515 5782 Levit.
548 5737 658 5792 xvt,
690 5722 783 5793 ‘29,
822 5721 911 5778 54.
987 5721 1043 5753 η
1076 5720 1241 5777 Exod.
1274 5734 1466 5790 xxvm,
1491 5718 1580 5775 45.

1862 4533 2069 4591 Joanne
2126 4535 2462 4593 Damasceno
2521 4538 2922 4593 narrabamus:
2966 4538 3264 4607 posteriore
3318 4534 3429 4591 for-

1862 4636 2028 4692 tasse,
2052 4642 2174 4683 cum
2206 4628 2419 4684 eosdem
2448 4637 2643 4684 tortum
2687 4630 2767 4685 iri.
2784 4629 3062 4684 confessus
3089 4636 3172 4682 est
3190 4628 3269 4690 εἰς
3303 4626 3429 4690 τοὺς

1864 4719 2068 4782 αἰῶνας
2086 4718 2196 4772 τῶν
2220 4719 2452 4777 αἰώνων.
2476 4718 2741 4775 Catcrum
2773 4736 2879 4775 non
2908 4729 2989 4775 est
3014 4729 3209 4787 praeter
3237 4718 3425 4788 Orige-

1862 4807 1949 4863 nis
1972 4807 2279 4877 opinionem
2321 4808 2426 4863 alia
2459 4808 2574 4863 hzec
2604 4809 2849 4864 vocabuli
2897 4808 3030 4862 αἰὼν
3076 4807 3425 4877 signiﬁcatio,

1869 4911 2031 4966 quam
2063 4906 2212 4952 notat
2238 4898 2436 4954 ibidem
2469 4898 2814 4971 Etymologus
2852 4915 2871 4953 :
2924 4898 3067 4955 Att‘ov
3098 4901 3192 4954 καί
3216 4899 3426 4964 astato;

1870 4990 1965 5044 καὶ
2000 4990 2029 5041 ὁ
2051 4989 2429 5059 ἀτελεύτητοςο
2457 5008 2580 5046 nam
2616 5002 2746 5050 tom.
2786 5009 2955 5048 xxvm
2988 4995 3043 5047 in
3065 4993 3250 5057 Joan.,
3277 5010 3424 5049 num.

1868 5082 1923 5147 7,
1976 5082 2057 5146 εἰς
2103 5082 2293 5149 αἰῶνα,
2342 5084 2426 5138 vel
2471 5087 2549 5148 εἰς
2594 5084 2798 5149 αἰῶνας
2859 5085 3081 5156 intelligi
3150 5086 3259 5139 vult
3303 5084 3425 5141 Ori-

1866 5190 2049 5245 genes,
2101 5190 2197 5245 pro
2243 5191 2309 5231 eo
2356 5177 2496 5246 quod
2557 5187 2641 5232 est
2678 5177 2783 5230 ἀεί.
2833 5176 3008 5232 Verba
3067 5176 3185 5233 haec
3244 5186 3425 5235 sunt:

1867 5268 2128 5338 Ζητήσεις
2153 5268 2209 5321 δὲ
2229 5269 2357 5339 περὶ
2385 5267 2478 5321 τοῦ
2513 5267 2589 5340 μὴ
2619 5268 2962 5339 ἐνδεδυμένον
3002 5268 3201 5339 ἔνδυμα
3224 5268 3425 5340 γάμου,

1864 5361 1993 5433 περὶ
2024 5355 2084 5415 οὗ
2110 5362 2321 5433 εἴρηται
2341 5378 2356 5392 ·
2392 5363 2662 5434 Δήσαντες
2686 5361 2848 5415 αὑτὸν
2886 5361 3060 5417 ποδῶν
3090 5363 3185 5416 καὶ
3209 5363 3427 5433 χειρῶν,

1865 5452 2155 5507 ἐκϐάλλετε
2186 5454 2348 5508 αὐτὸν
2383 5456 2464 5519 εἰς
2500 5454 2560 5509 τὸ
2590 5456 2775 5519 σκότος
2801 5453 2862 5508 τὸ
2889 5453 3171 5524 ἐξώτερον,
3202 5454 3429 5523 πάτερον

1866 5543 1917 5597 εἰ
1947 5543 2034 5598 ἀεὶ
2060 5542 2208 5616 μένει
2230 5543 2531 5619 δεδεμένος,
2566 5545 2661 5603 καὶ
2698 5545 2757 5601 ἑν
2801 5543 2881 5617 τῷ
2926 5542 3173 5615 ὲξωτέΡφ
3207 5543 3424 5621 me:
