1930 3113
196 90 264 127 tc‘n

830 100 859 128 Ρ.
882 99 1040 128 DAMELIS
1057 99 1174 128 HUETII

1748 100 1830 128 1M8

195 158 228 183 οὔ
241 156 293 191 γὰρ
301 156 465 200 ⁸’πρόσκειται
482 156 527 182 τό·
539 157 591 189 Εἰς
610 157 662 183 τεν
684 157 776 185 αἰῶνα
787 178 795 191 ,
814 158 830 193 ἢ
845 159 897 192 Εἷς
913 158 980 191 τοὺς

1043 163 1089 185 ale
1106 163 1187 192 alque
1208 156 1368 189 concordia,
1391 156 1417 184 in
1432 164 1485 192 qua
1508 164 1523 183 a
1543 156 1598 185 Deo
1612 156 1739 192 primitus
1757 164 1830 192 pro-

195 202 314 233 αἰῶνας,
330 201 347 235 ἢ
363 200 508 236 λυθήσεταί
526 209 601 228 ποτε.
617 200 672 228 Nec
691 201 769 229 aliter
780 202 981 237 intelligendum

195 251 260 282 puto
286 247 457 278 vocabulum,
480 246 598 280 αἰώνιος,
624 248 671 274 lib.
700 255 738 274 vn
772 252 856 275 contr.
887 248 982 276 0913.:

202 293 272 320 Ἀλλ’
293 292 348 319 οὐδ’
373 292 512 319 ἀκίνδυνον
531 292 579 327 τὴν
604 291 658 319 τῶν
682 293 808 319 τοιούτων
834 294 982 329 σαφήνειαν

196 339 339 366 πιστεῦσαι
365 339 476 373 Γραφῇι
492 338 539 365 ἅτε
555 339 609 365 τῶν
642 338 746 365 πολλῶν
772 340 802 366 οὺ
830 339 983 376 χρῃζόντων

197 385 317 416 πλείονος
339 384 512 416 διδασκαλίας
529 384 604 420 παρὰ
627 385 676 420 τὴν
696 385 760 421 περὶ
781 386 829 420 τῆς
845 385 915 413 κατὰ
931 386 983 413 τῶν

198 431 405 467 ἁμαρτανόντων
432 430 585 462 κολάσει-ις·
602 431 642 462 εἰς
666 431 720 467 γὰρ
742 431 775 458 τὰ
804 431 873 467 ὑπὲρ
895 432 984 458 ἐκεῖνα

196 477 281 512 αὐτῆς
294 477 324 503 οὐ
338 477 472 513 χρήσιμον
492 476 647 503 ἁναΰαίνειν
661 477 705 503 διὰ
723 478 785 509 τοὺς
806 477 885 512 μόγις
910 477 985 513 φόϐῳ

196 524 246 559 τῆς
264 523 372 551 αἰωνίου
393 522 528 554 κολάσεως
548 523 600 550 κᾶν
627 523 816 555 συστέλλοντας
835 524 881 549 ἐπὶ
903 523 985 550 ποσὸν

197 570 248 605 τῆς
279 570 388 604 κακίας,
418 570 464 597 καὶ
488 570 542 596 τῶν
566 570 612 596 ἀπ’
644 570 728 605 αὐτῆς
755 570 985 605 ἁμαρτανομένων

198 625 287 652 χυσιν.

468 704 633 738 QUIESTlO
663 704 719 731 XII.

257 758 291 778 DE
311 758 413 783 IL‘NDO,
433 758 563 779 PARADISO
583 757 745 783 TERRBSTRI,
767 758 801 778 ΕΤ
822 758 924 778 λοιιιο.

201 798 222 826 1.
243 798 302 825 Duo
313 798 346 824 de
357 797 455 824 mundo
469 797 555 832 quaeri
567 802 673 832 possunt
686 804 694 822 :
709 796 740 825 Il.
754 796 884 829 Primum,
898 800 987 822 utrum

235 839 258 861 θ’
271 831 704 877 ,θυοδυτψ,Λέίξεεὶίρτὶθεπξξ
726 832 988 877 ῘῘἿἺἯἭᾹΞΞῩΡΞΪ
1001 840 1023 867 Β
1039 851 1091 873 tem
1106 831 1166 873 cum
1184 845 1256 872 nulla
1268 831 1310 872 isil
1322 831 1478 877 diversitas.

235 865 378 895 rationales
396 872 504 895 natura:
520 866 601 901 fuisse
615 865 634 893 ar
647 865 702 893 Deo
722 866 871 898 conditum;
889 865 931 893 Ill.
945 866 983 892 ita

235 909 263 929 ut
293 903 457 929 existimasse
476 910 534 928 eum
561 901 654 928 Patres
683 901 766 935 aliqui
789 901 982 936 testiﬁcantur:

235 937 281 965 ιν.
311 937 439 968 alterum.
462 941 551 963 utrum
569 936 657 971 plures
679 936 719 963 uel
739 936 829 970 fuisse,
844 935 892 967 {vel
909 944 982 967 esse,

235 973 275 1000 uel
289 973 345 1005 fore
363 972 474 999 mundos
493 971 697 1003 existimaverit;
718 971 750 998 V.
765 971 984 1005 quemadmodum

235 1008 309 1041 ἱρείη
323 1007 447 1046 Patribus
458 1007 756 1046 quibusdam‘objec-tum
773 1005 985 1046 estixlnqua‘u—

237 1040 316 1076 quam
333 1042 388 1076 ejus
403 1049 510 1068 causam
527 1041 656 1068 nonnulla
666 1042 802 1076 adjuvant.
815 1040 870 1068 VII.
887 1040 985 1073 Explo-

237 1081 311 1104 ratur
322 1077 442 1110 Origenic
458 1077 583 1103 sententia
595 1078 627 1103 de
643 1077 785 1103 consitione
803 1077 922 1110 paradisi
933 1081 986 1102 Ier-

238 1113 339 1144 restris,
362 1111 426 1138 Vlll.
455 1116 478 1138 et
502 1111 534 1138 de
553 1112 659 1138 scarteie
687 1112 794 1142 tunicis,
813 1111 906 1144 quibus
928 1114 986 1144 post

237 1153 371 1182 peccatum
384 1147 501 1173 Adantus
514 1147 620 1173 indutus
631 1152 679 1173 est.
691 1145 736 1174 IX.
751 1146 885 1182 Quazritur
898 1152 987 1182 utrum

238 1180 335 1208 dixerit
353 1182 483 1207 Adumum
499 1189 546 1215 per
565 1187 697 1215 peccatum
717 1181 916 1207 similitudinem
939 1180 988 1207 Dei

238 1217 357 1244 amisisse
370 1224 379 1243 :
392 1216 426 1243 Χ.
437 1221 460 1243 et
476 1223 563 1243 utrum
571 1217 687 1243 homines
700 1215 891 1243 Prwadamitas
908 1216 987 1242 exsti-

240 1253 302 1279 tisse
316 1252 366 1278 silri
384 1251 500 1286 finxerit.

239 1298 260 1325 Ι,
274 1298 353 1326 Circa
372 1298 548 1332 quaestionem
568 1297 600 1324 de
622 1297 722 1324 mundo
742 1297 838 1332 duplex
851 1296 990 1324 excutien-

205 1345 267 1372 dum
281 1344 353 1373 venit
366 1345 531 1378 paradoxum
548 1343 656 1377 Origeui
671 1343 818 1376 ascriptum
838 1352 844 1369 :
861 1342 988 1377 primum,

204 1395 294 1418 utrum
309 1396 336 1418 et
359 1398 413 1425 quo
429 1397 509 1417 sensu
530 1390 629 1417 dixerit
654 1389 783 1416 mundum
800 1394 913 1423 propter
928 1388 989 1415 ani-

205 1444 264 1463 mas
286 1436 434 1463 rationales
455 1443 470 1462 a
495 1436 550 1463 Deo
574 1434 661 1462 fuisse
680 1435 818 1462 conditum
840 1434 989 1467 :altcrum,

205 1490 239 1509 an
253 1482 360 1509 unicum
369 1483 499 1509 duntaxat
521 1484 651 1508 mundum
674 1487 783 1508 creasse
797 1480 929 1512 antehac,
950 1480 990 1507 vel

205 1528 318 1563 posmac
343 1532 496 1556 creaturum
522 1534 583 1554 esse
608 1526 815 1554 asseveraverit.
844 1526 909 1559 Quae
940 1527 992 1554 duo

207 1574 351 1608 qutereuda
377 1574 429 1601 sibi
451 1573 575 1608 proponit
600 1573 730 1608 Origenes
756 1573 783 1600 in
807 1572 886 1600 tertio
907 1573 994 1607 capite

207 1620 268 1647 libri
293 1628 312 1647 ιι
335 1619 405 1654 Περὶ
424 1619 533 1654 ἀρχῷγ,
554 1619 626 1653 quod
640 1619 822 1653 inscribitur,
856 1617 895 1646 De
919 1619 993 1645 initio

206 1666 299 1693 mundi
309 1671 332 1692 et
348 1666 434 1692 causis
448 1665 514 1700 ejus.

242 1711 275 1739 Il.
291 1711 410 1738 Primum
439 1711 511 1745 quod
538 1710 651 1743 attinet,
671 1717 751 1737 nemo
777 1717 831 1736 non
862 1709 933 1736 videt
961 1717 994 1735 ex

208 1757 378 1785 antecedenti
396 1757 479 1792 ipsius
494 1757 618 1792 doctrina
635 1761 727 1791 aptum
749 1756 775 1783 id
797 1763 868 1788 esse,
886 1762 995 1782 naturu-

208 1812 267 1832 rum
282 1804 388 1831 illarum
408 1804 494 1838 gratia
508 1823 515 1836 ,
531 1811 592 1838 qua:
609 1807 672 1830 sunt
697 1801 810 1829 rationis
839 1802 994 1836 participes,

208 1850 337 1878 mundum
354 1858 368 1876 a
386 1850 441 1877 Deo
456 1851 538 1877 fuisse
556 1855 741 1884 procreatum.
764 1848 830 1876 Cum
846 1848 918 1875 enim
936 1847 995 1874 atti-

209 1904 268 1924 iuas
287 1904 450 1932 quocunque
471 1900 542 1923 statu
565 1895 702 1923 collocata
733 1895 797 1928 sint,
826 1894 929 1921 arbitrii
955 1893 995 1920 sui

210 1943 336 1970 libertate
361 1943 394 1970 ad
423 1942 590 1977 peccandum
619 1941 672 1975 vel),
686 1945 762 1969 recte
794 1940 928 1976 agendum
958 1939 996 1966 uti

209 1989 335 2021 voluerit,
365 1993 392 2016 et
420 1995 468 2023 pro
491 1987 612 2021 peccatis
636 1987 707 2014 lianc
735 1988 768 2015 iis
793 1987 941 2021 irrogatqu
962 1985 995 2013 iri

210 2042 331 2069 paruam,
350 2038 381 2061 ut
395 2034 422 2060 in
436 2034 560 2068 graviora
576 2040 608 2059 ac
623 2032 756 2059 crassiora
770 2038 882 2066 corpora
901 2039 997 2058 aman-

211 2081 319 2114 dentur,
337 2087 395 2107 eam
414 2080 449 2106 ob
468 2087 523 2106 rem
541 2079 631 2106 dicere
643 2078 737 2106 debuit
759 2079 853 2113 gravia
871 2077 914 2105 illa
938 2084 999 2105 cor-

212 2134 277 2161 pora
303 2125 413 2153 formari
436 2132 452 2152 a
474 2124 539 2157 Deo,
563 2124 791 2159 quemadmodum
806 2123 943 2162 ergastula
964 2124 998 2151 ad

211 2173 367 2201 retinendos
391 2180 451 2199 reos
470 2177 675 2199 construuntur.
698 2171 813 2206 Copiosa
830 2170 864 2198 ad
887 2170 914 2198 id
936 2178 998 2205 pro-

210 2219 329 2245 bandum
346 2217 471 2252 Origenis
497 2217 613 2244 habetur
635 2216 791 2244 dissertatio
808 2216 855 2244 lib.
885 2224 904 2243 ιι
928 2215 999 2250 Περὶ

211 2264 321 2299 ἀρχῶν,
343 2271 403 2299 cap.
425 2264 437 2292 1
455 2273 462 2291 :
479 2272 488 2290 ι
501 2264 566 2292 Cum
585 2271 661 2299 ergo,
682 2264 772 2298 inquit
787 2270 861 2290 num.
876 2262 905 2296 l,
924 2267 1000 2289 tanta

211 2314 247 2340 sit
268 2313 361 2339 mundi
377 2312 514 2344 varietas,
539 2316 621 2346 atque
642 2311 669 2338 in
700 2311 766 2345 ipsis
793 2309 1000 2337 rationabilibus

212 2357 396 2385 animantibus
426 2357 462 2383 sit
488 2360 563 2383 tanta
591 2355 746 2386 diversitas,
782 2358 894 2389 propter
918 2360 1000 2388 quam

212 2404 295 2432 etiam
311 2404 399 2432 omnis
410 2403 512 2438 reliqua
531 2402 649 2430 varietas
668 2409 700 2429 ac
718 2400 864 2428 diversitas
884 2398 1001 2435 putanda

212 2453 255 2476 est
264 2447 419 2481 exstitisse;
439 2455 520 2483 quam
537 2454 649 2475 causam
672 2447 753 2473 aliam
777 2446 830 2473 dici
855 2445 1001 2481 oportebit,

213 2502 267 2530 qua
294 2495 410 2523 mundus
443 2496 606 2528 exstiterit,
631 2495 765 2530 praecipue
794 2493 816 2521 si
848 2493 1002 2520 intueamur

214 2541 291 2568 illum
312 2540 393 2568 linem
409 2547 456 2575 per
472 2548 553 2576 quem
567 2539 659 2568 omnia
674 2538 841 2567 restituenda
856 2538 883 2565 in
901 2542 1000 2566 statum

215 2586 286 2614 initii
300 2586 342 2614 sui
355 2586 426 2614 libro
438 2586 568 2622 superiori
584 2586 729 2614 dissertum
743 2589 785 2612 est
795 2583 892 2617 ‘lQuod
908 2584 1001 2618 utique

216 2634 239 2661 si
259 2638 462 2669 consequenter
482 2633 584 2661 dictum
610 2632 728 2664 videtur,
749 2637 831 2665 quam
859 2629 951 2662 aliam,
974 2633 1002 2656 ut

216 2680 344 2713 diximus,
372 2687 483 2708 causam
512 2680 666 2715 putabimus
692 2681 774 2706 tantre
802 2675 883 2711 hujus
910 2675 1001 2702 mundi

216 2726 396 2760 diversitatis,
421 2726 475 2754 nisi
498 2726 685 2754 diversitatem
708 2731 741 2751 ac
763 2722 921 2750 varietatem
945 2729 1002 2749 mo-

217 2776 302 2804 tuum,
318 2781 349 2801 ac
368 2774 543 2808 prolapsuum
559 2779 651 2802 eorum
667 2791 675 2806 ,
689 2770 735 2806 qui
749 2769 782 2798 ab
793 2768 841 2812 illa
853 2768 928 2812 initii
944 2767 1003 2796 uni-

253 2820 275 2836 “
291 2820 369 2847 Rom.
386 2827 432 2847 vni
439 2807 453 2854 ,7
461 2819 506 2847 20.
828 2807 841 2812 “
853 2808 855 2810 ’
865 2807 872 2814 ’

1034 204 1117 232 creati
1132 209 1206 236 sunt,
1220 203 1378 230 deciderunt
1389 203 1401 230 ?
1414 212 1424 229 ι
1448 203 1546 230 Eadem
1565 203 1632 230 dicit
1649 210 1708 238 cap.
1723 203 1741 230 9
1760 203 1829 229 libri

1033 258 1052 277 ιι
1070 251 1107 277 De
1123 250 1247 285 princip.,
1268 256 1343 276 unm.
1366 248 1404 275 2:
1421 258 1430 274 ι
1453 248 1505 276 Pro
1531 249 1648 276 motibus
1675 249 1730 276 suis
1754 256 1830 275 una-

1033 303 1147 332 qnteque
1165 304 1242 323 mens
1253 295 1294 322 vel
1311 294 1429 330 amplius
1444 295 1486 322 vel
1502 295 1610 330 parcius
1623 295 1721 322 bonum
1737 294 1831 330 negli-

1034 350 1109 378 gens,
1126 343 1152 369 in
1165 341 1331 369 contrarium
1348 341 1410 368 boni
1422 361 1430 374 ,
1446 341 1517 375 quod
1538 341 1598 368 sine
1620 340 1699 368 dubio
1720 340 1828 367 malum

1034 394 1088 421 est,
1105 388 1271 416 trahebatur.
1288 388 1326 415 Ex
1343 396 1397 423 quo
1417 388 1525 415 videtur
1542 387 1646 414 semina
1658 387 1787 421 qundam
1800 391 1831 413 et

1036 442 1134 462 causas
1144 434 1285 461 varietatis
1303 441 1335 461 ac
1355 433 1522 460 diversitatis
1535 432 1579 460 ille
1594 433 1713 460 omnium
1727 432 1830 459 condi-

1036 483 1078 507 tor
1095 480 1242 514 accepisse,
1261 484 1290 507 ut
1308 487 1357 514 pro
1375 478 1534 507 diversitate
1560 478 1701 510 tuentium,
1729 478 1757 504 id
1783 482 1828 504 est

1037 525 1238 553 rationabilium
1259 530 1461 557 creaturarum,
1482 532 1563 559 quam
1581 524 1767 551 diversitatem
1791 532 1827 551 ex

1036 578 1067 598 ea
1097 578 1178 598 causa
1199 579 1280 606 quam
1304 570 1427 605 superius
1451 570 1579 602 diximus,
1607 570 1734 604 putandae
1760 576 1829 597 sunt

1037 616 1207 650 concepisse,
1223 616 1325 642 varium
1341 622 1373 641 ac
1384 615 1522 642 diversqu
1537 615 1666 642 mundum
1679 619 1800 642 crearet.
1816 624 1825 640 ι

1037 661 1132 696 Capite
1146 668 1210 688 vero
1226 661 1334 693 eodem,
1356 668 1432 687 num.
1458 660 1486 692 6,
1499 668 1556 687 rem
1583 660 1664 687 altius
1686 665 1828 695 repetens,

1039 707 1122 734 Deum
1145 707 1182 733 ait
1205 706 1238 733 ab
1255 705 1332 733 initio
1353 713 1415 732 cum
1435 705 1549 733 rationis
1562 710 1700 740 compotes
1713 709 1829 732 naturas

1038 759 1133 780 creare
1147 751 1238 782 vellet,
1257 751 1356 778 nullam
1372 751 1499 778 habuisse
1510 750 1620 778 creandi
1639 750 1744 777 illarum
1761 758 1830 778 cau-

1038 806 1096 827 sam
1115 803 1213 833 praeter
1225 798 1356 832 seipsum,
1370 805 1499 832 suamque
1516 797 1717 825 bonitatemzin
1733 804 1766 824 eo
1782 804 1832 823 an.

1490 851 1579 880 neque
1595 852 1629 871 ex
1642 850 1718 879 parte
1735 851 1831 871 rerum

1035 892 1215 919 creandarum
1233 891 1286 918 ulla
1302 895 1386 924 esset,
1403 891 1521 926 aequales
1535 898 1592 923 eas,
1604 895 1632 917 et
1648 890 1833 924 undequaque

1035 938 1137 965 similes
1153 938 1238 973 ipsum
1255 944 1416 972 procreasse
1433 946 1440 964 :
1455 937 1505 965 bas
1524 944 1599 970 vero,
1620 941 1650 963 ut
1664 940 1727 971 pote
1741 935 1832 962 libero

1035 983 1161 1019 prmditas
1177 983 1301 1016 arbitrio,
1321 991 1375 1011 non
1389 983 1484 1011 eodem
1501 983 1581 1010 modo
1591 991 1686 1010 omnes
1700 982 1753 1009 hac
1764 989 1832 1009 usas

1036 1037 1096 1057 esse
1111 1029 1249 1063 facultate,
1262 1029 1323 1057 aliis
1343 1030 1369 1056 in
1389 1029 1487 1057 vitium
1502 1036 1534 1056 ac
1552 1029 1700 1063 nequitiam
1716 1028 1831 1055 ruenti-

1036 1077 1097 1110 bus,
1110 1076 1170 1103 aliis
1180 1076 1212 1103 ad
1226 1076 1336 1103 meliora
1350 1075 1571 1111 assurgentibus:
1582 1073 1738 1109 atquejude
1750 1073 1834 1101 ratio-

1037 1123 1137 1150 nalium
1148 1127 1307 1150 naturarum
1324 1121 1462 1149 exstitisse
1473 1120 1649 1148 dili‘ereutiam
1662 1126 1670 1145 :
1682 1118 1767 1146 Deum
1782 1125 1834 1145 au-

1038 1174 1092 1197 tem
1105 1174 1323 1203 unamquamque
1340 1174 1390 1201 pro
1403 1166 1509 1193 meritis
1524 1173 1623 1193 ornare
1639 1164 1774 1192 volentem
1790 1164 1834 1192 vel

1038 1215 1325 1247 ulcisci,diversitates
1338 1214 1470 1241 mentium
1486 1212 1512 1238 in
1524 1212 1606 1239 unius
1623 1212 1714 1238 mundi
1729 1217 1832 1238 conso-

1038 1261 1159 1288 nantiam
1170 1260 1285 1287 traxisse
1297 1281 1305 1293 ,
1317 1259 1356 1287 sic
1366 1264 1495 1293 tanquam
1505 1258 1531 1285 in
1541 1264 1621 1284 uuam
1631 1256 1741 1283 domum
1754 1276 1761 1288 ,
1770 1263 1833 1290 qua:

1040 1306 1113 1334 vasis
1138 1306 1228 1333 aureis
1239 1325 1247 1337 ,
1261 1305 1398 1341 argenteis
1418 1309 1445 1332 et
1468 1303 1596 1331 fictilibus
1609 1302 1762 1329 instruitur.
1776 1311 1786 1327 ί
1800 1302 1833 1328 Et

1039 1351 1089 1379 has
1103 1358 1216 1384 causas,
1239 1349 1327 1385 inquit
1341 1370 1348 1382 ,
1373 1355 1403 1376 ut
1428 1357 1478 1384 ego
1496 1348 1628 1379 arbitror,
1647 1348 1763 1374 tuundus
1782 1347 1833 1374 iste

1041 1405 1097 1425 sua:
1117 1397 1281 1424 diversitatis
1297 1396 1413 1430 accepit,
1431 1396 1493 1422 dum
1509 1401 1729 1428 unumquemque
1741 1393 1832 1419 divina

1042 1442 1211 1477 providentia
1225 1450 1274 1477 pro
1288 1441 1421 1468 varietate
1437 1445 1557 1467 motuum
1576 1446 1699 1470 suorum.
1714 1438 1758 1465 vel
1773 1438 1832 1464 ani-

1043 1495 1166 1519 morum,
1186 1488 1379 1522 propositoque
1402 1487 1575 1520 dispensat.)
1597 1485 1732 1518 Quocirca
1760 1489 1833 1512 tomo

1045 1542 1089 1561 ιιι(
1106 1534 1134 1561 in
1145 1533 1240 1566 Jaan.,
1255 1541 1332 1560 num.
1349 1534 1376 1564 5,
1388 1538 1416 1560 et
1430 1533 1520 1564 capite
1535 1532 1551 1559 5
1569 1531 1628 1558 libri
1646 1539 1675 1559 ιιι
1694 1531 1766 1565 Περὶ
1783 1531 1834 1565 ἀρ-

1043 1580 1115 1616 χῶν,
1143 1588 1216 1608 num.
1238 1580 1265 1612 5,
1294 1580 1420 1607 observat
1442 1579 1605 1605 creationem
1637 1578 1731 1604 mundi
1763 1578 1833 1610 apud

1044 1627 1191 1662 scriptores
1214 1633 1307 1653 sacros
1328 1632 1397 1652 novo
1422 1624 1473 1652 hoc
1498 1629 1525 1651 et
1548 1624 1658 1659 proprio
1681 1623 1834 1658 καταϐολῆς

1045 1673 1154 1700 nomine
1166 1671 1333 1706 nuncupari,
1353 1671 1417 1705 quia
1432 1670 1559 1697 nimirum
1579 1679 1588 1695 ι
1601 1670 1633 1696 de
1648 1669 1835 1702 superioribus

1046 1719 1078 1746 ad
1099 1718 1230 1745 inferiora
1247 1719 1408 1744 descensum
1422 1720 1478 1747 est,
1494 1724 1547 1743 non
1560 1715 1646 1743 solum
1663 1714 1698 1741 ab
1719 1714 1763 1741 bis
1777 1714 1836 1740 aui-

1047 1763 1143 1791 mabus
1167 1770 1226 1797 quae
1252 1762 1277 1789 id
1298 1766 1418 1788 motuum
1437 1768 1551 1788 suorum
1570 1761 1702 1786 varietate
1727 1765 1836 1786 merue-

1046 1814 1110 1838 runt
1122 1830 1130 1842 .
1155 1816 1249 1842 verum
1267 1813 1294 1835 et
1312 1808 1346 1835 ab
1366 1808 1400 1835 iis
1420 1815 1479 1842 quae
1498 1807 1531 1834 ad
1549 1807 1630 1834 totius
1644 1806 1738 1833 mundi
1757 1805 1837 1832 mini-

1048 1844 1160 1882 sten‘um
1175 1860 1208 1881 ex
1221 1853 1273 1880 illis
1289 1853 1474 1888 superioribus
1490 1856 1516 1879 et
1533 1851 1716 1879 invisibilibus
1730 1851 1764 1877 ad
1780 1850 1837 1877 hmo

1047 1900 1176 1928 inferiora
1202 1904 1229 1926 et
1245 1898 1360 1926 visibilia
1381 1898 1501 1926 deducta:
1525 1903 1609 1929 sunt,
1634 1897 1697 1924 licet
1716 1904 1769 1923 non
1792 1903 1837 1922 vo-

1047 1946 1155 1979 lentes;
1181 1945 1291 1972 vunitati
1315 1944 1409 1978 quippe
1432 1943 1698 1977 creaturalsubjecta
1723 1947 1761 1968 est
1786 1949 1836 1968 non

1047 1992 1145 2025 volens,
1160 1991 1205 2019 sed
1217 1995 1322 2025 propter
1333 1998 1390 2017 eum
1402 1990 1447 2023 qui
1458 1988 1565 2023 subjecit
1578 1997 1634 2015 eam
1646 1989 1672 2014 in
1683 1996 1727 2022 spe
1742 1988 1776 2020 θ’,
1785 1995 1836 2021 qua

1049 2038 1091 2065 vel
1114 2037 1163 2071 sol,
1188 2037 1230 2064 vel
1253 2037 1328 2070 luna,
1349 2036 1391 2063 vel
1406 2035 1499 2067 stellae,
1519 2034 1558 2062 vel
1583 2034 1670 2069 angeli
1696 2033 1837 2067 explerent

1048 2084 1208 2119 obsequium
1225 2083 1325 2110 mundo
1338 2103 1345 2115 ,
1362 2086 1389 2109 et
1403 2081 1446 2108 his
1459 2081 1602 2108 animabus
1616 2087 1676 2114 quas
1690 2080 1724 2106 ob
1742 2079 1837 2105 nimios

1052 2129 1176 2157 delectus
1199 2122 1299 2157 mentis
1321 2127 1501 2155 crassioribus
1524 2125 1585 2153 istis
1611 2129 1638 2152 et
1663 2123 1836 2151 solidioribus

1014 2188 1036 2215 Β
1051 2174 1190 2209 indignere
1213 2174 1389 2209 corporibus,
1415 2177 1443 2201 et
1469 2176 1579 2207 propter
1599 2178 1646 2199 eos
1666 2171 1768 2204 quibus
1790 2170 1838 2197 hoc

1052 2225 1110 2247 crat
1126 2221 1309 2247 necessarium
1323 2241 1330 2252 ,
1356 2219 1473 2246 mundus
1496 2218 1547 2244 iste
1567 2217 1647 2243 etiam
1663 2216 1782 2242 visibilis
1801 2215 1838 2241 iu-

1053 2268 1163 2294 stilntus
1181 2273 1231 2294 est.
1249 2277 1256 2292 )
1275 2267 1305 2293 Et
1320 2274 1380 2293 mox
1396 2276 1401 2293 :
1421 2265 1533 2292 «Talem
1551 2272 1613 2290 vero
1625 2270 1655 2289 ac
1668 2267 1774 2288 tantum
1792 2270 1838 2295 pu-

1055 2315 1166 2341 tandum
1187 2319 1229 2340 cst
1253 2314 1353 2339 factum
1375 2320 1434 2339 esse
1459 2312 1603 2341 mundum,
1623 2308 1667 2344 qui
1687 2308 1728 2335 vel
1747 2315 1838 2335 omnes

1055 2368 1100 2387 cas
1118 2360 1232 2391 anilitas,
1250 2367 1309 2393 quo:
1324 2359 1348 2385 in
1372 2358 1422 2385 hoc
1445 2357 1544 2384 mundo
1562 2361 1668 2382 statuta:
1683 2359 1748 2381 sunt
1763 2362 1837 2381 exer-

1053 2406 1119 2437 ceri,
1140 2410 1260 2439 cupcrct,
1279 2404 1319 2431 vel
1340 2411 1433 2430 omnes
1456 2410 1502 2430 cas
1527 2402 1638 2429 virtutes
1662 2408 1722 2434 qua:
1747 2400 1838 2427 adesse

1053 2452 1102 2483 eis,
1128 2456 1155 2478 et
1182 2451 1339 2485 dispensare
1364 2457 1410 2476 eas
1438 2456 1468 2475 ac
1492 2448 1588 2482 juvarc
1618 2451 1720 2481 paratu:
1738 2451 1834 2473 sunt.)

1053 2495 1141 2530 Atque
1163 2495 1220 2522 huic
1244 2495 1300 2529 ipsa
1323 2495 1380 2521 loca
1396 2494 1527 2520 librorum
1544 2492 1612 2525 Περὶ
1631 2490 1733 2525 ἀρχῶν
1749 2497 1836 2524 repre-

1056 2541 1194 2568 hensionis
1220 2548 1299 2567 causa
1317 2540 1417 2574 profert
1439 2539 1620 2573 Hieronymus
1641 2538 1721 2571 epist.
1739 2536 1787 2567 59,
1808 2535 1836 2562 ad

1055 2589 1140 2620 Ανὶι..
1161 2597 1220 2623 cap.
1232 2589 1248 2614 2
1261 2587 1325 2614 (:15.
1342 2587 1400 2613 Alia
1419 2591 1548 2621 prteterea
1563 2585 1615 2611 duo
1628 2592 1642 2610 c
1659 2584 1727 2609 libro
1740 2590 1756 2608 ιι
1774 2581 1837 2615 Περὶ

1055 2635 1165 2670 ἀρχῶν,
1192 2643 1250 2670 cap.
1267 2635 1291 2667 Ι,
1314 2643 1386 2661 num.
1405 2635 1430 2666 l,
1458 2638 1484 2660 ct
1509 2640 1524 2660 e
1544 2633 1591 2659 lib.
1608 2640 1632 2658 tv
1654 2631 1736 2658 refert
1760 2630 1837 2657 Justi-

1057 2683 1152 2709 niunus
1177 2682 1208 2707 :nl
1238 2681 1338 2707 calcem
1364 2680 1484 2713 epistola:
1509 2680 1540 2706 ad
1562 2678 1687 2710 Menam,
1714 2685 1774 2709 qua:
1791 2677 1838 2703 huc

1056 2728 1202 2755 inseruisse
1219 2734 1412 2761 supervacuum
1433 2733 1484 2752 non
1512 2724 1603 2751 fuerit.
1623 2723 1702 2750 Prior
1720 2722 1765 2749 bic
1782 2728 1836 2749 esr:

1057 2773 1133 2799 Οὖτιν)
1151 2773 1180 2807 δὴ
1200 2772 1391 2798 ποικιλωτατου
1412 2771 1513 2805 κόσμου
1529 2768 1706 2803 τυγχάνοντος
1718 2788 1725 2799 ,
1741 2767 1789 2794 καὶ
1803 2775 1837 2792 τη-
