3834 6226
123 297 258 355 ἱῡ49

934 300 1514 361 ORIGENIANOHUM
1559 308 1689 365 LIB.
1732 310 1796 377 11,
1836 312 1989 368 CAP.
2032 313 2097 379 ll,
2137 316 2413 382 QUASST.
2456 320 2569 375 XII.

3234 329 3255 382 1
3266 330 3372 385 O59

124 421 293 475 σαῦτα
330 421 562 491 διάφορα
592 422 783 492 λογικὰ
816 423 1195 495 περιέχοντος,
1228 428 1280 480 τί
1310 428 1438 482 ἄλλο
1471 431 1577 503 χρὴ
1617 433 1700 485 λέ-

1807 436 1987 491 dicunt
2031 453 2307 507 peccasse,
2348 453 2402 494 et
2447 458 2543 511 pro
2572 444 2891 500 diversitate
2933 461 3273 517 peccatorum
3306 455 3372 509 de

120 533 232 584 γειν
254 513 426 567 αἴτιον
453 514 730 583 γεγονέναι
760 516 854 571 τοῦ
884 519 1182 589 ὑποστῆναι
1215 522 1397 587 αὐτὸν,
1435 523 1467 594 ἢ
1501 524 1561 576 τὸ
1585 542 1697 577 ποι-

119 607 263 662 κίλον
305 607 403 677 τῆς
440 607 810 673 ἀποπτώσέως
852 609 958 663 τῶν
1000 611 1098 681 οὐχ
1136 612 1335 683 ὁμοίως
1373 614 1470 685 τῆς
1512 615 1697 680 ἐνὰδος

120 699 497 772 ἀπορῤεόντων
520 717 533 729 ·
571 719 589 750 ι
614 699 691 754 lta
721 716 844 754 cum
885 718 1094 757 summa
1137 705 1455 760 diversitate
1484 720 1695 764 constet

120 792 385 857 mundus,
442 800 631 860 totque
665 791 908 847 diversas
953 795 1229 850 contineat
1273 797 1565 853 rationales
1600 814 1695 854 na-

119 894 302 947 turas,
342 897 463 953 quae
511 882 615 937 alia
661 898 824 938 causa
857 885 1080 940 dicenda
1126 894 1212 940 est
1265 901 1362 940 cur
1411 890 1695 951 subsistat,

120 992 275 1047 quam
300 977 484 1031 varios
511 976 793 1030 decidendi
820 977 1028 1043 modos,
1061 993 1248 1033 eorum
1273 980 1365 1049 qui
1391 982 1460 1036 ab
1485 982 1696 1037 unitate

120 1067 362 1122 similiter
386 1082 491 1121 non
514 1066 821 1121 deﬂuunt?»
852 1068 1000 1122 Alter
1024 1070 1094 1123 ita
1124 1085 1182 1124 se
1209 1069 1369 1125 habet
1405 1090 1417 1125 :
1458 1073 1692 1143 Ἀνάγκη

122 1160 193 1229 μὴ
236 1160 652 1231 προηγουμένην
693 1159 980 1229 τυγχάνειν
1010 1161 1110 1231 τὴν
1144 1161 1253 1215 τῶν
1298 1164 1564 1233 σωμάτων
1598 1164 1697 1234 φύ-

120 1268 239 1315 σιν,
295 1250 433 1304 ἁλλὰ
486 1253 549 1304 ὲκ
609 1252 1010 1323 διαλειμμάτων
1059 1254 1384 1321 ὑφίστασθαι
1438 1256 1525 1309 διά
1575 1274 1695 1311 τινα

119 1342 495 1415 συμπτώματα
524 1345 781 1416 γινόμενα
813 1347 940 1417 περὶ
972 1348 1041 1400 τὰ
1066 1347 1281 1415 λογικὰ,
1316 1349 1545 1420 δεόμενα
1602 1368 1697 1404 σω-

121 1436 325 1504 μᾰτων.
373 1454 392 1487 ι
424 1435 656 1493 Necesse
687 1446 771 1492 est
811 1453 915 1492 non
973 1440 1363 1508 prmexstitisse
1410 1457 1695 1510 corporum

119 1539 388 1593 naturain,
426 1529 519 1583 sed
568 1543 665 1597 per
695 1529 982 1584 intervalla
1026 1530 1325 1586 subsistere
1349 1544 1569 1603 propter
1598 1534 1697 1587 ali-

118 1621 254 1692 quos
281 1636 440 1675 casus
471 1621 563 1691 qui
600 1622 922 1692 contingunt
952 1622 1162 1678 naturis
1192 1624 1406 1679 ratione
1436 1624 1694 1695 pratditis,

116 1720 166 1764 et
205 1726 325 1779 quae
353 1712 672 1781 corporibus
704 1712 967 1781 indigent.
995 1733 1013 1766 ι

1797 530 1953 584 caelis
1987 548 2157 601 usque
2186 534 2250 586 ad
2282 544 2455 589 terras
2485 535 2685 604 lapsas,
2713 539 2926 595 diversa
2954 556 3181 610 corpora
3216 548 3369 615 quasi

1798 622 2008 676 vincula
2072 625 2361 691 meruisse,
2418 640 2589 695 eaque
2639 643 2802 685 causa
2854 633 3111 687 mundum
3170 637 3369 692 factum

1800 711 1985 767 fuisse.
2016 731 2035 764 ι
2087 713 2217 780 Qua:
2258 714 2373 771 fere
2418 716 2695 784 αὐτολεξεὶ
2744 723 2938 792 repetit
2966 723 3234 781 Honorius
3264 730 3371 782 Au-

1796 805 2210 873 gustodunensis
2250 806 2301 861 in
2337 807 2477 862 libro
2516 810 2595 864 De
2632 813 2942 867 hwrcsibus.
2988 814 3249 886 Denique
3300 818 3360 877 S.

1797 892 2037 949 Thomas
2070 895 2333 950 adversus
2361 900 2604 954 eamdem
2636 903 2949 971 opinionem
2986 904 3079 962 lib.
3109 922 3145 961 ιι
3185 908 3367 965 Contr.

1798 985 2002 1054 gentil.,
2034 1000 2155 1055 cap.
2184 985 2275 1050 44,
2313 989 2581 1044 acerrime
2614 992 2876 1048 decertat.

1868 1076 2133 1142 Quoniam
2190 1088 2373 1134 autem
2431 1082 2506 1136 ita
2567 1098 2689 1137 cum
2747 1088 3194 1147 antecedentibus
3244 1106 3372 1147 con-

1794 1167 1976 1238 juncta
2025 1181 2128 1235 est,
2181 1181 2243 1227 ut
2296 1187 2418 1242 qua:
2463 1175 2529 1230 ad
2574 1178 2822 1233 tuendam
2869 1180 3115 1252 Origenis
3149 1199 3368 1239 causam

1797 1275 1957 1329 supra
1999 1262 2302 1329 attulimus,
2358 1265 2448 1319 hic
2495 1281 2710 1335 quoque
2764 1269 2939 1325 valere
2987 1274 3215 1342 possint,
3245 1274 3372 1343 quid

1796 1352 1990 1407 attinet
2030 1354 2181 1422 plura
2219 1358 2569 1426 conquirere;
2620 1376 2741 1414 cum
2789 1364 3085 1431 prmsertitn
3112 1363 3376 1437 Hierony-

1798 1456 1941 1506 mus,
1983 1454 2269 1512 postquam
2300 1460 2422 1514 cap.
2462 1450 2511 1513 1,
2545 1449 2701 1515 epist.
2724 1449 2814 1517 59,
2852 1452 2919 1507 ad
2947 1454 3194 1519 Avitum,
3228 1471 3377 1523 qua:-

1797 1546 2011 1602 cunque
2055 1534 2108 1588 in
2156 1551 2174 1591 ι
2220 1536 2313 1591 lib.
2350 1538 2491 1607 Περὶ
2526 1539 2729 1607 ἀρχῶν
2770 1541 3027 1598 damnosa
3061 1554 3217 1613 sunt,
3260 1548 3372 1601 col-

1796 1624 1960 1696 legit,
2013 1626 2159 1682 inter
2203 1643 2324 1698 qua:
2379 1630 2636 1699 frequens
2692 1635 2929 1688 occurrit
2978 1636 3166 1691 islhzee
3211 1651 3374 1707 quam

1800 1727 2096 1775 tractamus
2145 1722 2347 1790 opinio,
2416 1723 2544 1778 talia
2601 1724 2751 1778 illum
2812 1726 3130 1782 denuntiare
3182 1730 3371 1785 dicat:

184 1802 274 1857 ΙΙΙ.
314 1804 501 1872 itaque
538 1805 643 1859 hoc
682 1804 848 1858 etiam
886 1806 1102 1860 nomine
1150 1821 1257 1861 non
1286 1806 1573 1863 Justiniani
1606 1825 1695 1865 so-
1723 1791 1767 1846 Β
1805 1829 1823 1863 t
1857 1812 1982 1869 Haec
2008 1814 2161 1880 juxta
2197 1824 2437 1870 nostram
2470 1818 2794 1871 sententiam
2829 1833 2934 1872 non
2964 1818 3072 1873 sint
3099 1822 3372 1890 dogmata,

116 1894 250 1959 lum,
282 1896 374 1950 sed
400 1903 454 1949 et
476 1894 706 1950 aliorum
731 1896 976 1950 convicia
1004 1897 1175 1952 sensit
1206 1897 1490 1968 Origenes.
1520 1919 1537 1952 ‹
1563 1899 1696 1967 Quis

117 1988 400 2058 propheta,
437 1987 612 2056 inquit
634 1986 958 2057 Theophilus
990 1988 1180 2045 Pasch.
1210 2006 1248 2059 t,
1284 1994 1483 2047 sentire
1514 1994 1696 2050 docuit

120 2078 455 2150 (Origenem)
490 2089 708 2151 propter
747 2081 957 2135 ruinam
997 2091 1053 2137 et
1096 2082 1279 2153 lapsus
1306 2085 1371 2139 de
1406 2086 1558 2141 cci-Iis
1579 2087 1698 2141 ani-

119 2185 329 2224 marum
350 2211 366 2235 ,
396 2171 562 2224 Deum
605 2184 724 2225 esse
757 2170 1095 2241 compulsum
1123 2188 1350 2243 corpora
1381 2174 1696 2233 fabricare?

121 2263 430 2332 Quis-juxta
466 2262 685 2317 beatum
718 2260 947 2329 Lucam,
979 2279 1171 2320 eorum
1214 2270 1303 2336 qui
1333 2268 1601 2329 viderunt.
1642 2278 1697 2325 et

118 2356 357 2413 ministri
396 2355 611 2410 fuerunt
646 2355 922 2410 sermonis
950 2356 1069 2423 Dei,
1104 2358 1231 2413 huic
1262 2359 1480 2414 tradidit
1508 2362 1573 2416 ad
1601 2363 1698 2417 do-

119 2449 370 2514 cendum,
417 2446 743 2519 negligentia
766 2455 820 2501 et
853 2456 1025 2514 motu,
1055 2460 1111 2504 et
1149 2449 1292 2504 ﬂuxu
1325 2452 1391 2506 de
1417 2452 1697 2509 altioribus

122 2542 521 2597 rationabilium
542 2551 934 2608 creaturarum,
952 2555 1304 2612 provocatum
1326 2546 1491 2602 Deum
1513 2549 1694 2602 mundi

120 2638 281 2708 hujus
307 2638 539 2692 condere
564 2638 1008 2693 diversitatem?»
1046 2639 1109 2693 Et
1143 2642 1486 2710 postmodum
1520 2658 1535 2696 :
1568 2644 1692 2697 «Di-

122 2729 196 2783 cit
242 2729 387 2784 enim
442 2737 666 2800 propter
698 2740 919 2799 peccata
970 2732 1384 2801 intelligihilium
1421 2746 1695 2789 creatura-

123 2837 241 2877 rum
277 2826 535 2878 mundum
570 2838 695 2882 esse
725 2826 977 2895 coepisse.
1004 2844 1024 2878 ι
1064 2824 1425 2897 Hieronymus
1449 2829 1502 2881 in
1526 2827 1694 2893 Epist.

122 2916 189 2969 ad
220 2914 414 2985 Ephes.
447 2932 486 2980 ι,
506 2917 562 2982 Δ,
599 2933 705 2973 non
735 2934 994 2987 expresso
1022 2918 1271 2990 Origenis
1307 2921 1542 2987 nomine,
1573 2937 1698 2976 seu-

123 3007 352 3060 tentiam
382 3006 551 3075 ipsius
591 3008 853 3079 exponit:
886 3027 904 3059 ι
936 3009 1086 3063 Alius
1119 3010 1285 3077 dicit,
1322 3010 1536 3081 inquit,
1567 3021 1695 3066 ante

118 3096 368 3151 visibiles
396 3106 683 3153 creaturas
711 3099 936 3163 celum,
963 3109 1183 3167 terram,
1210 3102 1401 3168 maria,
1435 3112 1488 3156 et
1515 3104 1692 3158 omnia

120 3202 242 3258 qua:
281 3190 424 3243 intra
468 3204 531 3245 ea
566 3198 715 3256 sunt,
758 3190 928 3247 fuisse
973 3191 1108 3247 alias
1148 3192 1449 3249 invisibiles
1483 3205 1696 3249 creatu-

119 3294 235 3348 ras,
286 3282 339 3336 in
373 3284 569 3353 quibus
602 3283 919 3349 et-animas,
954 3300 1072 3354 qua:
1102 3287 1171 3340 ob
1202 3287 1463 3355 quasdam
1507 3302 1700 3341 causas

120 3375 223 3429 soli
248 3374 357 3429 Deo
378 3384 535 3432 notas
563 3375 783 3445 dejectae
805 3378 914 3432 sint
952 3377 1202 3432 deorsum
1228 3379 1280 3432 in
1306 3381 1498 3445 vallem
1533 3380 1692 3435 istam

125 3466 489 3538 lacrymarum
513 3504 529 3522 .
555 3507 569 3522 .
596 3506 611 3520 .
631 3509 645 3524 .
702 3467 886 3538 Itaque
944 3469 1258 3538 priusquam
1321 3471 1513 3524 animae
1536 3510 1552 3537 ,
1614 3470 1699 3524 in-

122 3557 341 3628 quiunt,
375 3558 845 3628 praecipitarentur
866 3559 920 3613 in
959 3560 1239 3625 mundmn,
1268 3569 1320 3615 et
1367 3563 1601 3615 mundus
1632 3578 1701 3617 ex

127 3651 414 3706 animabus
461 3652 647 3717 ﬁeret,
684 3667 806 3706 cum
864 3650 1277 3710 habitatricibus
1318 3654 1432 3709 suis
1478 3655 1530 3708 in
1580 3656 1701 3709 inii-

131 3756 278 3795 muin
326 3742 442 3811 ipse
490 3742 776 3810 deiectus,
824 3743 988 3812 elegit
1038 3744 1261 3798 Paulum
1309 3746 1468 3800 Deus.
1500 3765 1518 3799 ι
1574 3747 1705 3813 Quae

129 3834 379 3899 quamvis
413 3849 480 3889 ex
516 3835 742 3890 alterius
782 3835 1035 3905 opinione
1066 3837 1291 3891 recitata
1327 3839 1455 3903 sint,
1506 3837 1589 3892 his
1620 3849 1694 3891 ta'

130 3939 256 3976 men
313 3926 652 3980 consensisse
696 3924 1081 3997 Hieronymum
1136 3929 1415 3982 contendit
1475 3929 1703 3984 nutiuus

130 4013 331 4070 Invect.
366 4031 406 4080 ι,
437 4017 529 4072 sed
552 4016 878 4071 calumniam
910 4033 940 4071 a
981 4032 1040 4073 se
1082 4027 1325 4074 removet
1350 4018 1706 4089 Hieronymus

132 4109 230 4165 lib.
266 4108 533 4179 tApolog.
582 4112 636 4163 in
680 4109 897 4180 Ruﬁu.,
946 4127 1064 4178 cap.
1098 4112 1151 4166 6.
1214 4112 1544 4182 Augustinus
1580 4127 1707 4166 vero

130 4200 229 4257 lib.
261 4218 315 4255 ιιι
347 4201 421 4256 De
444 4202 588 4256 civit.
619 4202 737 4269 Dei,
780 4218 904 4273 cap.
937 4202 1030 4269 25,
1064 4202 1350 4273 Origenem
1393 4205 1706 4259 nominatim

130 4294 378 4349 adoritur
412 4314 424 4348 :
462 4313 481 4345 ‹
512 4294 735 4350 Animas
760 4296 966 4362 dicunt,
1003 4312 1109 4352 non
1136 4296 1355 4367 quidem
1389 4306 1568 4366 partes
1593 4296 1706 4362 Dei,

130 4387 229 4443 sed
268 4386 444 4442 factas
480 4402 510 4440 a
545 4387 654 4442 Deo
701 4403 957 4456 peccasse
984 4404 1014 4443 a
1038 4388 1331 4444 Conditore
1364 4389 1705 4456 recedendo;

130 4489 189 4566 e-t
216 4480 453 4566 diversis
472 4481 864 4549 fprogressibus
892 4496 986 4551 pro
1019 4482 1333 4537 diversitate
1362 4492 1704 4552 peccatorum

131 4553 181 4628 a.
196 4573 358 4629 cmlis
379 4553 555 4643 usque
595 4574 665 4629 ad
692 4583 886 4638 terras,
915 4573 1123 4629 diversa
1148 4589 1376 4644 corpora
1405 4578 1555 4645 quasi
1592 4576 1708 4630 vin-

130 4666 261 4722 cula
294 4666 581 4721 meruisse.
615 4665 683 4720 Et
716 4667 855 4720 hunc
879 4679 999 4719 esse
1029 4664 1306 4730 mundum,
1335 4680 1557 4735 eamque
1582 4682 1710 4721 cau—

128 4773 249 4812 sam
274 4758 459 4813 mundi
486 4756 653 4811 fuisse
676 4754 931 4819 faciendi,
957 4770 1060 4809 non
1085 4755 1524 4827 utconderentur
1546 4757 1708 4823 bona,

127 4850 230 4905 sed
286 4858 346 4903 ut
413 4847 553 4903 mala
612 4846 1017 4902 cohiberentur.
1092 4845 1228 4902 Hinc
1275 4847 1534 4916 Origenes
1588 4847 1712 4917 jure

126 4941 418 5012 culpatur;
478 4941 533 4996 in
583 4941 739 4997 libris
791 4938 934 4996 enim
987 4953 1125 5008 quos
1170 4938 1404 5009 appellat
1432 4940 1572 5007 Περὶ
1604 4940 1711 5008 dp-

128 5035 282 5103 χῶν,
318 5033 371 5088 id
388 5042 493 5099 est,
518 5033 591 5090 De
606 5033 900 5103 principiis,
939 5032 1044 5088 hoc
1066 5033 1254 5096 sensit,
1287 5033 1388 5089 hoc
1416 5034 1651 5102 scripsit.
1684 5050 1704 5086 ι

127 5130 317 5197 Atque
349 5127 468 5184 haec
498 5127 672 5183 valide
710 5125 1051 5196 postmodum
1091 5134 1384 5197 oppugnat.
1429 5124 1712 5194 Oppugnat

128 5220 304 5275 etiam
338 5234 460 5275 cum
496 5219 649 5285 alibi,
679 5228 789 5274 tum
820 5219 1055 5273 maxime
1096 5217 1234 5274 libro
1277 5229 1461 5272 contra
1487 5215 1713 5270 Priscil-

133 5311 388 5365 Jiam'stas
420 5320 474 5364 et
508 5309 856 5381 Origenistas,
897 5326 1018 5380 cap.
1046 5310 1100 5374 8,
1149 5324 1270 5364 cum
1302 5307 1607 5376 scripsisset
1650 5305 1716 5358 ad

130 5416 262 5456 eum
292 5399 521 5456 Orosius
572 5401 627 5454 in
663 5400 1099 5466 Commonitorio,
1148 5400 1201 5454 id
1243 5412 1365 5453 esse
1397 5396 1719 5468 Origenistis

131 5492 461 5562 quibusdam
497 5507 851 5563 persuasum,
876 5494 913 5557 Ϊ(
948 5490 1202 5546 Mundum
1246 5490 1542 5545 novissime
1595 5489 1717 5545 ideo

131 5598 262 5638 esse
292 5583 515 5649 factum,
557 5593 612 5638 ut
644 5584 695 5637 in
720 5599 785 5640 eo
810 5584 1003 5638 animae
1035 5592 1413 5654 purgarentur,
1442 5596 1561 5651 qua:
1588 5590 1715 5636 ante

132 5687 527 5745 peccaverunt.
560 5694 577 5727 ι
612 5675 848 5731 Isidorus
908 5675 1002 5734 lib.
1049 5690 1147 5731 vut
1200 5674 1430 5745 0rigin.,
1467 5689 1587 5745 cap.
1631 5675 1665 5730 5
1698 5694 1710 5729 :

145 5787 165 5819 ι
204 5767 549 5838 Origeuiaui,
589 5770 782 5840 inquit,
840 5769 1048 5827 animas
1100 5770 1153 5826 in
1210 5768 1395 5827 mundi
1440 5768 1711 5840 principio

1798 1905 1891 1960 sed
1916 1905 2144 1974 quaesita
2183 1916 2416 1974 tantum,
2446 1917 2608 1977 atque
2641 1910 2902 1979 projecta,
2938 1925 3005 1964 ne
3048 1912 3262 1978 penitus
3292 1913 3376 1967 in-

1799 2004 2031 2049 tractata
2061 1996 2375 2052 viderentur
2402 1998 2425 2052 ?
2453 2017 2472 2050 ι

1866 2088 1954 2143 1V.
1985 2106 2004 2139 ι
2033 2089 2151 2145 Jam
2170 2104 2302 2146 sane
2336 2091 2586 2161 quoniam
2609 2090 2852 2148 diversos
2878 2102 3055 2149 motus
3083 2093 3379 2150 rationabi-

1797 2180 1926 2234 lium
1962 2192 2357 2247 creaturarum,
2388 2183 2679 2254 variasque
2706 2186 3002 2239 sententias
3029 2201 3247 2241 causam
3281 2185 3378 2241 de-

1798 2273 1944 2328 disse
1986 2274 2312 2328 dit-ersitatis
2378 2276 2578 2329 mundo
2630 2276 2790 2339 huic,
2843 2291 3022 2331 sermo
3078 2278 3377 2345 superioris

1799 2365 2181 2434 disputationis
2225 2367 2480 2431 ostendit,
2527 2367 2820 2422 videndum
2873 2383 2940 2423 ne
2992 2368 3135 2423 forte
3182 2370 3376 2425 similis

1802 2456 1955 2513 initio
1981 2459 2162 2514 exitus
2188 2474 2403 2529 quoque
2429 2460 2554 2516 huic
2579 2460 2780 2516 mundo
2805 2462 3112 2517 conveniat.
3144 2461 3376 2517 Dubium

1799 2551 1943 2605 enim
1984 2567 2089 2606 non
2128 2561 2214 2607 est
2238 2552 2367 2621 quin
2407 2554 2529 2609 ﬁnis
2563 2553 2731 2623 ipsius
2764 2554 2818 2609 in
2852 2554 3171 2610 diversitate
3205 2554 3375 2610 multa

1798 2644 1972 2698 adhuc
2015 2653 2070 2698 et
2118 2644 2381 2700 varietate
2442 2646 2795 2716 reperiendus
2855 2646 3142 2717 sit;,quaa
3192 2649 3378 2717 utique

1800 2735 2035 2789 varietas
2081 2735 2135 2790 in
2191 2736 2351 2807 hujus
2408 2737 2594 2791 mundi
2640 2738 2744 2793 ﬁne
2788 2738 3128 2810 deprehensa
3184 2754 3377 2796 causas

1801 2840 1991 2881 rursus
2013 2826 2389 2884 diversitatum
2416 2830 2640 2886 alterius
2667 2832 2853 2886 mundi
2883 2842 3007 2901 post
3035 2832 3178 2887 hunc
3210 2832 3379 2890 futuri

1798 2918 2223 2990 occasionesque
2291 2922 2615 2990 prtestabit,
2651 2942 2668 2975 ι
2733 2922 2877 2992 quod
2940 2922 3152 2978 scilicet
3215 2924 3379 2995 hujus

1801 3009 1984 3063 mundi
2019 3009 2142 3066 ﬁnis
2172 3013 2384 3067 initium
2419 3015 2491 3068 sit
2531 3014 2720 3069 futuri.
2760 3013 2936 3070 Verba
2968 3024 3097 3069 sunt
3128 3012 3381 3085 Origenis

1800 3100 1897 3159 lib.
1929 3118 1966 3155 ιι
2017 3104 2161 3171 Περὶ
2221 3103 2460 3173 ἀρχῶν,
2517 3120 2635 3175 cap.
2670 3105 2724 3173 1,
2780 3121 2930 3161 num.
2968 3107 3021 3172 5,
3082 3108 3379 3177 superioris

1799 3192 2008 3260 «ιιιωεὶιί
2044 3208 2163 3246 cum
2197 3194 2373 3248 isthoc
2395 3234 2410 3259 ,
2446 3195 2591 3264 quod
2624 3194 2726 3249 hoc
2760 3195 2879 3250 loco
2914 3196 3074 3251 nobis
3095 3197 3380 3253 excutien-

1801 3285 1924 3337 dum
1952 3286 2352 3354 proposuimus,
2384 3286 2778 3341 connexionem
2808 3286 3162 3343 declarantis.
3198 3306 3216 3339 (
3243 3287 3379 3343 Pos-

1801 3375 1955 3431 sihile
2005 3378 2148 3430 enim
2199 3377 2428 3443 videtur,
2489 3378 2664 3447 inquit
2716 3378 2810 3433 lib.
2840 3394 2879 3433 ιι
2967 3379 3109 3448 napi
3155 3378 3378 3449 ἀρχῶν,

1802 3465 2013 3534 cap.3,
2048 3482 2199 3520 num.
2228 3467 2262 3521 5
2284 3506 2299 3533 ,
2342 3477 2400 3522 ιιι
2444 3468 2796 3525 rationabiles
2836 3478 3044 3524 naturae
3070 3510 3085 3534 ,
3121 3486 3149 3525 a
3184 3470 3380 3541 quibus

1804 3573 2080 3626 nunquam
2129 3556 2376 3612 aufertur
2421 3559 2579 3615 liberi
2618 3558 2847 3615 facultas
2890 3561 3139 3627 arbitrii,
3174 3563 3388 3632 possint

1806 3648 2002 3702 iterum
2030 3648 2304 3717 aliquibus
2335 3651 2572 3706 motibus
2601 3652 2888 3721 subiacere
2911 3691 2927 3707 .
2957 3690 2973 3706 .
2997 3690 3013 3706 .
3035 3690 3052 3708 .
3088 3653 3241 3720 Quos
3275 3667 3386 3709 mo-

1808 3750 1892 3795 tus
1928 3743 2044 3796 sine
2076 3742 2238 3796 dubio
2275 3758 2490 3797 rursum
2524 3744 2768 3799 varietas
2796 3759 3086 3814 corporum
3119 3756 3174 3800 et
3204 3744 3384 3801 diver-

1807 3833 1937 3887 sitas
1966 3843 2364 3903 prosequetur,
2394 3848 2463 3888 ex
2506 3849 2613 3903 qua
2646 3836 2877 3889 mundus
2910 3850 3126 3905 semper
3154 3838 3385 3891 adorna-

1809 3932 1916 3987 tur,
1962 3938 2062 3977 nec
2123 3938 2355 3993 unquam
2392 3924 2595 3993 poterit
2624 3925 2859 3979 mundus
2893 3926 2999 3981 nisi
3030 3927 3289 3983 varietate
3320 3943 3386 3984 ac

1808 4016 2124 4070 diversitate
2155 4024 2426 4080 constare,
2459 4016 2601 4085 quod
2631 4015 2767 4071 ellici
2801 4017 2946 4075 nullo
2977 4032 3175 4088 genere
3207 4029 3387 4088 potest

1806 4118 1959 4161 extra
1992 4108 2272 4162 materiam
2303 4108 2668 4176 corporalem.
2706 4127 2725 4160 ι
2766 4110 3038 4166 Doctrina:
3069 4110 3235 4180 igitur
3277 4126 3388 4167 sine

1809 4199 2190 4252 cohaerentiam
2216 4199 2454 4253 servavit
2476 4198 2763 4270 Origenes,
2800 4202 3025 4272 etquod
3058 4216 3123 4257 ex
3160 4204 3383 4274 dogma-

1810 4286 1953 4341 tibus
1986 4286 2098 4341 suis
2130 4287 2271 4342 eflici
2321 4289 2572 4358 putavit,
2630 4290 2685 4346 id
2745 4292 3034 4348 manifesta
3087 4295 3390 4350 assertione

1811 4378 2091 4433 decrevit:
2127 4394 2253 4434 nam
2318 4381 2373 4435 iu
2434 4382 2826 4451 sequentibus,
2894 4384 3196 4455 repudiatis
3249 4400 3389 4441 non-

1813 4472 1995 4538 nullis,
2038 4474 2130 4542 qui
2162 4474 2360 4529 mundo
2393 4473 2522 4528 huic
2546 4489 2705 4545 pares
2732 4490 3127 4545 usquequaque
3152 4478 3388 4533 mundos

1814 4580 1877 4619 ac
1905 4566 2216 4621 consimiles
2264 4567 2318 4620 in
2361 4564 2558 4623 futuris
2597 4568 2811 4623 saeculis
2839 4568 3135 4622 continenti
3176 4583 3392 4625 succes-

1815 4659 1966 4714 sione
1990 4660 2297 4729 prodituros
2326 4658 2690 4727 aﬂirmahant,
2730 4660 2872 4729 quod
2917 4660 3151 4715 libertati
3179 4660 3392 4715 arbitrii

1815 4752 2053 4807 oﬂiceret
2076 4754 2337 4820 ejusmodi
2362 4753 2668 4820 sententia;
2695 4752 2831 4808 alios
2852 4755 3094 4824 quidem,
3119 4755 3211 4810 sed
3236 4754 3393 4825 plane

1816 4843 2059 4899 diversos
2093 4845 2369 4899 conditum
2418 4844 2484 4898 iri
2539 4845 2764 4911 statuit;
2802 4860 2869 4899 an
2912 4856 3091 4899 autem
3123 4845 3395 4915 dignitate

1817 4934 2145 5002 superiores,
2216 4947 2283 4987 an
2348 4931 2664 4997 inferiores,
2738 4931 2825 4986 vel
2887 4931 3121 5001 atquales
3181 4930 3397 4987 nescire

1817 5040 1877 5081 se
1916 5024 2135 5079 fatetur.
2210 5023 2376 5079 Addit
2431 5033 2693 5094 praeterea
2750 5024 3010 5078 mundum
3067 5023 3244 5090 hunc,
3301 5021 3395 5094 qui

1816 5126 1871 5174 et
1925 5118 2039 5189 ipse
2096 5119 2352 5174 saeculum
2422 5118 2660 5185 dicitur,
2717 5118 3013 5172 multorum
3075 5116 3394 5173 saeculorum

1818 5226 1940 5266 esse
1988 5210 2172 5277 finem,
2229 5226 2293 5267 ac
2361 5210 2654 5264 multorum
2713 5224 2875 5279 porro
2921 5210 3237 5266 saeculorum
3292 5210 3395 5266 ini-

1820 5302 2125 5374 tiumﬁSed
2160 5304 2307 5358 velut
2334 5302 2647 5358 dubitanter
2679 5302 2754 5357 ait
2800 5301 3014 5358 tandem
3042 5314 3165 5371 post
3194 5301 3390 5356 multo-

1820 5412 1937 5452 rum
1987 5396 2308 5453 saeculorum
2358 5395 2689 5452 creationem
2723 5406 2779 5450 et
2826 5395 3105 5451 interitum
3133 5434 3148 5459 ,
3189 5390 3394 5462 aliquid

1818 5490 2029 5546 sarculis
2054 5489 2226 5558 majus
2252 5488 2307 5544 in
2336 5489 2578 5545 omnium
2603 5487 2947 5543 restitutione
2980 5485 3219 5540 futurum
3248 5498 3392 5551 esse,
3434 5496 3437 5499 ‘

1819 5596 1941 5636 cum
1993 5584 2133 5637 Deus
2188 5581 2293 5636 erit
2336 5582 2521 5637 omnia
2574 5580 2630 5636 in
2680 5580 2953 5635 omnibus.
3002 5577 3165 5632 Libro
3200 5574 3394 5631 deinde

1821 5673 1999 5743 operis
2042 5674 2281 5744 ejusdem
2334 5673 2513 5739 tertio,
2548 5686 2669 5742 cap.
2700 5670 2754 5737 5,
2801 5679 3086 5740 postquam
3133 5665 3392 5724 mundam

1818 5765 2070 5834 cmpisse,
2096 5774 2149 5821 et
2190 5763 2534 5821 interiturum
2567 5778 2688 5821 esse
2716 5761 2975 5827 ostendit,
3006 5758 3167 5828 objici
3201 5759 3393 5817 adver-
