3860 6226
442 314 575 373 1051

1713 312 1774 367 Ρ.
1817 306 2137 364 DANIELIS
2176 306 2412 362 llUETIl

3551 306 3688 360 1039.

443 450 534 490 sus
576 433 714 488 hanc
762 432 1115 489 assertionem
1146 432 1322 488 solere
1355 432 1563 495 scribit,
1608 447 1757 486 num.
1785 430 1820 483 5
1856 447 1869 482 :
1913 449 1931 479 ι
1960 428 2016 483 Si

2126 427 2210 478 τὸν
2237 426 2345 498 γὰρ
2376 425 2706 497 δημιουργὸν
2752 424 2840 479 διά
2869 442 2928 478 τε
2968 423 3423 495 δημιουργήματα
3452 424 3686 493 ἀνάγκη,

442 524 610 593 carpit
643 523 872 578 mundus
898 538 963 578 ex
992 532 1251 591 tempore,
1282 521 1410 590 quid
1441 530 1571 576 ante
1592 520 1825 575 faciebat
1850 520 2011 582 Deus,

442 627 603 681 quam
639 612 870 667 mundus
908 611 1214 680 inciperet?
1260 611 1498 665 Otiosam
1551 611 1695 665 enim
1729 619 1784 665 et
1824 603 2015 665 iinmo-

445 704 604 757 bilem
635 703 817 757 dicere
850 711 1101 757 naturam
1135 701 1227 755 Dei
1254 702 1479 771 impium
1519 710 1604 755 est
1631 699 1792 755 simul
1831 710 1885 754 et
1919 700 2015 754 ab-

443 794 688 856 surdum,
724 793 807 848 vel
855 802 1044 862 putare
1090 793 1236 863 quod
1290 792 1506 847 bonitas
1543 790 1836 860 aliquando
1879 791 2015 845 bene

443 902 552 939 non
604 885 815 949 fecerit,
846 892 902 938 et
940 883 1335 952 omnipotentia
1373 882 1668 951 aliquando
1708 895 1814 936 non
1845 880 2016 951 egerit

442 984 803 1046 potentatum.
828 993 849 1025 ι
890 973 1067 1039 Atque
1101 973 1152 1029 id
1192 976 1405 1029 demum
1435 972 1692 1043 praeclare
1715 972 1924 1027 solvere
1956 985 2015 1026 se

441 1076 595 1138 putat
648 1066 750 1122 bac
797 1067 1197 1135 responsione:
1237 1085 1256 1118 ι
1284 1064 1394 1122 Nos
1443 1080 1573 1120 vero
1624 1072 2015 1132 consequenter

444 1160 891 1228 respondebimus
928 1159 1283 1214 observantes
1316 1156 1558 1226 regulam
1582 1155 1823 1226 pietatis,
1852 1165 1907 1210 et
1934 1154 2017 1209 di-

444 1261 651 1314 centes,
689 1252 947 1322 quoniam
979 1267 1084 1307 non
1136 1262 1263 1306 tunc
1311 1251 1543 1320 primum
1578 1265 1702 1305 cum
1747 1249 2012 1303 visibilem

442 1344 603 1397 istum
636 1344 893 1397 mundum
919 1343 1047 1398 fecit
1075 1342 1239 1407 Dens,
1274 1342 1443 1410 coepit
1473 1339 1722 1409 operari;
1752 1339 1847 1394 sed
1877 1338 2017 1393 sicut

441 1442 565 1503 post
592 1434 993 1502 corruptionem
1043 1432 1204 1500 hujus
1231 1432 1338 1486 erit
1378 1432 1521 1486 alius
1560 1430 1813 1496 mundus,
1847 1431 1919 1483 ita
1960 1438 2016 1483 et

441 1535 729 1593 antequam
760 1523 845 1578 hic
873 1531 1037 1588 esset,
1069 1522 1237 1577 fuisse
1268 1522 1404 1576 alios
1425 1520 1721 1576 credimus.
1756 1539 1775 1571 ι
1812 1520 2015 1589 Duplex

445 1616 530 1670 his
563 1614 949 1669 conﬁrmandis
998 1615 1220 1669 adhibet
1272 1613 1568 1682 Scriptura:
1622 1612 2012 1678 testimonium,

441 1706 673 1759 alterum
716 1719 784 1759 ex
829 1703 978 1759 Isaia:
1006 1719 1131 1768 uv,
1162 1704 1253 1768 17,
1297 1711 1351 1757 et
1393 1717 1538 1768 Lm,
1570 1701 1661 1766 ΞΩ..
1694 1702 1784 1756 ubi
1814 1702 2013 1756 coelum

443 1810 666 1860 novum,
708 1804 764 1849 et
809 1804 1009 1851 terram
1051 1811 1242 1849 novam
1294 1804 1601 1849 creaturum
1659 1809 1717 1848 se
1774 1793 2016 1863 praedicit

445 1885 632 1940 Deus:
662 1886 891 1940 alterum
922 1900 988 1940 ex
1017 1886 1226 1940 Eccles.
1265 1902 1304 1951 ι,
1346 1887 1400 1949 9,
1435 1884 1521 1952 10,
1546 1886 1686 1954 quod
1717 1894 1799 1938 est
1832 1884 2016 1953 hujus-

445 1977 590 2031 modi
619 1995 632 2030 :
665 1996 684 2028 ι
711 1976 849 2042 Quid
897 1985 981 2031 est
1014 1977 1155 2044 quod
1210 1976 1353 2029 fuit?
1399 1976 1571 2045 ipsum
1603 1975 1745 2045 quod
1778 1976 2017 2030 futurum

444 2078 529 2125 est
559 2088 572 2122 :
603 2069 740 2136 Quid
765 2079 851 2121 est
877 2070 1017 2137 quod
1053 2069 1251 2122 factum
1280 2068 1403 2123 est?
1439 2070 1611 2137 ipsum
1641 2069 1784 2137 quod
1815 2069 2017 2123 facien-

446 2163 571 2217 dum
602 2171 703 2215 est.
745 2159 829 2213 Nil
863 2160 962 2214 sub
1009 2160 1122 2215 sole
1156 2176 1389 2225 novum;
1435 2175 1535 2214 nec
1564 2161 1705 2215 valet
1734 2162 2017 2231 quisquam

447 2254 629 2307 dicere
656 2270 668 2305 :
702 2252 841 2306 Ecce
873 2254 974 2305 hoc
1006 2266 1192 2307 recens
1210 2262 1295 2307 est
1320 2269 1335 2305 :
1357 2253 1468 2321 jam
1494 2253 1637 2307 enim
1665 2255 1941 2322 praecessit
1964 2254 2016 2309 in

446 2344 661 2399 saeculis
709 2359 828 2414 qua?
885 2343 1106 2398 fuerunt
1154 2354 1283 2399 ante
1332 2361 1449 2400 nos.
1479 2365 1498 2399 ι
1556 2344 1787 2401 Mundos
1839 2355 2016 2401 autem

449 2439 584 2494 istos
614 2454 719 2493 non
755 2438 936 2508 plures
970 2438 1127 2494 simul
1161 2452 1302 2503 esse,
1338 2441 1428 2493 sed
1454 2449 1711 2508 perpetua
1743 2440 1883 2494 serie
1914 2440 2017 2495 sibi

447 2543 793 2584 successores
833 2529 946 2584 fore
978 2538 1184 2584 censet.
1222 2531 1397 2599 Atque
1431 2531 1545 2585 haec
1575 2530 1687 2600 ipsa
1726 2534 2019 2601 reprehen-

447 2625 621 2679 sionis
644 2640 805 2679 causa
843 2625 1079 2679 indidem
1116 2626 1386 2679 transtulit
1419 2624 1778 2696 Hieronymus
1811 2626 1865 2679 in
1908 2626 2021 2695 epi-

446 2714 638 2769 stolam
673 2714 760 2778 59,
799 2716 863 2767 ad
897 2714 1037 2769 Avit.
1059 2754 1074 2780 ,
1125 2729 1244 2785 cap.
1275 2715 1330 2768 '5.
1368 2715 1563 2768 Eadem
1597 2729 1758 2783 porro
1789 2724 1870 2769 est
1893 2714 2019 2770 Ori-

448 2805 669 2877 gcniani
729 2804 886 2873 hujus
928 2804 1032 2859 loci
1075 2806 1452 2871 ratiocinatio,
1504 2819 1624 2875 quae
1675 2805 1797 2859 libri
1830 2821 1847 2860 t
1875 2804 2020 2875 Περὶ

443 2895 667 2965 ἀρχῶν,
720 2911 840 2966 cap.
875 2896 940 2964 9.,
994 2912 1144 2951 num.
1179 2896 1280 2960 10,
1337 2896 1429 2951 ubi
1477 2897 1553 2950 ait
1596 2896 2019 2967 omnipotentem

446 2989 615 3044 Deum
640 3003 793 3052 esse,
831 2990 932 3044 hoc
957 2999 1040 3046 est
1072 2989 1505 3060 παντοκράτορα,
1541 2999 1806 3058 quatenus
1840 2988 2022 3057 aliqua

2117 519 2212 573 καὶ
2240 518 2332 573 τὸν
2364 518 2594 589 ποιητὴν
2621 518 2708 571 διὰ
2730 517 2800 571 τὰ
2826 518 3124 588 ποιήματα,
3152 518 3245 569 καὶ
3271 517 3359 569 τὸν
3392 518 3694 587 παντοκρὰ-

2113 628 2247 681 τορα
2280 609 2373 663 διὰ
2400 608 2469 662 τὰ
2499 608 2842 679 κρατούμενα
2876 607 3153 676 λέγεσθαιο
3193 607 3404 678 ἀνάγκη
3436 608 3497 674 ἐξ
3526 609 3691 678 ἀρχῆς

2113 703 2252 756 αὐτὰ
2277 700 2382 754 ὑπὸ
2414 700 2505 753 τοῦ
2533 701 2665 754 Θεοῦ
2690 700 3038 770 γεγενῆσθαι,
3071 700 3164 753 καὶ
3197 700 3271 771 μὴ
3311 697 3448 754 εἶναι
3478 701 3689 771 χρόνον,

2114 794 2205 847 ὅτε
2244 794 2345 847 οὐκ
2373 788 2440 864 ἦν
2480 794 2673 847 ταῦτα.
2736 792 2800 846 Ει
2844 792 3083 847 deinde:
3132 792 3292 846 Ἀλλὰ
3323 793 3418 845 καὶ
3445 792 3690 846 ἀλλοιοῦ-

2117 886 2263 949 σθαι,
2297 887 2389 940 καϊ
2422 886 2780 958 μεταϐάλλειν
2802 885 2893 938 τὸν
2922 884 3191 955 ἄτρεπτον
3215 887 3308 939 καὶ
3335 885 3693 939 ἀναλλοίωτον

2119 978 2460 1049 συμϐήσεται
2495 979 2629 1032 Θεόν
2648 997 2661 1010 σ
2701 980 2749 1032 εἰ
2783 979 2890 1049 γὰρ
2924 977 3151 1050 ὕστερον
3176 978 3445 1049 πεποίηκε
3476 977 3541 1030 τὸ
3566 978 3694 1040 πᾶν,

2114 1070 2272 1139 δῆλον
2293 1070 2376 1123 ὅτι
2406 1070 2512 1123 ἀπὸ
2542 1069 2635 1123 τοῦ
2663 1071 2737 1142 μὴ
2776 1072 2947 1123 ποιεῖν
2980 1071 3061 1133 εἰς
3095 1069 3158 1122 τὸ
3186 1072 3356 1123 ποιεῖν
3392 1070 3659 1140 μετέϐαλε
3677 1086 3692 1100 ο

2115 1161 2271 1215 τοῦτο
2316 1162 2373 1215 δὲ
2408 1163 2608 1217 ἄτοπον
2646 1163 2784 1233 μετὰ
2822 1160 2931 1215 τῶν
2964 1163 3406 1234 προειρημένωνο
3438 1163 3542 1221 οὐκ
3586 1162 3695 1231 ἄρα

2114 1254 2334 1307 δυνατὸν
2386 1253 2565 1322 λέγειν
2616 1254 2689 1325 μὴ
2741 1250 2882 1308 εἶναι
2922 1254 3156 1325 ἄναρχον
3186 1256 3278 1308 καὶ
3315 1254 3583 1307 συνατιδιον
3614 1252 3693 1322 τῷ

2115 1344 2234 1415 Θεῷ
2274 1346 2335 1398 τὸ
2364 1348 2504 1399 πᾶν·
2546 1364 2565 1397 t
2588 1345 2643 1402 Si
2684 1362 2787 1400 non
2833 1356 2917 1401 est
2961 1346 3141 1416 opifex
3176 1347 3294 1401 sine
3322 1345 3579 1415 opiﬁciis,
3607 1344 3695 1399 vel

2117 1436 2361 1491 conditor
2410 1439 2529 1492 sine
2575 1451 2633 1491 re
2670 1438 2913 1501 condita,
2966 1453 3142 1504 neque
3173 1437 3538 1507 Omnipotens
3574 1437 3694 1490 sine

2116 1531 2278 1583 rebus
2304 1528 2615 1599 gubernatis
2639 1546 2653 1593 ;
2684 1543 2809 1583 nam
2835 1528 3085 1598 opiﬁcem
3119 1543 3341 1584 necesse
3363 1537 3451 1583 est
3476 1538 3697 1599 propter

2116 1624 2355 1692 opiﬁcia,
2400 1633 2456 1677 et
2510 1621 2848 1677 conditorem
2902 1631 3122 1691 propter
3172 1636 3260 1676 res
3312 1623 3598 1685 conditas,
3641 1631 3701 1677 et

2120 1714 2556 1783 Omnipotentem
2604 1721 2823 1781 propter
2873 1727 2961 1766 res
3018 1710 3347 1779 gnbernatas
3406 1710 3567 1765 dici:
3606 1725 3702 1764 ne-

2119 1820 2280 1861 cesse
2319 1812 2404 1859 est
2432 1804 2499 1857 al)
2534 1804 2691 1857 initio
2740 1802 2856 1857 haec
2890 1818 2919 1855 a
2953 1803 3062 1857 Deo
3102 1801 3270 1857 fuisse
3301 1801 3485 1867 facta;
3522 1817 3705 1872 neque

2118 1912 2237 1955 esse
2268 1906 2503 1966 tempus,
2542 1897 2762 1964 quando
2793 1896 2906 1949 haec
2934 1908 3037 1948 non
3075 1892 3333 1947 fuerint.»
3372 1892 3441 1948 Et
3462 1893 3698 1948 deinde:

2125 1988 2274 2045 «Sed
2308 1988 2507 2043 variari
2570 1996 2627 2042 et
2662 1986 2860 2040 mutari
2908 1984 3299 2039 immutabilem
3346 1993 3405 2038 et
3454 1984 3703 2038 invaria-

2117 2078 2280 2134 bilem
2315 2077 2483 2131 Deum
2516 2077 2817 2145 continget.
2867 2071 3005 2128 Nam
3033 2073 3078 2128 si
3118 2074 3309 2127 deinde
3333 2074 3518 2128 omnia
3553 2073 3706 2138 fecit,

2118 2170 2463 2226 manifestum
2496 2178 2579 2225 est
2614 2168 2763 2222 illum
2788 2183 2818 2223 a
2847 2183 2952 2221 non
2986 2167 3233 2223 faciendo
3272 2168 3338 2221 ad
3379 2166 3704 2222 faciendum

2120 2260 2401 2315 transisse.
2466 2258 2771 2313 Absurdum
2828 2267 3008 2311 autem
3078 2257 3207 2312 illud
3265 2273 3333 2312 ex
3382 2258 3707 2313 antedictis.

2124 2352 2240 2407 Dici
2278 2365 2406 2422 ergo
2442 2365 2549 2405 non
2587 2358 2765 2421 potest
2797 2365 2902 2403 non
2936 2363 3057 2404 esse
3082 2348 3333 2419 principii
3378 2364 3607 2419 expers,
3654 2359 3711 2404 et

2122 2448 2232 2502 Deo
2263 2453 2593 2501 comternum
2625 2444 2729 2497 hoc
2768 2442 3100 2496 universum.
3128 2458 3146 2491 ι
3186 2440 3421 2509 Dignum
3464 2450 3520 2494 et
3561 2439 3709 2494 istud

2120 2547 2204 2592 est
2230 2532 2704 2588 animadversione
2742 2531 2883 2601 quod
2928 2531 3007 2585 ait
3064 2529 3424 2585 Adamantius
3452 2530 3647 2585 homl.
3672 2529 3710 2583 4

2120 2630 2175 2681 in
2215 2626 2437 2689 Isaiam,
2491 2639 2636 2678 num.
2666 2624 2720 2686 1,
2770 2622 2942 2689 «Quae
2987 2630 3114 2677 ante
3160 2624 3419 2676 mundum
3473 2620 3703 2685 fuerint,

2121 2718 2465 2788 ignoramus;
2512 2714 2730 2769 fuerunt
2779 2727 2941 2782 porro
2969 2712 3215 2781 quaedam
3245 2723 3371 2766 ante
3414 2711 3705 2765 mundun.

2121 2807 2249 2875 Quae
2284 2815 2405 2877 post
2444 2805 2703 2861 mundum
2752 2813 3004 2860 secutura
3054 2812 3204 2868 sunt,
3251 2803 3317 2856 ad
3349 2812 3561 2857 certum
3596 2815 3707 2876 nqu

2122 2896 2617 2967 apprehendimus;
2656 2904 2819 2949 erunt
2842 2904 3022 2948 autem
3064 2892 3167 2947 alia
3200 2901 3323 2961 post
3355 2894 3649 2949 mundum.
3672 2911 3694 2945 ι

2122 2985 2199 3041 Ne
2230 2988 2514 3055 quis.vcro
2554 2986 2647 3041 Dei
2692 2984 2887 3040 Filium
2934 2986 3023 3038 hic
3079 2984 3368 3055 intelligat,
3416 2985 3510 3055 qui
3570 2995 3705 3040 ante

446 3080 613 3135 habet
642 3079 694 3134 in
727 3095 849 3149 quae
879 3080 1176 3149 potentiam
1206 3096 1356 3134 suam
1388 3094 1646 3135 exercere
1672 3079 1841 3148 possit
1874 3097 1887 3133 :
1921 3096 1940 3129 ‹
1967 3088 2022 3132 et
2048 3097 2095 3156 ο
2125 3079 2318 3132 saecula
2366 3095 2393 3132 a
2437 3078 2599 3133 Patre
2635 3080 2846 3150 genitus
2878 3089 2983 3144 est,
3011 3079 3095 3134 vel
3123 3079 3385 3147 Spiritum
3421 3086 3704 3145 sanctum,

447 3172 594 3239 ideo,
641 3182 698 3225 ut
731 3172 1074 3241 omnipotens
1119 3173 1439 3226 ostendatur
1468 3169 1636 3233 Deus,
1679 3169 1859 3223 omnia
1889 3167 2019 3227 sub-

447 3261 643 3317 sistere
670 3276 890 3317 ncccsse
926 3276 1085 3317 esse:
1115 3279 1133 3311 ι
1170 3261 1313 3329 quod
1351 3260 1395 3314 si
1430 3261 1557 3330 quis
1589 3258 1881 3324 aliquando
1918 3271 2025 3310 non

449 3353 617 3409 fuisse
644 3355 776 3409 velit
800 3369 863 3409 ea
898 3368 1018 3422 qua:
1055 3352 1309 3422 deinceps
1342 3352 1480 3408 facta
1516 3360 1661 3416 sunt,
1691 3350 1817 3405 huic
1853 3349 2027 3403 faten-

450 3447 577 3500 dum
614 3460 736 3501 esse
772 3446 1081 3501 necessario
1110 3445 1536 3513 omnipotentem
1568 3452 1695 3497 tunc
1728 3457 1832 3497 non
1859 3440 2027 3496 fuisse

451 3536 643 3603 Deum,
680 3538 1128 3607 omnipotentiam
1168 3550 1297 3592 vero
1330 3536 1523 3591 deinde
1564 3535 1864 3604 accepisse,
1900 3550 2025 3591 cum

451 3628 655 3684 habere
676 3629 844 3697 coepit
877 3643 1000 3699 qua:
1029 3626 1268 3698 potentia
1298 3639 1396 3681 sua
1441 3627 1788 3697 gubernaret.
1826 3644 1845 3679 ‹
1873 3625 2027 3693 Quod

451 3719 499 3775 si
548 3733 826 3789 nunquam
875 3728 980 3783 est,
1022 3720 1215 3788 inquit,
1270 3718 1489 3789 quando
1537 3732 1644 3772 non
1689 3717 2028 3787 omnipotens

454 3812 639 3876 fuerit,
680 3812 986 3867 necessario
1033 3811 1334 3867 subsistere
1363 3818 1578 3880 oportet
1625 3809 1790 3864 etiam
1833 3824 1896 3863 ea
1931 3824 2025 3878 per

453 3920 576 3975 quae
598 3906 942 3973 omnipotens
968 3904 1185 3969 dicitur,
1216 3911 1269 3957 et
1298 3915 1513 3971 semper
1540 3902 1721 3956 habuit
1751 3902 1803 3954 in
1832 3902 2029 3970 quibus

454 3995 763 4050 exercuerit
793 4005 1155 4065 potentatum,
1202 4004 1257 4049 et
1300 4008 1421 4063 qua:
1450 3993 1652 4047 fuerint
1681 3992 1746 4047 ab
1785 3993 1921 4061 ipso,
1945 3991 2031 4046 vel

454 4100 602 4156 rege,
645 4086 733 4141 vel
767 4088 1007 4154 principe
1050 4087 1347 4141 moderata.
1382 4106 1401 4139 ι
1450 4084 1699 4142 Oﬂiciose
1730 4085 1944 4154 quidem
1977 4096 2031 4140 et

455 4179 629 4232 amico
668 4178 929 4232 adversus
960 4178 1250 4248 Origenem
1303 4179 1524 4245 animo,
1567 4185 1624 4231 at
1668 4192 1775 4230 non
1810 4176 2030 4245 perinde

454 4283 602 4335 vere,
626 4270 679 4325 id
704 4270 805 4325 sibi
826 4269 963 4325 velle
992 4285 1114 4325 eum
1140 4270 1365 4325 adnotat
1389 4268 1789 4335 Genebrardus,
1819 4287 1835 4318 ι
1864 4266 2028 4322 Deum

457 4364 675 4421 Patrem
705 4364 1153 4434 omnipotentiam
1188 4378 1340 4418 suam
1391 4362 1717 4429 ostendisse,
1771 4361 1896 4417 dum
1940 4376 2031 4431 ge-

2124 3172 2216 3241 qui
2253 3186 2635 3241 nunquamnon
2673 3172 2742 3226 ab
2788 3180 3019 3240 utroque
3048 3170 3335 3240 processit,
3364 3184 3536 3240 aquas
3582 3169 3707 3223 illas

2124 3277 2286 3331 super
2331 3278 2467 3332 quas
2531 3262 2805 3317 ferebatur
2850 3262 3089 3333 Spiritus
3146 3261 3273 3327 Dei,
3322 3273 3377 3315 et
3447 3261 3707 3317 tenebras

2124 3369 2246 3425 qua:
2295 3363 2449 3409 erant
2512 3370 2675 3425 super
2726 3354 2919 3409 faciem
2969 3354 3174 3425 abyssi,
3205 3362 3419 3407 creatas
3456 3352 3705 3422 quidem,

2125 3445 2219 3500 sed
2253 3454 2431 3499 tamen
2473 3446 2674 3502 mundo
2708 3445 3049 3516 antiquiores
3105 3445 3405 3516 Intelligere
3433 3459 3493 3500 se
3520 3443 3711 3499 decla-

2126 3546 2230 3592 rat.
2273 3536 2343 3591 Et
2374 3537 2591 3591 demum
2622 3555 2637 3591 :
2688 3554 2707 3587 ι
2734 3537 2829 3603 Ea,
2861 3536 3056 3604 inquit,
3093 3546 3369 3605 qnze.post
3395 3547 3708 3591 extremm

2125 3628 2383 3683 saeculum
2409 3628 2586 3682 futura
2625 3637 2753 3682 sunt
2776 3628 2828 3681 in
2857 3626 3055 3680 smcula
3080 3627 3396 3681 saeculorum
3428 3628 3550 3697 quis
3606 3643 3711 3696 po-

2126 3729 2234 3775 test
2275 3719 2580 3789 exponere?
2630 3717 2981 3774 Garrulorum
3020 3725 3105 3773 est
3160 3717 3445 3771 hominum
3504 3717 3709 3772 borum

2128 3811 2383 3867 notitiam
2428 3809 2695 3881 polliceri.
2725 3827 2743 3861 ι

2200 3902 2356 3970 Quod
2383 3912 2561 3957 autem
2593 3901 2878 3956 materiam
2899 3900 3008 3956 Deo
3030 3902 3354 3955 coaeternam
3377 3899 3709 3971 impugnans

2130 3994 2350 4051 disserit
2384 3995 2438 4049 in
2464 3988 2766 4048 Comment.
2803 3994 2857 4047 in
2884 3991 3071 4048 Gener.
3100 4008 3140 4056 ι,
3170 3993 3258 4056 12,
3281 4001 3333 4046 et
3357 3991 3451 4045 lib.
3478 4007 3515 4046 ιι
3555 3991 3707 4060 Περὶ

2129 4087 2351 4158 ἀρχῶν,
2403 4101 2522 4156 cap.
2551 4088 2604 4151 1,
2649 4101 2803 4143 num.
2833 4085 2889 4153 4,
2936 4085 3017 4141 sic
3066 4085 3435 4153 accipiendum
3464 4091 3581 4149 est;
3622 4098 3709 4137 re-

2133 4180 2363 4250 pudiare
2411 4195 2534 4233 eum
2594 4178 2811 4248 quidem
2868 4177 3150 4231 materiam
3215 4175 3360 4229 illam
3412 4174 3706 4244 ἀγένητον,

2130 4281 2251 4326 ortu
2278 4280 2334 4325 et
2365 4270 2635 4340 principio
2668 4278 2966 4336 carentem,
2997 4268 3211 4338 qualem
3238 4270 3558 4321 invexerant
3588 4267 3707 4334 plii-

2131 4362 2342 4432 losophi
2375 4361 2593 4433 quidam
2617 4400 2634 4425 ,
2674 4370 2730 4415 et
2763 4359 3092 4415 Marcionita!
3132 4358 3527 4425 defendebant,
3598 4356 3709 4411 Deo

457 4456 573 4512 nuit
610 4456 805 4512 Filium
839 4474 854 4511 :
904 4472 970 4511 ac
1006 4457 1111 4512 nisi
1150 4456 1447 4528 genuisset,
1501 4470 1610 4512 non
1658 4455 1828 4513 fuisse
1854 4456 2028 4511 omni-
2060 4447 2103 4503 D
2133 4468 2389 4519 coaavam,
2430 4451 2741 4507 etalterum
2791 4467 2973 4507 rerum
3028 4434 3350 4521 principium
3386 4466 3401 4503 :
3437 4461 3495 4505 at
3535 4451 3712 4507 nihilo

455 4561 773 4622 potentem:
807 4568 826 4602 ι
874 4566 1000 4605 nam
1044 4551 1111 4606 de
1163 4551 1327 4607 rebus
1373 4564 1600 4605 numero
1648 4548 1917 4619 pluribus,
1974 4547 2028 4602 in

458 4656 578 4710 quae
631 4642 922 4710 imperium
961 4650 1145 4696 teneat
1196 4643 1359 4709 Deus,
1408 4656 1513 4695 non
1562 4640 1629 4696 de
1674 4655 1783 4694 una
1827 4639 2026 4709 aliqua,

456 4729 636 4799 qualis
675 4740 758 4785 est
792 4729 988 4796 Filius,
1020 4745 1183 4800 agere
1212 4731 1500 4801 Origenem
1532 4728 1880 4784 manifestum
1911 4738 2027 4783 est:

465 4823 560 4875 sed
618 4830 673 4876 et
722 4835 811 4876 res
857 4830 1070 4876 creatas
1118 4821 1172 4875 in
1212 4822 1395 4876 animo
1444 4821 1697 4875 habuisse
1740 4820 1871 4875 satis
1900 4819 2028 4874 illud

458 4912 658 4967 evincit
686 4911 830 4981 quod
861 4912 1105 4980 sequitur
1132 4929 1145 4966 :
1191 4930 1209 4963 ι
1238 4912 1309 4967 De
1339 4912 1535 4981 quibus
1566 4910 1778 4981 plenius
1808 4910 1860 4965 in
1897 4910 2029 4965 locis

459 5001 711 5071 propriis,
751 5002 803 5055 in
848 5001 1043 5071 quibus
1086 5005 1151 5057 de
1191 5002 1458 5057 creaturis
1502 5001 1621 5070 ejus
1649 5001 2031 5071 disputandum

460 5092 647 5157 fuerit,
682 5093 1030 5149 disseremus.
1062 5113 1080 5146 ι
1124 5095 1203 5148 Ac
1240 5094 1486 5163 superior
1531 5094 1620 5149 iHe
1660 5094 1809 5149 locus
1842 5093 2033 5162 Orige-

461 5182 548 5237 nis
579 5182 663 5237 vel
699 5183 835 5237 alter
886 5194 1031 5238 certe
1074 5185 1171 5252 ipsi
1217 5185 1534 5252 consimilis,
1580 5186 1811 5242 refertur
1859 5199 1890 5239 a
1929 5183 2036 5240 Me-

466 5274 654 5330 tltodio
683 5276 734 5327 in
780 5274 915 5329 libro
941 5277 1079 5345 Περὶ
1120 5276 1237 5330 τῶν
1267 5276 1551 5346 γενητῶν,
1588 5277 1752 5347 cujus
1779 5287 2033 5346 excerpta

463 5364 633 5422 habet
654 5366 879 5423 Photius
912 5370 1031 5424 cod.
1062 5384 1289 5423 ccxxxv.
1325 5370 1388 5421 El
1418 5368 1700 5433 οὐκέστιν,
1730 5367 1919 5436 inquit,
1945 5367 2037 5438 δη-

465 5460 725 5531 μιουργὸς
751 5460 877 5514 ἄνευ
894 5460 1086 5531 δημιου
1096 5460 1409 5532 ργημάτων,
1432 5461 1464 5531 ἣ
1489 5460 1713 5531 ποιητὴς
1730 5458 1858 5512 ἄνευ
1888 5476 2038 5530 ποιη-

469 5552 689 5622 μάτων,
724 5554 845 5608 οὐδὲ
873 5555 1268 5625 παντοκράτωρ
1310 5552 1436 5607 ἄνευ
1479 5552 1586 5605 τῶν
1623 5551 2031 5623 κρατουμένων·

537 5667 651 5736 (53)
697 5668 801 5723 Sed
837 5680 959 5724 ante
1006 5669 1203 5724 sarcula
1248 5670 1321 5723 ita
1360 5686 1392 5722 a
1429 5668 1538 5722 Deo
1573 5681 1926 5735 procreatam,
1970 5677 2027 5722 ut

465 5736 641 5794 lumen
695 5756 729 5794 a
772 5739 883 5795 sole
930 5741 1302 5819 proﬁciscitur.
1359 5740 1487 5797 Vide
1536 5756 1697 5811 supra
1751 5748 1941 5809 quacst.
1970 5740 2031 5806 2,

2133 4547 2313 4602 secius
2357 4546 2637 4600 materiam
2676 4543 2835 4597 aliam
2889 4542 3196 4607 admittere,
3239 4556 3345 4596 non
3391 4551 3549 4597 ortus
3576 4545 3699 4611 qui-

2134 4640 2253 4695 dem
2278 4647 2335 4692 et
2358 4636 2614 4707 principii
2652 4643 2956 4704 expertem,
2988 4633 3101 4703 (55)
3132 4633 3227 4688 sed
3254 4644 3379 4688 ante
3406 4634 3603 4689 saecula
3636 4637 3712 4691 ita

2136 4744 2167 4784 a
2194 4729 2301 4784 Deo
2330 4737 2690 4798 procreatam,
2732 4734 2797 4780 ut
2865 4726 3051 4781 lumen
3096 4740 3126 4778 a
3166 4724 3279 4780 sole
3315 4725 3705 4795 proﬁciscitur.

2134 4821 2193 4876 In
2225 4836 2292 4877 eo
2323 4835 2454 4892 ergo
2490 4818 2559 4874 ab
2585 4818 2860 4874 haereticis
2890 4816 2996 4873 illis
3022 4817 3396 4883 dissentiebat,
3428 4819 3573 4887 quod
3599 4821 3715 4873 duo

2137 4914 2190 4969 hi
2227 4929 2406 4969 rerum
2445 4911 2708 4982 principia
2743 4921 3029 4980 ponerent,
3065 4910 3257 4975 Deum,
3300 4919 3355 4965 et
3394 4911 3703 4971 materiam,

2134 5014 2424 5074 utrumque
2462 5003 2680 5071 utrique
2712 5012 3069 5067 coaeternum,
3124 5011 3374 5055 neutrum
3426 5000 3493 5054 ab
3532 5000 3705 5054 altero

2133 5095 2413 5165 pendens;
2465 5093 2556 5149 ille
2600 5094 2765 5148 Deum
2819 5094 3039 5148 unicum
3097 5109 3279 5148 rerum
3327 5092 3703 5146 universarum

2133 5194 2399 5242 statueret
2442 5185 2766 5256 principium
2793 5228 2809 5253 ,
2865 5185 2955 5254 qui
3016 5184 3297 5238 materiam
3340 5198 3409 5238 ex
3450 5197 3511 5238 se
3565 5199 3705 5236 nun-

2135 5294 2412 5348 quamnon
2450 5280 2800 5347 produxerat.
2850 5274 3078 5331 Mundus
3127 5284 3304 5330 autem
3357 5289 3427 5329 ex
3476 5274 3706 5328 materia

2137 5370 2229 5426 illa
2280 5370 2535 5440 deinceps
2583 5368 2808 5425 conﬂari
2854 5368 3111 5436 fingebat.
3168 5367 3250 5421 Ita
3279 5366 3629 5435 discrepabat
3673 5381 3706 5419 a

2138 5461 2524 5526 Marcionistis,
2558 5460 2812 5530 quamvis
2864 5459 3099 5529 ipsorum
3140 5457 3474 5530 argumentis
3520 5467 3707 5512 utere-

2142 5562 2246 5608 tur.
2295 5553 2686 5623 Hermogenem
2734 5552 2877 5608 enim
2936 5551 3251 5607 bmreticum
3301 5550 3492 5605 eodem
3547 5550 3711 5604 modo

2139 5685 2288 5722 num.
2309 5668 2401 5734 24,
2432 5669 2843 5724 observationes
2862 5677 3075 5723 nostras
3091 5668 3143 5723 in
3170 5668 3287 5722 haec
3306 5665 3484 5720 lluetii
3504 5664 3703 5719 verba:

2140 5738 2215 5794 vel
2240 5741 2360 5810 quia
2380 5739 2656 5795 materiam
2678 5756 2705 5795 e
2731 5754 2833 5811 qua
2857 5740 3117 5809 conﬂatus
3142 5746 3215 5794 ut
3242 5736 3492 5804 mundus,
3523 5744 3633 5792 etc.
