3860 6226
113 335 258 394 1033
933 335 1509 394 ΟΠΙΟΕΝΙΑΝΟΒΗΜ
1546 335 1676 392 LIB.

1825 336 1978 392 CAP.
2013 336 2080 400 Π,
2118 331 2394 402 ΩΠᾸΞΞΤ.
2437 329 2548 384 Xll.
3226 322 3366 378 1054

108 453 492 510 ratiocinatum
543 466 666 509 esse
716 455 884 510 refert
917 455 1280 512 Tertullianus
1340 458 1480 514 libro
1527 472 1689 527 pecu-
1720 462 1765 518 Α
1794 467 1848 512 et
1888 455 2042 513 Isaiae
2076 456 2216 519 loco,
2250 454 2315 508 ad
2355 467 2514 522 quem
2552 446 2687 503 falsa
2722 443 3164 513 interpretatione
3193 444 3370 497 detor-

110 548 232 601 liari
270 549 445 617 ipsum
477 561 832 618 oppugnaus;
881 548 1048 603 Deum
1081 551 1225 605 enim
1263 551 1442 605 aiebat
1476 565 1688 619 semper
1728 606 1755 626 μ,
1795 561 1905 605 tum
1975 549 2329 618 interpolatas
2395 544 2516 598 illas
2578 539 3048 610 philosophorum}1
3083 537 3368 607 opiniones

111 640 280 694 fuisse
313 641 638 706 Dominum;
688 640 976 696 Dominum
1018 653 1198 698 autem
1242 644 1312 699 ab
1357 646 1502 699 omni
1543 652 1690 698 retro

110 746 228 787 arvo
262 746 380 786 esse
409 747 513 786 non
549 732 812 800 potuisse,
852 733 952 787 nisi
981 748 1198 800 semper
1232 733 1427 789 fuisset
1462 734 1688 804 aliquid,

110 823 269 891 cujus
309 833 453 879 esset
491 824 789 890 Dominus;
832 825 1168 896 proindeque
1202 827 1442 883 materia:
1473 842 1690 895 semper

111 916 399 972 Dominum
433 915 638 982 fuisse;
672 916 817 970 unde
843 915 1077 972 ellicitur
1100 932 1486 987 nunquamnou
1522 917 1689 974 fuisse

110 1007 420 1063 materiam.
460 1006 610 1062 Hanc
638 1008 1106 1064 ratiocinationem
1135 1025 1165 1065 a
1200 1010 1476 1066 veteribus
1514 1012 1690 1076 philo-

109 1100 297 1170 sophis
327 1107 673 1168 sumpserant
703 1099 1068 1156 Marcionistaa
1093 1141 1109 1168 ,
1151 1115 1382 1171 eamque
1413 1104 1465 1156 in
1496 1102 1689 1158 Proclo

108 1192 315 1248 obterit
352 1191 682 1262 Phil0ponus
714 1193 786 1247 De
815 1193 1108 1247 wternitate
1151 1194 1357 1248 mundi.
1393 1194 1465 1247 At
1494 1210 1686 1263 quam-

112 1286 196 1340 vis
226 1284 483 1338 mundum
515 1299 580 1339 ex
616 1285 841 1340 materia
873 1286 1088 1355 quidem
1134 1295 1372 1351 mterna,
1405 1303 1434 1341 a
1460 1287 1568 1342 Deo
1603 1296 1687 1342 ta-

107 1368 235 1429 men
281 1374 557 1429 conditum
603 1373 805 1429 dixerit
855 1383 977 1444 post
1001 1374 1280 1431 Socratem
1316 1376 1501 1442 Plato;
1548 1386 1604 1432 et
1634 1377 1690 1431 in

103 1475 353 1535 tempore
400 1479 613 1536 quoque
651 1475 895 1523 creatum
943 1465 1326 1534 aﬂirmaverit,
1367 1476 1427 1523 ut
1471 1469 1691 1524 tradunt

105 1560 454 1625 Ambrosius,
507 1569 562 1614 et
611 1558 905 1616 Zacharias
958 1559 1338 1632 Mitylenaeus;
1390 1570 1554 1631 atque
1613 1563 1688 1617 ita

103 1651 313 1708 dixisse
340 1668 464 1708 eum
481 1653 802 1708 Aristoteles
825 1663 879 1708 et
897 1651 1310 1723 Theophrastus
1333 1655 1685 1721 censuerint;

104 1743 372 1799 Platonici
423 1753 599 1799 tamen
647 1745 999 1812 recentiores,
1044 1754 1102 1800 ut
1147 1747 1469 1818 magistrum
1529 1763 1684 1803 suum

1791 642 2139 699 concinnavit
2167 639 2261 694 lib.
2287 655 2348 694 ιιι
2382 634 2522 704 Περὶ
2561 630 2784 701 ἀρχῶν,
2823 645 2942 700 cap.
2981 629 3036 694 5,
3072 645 3220 683 num.
3247 628 3302 684 5.

1860 823 1927 880 ν.
1957 822 2175 878 Minime
2208 820 2336 877 illud
2370 818 2586 889 quidem
2634 814 2848 871 silentio
2883 828 3129 885 pressum
3177 812 3367 874 Patres

1790 917 2008 988 Origeni
2046 914 2441 977 condonarunt,
2492 924 2617 965 nam
2656 919 2710 964 et
2747 907 3012 963 refellitur
3039 923 3066 959 a
3096 905 3369 960 Methodio

1792 1009 2221 1083 apudIPbotium,
2248 1006 2369 1062 cod.
2403 1019 2633 1068 ccxxxv,
2661 1011 2716 1056 et
2749 1001 2816 1056 ab
2854 1000 3180 1070 Hieronymo
3207 999 3365 1067 epist.

1791 1105 1882 1169 59,
1910 1103 1975 1158 ad
2011 1101 2179 1163 Avit.,
2208 1115 2324 1168 cap.
2348 1098 2403 1164 2,
2423 1099 2507 1152 his
2536 1095 2718 1150 verbis
2746 1112 2758 1147 :
2797 1113 2816 1146 ι
2860 1093 2917 1148 In
2936 1093 3170 1148 secundo
3193 1100 3369 1144 autem

1791 1198 1929 1253 libro
1976 1194 2116 1262 Περὶ
2156 1191 2360 1261 ἀρχῶν
2399 1189 2626 1244 mundos
2665 1187 2860 1265 asserit
2920 1183 3367 1246 innumerabiles,

1791 1306 1898 1346 non
1930 1289 2082 1358 juxta
2114 1285 2406 1355 Epicurum
2437 1297 2545 1337 uno
2592 1289 2836 1349 tempore.
2878 1276 3140 1352 plurimos
3185 1283 3240 1329 et
3284 1275 3369 1329 sui

1791 1383 2013 1450 similes,
2059 1380 2156 1435 sed
2195 1385 2314 1447 post
2336 1375 2557 1431 alterius
2583 1372 2767 1426 mundi
2800 1370 2960 1425 linem
2991 1367 3214 1422 alterius
3251 1379 3372 1422 esse

1790 1473 2110 1547 principlutu
2148 1478 2241 1524 :et
2265 1477 2394 1523 ante
2423 1467 2566 1521 hunc
2609 1474 2853 1520 nostrum
2893 1461 3174 1525 mundum,
3208 1459 3371 1513 alium

1791 1568 1959 1625 fuisse
1988 1565 2243 1620 mundum
2281 1581 2295 1616 :
2327 1569 2379 1616 et
2407 1569 2526 1628 post
2547 1559 2690 1614 hunc
2710 1556 2873 1611 alium
2897 1568 3016 1610 esse
3034 1553 3296 1616 futurum,
3317 1558 3374 1605 et

1790 1671 1913 1734 post
1938 1659 2087 1714 illum
2109 1656 2294 1721 alium,
2326 1665 2652 1720 rursumque
2682 1657 2799 1717 post
2817 1656 3060 1702 caeteros.
3086 1641 3374 1698 Etdubitat

1793 1763 1973 1809 utrum
2009 1750 2223 1805 futurus
2257 1746 2328 1801 sit
2352 1743 2584 1799 mundus
2613 1740 2768 1796 alteri
2807 1739 3008 1793 mundo
3032 1737 3107 1792 ita
3133 1751 3198 1790 ex
3225 1735 3373 1789 omni

104 1847 231 1888 cum
259 1835 555 1890 Aristotele
585 1835 963 1903 conciliarent,
1004 1835 1207 1891 factum
1251 1839 1470 1907 quidem
1525 1855 1686 1894 mun-
1720 1838 1763 1894 B
1791 1854 1943 1918 parte
1974 1839 2291 1906 consimilis,
2329 1846 2388 1891 ut
2426 1836 2572 1890 nullo
2607 1836 2749 1888 inter
2793 1847 2852 1887 se
2896 1830 3097 1885 distare
3148 1828 3372 1882 videan-

104 1924 236 1978 dum
283 1924 486 1981 dixisse
526 1925 802 1982 Platonem
858 1927 1182 1994 fatebantur,
1233 1937 1290 1984 at
1343 1931 1410 1985 ab
1445 1941 1684 1991 aeterno:

103 2017 241 2071 adeo
272 2025 330 2071 ut
370 2017 635 2088 principio
671 2018 946 2086 temporis,
977 2025 1208 2085 careret,
1238 2020 1333 2075 sed
1358 2021 1685 2090 principium

102 2123 305 2173 cause,
364 2108 529 2164 Deum
563 2124 754 2178 nempe
799 2111 1060 2176 haberet;
1107 2129 1126 2162 (
1156 2126 1255 2166 nec
1287 2111 1434 2168 esset
1463 2114 1569 2169 hoc
1606 2117 1688 2170 vi-

101 2199 299 2254 delicet
330 2201 607 2270 temporis,
642 2200 735 2255 sed
769 2201 1166 2258 substitutionis
1202 2203 1436 2270 initium,
1461 2223 1478 2256 ι
1516 2215 1574 2260 ut
1611 2206 1689 2262 ait

103 2292 440 2362 Augustinus
472 2293 563 2348 lib.
589 2309 625 2348 ι
657 2293 735 2350 De
768 2296 912 2350 civit.
939 2294 1055 2359 Dei,
1091 2311 1212 2366 cap.
1240 2297 1331 2363 51,
1374 2297 1464 2366 qui
1501 2307 1554 2353 et
1585 2299 1688 2356 hoc

105 2383 518 2451 comparatione
569 2385 804 2454 quadam
863 2386 1123 2456 explicari
1181 2402 1209 2440 a
1269 2387 1565 2446 Platonicis
1613 2390 1688 2445 ita

106 2474 298 2528 scribit
332 2492 347 2526 :
398 2492 415 2525 ι
443 2475 594 2530 Sicut
637 2478 809 2543 enim,
845 2478 1117 2549 inquiunt,
1146 2481 1188 2534 si
1234 2495 1329 2547 pes
1357 2497 1424 2536 ex
1467 2482 1688 2537 :eterni-

106 2574 220 2620 tate
249 2582 464 2637 semper
492 2567 687 2624 fuisset
718 2569 770 2623 iu
803 2571 1056 2639 pulvere,
1093 2587 1310 2642 semper
1342 2574 1392 2628 ei
1443 2574 1691 2630 subesset

105 2659 396 2727 vestigium
423 2677 438 2724 ;
467 2660 608 2728 quod
639 2671 817 2716 tamen
842 2662 1128 2733 vestigium
1153 2679 1181 2718 a
1209 2665 1454 2720 calcante
1487 2665 1687 2720 factum

106 2763 269 2803 nemo
323 2750 633 2817 dubitaret,
677 2768 777 2806 nec
825 2751 1054 2807 alterum
1100 2754 1271 2809 altero
1309 2755 1462 2825 prius
1524 2764 1687 2821 esset,

108 2843 360 2912 quamvis
410 2843 637 2899 alterum
686 2844 756 2899 ab
800 2844 971 2899 altero
1002 2843 1203 2899 factum
1235 2856 1380 2901 esset
1416 2863 1431 2900 :
1473 2845 1574 2910 sic,
1605 2847 1689 2900 in-

106 2937 323 3005 quiunt,
357 2945 407 2991 et
446 2935 696 3001 mundus,
725 2946 886 3007 atque
921 2938 974 2992 in
1004 2939 1092 2994 illo
1125 2939 1201 2994 dii
1233 2941 1423 3004 creati,
1458 2947 1516 2994 et
1550 2955 1692 2994 sem-

105 3043 205 3098 per
241 3028 483 3094 fuerunt,
509 3044 723 3098 semper
762 3031 1057 3085 exsistente
1096 3032 1188 3100 qui
1229 3029 1382 3096 fecit,
1426 3040 1479 3086 et
1510 3039 1691 3085 tamen

1791 1949 1907 2003 tur;
1941 1951 2008 1990 an
2050 1940 2202 1988 certe
2253 1944 2528 1998 nunquam
2581 1927 2813 1980 mundus
2857 1923 3011 1978 alteri
3068 1923 3271 1976 mundo
3303 1935 3372 1976 ex

1790 2038 1902 2085 toto
1923 2027 2262 2089 indiscretus,
2288 2030 2341 2076 et
2372 2019 2561 2075 similis
2589 2019 2660 2074 sit
2695 2018 2906 2072 futurus
2927 2015 3059 2088 (54).
3085 2034 3102 2068 ι
3127 2015 3246 2069 Mox
3277 2015 3374 2068 ad-

1791 2121 1942 2176 ducit
1966 2118 2130 2174 verba
2149 2115 2396 2187 Origeuis
2428 2131 2441 2166 :
2467 2131 2485 2164 ι
2506 2113 2570 2167 Ει
2593 2111 2792 2166 idcirco
2826 2110 3059 2163 arbitror
3083 2122 3178 2178 pro
3199 2105 3374 2161 varie-

1791 2223 1905 2270 tate
1936 2225 2223 2268 causarum
2252 2209 2495 2263 diversos
2528 2205 2757 2260 mundos
2791 2203 2942 2267 fieri;
2984 2210 3036 2255 et
3065 2200 3189 2254 elidi
3215 2214 3373 2255 erro-

1790 2322 1877 2362 res
1904 2319 2111 2368 eorum,
2170 2302 2260 2371 qui
2308 2299 2511 2355 similes
2569 2298 2650 2353 sui
2701 2296 2928 2351 mundos
2984 2308 3103 2349 esse
3150 2302 3374 2347 conten-

1789 2398 1944 2453 dunt.
1986 2415 2005 2448 ι
2046 2395 2264 2449 Tradita
2298 2392 2462 2447 fuisse
2491 2391 2608 2446 haec
2637 2390 2826 2445 eadem
2873 2389 2940 2441 ab
2972 2387 3203 2456 Origene
3233 2385 3326 2438 lib.
3354 2399 3371 2436 ι

1791 2501 1845 2546 et
1877 2506 1952 2559 tu,
1980 2487 2118 2556 Περὶ
2155 2483 2378 2554 ἀρχῶν,
2423 2483 2594 2539 refert
2650 2481 3011 2552 Hieronymus
3044 2494 3163 2548 cap.
3205 2479 3229 2531 l
3265 2477 3375 2531 et5

1791 2583 2030 2652 ejusdem
2077 2578 2353 2648 epistolae;
2403 2573 2759 2645 quamobrem
2809 2582 2864 2626 et
2906 2573 3049 2626 hunc
3084 2571 3136 2624 in
3170 2571 3374 2626 crimen

1790 2683 1951 2730 vocat
1990 2671 2209 2743 Apolog.
2248 2670 2340 2724 lib.
2373 2684 2411 2733 ι,
2438 2684 2554 2737 cap.
2589 2666 2642 2732 5,
2681 2675 2735 2719 et
2765 2665 2860 2718 lib.
2910 2680 2974 2731 tt,
3010 2678 3132 2732 cap.
3188 2663 3243 2718 5.
3281 2661 3376 2717 Ju-

1793 2767 2056 2825 stinianus
2089 2777 2304 2833 quoque
2346 2762 2398 2816 in
2430 2758 2654 2830 epistola
2691 2756 2756 2811 ad
2800 2754 3010 2810 Menam
3035 2754 3110 2808 ita
3141 2753 3372 2808 scribit':

1805 2858 2146 2913 ’Υποτίθεται
2176 2855 2231 2908 δὲ
2269 2855 2363 2908 καὶ
2396 2852 2682 2923 διαφόρους
2737 2848 2974 2919 κόσμους
3021 2845 3281 2917 συστῆναε
3313 2863 3375 2898 τε

1793 2951 1888 3006 καὶ
1927 2947 2296 3012 συνίστασθαι,
2349 2945 2506 2998 τοῦτο
2553 2944 2650 3015 μὲν
2694 2941 3083 3013 παρελθόντας,
3125 2938 3283 2992 τοῦτο
3319 2937 3377 2991 δὲ

1799 3044 2126 3116 μέλλονταςο
2166 3060 2184 3093 ‹
2229 3040 2435 3095 Statuit
2480 3049 2660 3094 autem
2692 3047 2744 3091 et
2782 3036 3026 3091 diversos
3067 3032 3378 3089 constitisse

107 3121 236 3176 facti
285 3131 430 3177 sunt.
465 3140 485 3174 ι
543 3122 719 3192 Atque
776 3123 916 3178 hanc
964 3123 1132 3177 fuisse
1167 3122 1409 3178 Platonis
1454 3133 1691 3178 mentem
1723 3181 1760 3203 η
1798 3136 2052 3200 mundos,
2096 3142 2149 3190 et
2182 3141 2455 3200 constare,
2493 3131 2688 3203 partim
2716 3128 3042 3200 prieteritos,
3073 3126 3268 3198 partim
3291 3124 3376 3180 fu-

108 3214 438 3280 pet-tendunt
471 3212 722 3280 Boetius;
753 3213 1068 3284 Simplicius
1107 3215 1257 3279 item,
1295 3213 1527 3279 Taurus,
1557 3214 1693 3268 Por-

108 3307 334 3377 phyrius
376 3317 432 3363 et
481 3306 740 3372 Proclus;
799 3308 1154 3384 Ceusorjuus,
1185 3308 1443 3379 Apuleius
1481 3317 1535 3363 et
1581 3307 1693 3363 Ma-

109 3397 354 3454 crobius.
414 3396 642 3469 Vigente
691 3400 793 3456 bac
838 3401 1022 3470 itaque
1050 3399 1302 3470 Origeuis
1337 3399 1690 3470 temporibus,

109 3501 163 3546 et
195 3490 357 3560 vulgo
390 3491 532 3544 inter
560 3489 872 3547 Platonicos
905 3500 1122 3561 recepta
1150 3489 1452 3556 sententia,
1484 3489 1538 3544 in
1571 3504 1693 3544 eam

110 3598 326 3653 quoque
361 3582 448 3638 ille
479 3583 772 3638 concessit.

1801 3238 1972 3283 turos.
2004 3246 2023 3280 ι

1863 3389 2108 3445 Notanda
2141 3403 2271 3444 vero
2301 3393 2553 3442 accurate
2587 3398 2705 3454 quae
2739 3381 3048 3453 praecedunt
3088 3400 3100 3435 :
3128 3379 3373 3432 Κάκεῖνο

1793 3483 1940 3537 δὲτὸ
1986 3482 2168 3552 πάσης
2208 3479 2524 3542 δυσσεϐείας
2562 3479 2867 3545 ἀνάμεστον
2914 3476 3012 3547 τῆς
3058 3473 3223 3529 αὐτοῦ
3257 3474 3376 3526 ἐστι

1798 3576 2128 3646 μυθολογίας
2153 3575 2216 3627 τὸ
2248 3575 2424 3642 λέγειν
2450 3575 2532 3626 ὅτι
2557 3573 2734 3626 πάντα
2760 3571 2827 3624 τὰ
2853 3570 3006 3640 γένη,
3045 3567 3229 3622 καὶτὰ
3259 3564 3375 3636 εῐδη

185 3674 244 3728 In
269 3675 500 3730 alterum
530 3690 691 3746 porro
713 3714 727 3736 .
759 3676 826 3730 de
852 3682 1115 3744 perpetua
1148 3673 1468 3729 mundorum
1496 3688 1689 3745 propa-

1797 3668 2040 3723 συναῒδιά
2071 3670 2185 3721 ἐστι
2213 3667 2291 3737 τῷ
2320 3665 2460 3736 Θεῷ·
2504 3683 2522 3716 ι
2577 3664 2709 3718 Illud
2748 3678 2877 3717 vero
2919 3661 3064 3717 omni
3103 3659 3377 3728 impietate

110 3768 332 3840 gatione
363 3767 618 3837 placitum
655 3769 794 3822 unde
824 3768 1077 3824 inductus
1103 3769 1192 3834 sit,
1229 3771 1272 3823 si
1304 3770 1426 3839 quis
1451 3783 1695 3838 quaerere

112 3859 263 3923 velit,
301 3857 434 3912 nibil
463 3857 702 3912 occurrit
733 3857 1080 3912 verisimilius
1109 3873 1272 3928 quam
1308 3859 1358 3913 id
1391 3860 1456 3913 ab
1487 3873 1551 3913 eo
1574 3872 1694 3913 esse

111 3953 405 4006 confictqu
456 3950 522 4004 ad
572 3949 700 4004 illud
741 3948 1082 4012 Stoicorum,
1137 3949 1281 4017 quod
1331 3949 1695 4020 conflagratu-

115 4059 241 4099 rum
291 4042 549 4096 mundum
601 4043 745 4096 hunc
781 4044 988 4107 statuit,
1032 4042 1312 4111 aliumque
1370 4043 1497 4097 huic
1545 4043 1693 4096 omni

113 4149 182 4188 ex
215 4143 369 4202 parte
409 4132 765 4198 consimilem,
792 4132 876 4186 vel
907 4147 1098 4201 parum
1125 4141 1273 4187 certe
1295 4132 1692 4202 discrepantem

114 4225 494 4296 proditurum;
528 4225 663 4279 adeo
689 4233 746 4278 ut
772 4240 879 4279 non
914 4224 1077 4293 hujus
1111 4225 1282 4280 solum
1331 4224 1558 4296 ﬁguram
1601 4239 1696 4295 pc-

115 4319 262 4373 nitus
298 4316 521 4381 referat,
559 4317 653 4372 sed
701 4317 917 4371 eosdem
944 4317 1107 4372 etiam
1140 4331 1320 4381 casus,
1356 4317 1544 4371 eadem
1583 4331 1693 4370 om-

108 4411 231 4475 nia;
269 4408 551 4478 alteroque
579 4410 682 4463 hoc
705 4410 868 4462 etiam
895 4409 1198 4473 combusto,
1230 4408 1392 4462 alium
1423 4408 1690 4462 oriturum

1793 3763 2010 3833 plenum
2039 3761 2153 3829 ipse
2183 3759 2475 3824 fabulatur,
2507 3757 2690 3811 dicens
2717 3754 2897 3810 omnia
2924 3767 3120 3824 genera
3156 3760 3211 3806 et
3249 3765 3374 3819 spe-

1793 3855 1904 3908 cies
1941 3867 2065 3907 esse
2103 3851 2215 3906 Deo
2243 3861 2564 3906 comternas.
2597 3867 2615 3900 ι
2655 3847 2777 3917 Ipsa
2806 3847 2968 3901 etiam
3004 3845 3170 3900 verba
3199 3843 3373 3897 addu-

1795 3945 1872 4000 cit
1932 3942 2272 3998 Justinianus
2317 3942 2384 3996 ad
2423 3941 2626 3996 calcem
2664 3937 2906 4009 epistolae
2948 3951 2978 3992 e
3013 3935 3151 3990 libro
3187 3951 3204 3989 ι
3235 3932 3375 4002 Περὶ

1793 4035 2014 4106 ἀρχῶν.
2040 4034 2232 4091 Parem
2265 4049 2365 4090 suo
2399 4043 2640 4101 tempore
2676 4044 3043 4101 prOpugnasse
3072 4027 3373 4082 doctrinam

1796 4130 2129 4202 Origenistas
2156 4129 2416 4200 quosdam
2459 4127 2766 4197 significare
2802 4125 3015 4178 videtur
3063 4122 3286 4178 Orosius
3320 4121 3374 4176 in

1796 4223 2204 4278 Commonitorio
2235 4224 2304 4275 ad
2335 4220 2709 4290 Augustinum,
2739 4234 2758 4268 ι
2797 4217 3036 4270 Primum
3068 4214 3247 4268 omnia
3281 4228 3376 4266 au-

1791 4327 2013 4386 tequam
2049 4314 2192 4370 facta
2228 4321 2570 4386 apparerent,
2623 4324 2835 4379 semper
2868 4309 2920 4362 in
2971 4308 3063 4361 Dei
3109 4306 3374 4376 sapientia

1794 4408 1934 4464 facta
1964 4409 2227 4464 mansisse
2253 4408 2495 4464 dicentes
2527 4406 2629 4459 hoc
2663 4402 2830 4456 verbo
2862 4418 2875 4454 :
2906 4400 3045 4454 Deus
3066 4399 3207 4453 enim
3231 4411 3377 4466 quae-

108 4514 324 4571 postea,
354 4515 419 4556 ac
463 4501 657 4556 deinde
695 4501 886 4567 alium,
929 4501 1340 4555 renascentibus
1389 4514 1604 4568 semper
1628 4515 1690 4555 ac
1721 4536 1766 4591 Β
1796 4514 2013 4571 cunque
2039 4500 2186 4566 fecit,
2220 4499 2470 4555 faciendo
2498 4513 2600 4552 non
2634 4495 2820 4563 cmpit.
2867 4511 2884 4543 ι
2923 4492 3053 4558 Quae.
3078 4489 3261 4544 multis
3291 4503 3376 4543 re-

109 4593 576 4666 conllagrantibus
604 4592 840 4647 mundis.
898 4591 1160 4645 Platonici
1203 4605 1354 4657 vero,
1400 4600 1453 4644 et
1483 4590 1687 4660 Pytha-

106 4687 282 4756 gorei,
310 4686 378 4741 ab
406 4685 675 4756 Egyptiis
715 4687 992 4753 instructi,
1031 4687 1290 4740 mundttm
1341 4687 1558 4757 quidem
1601 4687 1688 4739 in-

108 4776 518 4845 corruptibilem
551 4777 926 4841 autumabant,
976 4777 1069 4830 sed
1115 4777 1385 4832 sideribus
1414 4786 1534 4846 post
1580 4775 1690 4830 lon-

109 4885 206 4939 gos
231 4869 512 4925 anfractus
546 4873 610 4924 ad
648 4871 894 4926 eamdem
925 4871 1213 4925 stationem
1252 4869 1511 4936 reversis,
1566 4884 1687 4923 rur-

110 4975 234 5014 sum
277 4970 540 5014 eventura
573 4962 784 5027 eadem,
820 4961 1147 5031 eosdemque
1179 4961 1484 5015 nascituros
1514 4961 1690 5015 homi-

112 5066 234 5114 nes,
266 5062 320 5104 et
356 5053 409 5105 in
445 5053 728 5120 pristinam
762 5051 988 5106 formam
1015 5052 1258 5106 reditura
1292 5051 1493 5115 omnia,
1529 5065 1687 5119 quam

111 5142 276 5197 simili
307 5143 523 5212 vigente
546 5152 816 5197 astrorum
850 5144 1119 5212 positione
1153 5151 1458 5197 tenuerunt.
1498 5140 1693 5207 Quam-

110 5237 194 5289 vis
223 5245 404 5290 autem
437 5235 699 5305 ejusmodi
724 5235 1073 5290 delirationes
1110 5236 1250 5290 libro
1287 5251 1318 5288 v
1349 5244 1528 5287 contra
1547 5231 1688 5288 Cels.

112 5338 265 5383 num.
290 5328 384 5393 20,
411 5329 475 5383 21
506 5338 558 5384 et
592 5345 709 5397 seq.
742 5329 1036 5399 cxploserit
1066 5327 1450 5393 Adamantius,
1499 5341 1594 5396 pro
1626 5341 1693 5381 eo

111 5436 176 5476 ac
199 5421 415 5487 debuit;
448 5422 799 5478 nihilominus
828 5432 1007 5477 tamen
1051 5437 1116 5476 ex
1157 5421 1241 5475 bis
1280 5420 1512 5475 recoctis
1536 5433 1689 5472 suum

114 5513 247 5567 illud
279 5514 591 5583 procudisse
620 5515 810 5584 dogma
839 5513 1147 5570 censuerim
1174 5529 1189 5578 ;
1236 5512 1528 5567 accedente
1556 5525 1693 5580 pra:-

114 5606 304 5660 sertim
333 5606 570 5677 gemino,
594 5622 754 5678 quem
787 5606 1136 5663 recitavimus
1167 5620 1357 5677 supra,
1387 5601 1692 5660 Salomonis

1797 4591 1932 4647 futat
1958 4591 2292 4662 Augustinus
2327 4593 2380 4645 in
2413 4591 2552 4645 libro
2601 4599 2783 4643 contra
2829 4583 3275 4639 Priscillianistas
3324 4589 3374 4633 et

1798 4684 2148 4756 Origeuistas,
2184 4700 2305 4754 cap.
2334 4683 2388 4738 8.
2422 4681 2611 4738 Pulsat
2652 4681 2841 4735 eadem
2879 4678 2945 4733 de
2983 4690 3147 4731 causa
3193 4673 3376 4742 Orige-

1794 4794 1919 4834 nem
1951 4777 2313 4846 Nicephorus,
2349 4790 2454 4830 non
2504 4787 2707 4845 genera
2735 4780 2790 4827 et
2827 4769 3060 4840 species,
3109 4767 3203 4821 sed
3258 4765 3373 4818 κτί-

1797 4870 1978 4941 σμάτα
2037 4870 2146 4924 Deo
2175 4879 2442 4924 cozetcrna
2497 4867 2752 4923 statuisse
2805 4864 2979 4933 ipsum
3032 4857 3371 4930 praedicans,

1794 4976 2072 5033 perperam
2105 4960 2331 5026 scilicet,
2358 4968 2418 5014 ut
2444 4959 2681 5023 videtur,
2717 4965 2938 5025 accepta
2969 4952 3220 5022 Origeuis
3248 4967 3372 5006 sen-

1799 5054 2003 5119 tentia,
2062 5061 2246 5124 aperte
2294 5062 2476 5107 tamen
2530 5051 2776 5120 exposita
2823 5049 2915 5103 lib.
2969 5063 3020 5110 l,
3073 5043 3214 5113 Περὶ
3266 5043 3406 5113 dp—'

1798 5147 1941 5218 χῶν,
1995 5147 2136 5217 apud
2191 5145 2554 5200 Justiuianum
2600 5143 2654 5196 in
2711 5142 2816 5196 [inc
2864 5136 3106 5208 epistolae
3158 5135 3224 5190 ad
3259 5132 3373 5189 Me-

1799 5258 1966 5295 nam:
2013 5257 2032 5290 ι
2089 5237 2322 5305 Genera,
2377 5235 2572 5306 inquit,
2625 5233 2808 5289 omnia
2878 5238 2933 5285 et
2966 5227 3174 5300 species
3231 5241 3375 5282 sem-

1798 5348 1896 5403 per
1950 5341 2110 5388 erant
2155 5349 2170 5386 :
2217 5347 2322 5386 non
2352 5330 2425 5384 ita
2484 5329 2549 5384 de
2598 5324 2964 5398 singularibus
3004 5320 3373 5378 diﬂ'erentibus

1799 5440 2027 5480 nmnero
2064 5423 2267 5479 dixerit
2327 5421 2615 5493 quispiam.
2661 5437 2680 5472 ι
2739 5417 2893 5473 Hanc
2944 5416 3001 5470 in
3034 5411 3372 5478 .senteutiam

1798 5515 2086 5586 Origenem
2130 5513 2371 5587 magistri
2408 5514 2490 5569 sui
2530 5512 2776 5567 Platonis
2808 5512 2941 5565 ideae
2987 5505 3372 5578 perpulerunt-

1796 5607 1982 5680 ltaque
2015 5622 2210 5680 genera
2242 5615 2299 5665 et
2330 5606 2539 5678 species
2560 5605 2670 5663 Deo
2699 5618 2819 5662 esse
2850 5610 3116 5659 cozelcrna
3147 5605 3376 5652 eatenus

187 5784 300 5856 (Eii)
330 5784 452 5844 llaec
485 5795 697 5845 exstant
736 5787 828 5845 lib.
874 5803 911 5843 ll
953 5785 1091 5856 Περὶ
1145 5784 1363 5856 ἀρχῶν,
1419 5795 1537 5858 cap.
1597 5785 1645 5854 Ι,
1688 5799 1836 5842 num.
1869 5785 1924 5840 5.
