3834 6226
521 312 661 371 1055

1797 314 1859 373 P.
1901 316 2215 372 DANIELIS
2249 318 2479 375 llUETll

3631 327 3759 382 1056

518 432 735 501 dixerit,
776 438 1048 503 quatenus
1096 431 1239 489 Deus
1286 432 1355 488 ab
1385 434 1532 489 omni
1592 440 1735 490 retro
1768 450 1882 491 aevo
1927 451 1991 492 ea
2031 439 2083 491 in
2112 442 2161 499 Α
2191 438 2357 492 fuisse
2380 437 2459 491 ait
2490 437 2541 491 in
2568 438 2785 492 tertium
2832 438 3048 505 ctelum,
3096 447 3150 495 et
3196 439 3248 495 in
3297 441 3649 509 paradisum;
3702 462 3755 498 ex

515 535 699 582 mente
723 525 930 580 habuit.

590 618 679 672 Vl.
705 617 1086 672 Verumtamen
1134 616 1480 685 quantumvis
1527 618 1642 672 haec
1676 617 1877 676 diserte
1911 619 2088 676 videa-

526 717 619 762 tur
668 707 964 764 aﬂirmasse
1018 707 1311 778 Origenes,
1366 708 1421 763 id
1482 718 1661 765 tamen
1724 712 1986 780 pmmisit
2032 714 2086 768 in

513 798 788 856 Prommio
834 800 1096 857 librorum
1156 801 1297 871 Περὶ
1344 798 1566 871 ἀρχῶν,
1618 817 1767 858 num.
1819 802 1850 854 7
1884 821 1898 859 :
1929 820 1947 854 t
1997 803 2092 858 Est

514 903 779 962 praeterea
833 900 889 948 et
940 892 1077 949 illud
1136 893 1189 947 in
1237 893 1610 949 ecclesiastica
1680 893 2085 963 praedicatione,

513 985 655 1055 quod
702 986 933 1041 mundus
969 984 1074 1041 iste
1114 984 1287 1040 factus
1336 985 1428 1050 sit,
1477 994 1531 1040 et
1574 1001 1605 1040 a
1646 996 1799 1041 certo
1849 996 2090 1054 tempore

516 1078 762 1147 coeperit,
813 1089 869 1134 et
915 1092 1016 1148 pro
1066 1078 1181 1148 ipsa
1232 1076 1315 1132 sui
1374 1078 1724 1148 corruptione
1774 1078 2084 1133 solvendus.

515 1169 653 1237 Quid
697 1180 872 1225 tamen
930 1181 1056 1226 ante
1107 1170 1254 1227 hunc
1298 1171 1555 1225 mundum
1606 1169 1791 1236 fuerit,
1820 1179 1913 1224 aut
1958 1171 2085 1240 quid

513 1270 635 1329 post
676 1264 934 1318 mundum
980 1265 1106 1328 erit,
1138 1262 1251 1331 jam
1293 1277 1402 1318 non
1449 1277 1546 1332 pro
1578 1262 1863 1318 manifesto
1905 1263 2088 1317 multis

513 1352 745 1407 innotuit
775 1372 789 1407 :
816 1370 921 1410 non
954 1356 1098 1409 enim
1132 1354 1356 1411 evidens
1401 1356 1469 1411 de
1506 1354 1593 1409 his
1626 1355 1679 1409 in
1721 1355 2083 1412 ecclesiastica

510 1444 890 1511 prmdieatione
958 1461 1138 1501 sermo
1194 1444 1484 1516 profertur.
1534 1466 1554 1500 ι
1602 1447 1838 1513 Quarum
1902 1460 2084 1499 rerum

507 1537 893 1594 obscuritatem
943 1538 1236 1610 significari
1304 1542 1380 1596 ait
1438 1541 1588 1597 hom.
1637 1540 1673 1595 4
1725 1541 1781 1593 in
1844 1538 2081 1607 Isaiam,

510 1646 658 1685 num.
685 1630 737 1695 1,
774 1645 870 1701 per
898 1632 1015 1687 alas
1072 1632 1191 1689 illas
1234 1642 1467 1703 quatuor
1496 1634 1909 1704 seraphinorum
1949 1636 2085 1690 duo-

510 1737 652 1786 rum,
683 1737 803 1791 quze
838 1722 927 1778 Dei
958 1723 1152 1779 faciem
1181 1739 1246 1779 ac
1272 1725 1436 1794 pedes
1459 1725 1725 1781 velabant.
1759 1725 1909 1781 llnde
1971 1725 2081 1781 exi-

2192 543 2366 598 eoque
2404 529 2688 598 collegisse
2722 530 2860 585 idem
2903 547 3022 587 esse
3068 533 3377 601 paradisum
3418 550 3487 590 ae
3542 536 3757 590 tertium

2192 635 2432 688 canum;
2484 622 2627 692 quod
2684 630 2881 693 negant
2943 623 3246 681 Methodius
3300 636 3349 681 et
3405 627 3754 696 Epiphanius,

2196 714 2507 782 paradisum
2541 728 2571 767 a
2598 713 2758 768 tertio
2781 713 2919 769 coelo
2960 715 3397 786 distinguendum
3438 734 3568 773 esse
3614 733 3757 773 asse-

2191 815 2395 860 rentes.
2428 824 2447 857 t
2472 804 2604 872 Quis
2636 806 2840 873 audiat,
2873 825 2892 859 ι
2928 806 3101 877 inquit
3152 808 3487 881 Epiphanius
3514 810 3570 864 in
3602 813 3755 881 epist.

2197 896 2265 949 ad
2313 894 2475 951 Joan.
2519 894 2860 967 Jerosolym.,
2891 912 3010 968 cap.
3048 898 3104 965 ὃ,
3138 918 3157 951 ‹
3195 900 3247 953 in
3298 899 3455 955 tertio
3491 900 3635 957 cado
3664 903 3754 957 do-

2188 996 2411 1043 nantem
2445 988 2602 1043 nobis
2626 987 2910 1059 Origenem
2952 990 3280 1058 paradisum,
3321 1000 3379 1046 et
3416 991 3567 1047 illum
3599 1008 3755 1063 quem

2194 1079 2476 1149 Scriptura
2555 1089 2967 1147 commemorat,
3036 1081 3104 1137 de
3172 1092 3312 1137 terra
3375 1083 3443 1138 ad
3514 1085 3755 1140 caelestia

2190 1170 2631 1237 transferentem,
2666 1182 2719 1226 et
2748 1187 2937 1227 omnes
2988 1176 3231 1238 arbores,
3279 1189 3399 1243 qute
3441 1176 3757 1230 scribuntur

2189 1263 2243 1318 in
2272 1263 2495 1331 Genesi,
2527 1265 2610 1320 sic
2635 1264 2920 1333 allegorice
2942 1265 3351 1336 intelligentem,
3383 1268 3526 1336 quod
3550 1269 3756 1323 scilicet

2190 1354 2415 1409 arbores
2436 1354 2689 1425 angelicae
2710 1353 3053 1410 fortitudines
3079 1365 3226 1423 sunt,
3262 1372 3385 1413 cum
3417 1359 3521 1413 hoc
3548 1360 3752 1414 veritas

2185 1459 2291 1499 non
2351 1445 2615 1514 recipiat?
2656 1464 2674 1499 ι
2710 1454 2764 1502 et
2810 1456 2995 1516 postea
3031 1466 3045 1502 :
3075 1467 3092 1499 ι
3136 1449 3240 1504 Sed
3290 1449 3424 1504 dicis
3456 1468 3472 1504 :
3504 1449 3754 1518 Legimus

2188 1536 2330 1605 quod
2361 1533 2419 1589 S.
2445 1534 2642 1592 Paulus
2662 1545 2849 1607 raptus
2879 1539 2953 1594 sit
2981 1553 3151 1607 usque
3182 1538 3249 1592 ad
3290 1541 3510 1593 tertium
3533 1541 3750 1605 ccelum,

2189 1638 2243 1681 et
2273 1642 2442 1697 usque
2474 1627 2527 1681 in
2574 1628 2904 1697 paradisum.
2943 1628 3090 1684 Bene
3117 1630 3252 1684 dicis
3285 1648 3300 1684 :
3329 1629 3557 1697 Quando
3610 1632 3758 1700 ponit

2190 1717 2406 1771 tertium
2457 1716 2678 1785 caelum,
2720 1728 2775 1772 et
2805 1729 2990 1787 postea
3021 1720 3189 1785 addit,
3235 1731 3281 1775 et
3320 1723 3374 1774 in
3411 1724 3752 1791 paradisum,

508 1815 720 1870 stimari
757 1825 955 1885 potest.
1005 1791 1337 1889 quaecunque
1387 1834 1549 1887 super
1606 1821 1707 1875 hoc
1760 1828 2081 1887 argumento
2116 1791 2157 1845 Β
2186 1808 2423 1863 ostendit
2450 1808 2576 1864 alibi
2619 1823 2740 1864 esse
2784 1816 3004 1875 emtum,
3061 1819 3116 1866 et
3162 1811 3287 1866 alibi
3340 1813 3682 1881 paradisum.
3723 1834 3742 1865 ι

507 1906 853 1976 conscripsit,
908 1906 1053 1962 velut
1093 1922 1270 1963 meras
1324 1910 1663 1980 conjecturas
1712 1911 2076 1981 proposuisse,

508 2011 613 2050 non
657 2006 910 2067 tanquam
945 1998 1193 2070 dogmata
1225 2015 1591 2057 asseverasse.

578 2086 998 2145 Prmtermittere
1026 2106 1154 2146 vero
1183 2092 1403 2146 minime
1429 2094 1584 2149 decet
1604 2078 1736 2150 illud
1767 2094 2076 2168 Hieronymi

510 2193 543 2235 θ
576 2179 668 2234 lib.
710 2196 728 2235 ι
769 2182 825 2235 in
866 2182 1041 2253 Epist.
1093 2184 1161 2238 ad
1212 2181 1341 2251 Tit.,
1400 2199 1505 2240 non
1556 2186 1711 2257 longe
1755 2187 1823 2243 ab
1877 2190 2074 2246 initio:

510 2288 532 2323 ι
578 2270 684 2327 Sex
712 2272 878 2328 millia
912 2276 1141 2328 necdum
1190 2275 1358 2330 nostri
1408 2275 1555 2331 orbis
1604 2278 1896 2347 implentur
1923 2280 2073 2346 anni,

504 2375 561 2421 et
607 2375 837 2436 quantas
891 2367 1041 2436 prius
1093 2368 1463 2431 teternitates,
1529 2378 1725 2439 quanta
1794 2379 2074 2440 tempora,

504 2468 741 2527 quantas
811 2459 1133 2514 saeculorum
1184 2460 1421 2530 origines
1478 2461 1642 2516 fuisse
1702 2461 2075 2519 arbitrantium

503 2558 608 2616 cst,
656 2550 711 2605 in
745 2552 941 2620 quibus
985 2551 1184 2621 angeli,
1222 2552 1419 2616 throni,
1458 2554 1873 2621 dominationes,
1900 2558 2076 2609 caete—

505 2656 685 2711 raque
714 2643 944 2698 virtutes
976 2643 1265 2698 servierint
1293 2644 1420 2705 Deo,
1446 2652 1501 2697 et
1525 2643 1729 2713 absque
1751 2651 2073 2712 temporum

503 2733 734 2798 vicibus,
783 2733 988 2803 absque
1041 2733 1332 2797 mensuris,
1370 2732 1479 2788 Deo
1519 2732 1765 2802 iubente,
1818 2734 2076 2789 substite-

502 2827 633 2883 rint.
675 2846 693 2880 ι
725 2826 1001 2883 Materiam
1035 2837 1212 2882 autem
1236 2843 1266 2882 a
1300 2826 1409 2882 Deo
1454 2835 1582 2882 ante
1633 2827 1893 2883 mundum
1921 2841 2075 2881 crea-

505 2929 614 2974 tam
643 2930 940 2989 posuerunt
964 2918 1133 2983 Philo,
1163 2917 1443 2984 Tatiauus,
1471 2918 1811 2986 Lactantius,
1860 2928 1915 2974 et
1960 2918 2070 2984 alii,

501 3026 567 3065 ex
600 3025 707 3080 qua
737 3011 993 3065 mundum
1018 3018 1204 3081 postea
1248 3008 1614 3063 fabricaverit.

573 3099 686 3156 νη.
710 3099 1001 3155 Multorum
1029 3099 1485 3168 disputationibus
1509 3098 1581 3151 ita
1604 3098 1873 3153 celebrata
1899 3105 1982 3153 est
2008 3111 2071 3152 ea
2100 3127 2142 3186 ο

502 3191 750 3261 Origenis
771 3192 973 3262 opinio,
1014 3206 1133 3260 qua:
1168 3190 1401 3260 paradisi
1433 3191 1790 3245 consitionem
1844 3190 1912 3244 ad
1946 3188 2071 3245 alle-

501 3285 739 3354 goricam
772 3283 1161 3352 expositionem
1210 3283 1515 3352 detorquet,
1556 3291 1618 3337 ut
1662 3289 1906 3335 nostrum
1935 3296 2069 3351 quo-

500 3391 606 3446 que
631 3375 903 3447 postulare
944 3375 1191 3430 videatur
1216 3390 1468 3430 examen.
1501 3376 1811 3430 Arbitratus
1863 3373 1951 3428 ille
1984 3380 2069 3427 est

498 3467 807 3537 paradisum
850 3467 994 3522 hunc
1045 3467 1136 3535 qui
1168 3468 1444 3522 terrestris
1487 3466 1648 3537 vulgo
1677 3465 1893 3529 dicitur,
1925 3464 2069 3534 posi-

502 3567 612 3611 tum
668 3557 724 3611 in
771 3557 929 3613 tertio
971 3556 1329 3623 etelofuisse;
1382 3557 1605 3613 arbores
1650 3569 1805 3620 vero,
1854 3555 2068 3624 aliaque

498 3645 693 3717 quibus
739 3644 884 3701 velut
913 3646 1213 3706 .terrestris
1244 3645 1461 3715 quidam
1519 3654 1742 3702 notatur
1800 3645 1970 3712 locus,
2002 3660 2067 3700 ac

499 3737 704 3806 reliqua
735 3736 966 3806 denique
995 3736 1173 3792 omnia
1220 3736 1511 3805 allegorice
1541 3736 1835 3805 explicavit
1875 3752 1890 3788 :
1940 3748 2064 3789 nam

497 3830 706 3885 animas
728 3829 782 3883 in
804 3827 943 3883 caelo
968 3828 1248 3898 degentes,
1280 3843 1375 3898 per
1398 3827 1663 3881 Adamum
1713 3834 1768 3881 et
1812 3824 1979 3879 Evam
2012 3826 2066 3879 in

498 3922 751 3992 paradiso
788 3930 1005 3976 creatos
1042 3920 1244 3990 signari
1272 3921 1524 3989 opinatus
1551 3928 1664 3984 est;
1692 3919 1921 3974 crimina
1945 3934 2065 3989 qua:

498 4014 609 4068 illic
641 4014 836 4068 animae
864 4013 1176 4075 admittunt,
1218 4027 1315 4082 per
1347 4012 1499 4067 vetiti
1548 4012 1674 4066 mali
1716 4026 1906 4079 esum;
1950 4013 2066 4067 ani-

498 4118 710 4158 marum
761 4103 1012 4158 exsilium
1044 4114 1263 4171 propter
1296 4103 1510 4169 delicta,
1545 4117 1642 4172 per
1689 4103 2064 4172 expulsionem

499 4197 791 4266 primorum
842 4204 1123 4265 parentum
1173 4211 1204 4250 e
1233 4195 1522 4265 paradiso;
1569 4204 1839 4249 terrenum
1874 4210 2066 4263 corpus

503 4296 554 4343 et
590 4288 815 4343 mortale
842 4289 1126 4345 animabus
1172 4290 1505 4358 impositum,
1553 4304 1650 4359 per
1688 4298 1930 4347 scorteas
1981 4297 2067 4342 tu-

500 4381 674 4447 nicas,
709 4381 903 4449 quibus
934 4381 1199 4436 Adamum
1224 4391 1279 4437 et
1307 4381 1473 4435 Evam
1509 4381 1647 4437 Deus
1675 4381 1866 4435 induit.

2183 1903 2361 1971 Atque
2388 1902 2438 1956 id
2474 1900 2665 1955 Joanni
2690 1897 3139 1972 Jerosolymitauo
3181 1903 3477 1972 objectum,
3523 1904 3747 1959 minime

2185 1990 2254 2045 ab
2290 1992 2405 2062 ipso
2432 1999 2716 2062 purgatum
2753 1991 2918 2047 fuisse
2946 1992 3023 2046 ait
3053 1991 3409 2064 Hieronymus
3458 1994 3626 2062 epist.
3659 1996 3748 2059 6|,

2179 2086 2245 2139 ad
2275 2084 2587 2142 Pammaclt.
2634 2099 2753 2153 cap.
2795 2085 2849 2151 5,
2887 2085 2978 2155 qui
3018 2094 3074 2140 et
3116 2084 3167 2139 in
3214 2094 3372 2154 caput
3413 2102 3444 2140 x
3486 2086 3752 2153 Danielis,

2185 2192 2205 2226 ε
2258 2173 2499 2239 Eorum,
2550 2173 2751 2242 inquit,
2808 2174 3157 2231 deliramenta
3208 2177 3618 2243 conticescant,
3661 2180 3750 2247 qui

2186 2266 2404 2321 umbras
2429 2275 2486 2321 et
2518 2265 2782 2335 imagines
2822 2266 2874 2319 in
2921 2265 3151 2321 veritate
3198 2279 3526 2335 quaerentes,
3576 2269 3749 2339 ipsam

2185 2366 2455 2411 conantur
2484 2364 2727 2411 evertere
2753 2355 3073 2417 veritatem;
3099 2365 3156 2409 ut
3183 2355 3400 2411 ﬂumina
3432 2369 3491 2412 et
3524 2362 3749 2416 arbores

2176 2458 2233 2502 et
2273 2449 2583 2516 paradisum
2630 2455 2821 2515 putent
2865 2446 3141 2517 allegoria:
3193 2448 3399 2516 legibus
3445 2466 3506 2506 se
3547 2452 3748 2509 debere

2178 2538 2459 2593 subruere.
2496 2555 2514 2588 ι
2547 2534 2884 2605 Sephronius
2918 2550 3131 2604 quoque
3157 2536 3209 2589 in
3236 2538 3467 2606 epistola
3502 2541 3571 2595 ad
3621 2542 3747 2597 Ser-

2183 2629 2349 2698 gium,
2381 2638 2436 2684 et
2461 2627 2784 2681 Anastasius
2840 2626 3047 2682 Sinaita
3095 2628 3191 2685 lib.
3236 2644 3311 2683 vu
3356 2631 3597 2702 Anagog.
3640 2652 3754 2687 cott-

2180 2720 2437 2790 templat.,
2472 2729 2526 2774 et
2553 2717 2787 2775 Joannes
2814 2717 3181 2774 Damascenus
3210 2721 3260 2773 in
3286 2721 3425 2775 libro
3464 2723 3543 2777 De
3586 2726 3752 2779 harte-

2175 2812 2373 2878 sib.,et
2410 2810 2708 2876 Cedrenus,
2749 2809 2986 2880 paradisi
3020 2809 3408 2878 plantationem
3444 2816 3513 2866 ab
3544 2814 3745 2884 Orige-

2175 2903 2334 2958 nistis
2360 2901 2652 2967 sublatam,
2682 2914 2877 2968 corpus
2902 2900 3107 2953 Adatno
3156 2910 3210 2955 et
3261 2900 3387 2955 Erae
3418 2900 3749 2972 detractum,

2178 3006 2234 3051 et
2293 2994 2560 3062 serpentis
2611 2991 2934 3061 colloquium
3000 2990 3281 3045 refutatam
3356 2994 3745 3049 criminantur.

2178 3087 2285 3142 Sed
2329 3087 2608 3141 audiamus
2648 3084 2819 3154 ipsum
2868 3082 3151 3153 Origenem
3203 3097 3217 3135 :
3268 3082 3366 3146 Τίς
3384 3083 3543 3151 γοῦν,
3579 3087 3749 3154 inquit

2175 3181 2269 3236 lib.
2297 3195 2349 3233 tv
2380 3178 2455 3232 De
2488 3177 2738 3247 princip.,
2790 3190 2941 3229 num.
2995 3173 3089 3241 16,
3132 3173 3257 3228 νοῦν
3315 3173 3460 3244 ἔχων
3504 3177 3746 3245 οἰήσεται

2178 3272 2423 3344 πρώτην,
2462 3271 2557 3322 καὶ
2595 3267 2850 3338 δευτέραν
2885 3268 2978 3320 καὶ
3014 3267 3201 3337 τρίτην
3246 3266 3473 3337 ἡμέραν,
3510 3267 3747 3334 ἑσπέραν

2174 3382 2234 3419 τε
2268 3364 2361 3418 καὶ
2396 3362 2603 3433 πρωῖαν
2628 3360 2797 3431 χωρὶς
2831 3358 2981 3430 ἡλίου
3012 3357 3315 3426 γεγονέναι,
3360 3356 3455 3409 καὶ
3498 3355 3748 3426 σελήνης,

2177 3456 2271 3510 καὶ
2295 3457 2542 3526 ἄστρων;
2583 3452 2680 3524 τὴν
2710 3452 2765 3504 δὲ
2794 3450 2957 3503 οἱονεὶ
2987 3448 3209 3520 πρώτην
3256 3448 3350 3501 καὶ
3388 3449 3560 3519 χωρὶς
3587 3449 3750 3521 ούρα-

2175 3548 2265 3604 νοῦ
2290 3564 2304 3615 ;
2340 3548 2423 3611 τίς
2453 3546 2496 3599 δ’
2530 3545 2701 3608 οὕτως
2723 3543 2927 3614 ἠλίθιος
2949 3543 3024 3606 ὡς
3053 3541 3301 3612 οἰηθῆναι
3326 3542 3530 3612 τρόπον
3553 3542 3755 3613 ἀνθρὼ-

2114 3638 2121 3645 ’
2175 3658 2277 3694 που
2313 3636 2556 3711 γεωργοῦ
2603 3638 2694 3690 τὸν
2724 3636 2855 3689 Θεὸν
2887 3633 3282 3703 πεφυτευκέναι
3326 3634 3662 3703 παράδεισον
3702 3634 3755 3685 ἐν

2185 3732 2346 3803 Ἐδὲμ
2374 3731 2513 3785 κατὰ
2558 3727 2840 3792 ἀνατολὰς,
2870 3726 2964 3779 καὶ
3008 3726 3159 3792 ξύλον
3209 3724 3352 3795 ζωῆς
3381 3728 3437 3777 ὲν
3473 3724 3631 3795 αὐτῷ
3666 3742 3756 3777 πε-

2176 3825 2458 3896 ποιηκέναι
2485 3823 2678 3894 ὁρατὸν
2710 3822 2804 3874 καὶ
2822 3819 3103 3891 αἰσθητὸν,
3134 3818 3272 3872 ὥστε
3301 3818 3389 3872 διὰ
3414 3819 3525 3871 τῶν
3559 3836 3750 3889 σωμα-

2172 3919 2340 3973 τικῶν
2359 3918 2585 3972 ὀδόντων
2612 3916 2946 3985 γευσάμενον
2984 3912 3079 3967 τοῦ
3123 3912 3363 3983 καρποῦ,
3388 3912 3449 3964 τὸ
3490 3911 3594 3983 ζῇν
3630 3914 3760 3965 ἀνα·

2172 4011 2486 4083 λαμϐάνειν·
2535 4010 2628 4063 καὶ
2666 4009 2825 4062 πάλιν
2866 4005 3027 4060 καλοῦ
3072 4006 3166 4058 καὶ
3214 4003 3450 4074 πονηροῦ
3506 4004 3754 4074 μετέχειν

2172 4106 2292 4159 τινὰ
2336 4104 2484 4175 παρὰ
2528 4103 2591 4156 τὸ
2624 4099 2976 4172 μεμασῆσθαι
3025 4098 3087 4151 τὸ
3124 4097 3233 4150 ἀπὸ
3261 4095 3415 4148 τοῦδε
3460 4095 3558 4148 τοῦ
3597 4093 3753 4160 ξύλου

2173 4197 2623 4268 λαμϐανόμενον;
2661 4195 2755 4247 ἐὰν
2786 4194 2843 4246 δὲ
2877 4193 2971 4245 καὶ
2994 4194 3023 4244 ὁ
3052 4190 3182 4254 Θεὸς
3225 4189 3287 4241 τὸ
3325 4188 3557 4242 δειλινὸν
3591 4190 3652 4241 ὲν
3681 4188 3753 4257 τῷ

2176 4288 2486 4359 παραδείσῳ
2515 4288 2834 4358 περιπατεῖν
2877 4284 3119 4354 λέγηται,
3148 4283 3242 4335 καὶ
3265 4283 3294 4333 ὁ
3334 4280 3511 4353 Ἀδὰμ
3558 4281 3668 4334 ὑπὸ
3696 4282 3749 4333 τὸ

2179 4382 2333 4447 ξύλον
2372 4379 2728 4453 κρύπτεσθαι·
2782 4377 2895 4431 Οὐκ
2934 4370 3087 4447 οἶμαι
3132 4371 3400 4436 διστάζειν
3447 4372 3577 4426 τινὰ
3632 4375 3749 4442 περὶ

572 4472 686 4545 (55)
713 4472 770 4528 ld
796 4473 899 4543 ipsi
921 4472 1187 4543 objiciunt
1208 4472 1512 4527 Methodius
1528 4473 1670 4543 apud
1702 4472 2059 4542 Epiphanium

2180 4475 2260 4530 τοῦ
2302 4475 2441 4528 αὐτὰ
2477 4470 2748 4543 τροπικῶς
2795 4468 2883 4522 διὰ
2916 4466 3176 4537 δοκούσης
3222 4465 3489 4535 ἱστορίας,
3544 4465 3643 4517 καὶ
3687 4462 3746 4514 οὐ

496 4564 628 4619 hrcr.
664 4564 753 4633 64,
785 4580 904 4633 cap.
930 4565 1023 4630 4‘1,
1054 4575 1110 4620 et
1146 4563 1416 4631 Photium,
1448 4566 1567 4619 cod.
1596 4564 1725 4629 254,
1757 4563 2071 4619 Eustathius

496 4657 574 4710 De
602 4657 1056 4728 Engastrimytho,
1100 4658 1213 4726 ipse
1253 4656 1609 4725 Epiphanius,
1657 4657 1821 4725 capit.
1850 4657 1883 4710 4
1924 4656 2071 4726 ejus-

498 4748 617 4803 dem
655 4747 947 4814 hazreseos,
978 4757 1034 4803 et
1065 4747 1119 4802 in
1152 4748 1437 4809 Ancorato,
1459 4762 1577 4817 cap.
1599 4747 1689 4810 54,
1712 4746 1906 4816 quibus
1935 4745 2065 4801 locis

497 4839 787 4894 ostendunt
820 4840 1132 4909 opinionem
1162 4853 1315 4895 suam
1353 4839 1598 4895 ﬁrmasse
1643 4839 1928 4909 Origenem
1961 4839 2064 4893 hoc

500 4929 653 4987 Pauli
696 4934 1028 5000 testimonio,
1060 4932 1105 4987 ll
1138 4933 1263 4989 Cor.
1299 4949 1395 5001 xu,
1439 4933 1561 5000 2-4,
1620 4932 1707 4988 ubi
1757 4943 1969 5004 raptum
2008 4945 2068 4988 se

569 5135 688 5208 (55)
723 5136 786 5191 Id
824 5139 927 5207 ipsi
951 5139 1199 5209 objiciunt
1230 5137 1554 5203 Methodius,
1583 5152 1689 5194 etc.
1723 5137 1875 5209 Idem
1884 5136 2079 5209 objicit

498 5220 554 5263 et
589 5208 1021 5278 Chrysostomos
1051 5210 1238 5263 homil.
1269 5211 1412 5264 15in
1444 5209 1656 5271 Genes.,
1688 5218 1812 5261 tom.
1835 5208 1899 5262 IV
1928 5223 2076 5263 novae

498 5279 777 5350 editionis,
811 5294 934 5350 pag.
964 5279 1288 5350 102οι105,
1320 5280 1408 5334 ubi
1443 5280 1552 5333 ait:
1578 5298 1594 5330 t
1628 5279 1867 5350 lloclocn
1910 5279 2058 5343 illud,

504 5347 905 5419 plantavitfsic—
951 5349 1378 5418 intelligendum,
1433 5350 1636 5403 scilicet
1686 5347 1855 5419 ipsum
1903 5351 2071 5418 impe-

500 5416 673 5487 rasse,
728 5429 785 5473 ut
840 5416 1213 5488 paradisus—in
1245 5428 1396 5488 terra,
1448 5420 1688 5472 fieret....
1739 5416 1860 5472 ldeo
1902 5416 2065 5475 etiam

498 5490 601 5545 ioci
632 5487 1019 5544 nomeuaﬂert
1041 5489 1250 5558 Moyses
1295 5490 1348 5542 in
1376 5487 1695 5555 Scripturis,
1735 5495 1791 5541 ιιι
1827 5502 1893 5542 ne
1933 5490 2066 5544 lice-

501 5570 587 5615 ret
618 5560 817 5615 frustra
847 5559 1036 5627 nugari
1075 5560 1380 5613 volentibus
1417 5558 1804 5627 simpliciorum
1847 5559 2069 5615 auribus

502 5630 805 5698 imponere,
838 5630 1132 5697 dicereque
1165 5645 1268 5682 non
1295 5644 1416 5683 esse
1458 5628 1511 5682 in
1545 5639 1693 5682 terra
1736 5629 2065 5696 paradisum,

517 5703 609 5753 sed
644 5700 697 5753 in
732 5701 888 5763 coelo,
923 5710 976 5753 ct
1004 5697 1215 5752 fabulas
1271 5699 1573 5768 hujusmodi
1610 5698 1901 5752 somniare.
1936 5698 2066 5752 Nam

513 5770 557 5821 si
593 5785 713 5823 cum
752 5770 929 5824 divina
968 5770 1247 5839 Scriptura
1276 5779 1420 5824 tanta
1454 5784 1548 5825 usa
1582 5771 1652 5825 sit
1675 5769 2071 5840 verborumaco

2177 4565 2502 4639 σωματικῶς
2587 4561 2992 4633 γεγενημένης,
3075 4558 3293 4631 μηνύειν
3354 4554 3483 4609 τινὰ
3548 4557 3746 4626 pacti.-

2175 4677 2287 4730 ρια.
2331 4658 2483 4724 Quod
2519 4656 2598 4712 sic
2625 4655 2787 4710 vertit
2833 4654 3056 4708 Ruﬁnus
3102 4670 3115 4707 :
3168 4671 3187 4704 t
3233 4649 3488 4716 Cuinatn,
3548 4662 3743 4719 quaso,

2174 4766 2393 4805 sensum
2466 4747 2690 4804 habenti
2750 4756 3145 4816 consequenter
3188 4741 3464 4799 videbitur
3516 4740 3737 4801 dictum,

2171 4841 2311 4908 quod
2339 4838 2456 4894 dies
2487 4838 2681 4908 prima,
2716 4845 2771 4892 et
2806 4838 3070 4902 secunda,
3112 4845 3167 4893 et
3209 4836 3392 4903 tertia,
3446 4835 3509 4890 in
3559 4834 3747 4905 quibus

2172 4940 2226 4987 et
2256 4945 2477 5001 vespera
2520 4932 2830 4987 nominatur
2859 4940 2915 4987 et
2946 4945 3128 4995 mane,
3168 4929 3369 4985 fuerint
3396 4930 3519 4983 sine
3541 4928 3675 4994 sole,
3694 4936 3745 4978 et

2177 5140 2481 5204 curatione,
2531 5153 2638 5195 non
2690 5138 3006 5194 dubitarunt
3055 5146 3236 5192 tamen
3288 5135 3514 5205 quidam
3561 5134 3631 5205 de
3675 5131 3749 5187 fa-

2178 5212 2373 5265 cundia
2405 5226 2526 5276 sua,
2564 5225 2775 5279 necnon
2814 5210 2881 5263 de
2916 5208 3258 5279 philosophia
3310 5204 3534 5279 exotica
3586 5204 3749 5258 altum

2177 5283 2466 5350 sapientes,
2502 5275 2727 5335 adversa
2759 5275 3051 5349 Scripiuris
3091 5275 3232 5350 loqui
3284 5275 3573 5350 et__dicere
3601 5289 3751 5341 para-

2179 5345 2354 5405 disum
2389 5350 2440 5404 in
2471 5360 2613 5404 terra
2657 5365 2761 5404 non
2798 5345 2943 5409 esse.
2999 5345 3276 5417 multaque
3309 5345 3417 5417 alia
3456 5355 3664 5410 prater
3690 5359 3748 5397 ea

2176 5436 2295 5488 qua:
2316 5422 2458 5475 dicta
2496 5429 2622 5474 sunt
2651 5421 2991 5487 adoptantes,
3025 5430 3216 5473 contra
3246 5416 3595 5484 Scripturam
3628 5428 3746 5467 seu-

2174 5495 2295 5556 tire,
2329 5502 2397 5565 et
2423 5492 2731 5565 adversam,
2763 5498 2948 5565 tenere
2999 5489 3164 5565 viam,
3201 5498 3365 5556 atque
3394 5501 3471 5565 ea.
3516 5499 3643 5565 qua:
3688 5488 3747 5565 de

2173 5554 2316 5615 terra
2348 5562 2488 5615 dicta
2529 5570 2677 5626 sunt,
2703 5562 2768 5615 de
2799 5559 2952 5614 cmlis
2987 5559 3129 5613 dicta
3152 5554 3383 5627 putare,
3420 5554 3744 5627 nisilhumili

2173 5632 2262 5684 illa
2292 5641 2348 5686 et
2378 5624 2731 5699 attemperata
2758 5631 3044 5699 verborum
3101 5624 3312 5699 ratione
3356 5641 3493 5680 usus
3545 5624 3743 5694 Moyses

2172 5710 2337 5766 esset,
2385 5698 2589 5770 Spiritu
2638 5709 2825 5755 sancto
2874 5698 3112 5769 linguam
3157 5698 3275 5768 ejus
3330 5707 3611 5761 movente,
3647 5706 3743 5763 quo

2174 5787 2278 5829 non
2315 5773 2550 5829 devoluti
2584 5770 2799 5829 essent?
2824 5789 2843 5822 ι
