3860 6226
174 319 211 374 1
223 316 329 376 037

1033 320 1605 379 ORIGENIANOBU'M
1647 319 1777 375 LIB.
1820 318 1884 386 Η,
1919 319 2073 379 CAP.
2112 319 2178 388 11,
2220 321 2493 389 QUIEST.
2534 322 2650 380 ΧΠ.

3307 333 3449 392 1058

171 439 306 493 sine
344 436 488 501 luna,
531 444 585 490 et
627 436 746 490 sine
799 437 1009 501 stellis;
1051 438 1224 506 prima
1272 445 1451 491 autem
1500 438 1615 491 dies
1650 438 1767 491 sine
1794 440 1842 496 Α
1874 450 2013 499 rum,
2061 436 2258 505 quibus
2317 436 2584 491 Adamum
2629 445 2749 507 post
2796 454 2992 497 noxam
3048 443 3190 500 Deus
3246 447 3444 516 induit,

168 528 359 585 οωιοῖ
384 529 516 594 Quis
541 543 666 582 vero
690 529 760 582 ita
794 529 988 583 idiotes
1017 530 1340 591 invenietur,
1378 537 1437 581 ut
1472 537 1625 597 putet
1653 528 1767 582 vel-

170 630 244 678 ut
275 621 548 676 hominem
590 621 876 690 quemdam
922 620 1217 690 agricolam
1269 619 1436 675 Deum
1488 620 1767 690 plantasse

172 716 412 768 arbores
457 715 508 767 in
562 714 837 781 paradiso,
868 714 920 767 in
960 714 1107 768 Eden
1148 724 1335 768 contra
1381 715 1668 778 orientem,
1711 722 1766 768 et

170 807 431 862 arborem
461 808 586 861 vitae
619 807 890 877 plantasse
930 807 983 861 iu
1021 821 1108 873 eo,
1156 806 1208 861 id
1247 816 1331 861 est
1382 806 1588 876 lignum
1629 806 1763 861 visi-

168 899 291 953 bile
345 907 400 952 et
447 898 743 969 palpabile,
800 900 872 952 ita
954 907 1013 953 ut
1079 898 1452 968 corporalibus
1510 899 1763 954 dentibus

168 990 519 1045 Inanducaus
559 992 683 1060 quis
717 1006 781 1045 ex
814 1007 877 1047 ea
920 992 1138 1054 arbore,
1172 992 1339 1045 vitam
1386 991 1672 1061 percipiat,
1706 999 1764 1046 et

170 1096 371 1135 rursus
402 1098 467 1137 ex
516 1083 619 1136 alia
674 1083 1011 1137 mamlucans
1062 1084 1280 1148 arbore,
1345 1083 1470 1137 boni
1528 1093 1585 1136 et
1635 1082 1760 1137 mali

166 1173 465 1228 scientiam
494 1176 712 1245 capiat?
748 1175 853 1229 Sed
885 1184 939 1229 et
981 1173 1107 1227 illud
1137 1175 1278 1244 quod
1324 1173 1469 1229 Deus
1500 1184 1623 1243 post
1650 1188 1764 1227 me-

167 1266 373 1320 ridiem
410 1266 755 1322 deambulare
809 1267 1014 1320 dicitur
1056 1267 1108 1320 in
1166 1267 1443 1334 paradiso,
1485 1275 1541 1320 et
1585 1266 1757 1319 Adam

164 1355 348 1412 latere
366 1357 465 1412 sub
492 1358 707 1423 arbore,
733 1358 983 1426 equidem
1013 1358 1221 1411 nnllnm
1249 1357 1487 1411 arbitror
1512 1356 1759 1413 dubitare

162 1446 319 1515 quod
358 1446 567 1517 lignrali
620 1457 775 1517 tropo
821 1448 938 1503 haec
974 1463 1004 1502 a
1049 1448 1335 1517 Scriptura
1386 1447 1756 1516 proferantur,

163 1554 285 1608 quo
322 1554 419 1607 per
459 1539 573 1593 lucc
615 1540 861 1609 quaedam
905 1540 1135 1611 mystica
1180 1539 1507 1594 iudicentur.
1564 1559 1582 1593 ι
1624 1541 1759 1596 Vide

164 1630 305 1684 item
336 1630 517 1684 homil.
548 1631 574 1685 1
626 1632 682 1684 in
713 1630 924 1697 Genes.,
969 1647 1118 1686 nuru.
1168 1631 1219 1695 1,
1257 1639 1311 1686 et
1344 1629 1437 1687 lib.
1484 1646 1535 1685 IV
1578 1643 1757 1686 contra

159 1720 336 1786 Cels.,
374 1738 522 1774 Imm.
552 1721 641 1776 '59.

240 1813 301 1867 In
327 1831 444 1868 eam
468 1814 790 1867 sententiam
828 1813 991 1868 traxit
1020 1814 1307 1883 Origenem
1332 1812 1489 1868 Philo
1523 1814 1590 1867 ad
1622 1812 1753 1867 alle-

161 1906 381 1975 goriam
440 1906 556 1959 huic
594 1906 707 1975 ipsa
754 1906 938 1961 itidem
982 1905 1209 1961 ﬂectens
1255 1907 1308 1960 in
1342 1908 1450 1962 ﬂue
1503 1906 1621 1961 libri
1676 1905 1753 1959 De

160 1998 381 2064 opiﬁcio
410 2013 501 2050 sea:
526 1997 749 2063 dierum,
774 2010 826 2051 et
859 1999 911 2052 in
945 1998 1037 2053 lib.
1074 2015 1087 2052 ι
1111 2000 1341 2068 Allegor.
1363 1999 1538 2070 Legis.
1563 2000 1752 2055 Traxit

158 2100 222 2143 et
266 2089 479 2158 Papias,
536 2099 591 2145 et
633 2088 897 2153 lrenmns,
943 2100 998 2146 et
1047 2091 1353 2155 Pantaenus,
1401 2101 1457 2147 et
1505 2092 1753 2148 Clemens

158 2180 586 2247 Alexandrinus,
615 2197 752 2250 quos
778 2183 1015 2251 paradisi
1045 2183 1469 2254 descriptionem
1495 2186 1562 2239 ad
1626 2201 1747 2255 my-

173 2274 375 2328 sticam
430 2274 823 2343 expositionem
856 2273 1141 2329 deﬂexisse
1199 2285 1387 2331 narrat
1433 2278 1753 2333 Anastasius

162 2363 381 2417 Sinaita
418 2364 513 2421 lib.
549 2380 622 2418 vn
656 2364 892 2434 Anagog.
914 2364 1250 2433 contemplat.
1274 2381 1571 2436 eorumque
1598 2367 1752 2420 deiu-

159 2457 232 2511 de
276 2456 521 2527 exemplo
571 2456 889 2526 Gregorium
932 2465 1243 2521 utrumque.
1289 2455 1574 2526 Origenem
1621 2472 1749 2512 vero

158 2560 386 2603 secutus
406 2551 506 2603 ‘est
533 2548 869 2613 Ambrosius,
899 2558 955 2602 et
992 2549 1301 2618 paradisum
1354 2558 1664 2603 terrestrem
1694 2551 1748 2605 in

156 2639 307 2693 coelo
343 2640 498 2694 tertio
537 2640 847 2709 collocavit,
889 2642 1080 2696 eodem
1126 2640 1347 2693 innixus
1406 2639 1559 2695 Pauli
1608 2640 1745 2707 loco,

156 2749 233 2787 ex
259 2749 370 2803 quo
398 2734 635 2803 opinioni
665 2749 778 2789 sua:
811 2735 977 2789 robur
1003 2734 1246 2789 additum
1276 2734 1543 2806 Origenes
1566 2737 1749 2791 existi-

160 2826 356 2881 mavit.
385 2825 509 2880 lliec
538 2826 626 2881 ille
650 2826 867 2895 quidem
903 2826 955 2880 in
989 2827 1130 2882 libro
1160 2828 1234 2882 De
1258 2829 1506 2897 paradiso
1534 2844 1655 2899 cap.
1688 2829 1743 2894 5,

156 2916 415 2981 quamvis
432 2915 555 2968 alibi
581 2916 632 2967 in
670 2914 697 2967 Ι
721 2913 848 2969 Cor.
884 2932 960 2980 vt,
997 2917 1309 2985 paradisum
1337 2926 1648 2971 terrestrem
1679 2919 1747 2973 ab

155 3020 231 3058 eo
268 3006 580 3074 distinguat,
614 3006 665 3060 in
705 3022 863 3077 quem
890 3008 1135 3063 sublatus
1166 3009 1265 3063 fuit
1298 3009 1518 3065 Paulus.
1574 3012 1645 3065 At
1690 3012 1742 3065 in

156 3096 324 3163 epist.
355 3096 419 3148 ad
448 3094 706 3150 Sabinum
758 3097 942 3151 omnia
978 3098 1091 3152 haec
1141 3100 1207 3153 ad
1251 3101 1569 3171 allegoriam
1608 3118 1741 3155 con-
1770 3135 1811 3184 (τ

157 3188 347 3241 vertit.
384 3188 747 3259 Hieronymus
787 3199 966 3243 autem
998 3201 1121 3245 ante
1145 3192 1330 3246 mundi
1376 3193 1536 3262 hujus
1564 3193 1704 3249 fabri

158 3295 286 3332 eam
320 3280 596 3333 cenditum
634 3283 947 3348 paradisum
979 3281 1211 3336 allirmat
1249 3285 1298 3336 in
1344 3282 1739 3339 Traditionibus

166 3369 445 3424 Hebraicis
488 3373 543 3424 in
585 3370 769 3425 Genes.
815 3373 965 3439 Quod
1001 3373 1043 3427 si
1093 3375 1369 3427 conditum
1425 3374 1571 3428 hunc
1616 3384 1741 3429 ante

161 3463 422 3515 Illlllltillm
451 3464 703 3531 opinatus
735 3474 838 3527 est,
865 3465 1053 3532 utique
1089 3474 1240 3518 extra
1280 3468 1539 3518 mundum
1574 3466 1741 3521 fuisse

174 3555 409 3609 censuit.
440 3554 614 3608 Moses
636 3555 730 3609 bar
753 3556 931 3622 Cepha
982 3556 1073 3610 lib.
1101 3572 1115 3609 ι
1144 3556 1220 3609 De
1247 3560 1517 3624 paradiso,
1542 3576 1660 3627 cap.
1682 3561 1737 3625 8,

159 3645 396 3700 medium
436 3646 606 3713 ipsqu
645 3652 815 3699 terras
860 3645 1000 3699 inter
1028 3656 1083 3699 et
1115 3646 1515 3702 ﬁrmamentum
1563 3649 1735 3714 locat;

159 3738 462 3805 iuneumque
498 3738 773 3790 dimissam
796 3748 945 3806 putat
970 3737 1041 3806 pii
1069 3737 1292 3792 latronis
1314 3740 1571 3805 animam,
1597 3744 1737 3811 quod

155 3831 303 3884 etde
329 3830 556 3883 aliorum
583 3840 893 3883 sanetornm
939 3829 1219 3884 animabus
1264 3832 1532 3885 aﬂirmaut
1569 3834 1736 3888 Seve-

160 3922 371 3984 rianus,
401 3932 540 3975 orat.
567 3920 601 3973 5
636 3920 710 3973 De
735 3936 988 3989 cosmop.,
1042 3929 1097 3974 et
1124 3921 1377 3990 Eulogius
1393 3924 1529 3991 apud
1554 3923 1735 3991 Phot.,

154 4018 284 4071 cod.
321 4026 513 4072 chxx.
536 4015 673 4082 Quin
702 4015 861 4068 etiam
885 4029 1123 4069 errorem
1149 4014 1396 4082 Origeuis
1428 4016 1586 4085 paulo
1610 4029 1737 4074 ante

152 4126 311 4163 suam
339 4120 545 4162 :etatem
578 4126 605 4162 a
650 4106 941 4161 Fraucisco
982 4106 1213 4177 Georgio
1248 4120 1560 4164 renovatum
1600 4112 1731 4165 scri-

153 4202 239 4256 bit
270 4201 452 4255 Sixtus
485 4201 742 4257 Senensis
769 4202 861 4255 lib.
894 4214 927 4250 ν
970 4198 1258 4265 Bibliot/t.,
1293 4202 1480 4255 adnot.
1526 4203 1618 4266 54,
1656 4212 1736 4257 lo—

158 4300 378 4358 tamque
402 4290 516 4360 ejus
546 4290 646 4346 loci
680 4294 1034 4363 questiouem
1076 4292 1335 4363 proximis
1370 4294 1735 4347 adnotationi-

151 4380 259 4437 bus
280 4378 550 4437 exhaurit.

1871 536 2083 581 textura
2115 541 2310 596 corpus
2348 527 2526 598 ipsum
2578 535 2853 586 terrenum
2894 543 2952 588 et
2994 537 3223 593 mortale
3275 540 3446 610 signi-

1867 618 2019 674 ﬁcari
2076 620 2388 685 somniavit,
2439 636 2547 690 quo
2602 622 2796 679 Adami
2856 627 3037 683 anima
3088 628 3290 699 illigata
3335 642 3443 697 est,

1866 724 1987 764 cum
2016 719 2174 765 antea
2201 702 2530 768 immortalis
2553 725 2700 770 esset
2732 725 2785 770 et
2811 716 3200 788 incorporalis;
3234 723 3437 792 alioqui

1868 801 2149 856 ridiculum
2181 802 2295 858 fure
2337 803 2503 858 Deum
2550 822 2817 874 asserere,
2854 810 2932 865 sic
2968 820 3223 881 tanquam
3268 817 3438 870 coria.

1865 894 2007 946 rium
2039 904 2095 947 et
2125 903 2386 961 sutorem,
2430 897 2736 953 animantes
2778 899 3035 969 glubisse,
3075 914 3131 959 et
3167 906 3436 962 detractas

1864 985 2031 1053 pelles
2059 987 2363 1042 censuisse.
2421 986 2576 1043 Hunc
2608 989 2864 1047 refellunt
2901 1008 3143 1049 errorem
3181 995 3435 1063 lreurens,

1862 1075 1957 1131 lib.
1996 1093 2046 1143 ι,
2080 1091 2199 1145 cap.
2257 1079 2311 1144 1,
2369 1088 2423 1134 et
2480 1079 2841 1138 Tertullianus
2885 1086 3089 1140 advers.
3150 1086 3436 1155 Valentin.,

1862 1184 1983 1238 cap.
2018 1171 2089 1224 24
2118 1180 2172 1225 et
2197 1170 2292 1227 lib.
2347 1171 2423 1225 De
2476 1183 2756 1228 resurrect.
2820 1192 2996 1243 carm,
3046 1193 3166 1247 cap.
3211 1180 3242 1233 7
3274 1182 3430 1249 ;.jam

1862 1264 2006 1315 enim
2063 1272 2187 1316 ante
2234 1262 2486 1332 Origenis
2550 1273 2762 1320 aatatem
2831 1267 3155 1324 inoleverat.
3220 1270 3435 1326 Refellit

1861 1368 2097 1422 quoque,
2144 1363 2199 1408 et
2242 1356 2295 1408 in
2342 1356 2603 1412 Cassiano
2636 1359 2871 1428 quodam
2920 1360 3142 1416 damnat
3186 1362 3435 1418 Clemens

1859 1444 2255 1501 Alexandrinus
2280 1446 2479 1501 Strom.
2513 1448 2608 1504 lib.
2643 1465 2729 1515 ιιι,
2774 1460 2833 1505 ιιι
2871 1452 3078 1505 monuit
3118 1468 3205 1508 me
3235 1454 3435 1510 Paulus

1860 1535 2209 1603 Pellissonus,
2244 1537 2297 1591 in
2334 1553 2440 1606 quo
2483 1538 2675 1608 plusne
2707 1540 2909 1611 ingenii
2952 1544 3327 1599 arnmnitatetu
3358 1561 3428 1601 an

1861 1627 2224 1694 praestantiam
2256 1628 2520 1682 doctrina:
2546 1628 2758 1684 laudem
2798 1614 3006 1687 nescio.
3064 1632 3339 1689 Refelluut
3377 1645 3432 1689 et

1858 1717 2128 1783 Justinus,
2170 1734 2264 1773 seu
2303 1720 2548 1789 quisquis
2601 1733 2793 1778 auctor
2826 1734 2908 1781 est
2949 1727 3314 1791 Quaestionum
3362 1732 3431 1782 ad

1855 1810 2191 1875 ortltodoxos,
2230 1822 2423 1881 qumsl.
2480 1813 2573 1879 49,
2618 1825 2674 1869 et
2721 1828 2913 1872 auctor
2970 1820 3311 1891 Dialogorum
3339 1826 3432 1894 qui

1855 1898 2113 1968 Caesarie,
2173 1900 2415 1972 Gregorii
2470 1903 2793 1961 Nazianzeni
2840 1908 3043 1976 fratri,
3097 1914 3429 1980 tribuuntur,

1854 1990 1980 2045 dial.
2006 2007 2105 2056 ιιι,
2146 1993 2335 2048 interr.
2374 1995 2504 2060 M9;
2547 2005 2603 2051 et
2645 1996 2939 2070 Gregorius
2962 2002 3236 2074 Nyssenus
3276 2007 3428 2062 Orat.

1853 2091 1982 2150 cat.,
2028 2097 2148 2152 cap.
2200 2084 2264 2149 8,
2311 2094 2367 2139 et
2403 2086 2821 2157 Chrysostomus
2896 2095 3085 2150 homil.
3128 2095 3214 2161 18,
3274 2098 3327 2153 in
3369 2114 3429 2154 ιιι

1854 2176 2026 2245 Gem,
2078 2187 2131 2232 et
2180 2179 2501 2236 Anastasius
2568 2181 2778 2239 Sina-ita
2852 2186 3143 2257 Conlempl.
3201 2207 3425 2263 anagog.

1852 2270 1945 2324 lib.
1998 2286 2076 2334 xi,
2129 2279 2184 2326 et
2243 2271 2516 2340 Rupertus
2562 2274 2656 2331 lib.
2713 2292 2798 2343 ιιι,
2847 2294 2964 2349 cap.
3007 2281 3042 2334 2
3084 2282 3133 2335 in
3171 2299 3230 2338 ιιι
3293 2284 3425 2340 Gen.

1852 2360 2110 2414 Eumdem
2135 2362 2462 2430 exprobrant
2487 2364 2705 2431 Origeni
2732 2366 3035 2423 Methodius
3062 2372 3201 2438 apud
3230 2372 3420 2441 Epiph.

1852 2454 1981 2507 haer.
2009 2468 2155 2518 thv,
2178 2462 2232 2507 et
2265 2455 2404 2523 apud
2436 2456 2593 2511 Phot.
2628 2458 2748 2513 cod.
2794 2474 3060 2525 ccxxxlv;
3093 2460 3424 2530 Epiphanius

1850 2544 2045 2598 lateres.
2078 2559 2227 2608 utv,
2256 2555 2311 2599 et
2339 2546 2389 2599 in
2413 2547 2571 2613 epist.
2616 2549 2682 2602 ad
2717 2547 2871 2603 Joan.
2904 2549 3157 2618 Jerosol.,
3193 2569 3313 2624 cap.
3342 2557 3376 2611 3
3408 2574 3423 2621 ;

1850 2634 2206 2706 Hieronymus
2252 2637 2410 2706 epist.
2443 2638 2534 2700 61,
2564 2640 2631 2695 ad
2666 2640 3003 2710 Pammach.,
3044 2660 3169 2715 cap.
3210 2649 3276 2713 ὃς
3329 2648 3427 2705 So-

1850 2726 2109 2792 phronias
2129 2728 2179 2780 in
2209 2730 2366 2797 epist.
2390 2730 2455 2782 ad
2478 2728 2658 2800 Serg.;
2693 2731 3000 2803 Stephanus
3023 2736 3270 2794 Gobarus
3300 2739 3425 2794 Tri-

1850 2817 1956 2872 thei
1966 2827 2015 2871 ta
2033 2822 2172 2887 apud
2192 2819 2372 2883 Phot.,
2390 2821 2516 2875 cod.
2534 2836 2671 2875 ccxx
2684 2839 2753 2877 ιιι
2776 2824 3043 2889 ;loaunes
3063 2828 3426 2887 Damasceuus

1848 2907 1923 2962 De
1950 2909 2132 2964 half“.
2152 2928 2172 2976 ;
2208 2912 2427 2983 Glycas,
2454 2924 2598 2982 part.
2636 2930 2651 2968 ι
2690 2924 2745 2969 et
2779 2931 2833 2971 IV
2860 2918 3054 2974 Annal.
3074 2921 3421 2993 ;Cedrenus,

1846 3012 1899 3058 et
1920 3003 2136 3058 Nicetas
2166 3004 2321 3060 Thes.
2353 3007 2559 3062 orthod.
2584 3008 2681 3075 ῥά.
2710 3008 2804 3064 lib.
2838 3026 2910 3077 tv,
2937 3012 3127 3069 haeres.
3162 3032 3311 3071 xxxi.

1916 3095 1971 3149 lu
2001 3097 2182 3152 varios
2210 3096 2450 3166 profecto
2480 3113 2674 3153 sensus
2700 3108 2906 3157 tractus
2931 3112 3017 3158 est
3039 3104 3141 3160 iste
3174 3106 3422 3177 Scriptu-

1846 3203 1918 3243 rae
1945 3187 2097 3243 locus
2133 3205 2148 3243 :
2185 3188 2486 3246 Methodius
2525 3202 2702 3247 vestes
2749 3202 3013 3263 scorteas,
3053 3211 3157 3251 non
3202 3200 3417 3267 quidem

1842 3281 2068 3334 mortale
2095 3297 2290 3351 corpus
2320 3298 2441 3338 esse
2470 3284 2627 3351 dixit,
2672 3286 2768 3341 sed
2808 3288 3059 3356 corporis
3111 3299 3267 3345 antea
3313 3292 3418 3346 im-

1842 3371 2105 3433 mortalis,
2140 3371 2336 3425 deinde
2361 3388 2493 3427 vero
2530 3373 2774 3429 mortalis
2803 3373 2977 3430 eﬂ‘ecti
3006 3377 3415 3435 dissolutionem

1840 3461 2165 3530 signiﬁcare.
2217 3461 2512 3531 Gregorius
2562 3464 2943 3521 Nazianzenus
2980 3469 3225 3536 corporis
3256 3472 3416 3525 nudi-

1844 3565 1951 3608 tate
1999 3555 2226 3623 exprimi
2281 3556 2393 3610 vult
2451 3557 2758 3611 immortale
2813 3559 2964 3627 prius
2996 3568 3051 3616 et
3112 3561 3271 3617 nullis
3319 3564 3417 3617 ob-

1841 3649 2055 3701 noxium
2088 3649 2290 3702 morbis
2313 3648 2503 3701 Adami
2533 3664 2759 3718 corpus;
2785 3652 3023 3706 vestibus
3063 3667 3211 3718 vero,
3265 3669 3414 3709 mor-

1843 3739 2129 3803 talitatem,
2172 3739 2512 3806 gravitatem,
2545 3754 2611 3793 ac
2645 3740 3031 3808 inﬁrmitatem,
3066 3758 3185 3812 qua:
3217 3760 3414 3815 corpus

1841 3832 1968 3887 illud
2038 3832 2369 3887 invaserunt.
2441 3829 2694 3885 Nonnulli
2768 3847 2919 3896 vero,
2992 3847 3132 3902 quos
3215 3838 3412 3893 refellit

1840 3922 2209 3978 Theodoretus
2251 3930 2447 3990 quaest.
2484 3920 2553 3975 59
2589 3922 2643 3974 in
2675 3919 2961 3988 Genesim.,
2995 3934 3236 3980 scorteas
3271 3930 3412 3981 tuni-

1838 4028 1931 4068 cas
1953 4028 2073 4067 esse
2093 4012 2347 4066 dixerunt
2378 4012 2633 4065 arborum
2664 4012 2920 4079 cortices,
2955 4028 3076 4083 quae
3098 4027 3222 4071 sunt
3263 4016 3410 4073 velut

1838 4104 2090 4160 arborum
2120 4104 2285 4174 pelles
2317 4113 2372 4159 et
2402 4105 2735 4159 indumenta.

1908 4199 2002 4254 llis
2035 4198 2481 4268 suffragatoribus
2509 4214 2749 4254 errorem
2776 4212 2931 4253 suum
2959 4210 3246 4257 excusaret
3279 4202 3403 4258 Ori-

1836 4305 2023 4361 genes,
2064 4292 2107 4345 si
2158 4290 2274 4359 ejus
2322 4299 2468 4345 esset
2517 4290 2855 4345 manifestus.
2890 4290 2961 4345 At
3008 4303 3208 4360 quanta
3244 4292 3408 4349 fuerit

1838 4384 2004 4453 ipsius
2036 4385 2089 4436 in
2116 4383 2216 4436 hac
2242 4381 2539 4451 quaestione
2579 4380 2856 4436 ﬂuctuatio
2885 4396 2951 4436 ex
2998 4385 3251 4450 sequenti
3288 4384 3409 4440 loco

224 4474 365 4529 Alibi
400 4485 575 4529 tamen
614 4475 870 4547 Origenes
899 4477 1204 4545 paradisum
1256 4477 1425 4543 Eden,
1478 4492 1571 4532 seu
1623 4486 1733 4533 ter-
1763 4471 2062 4545 Dpatebit,
2095 4487 2255 4541 quem
2310 4483 2517 4527 catena:
2573 4486 2679 4527 uno
2734 4488 2999 4528 consensu
3043 4473 3261 4544 Origeni
3312 4476 3409 4530 trl-

152 4574 384 4620 restrem
414 4569 662 4622 eumdem
712 4584 832 4624 esse
865 4570 1056 4625 scribit
1096 4585 1159 4624 ac
1209 4571 1518 4640 paradisum
1555 4571 1727 4636 illum,

151 4665 208 4717 in
240 4676 400 4732 quem
438 4664 647 4733 piorum
678 4667 872 4719 anima:
916 4674 1040 4736 post
1091 4666 1298 4720 obitum
1348 4666 1725 4729 dimittuntur;

151 4770 319 4822 quem
354 4771 474 4808 cum
504 4756 554 4808 in
599 4755 757 4809 terris
798 4756 1161 4820 collocaverit,
1202 4766 1260 4810 ut
1305 4771 1464 4826 Supra
1496 4758 1626 4820 dixi,
1668 4758 1730 4810 il-

154 4846 265 4897 lum
293 4860 504 4915 quoque
539 4847 591 4900 in
634 4848 790 4901 terris
832 4862 953 4902 esse
997 4864 1218 4903 necesse
1257 4858 1360 4903 est.
1413 4866 1432 4899 ι
1484 4847 1584 4915 Qui
1631 4864 1727 4903 au-

153 4948 285 4997 tem,
325 4956 343 4990 ι
380 4938 555 5008 inquit
603 4939 697 4995 lib.
733 4956 749 4993 ι
783 4942 835 4994 in
877 4940 1108 4999 Cantia.
1160 4955 1286 5009 pag.
1339 4940 1445 5007 42,
1482 4960 1500 4993 ι
1535 4943 1727 5011 dignus

149 5031 317 5084 fuerit
345 5032 518 5087 redire
544 5044 600 5088 et
628 5047 751 5088 esse
788 5050 908 5088 cum
941 5035 1176 5100 Christo,
1223 5036 1425 5103 quique
1467 5034 1518 5087 in
1560 5050 1726 5103 parvo

152 5121 328 5175 fidelis
368 5124 620 5177 inventus
654 5125 1012 5178 constituetur
1050 5140 1214 5193 super
1255 5124 1445 5187 multa,
1483 5125 1571 5178 ille
1624 5142 1724 5196 gu-

148 5214 321 5267 stabit
346 5224 401 5267 et
446 5216 621 5284 capiet
665 5218 991 5285 voluptatem
1037 5218 1272 5283 Domini,
1331 5218 1618 5286 perductus
1659 5218 1723 5271 ad

146 5304 329 5358 locum
352 5307 639 5374 quemdam
678 5308 767 5376 qui
798 5324 895 5377 pro
930 5308 1236 5377 huiusmodi
1280 5309 1523 5363 ciborum
1554 5309 1723 5377 copiis

144 5405 207 5451 et
227 5397 600 5461 varietatibus,
623 5399 932 5455 deliciarum
966 5405 1275 5455 nominatur
1303 5401 1472 5454 locus.
1499 5400 1725 5471 Propter

145 5493 293 5562 quod
321 5499 374 5546 et
404 5491 458 5545 in
508 5491 655 5547 Edcn
684 5495 888 5564 positus
936 5494 1156 5561 dicitur,
1205 5494 1346 5563 quod
1388 5494 1607 5548 delicias
1636 5494 1723 5548 in-

146 5587 311 5646 dicat.
349 5611 367 5645 ι

219 5685 347 5740 Vill.
376 5686 447 5741 Ut
478 5685 713 5756 paradisi
745 5683 1079 5754 plautatioue
1120 5681 1409 5753 mysticum
1458 5678 1586 5748 quid
1626 5692 1722 5734 no-

148 5779 250 5832 tari
284 5779 435 5850 ﬂuxit
467 5781 565 5836 sibi
600 5778 976 5844 Adamantius,
1026 5778 1096 5832 ita
1134 5786 1464 5833 scortcarum
1509 5773 1718 5828 tunica-

1836 4566 2026 4621 buunt.
2056 4564 2107 4619 ls
2130 4579 2257 4632 ergo
2295 4563 2349 4616 in
2379 4561 2566 4616 Cenes.
2597 4578 2679 4629 ιιι,
2711 4562 2802 4630 21,
2847 4575 3131 4634 postquam
3164 4565 3401 4635 ineptum

1837 4672 1955 4714 esse
1986 4657 2120 4711 dixit
2155 4657 2320 4709 Deum
2355 4654 2558 4721 lingere
2592 4658 2862 4710 detractas
2893 4656 3203 4710 animalium
3238 4656 3402 4725 pelles

1835 4759 2205 4812 cunsucntem,
2248 4746 2430 4801 subdit
2473 4747 2686 4800 εΠάλιν
2731 4764 2792 4799 τε
2832 4748 3071 4816 φυγόντα
3125 4747 3186 4801 τὸ
3233 4748 3404 4812 οὕτως

1835 4843 2054 4905 ἄτοπον,
2090 4840 2267 4909 λέγειν
2295 4839 2420 4902 τοὺς
2446 4839 2801 4910 δερματίνους
2831 4840 3061 4911 χιτῶνας
3089 4841 3190 4894 οὐκ
3216 4841 3407 4906 ἄλλους

1833 4931 1994 5001 εἶναι,
2028 4936 2061 5007 ἢ
2089 4934 2157 4987 τὰ
2186 4934 2431 5003 σώματα,
2466 4932 2689 4986 πιθανὸν
2737 4933 2855 5003 μὲν,
2888 4932 2981 4986 καὶ
3030 4934 3109 4996 εἰς
3144 4934 3408 5002 συγκατάρ

1833 5029 1979 5082 θεσιν
2018 5026 2423 5081 ἐπισπάσασθαι
2471 5024 2783 5096 δυνάμενον·
2832 5026 2894 5078 οὐ
2941 5023 3049 5095 μὴν
3094 5025 3281 5093 σαφὲς,
3329 5025 3405 5089 ὡς

1832 5122 2048 5193 ἀληθές.
2086 5123 2148 5175 Εἰ
2186 5120 2297 5193 γὰρ
2340 5122 2389 5174 οἱ
2428 5120 2741 5192 δερμάτινοι
2783 5119 3007 5189 χιτῶνες
3062 5119 3263 5189 σάρκες
3311 5119 3405 5171 καὶ

1830 5213 1992 5267 ὀστέα
2033 5213 2159 5276 εἰσὶ,
2187 5212 2304 5276 πῶς
2333 5211 2439 5282 πρὸ
2469 5210 2672 5264 τούτων
2722 5209 2889 5279 φησὶν
2916 5211 2944 5262 ὁ
2985 5208 3189 5277 Ἀδάμ·
3222 5208 3404 5263 Τοῦτο

1828 5306 1947 5360 νῦν
1977 5305 2203 5360 ὀστοῦν
2237 5305 2305 5358 ἐκ
2346 5302 2466 5357 τῶν
2494 5301 2691 5357 ὀστῶν
2715 5321 2857 5372 μου,
2893 5302 2990 5356 καὶ
3025 5302 3179 5373 σὰρξ
3200 5304 3266 5356 ἐκ
3295 5302 3404 5370 τῆς

1829 5402 2059 5470 σαρκός
2079 5415 2235 5469 μου;
2286 5415 2304 5449 ι
2360 5395 2591 5451 Rursum
2650 5410 2778 5450 vero
2833 5394 2876 5449 si
2925 5396 3046 5464 quis
3098 5410 3209 5449 rem
3268 5395 3402 5449 adeo

1829 5492 2121 5549 absurdam
2152 5491 2368 5562 fugiens
2392 5488 2587 5545 dixerit
2619 5499 2861 5543 scorteas
2890 5487 3102 5542 tunicas
3127 5502 3231 5541 non
3261 5485 3400 5538 alias

1826 5598 1946 5641 esse
1967 5599 2127 5654 quam
2162 5597 2413 5651 corpora,
2445 5579 2724 5651 probabile
2761 5579 2868 5634 erit
2907 5578 2957 5632 id
2981 5577 3220 5648 quidem,
3254 5586 3307 5630 et
3332 5577 3397 5629 ad

1830 5682 2107 5732 assensum
2175 5675 2389 5729 trahere
2454 5672 2680 5738 valens;
2734 5686 2840 5725 non
2911 5669 3114 5723 clarqu
3198 5675 3395 5725 tamen.

1827 5769 1987 5841 quale
2028 5783 2149 5824 esse
2187 5768 2349 5824 debet
2380 5767 2521 5835 quod
2559 5779 2745 5821 verum
2801 5772 2903 5818 est.
2938 5759 3073 5815 Nam
3109 5760 3152 5815 si
3204 5757 3398 5815 tunica:
