3834 6226
143 316 169 370 1
180 314 282 371 061

991 315 1570 373 οιιιοεΝιΑΝοιιιιιι
1608 280 1740 374 ιω.
1783 317 1846 373 ιι.
1891 315 2048 372 CAP.
2085 315 2132 371 ιι
2193 316 2476 383 ουΑςετ.
2516 316 2633 373 xu.

3266 321 3405 378 1062

136 432 220 503 τῷ
241 429 350 486 ἀπὸ
371 429 467 485 τοῦ
495 428 592 501 χοῦ
616 428 915 501 πλάσματι,
947 430 1042 484 καὶ
1065 431 1126 484 τὸ
1154 433 1398 503 κρεῖττον
1418 431 1516 502 τὴν
1536 430 1706 484 εἰκόνει

1825 430 2014 484 faciem
2044 430 2212 499 ipsius
2246 428 2476 499 spiravit
2523 431 2685 497 Deus,
2730 430 2992 501 Spiritum
3038 446 3286 491 sanctum
3314 452 3409 493 ac-

136 524 237 578 τόῦ
267 523 447 595 χοϊκοῦ
486 522 734 594 λήψεται,
763 524 811 574 εἰ
843 521 900 574 δὲ
935 523 1183 587 συνέντες
1228 523 1289 575 τὸ
1330 522 1553 594 ποιηθὲν
1594 522 1715 576 κατ’

136 616 344 679 εἰκόνα,
366 616 459 669 καὶ
485 614 545 668 τὸ
567 614 767 685 ληφθὲν
783 614 890 666 ἀπὸ
914 612 1007 667 τοῦ
1031 614 1125 684 χοῦ
1147 614 1245 685 τῆς
1262 615 1384 685 γῆς,
1408 614 1518 667 ὅλοι
1551 629 1718 686 προσ-

136 709 364 780 νεύομεν
398 708 533 778 πρὸς
559 706 762 771 τοῦτον,
790 702 851 761 οὗ
877 709 996 760 κατ’
1026 707 1207 760 εἰκόνα
1233 708 1556 778 γεγόναμεν,
1593 708 1716 760 ὲσό-

137 800 282 872 μεθα
317 801 410 853 καὶ
442 798 563 853 καθ’
588 798 845 870 ὁμοίωσιν
881 797 1039 863 Θεοῦ,
1079 800 1259 852 πᾶσαν
1283 798 1381 870 τὴν
1423 800 1559 870 πρὸς
1586 798 1716 868 ὓλην

133 896 232 947 καὶ
254 892 477 963 σώματα
503 891 898 963 προσεκάθειαν,
930 892 1023 944 καὶ
1044 890 1142 961 τὴν
1166 892 1303 963 πρός
1322 908 1443 944 τινα
1462 890 1571 943 τῶν
1593 889 1714 943 καθ’

132 985 395 1057 ὁμοίωσιν
428 984 818 1053 ἀπολείψαντες
837 1001 850 1013 ⁸
876 996 930 1039 ει
960 999 1109 1038 num.
1128 984 1218 1049 2!,
1244 1000 1363 1054 pag.
1389 983 1496 1039 542
1523 984 1716 1038 ;Ὅσον

137 1078 240 1148 μὲν
283 1072 375 1130 οὖν
417 1076 484 1147 ζῇ
526 1078 554 1129 ὁ
590 1076 905 1147 ἄνθρωπος,
948 1076 1010 1128 οὐ
1047 1078 1203 1147 φορεῖ
1243 1075 1341 1146 τὴν
1392 1074 1487 1128 τοῦ
1529 1074 1714 1145 χοϊκοῦ

132 1170 354 1223 εἰκόνα·
388 1167 748 1238 ἀποθνήσκων
787 1166 875 1230 δὲ,
919 1167 1012 1219 καὶ
1043 1167 1433 1237 ἀναιρούμενος
1479 1168 1583 1220 ὑπὸ
1619 1166 1713 1220 τοῦ

132 1260 604 1333 ἀνθρωποκτόνου,
630 1260 743 1329 ἅμα
768 1276 828 1311 τε
853 1261 1063 1328 συνέχει
1089 1259 1184 1329 τὴν
1216 1260 1307 1311 τοῦ
1343 1260 1478 1312 Θεοῦ
1510 1261 1714 1324 εἰκόνα,

133 1353 233 1406 καὶ
251 1352 619 1421 ἀναλαμϐάνει
637 1351 731 1421 τὴν
748 1351 841 1403 τοῦ
861 1351 1045 1421 χοϊκοῦ
1062 1352 1156 1404 καὶ
1170 1351 1383 1423 νεκροῦο
1403 1354 1594 1425 νεκρὸς
1609 1354 1716 1426 γὰρ

132 1445 164 1497 ὁ
191 1444 393 1515 χοῖκὸς,
419 1442 607 1514 ὥσπερ
629 1441 737 1505 ζῶν
771 1448 799 1496 ὁ
828 1442 1168 1514 ἐπουράνιος.
1194 1443 1528 1499 Manifestius
1553 1447 1715 1499 etiam

134 1535 268 1590 illud
294 1551 324 1590 e
350 1535 445 1589 lib.
473 1550 531 1589 ιιι
553 1534 696 1602 Περὶ
723 1532 945 1603 ἀρχῶν,
975 1551 1093 1605 cap.
1124 1536 1179 1599 6,
1216 1552 1362 1588 num.
1393 1538 1412 1589 l
1452 1555 1464 1589 :
1501 1555 1519 1587 ι
1554 1537 1718 1606 Igitur

134 1641 407 1683 summum
431 1625 630 1681 bonum
650 1626 715 1679 ad
734 1626 879 1694 quod
903 1636 1089 1681 natura
1113 1626 1445 1681 rationabilis
1468 1627 1718 1682 universa

134 1720 380 1785 festinat,
410 1718 554 1787 quod
588 1718 750 1773 etiam
788 1719 908 1773 linis
946 1718 1184 1772 omnium
1216 1718 1432 1781 dicitur,
1462 1734 1493 1772 a
1525 1733 1715 1787 qnam-

137 1812 392 1882 plurimis
425 1810 590 1866 etiam
638 1811 1078 1881 philosophorum
1116 1812 1218 1865 hoc
1256 1812 1414 1864 modo
1456 1812 1715 1865 termina-

138 1912 252 1968 tur,
291 1903 415 1973 quia
445 1918 716 1958 summum
746 1904 945 1957 bonum
989 1904 1079 1969 sit,
1119 1911 1274 1972 prout
1319 1902 1575 1971 possibile
1608 1911 1713 1968 est,

137 1996 371 2052 similem
400 1994 518 2050 ﬁeri
547 1994 679 2049 Deo.
706 1993 812 2048 Sed
847 1996 950 2049 hoc
976 2011 1084 2049 non
1120 2006 1227 2048 tam
1259 1995 1494 2062 ipsorum
1526 1994 1714 2048 inven-

135 2096 271 2154 tum,
303 2102 463 2157 quam
494 2100 560 2140 ex
591 2085 787 2140 divinis
830 2086 983 2141 libris
1026 2088 1095 2141 ab
1126 2088 1205 2142 eis
1238 2096 1511 2155 sumptum
1558 2099 1709 2156 puto.

136 2179 251 2236 Hoc
281 2193 512 2249 namque
541 2178 742 2234 indicat
771 2178 981 2249 Moyses
1023 2190 1152 2235 ante
1190 2193 1399 2247 omnes,
1444 2195 1567 2235 cum
1605 2184 1715 2248 pri-

133 2288 279 2326 mam
310 2271 673 2328 conditionem
702 2272 938 2327 hominis
966 2282 1191 2328 enarrat
1220 2273 1408 2328 dicens
1433 2290 1448 2326 :
1484 2273 1549 2326 Et
1578 2274 1715 2327 dixit

136 2364 278 2420 Deus
305 2382 318 2418 :
342 2361 634 2418 Faciamus
667 2363 930 2418 hominem
956 2364 1024 2417 ad
1058 2366 1339 2434 imaginem
1377 2375 1425 2419 et
1463 2366 1715 2419 similitu-

131 2458 309 2510 dinem
341 2465 596 2511 nostram.
640 2454 791 2511 Tunc
837 2456 1030 2512 deinde
1073 2457 1219 2511 addit
1253 2475 1268 2511 :
1301 2456 1369 2510 Et
1409 2459 1535 2525 fecit
1573 2458 1713 2513 Deus

131 2549 416 2615 hominem,
452 2547 522 2602 ad
557 2547 656 2602 Dei
686 2549 966 2618 imaginem
1007 2548 1128 2616 fecit
1167 2565 1307 2612 eum,
1337 2549 1627 2603 masculum
1663 2559 1711 2604 et

133 2642 385 2709 feminam
412 2641 528 2710 fecit
564 2656 670 2708 eos,
698 2651 746 2695 et
776 2641 1043 2695 benedixit
1071 2641 1146 2694 eis
1170 2640 1235 2695 ".
1270 2638 1383 2696 Hoc
1411 2655 1542 2712 ergo
1571 2639 1711 2710 quod

131 2732 299 2799 dixit,
362 2733 447 2786 Ad
484 2733 769 2803 imaginem
798 2730 894 2785 Dei
938 2731 1066 2800 fecit
1111 2747 1249 2796 eum,
1302 2740 1356 2786 et
1404 2732 1471 2785 de
1522 2731 1713 2786 simili-

135 2822 321 2877 tudine
348 2820 517 2887 siluit,
542 2836 647 2875 non
682 2821 827 2875 aliud
872 2820 1094 2886 indicat,
1126 2821 1230 2873 nisi
1277 2820 1418 2889 quod
1462 2821 1711 2888 imaginis

131 2913 451 2982 dignitatem
492 2914 546 2967 in
580 2914 757 2982 prima
801 2913 1110 2968 conditione
1141 2913 1415 2982 percepit;
1452 2913 1711 2967 similitu~

131 3005 279 3059 diuis
304 3019 431 3060 vero
464 3003 729 3075 perfectio
756 3004 809 3058 in
841 3003 1312 3059 consummatione
1345 3013 1557 3058 servata
1591 3013 1706 3058 est:

131 3097 341 3153 scilicet
373 3105 431 3150 ut
460 3096 576 3166 ipse
594 3096 697 3150 sibi
720 3109 839 3149 eam
876 3096 1109 3164 propriae
1132 3095 1409 3149 industriae
1430 3093 1620 3148 studiis
1641 3108 1706 3147 ex

132 3186 228 3242 Dei
275 3187 574 3242 imitatione
609 3187 1002 3249 conscisceret,
1040 3200 1165 3240 cum
1212 3186 1571 3253 possibilitate
1601 3186 1704 3239 sibi

133 3280 481 3350 perteclionis
512 3281 769 3335 divinitus
799 3281 922 3333 data
954 3292 1052 3347 per
1083 3277 1331 3347 imaginis
1364 3277 1705 3347 dignitatem,

132 3374 185 3427 in
209 3375 313 3427 line
330 3373 544 3428 demum
567 3386 661 3442 per
675 3380 897 3440 operum
915 3369 1273 3436 expletionem
1295 3368 1587 3437 perfectam
1605 3369 1707 3425 sibi

132 3465 670 3537 ipsesimilitudinem
702 3470 1144 3518 consummaret:
1176 3482 1194 3514 ι
1228 3472 1283 3515 ει
1312 3461 1443 3515 illud
1472 3476 1504 3515 e
1531 3462 1624 3517 lib.
1652 3476 1707 3515 tv

132 3561 185 3614 in
220 3558 391 3629 Epist.
423 3560 491 3612 ad
532 3556 708 3621 Rom.,
746 3572 895 3615 num.
948 3558 1006 3624 5,
1040 3572 1163 3628 pag.
1194 3556 1340 3612 550:
1389 3575 1408 3609 ι
1437 3557 1495 3612 ln
1536 3558 1703 3613 initiis

131 3653 315 3717 homo,
344 3667 466 3707 cum
502 3652 834 3722 propositum
888 3650 1076 3706 fuisset
1118 3660 1175 3705 ut
1204 3651 1272 3705 ad
1316 3651 1605 3722 imaginem
1646 3660 1701 3707 et

131 3746 539 3802 similitudinem
564 3747 654 3801 Dei
682 3745 853 3813 ﬁeret,
880 3746 947 3800 ad
971 3745 1254 3815 imaginem
1282 3746 1500 3815 quidem
1528 3745 1701 3800 factus

131 3850 252 3906 est,
290 3839 585 3895 similitudo
625 3847 803 3892 autem
843 3835 1007 3891 dilata
1056 3845 1162 3901 est,
1205 3836 1274 3891 ob
1305 3837 1410 3892 hoc
1453 3846 1511 3890 ut
1554 3838 1704 3906 prius

130 3928 429 3987 conﬁderet
471 3928 526 3982 in
561 3928 751 3990 Deum,
780 3934 835 3980 et
867 3924 940 3979 ita
985 3922 1138 3979 fleret
1183 3925 1375 3981 similis
1402 3925 1474 3990 ei,
1504 3935 1559 3980 et
1589 3927 1705 3995 ipse

130 4022 345 4077 audiret
384 4020 510 4091 quia
560 4018 750 4074 similis
782 4017 834 4073 ei
882 4017 975 4070 llet
1022 4016 1201 4071 omnis
1233 4017 1325 4085 qui
1377 4016 1602 4071 conﬁdit
1649 4019 1701 4071 in

130 4125 274 4167 eum.
298 4130 320 4163 ι
359 4111 509 4167 Hanc
538 4110 787 4179 imaginis
813 4116 869 4162 et
896 4106 1266 4162 similitudinis
1295 4106 1699 4162 distinctionem

129 4202 346 4258 videtur
389 4198 774 4271 perstrinxisse
826 4195 1159 4260 Methodius,
1221 4211 1343 4251 cum
1393 4197 1613 4267 scripsit
1648 4197 1700 4250 in

128 4290 271 4345 libro
310 4288 384 4343 De
410 4288 809 4350 resurrectione,
838 4285 1020 4339 datum
1061 4283 1230 4339 fuisse
1268 4285 1470 4339 homini
1501 4302 1528 4338 a
1571 4286 1698 4353 Deo,

128 4382 190 4436 τὸ
218 4381 465 4447 θεοειδὲς,
494 4383 589 4434 κα)⁸
616 4376 933 4440 θεοείκελον,
966 4378 1060 4431 καὶ
1100 4376 1277 4431 πάντα
1314 4377 1448 4448 πρὸς
1488 4379 1702 4451 ἐκείνην

1820 522 1982 591 cepit.
2015 519 2210 576 Verqu
2252 531 2560 590 postremus
2596 522 2681 577 ille
2708 522 2956 593 Origenis
2991 526 3141 583 locus
3167 542 3234 582 ex
3279 545 3406 600 pro-

1818 614 1964 669 xime
2007 614 2329 684 praecedenti
2377 614 2727 683 explicandus
2775 626 2897 671 est:
2937 618 3082 673 unde
3121 620 3406 688 apparebit

1818 704 1981 757 vitam
2046 705 2221 773 ipsum
2273 702 2555 756 mortalem
2621 718 2741 757 cum
2801 703 2976 760 futura
3049 723 3402 778 comparasse

1817 797 1963 863 vita,
2010 805 2063 850 ct
2113 796 2453 850 existimasse
2502 810 2600 849 nos
2636 795 2686 848 in
2744 796 2890 851 illam
2938 799 3289 867 prodeuntes,
3333 804 3403 857 ab

1816 898 1939 943 ortu
1976 887 2228 958 praeferre
2274 887 2562 957 imaginem
2599 887 2718 952 Dei,
2761 890 2864 943 hoc
2902 900 3005 956 est,
3042 900 3100 945 ut
3147 893 3224 948 ait
3265 894 3401 964 ipse,

1824 998 1842 1031 ‹
1871 980 2283 1050 possibilitatem
2320 978 2672 1049 perfectionis
2692 981 2955 1037 divinitus
2984 983 3190 1049 datam,
3219 1003 3238 1037 ›
3288 995 3399 1040 tum

1818 1085 1940 1126 cum
2005 1079 2283 1126 crearetur
2355 1069 2627 1138 Adamus;
2692 1072 3069 1128 adumbratam
3125 1092 3254 1133 vero
3304 1093 3403 1148 per

1820 1172 1966 1217 recte
2016 1162 2158 1217 facta
2216 1163 2649 1228 similitudinem,
2696 1164 2748 1218 in
2813 1167 3057 1235 sequenti
3108 1184 3242 1236 aevo,
3289 1172 3403 1226 sive

1826 1275 1845 1307 ι
1878 1256 1929 1310 in
1964 1256 2498 1323 consunnnalione,»
2550 1259 2804 1312 omnibus
2849 1260 3088 1315 numeris
3125 1262 3192 1316 iri
3244 1264 3402 1319 abso-

1819 1350 2007 1403 lutum.
2039 1349 2189 1416 Quod
2230 1350 2273 1404 si
2320 1349 2606 1418 imaginem
2662 1349 2751 1403 Dei
2800 1350 2933 1404 nihil
2969 1351 3113 1406 aliud
3149 1369 3269 1409 esse
3301 1370 3401 1410 vo-

1818 1444 1916 1495 luit
1965 1441 2256 1510 Origenes,
2302 1456 2464 1510 quam
2524 1460 2543 1493 ‹
2587 1441 3002 1510 possibilitatem
3048 1446 3399 1514 perfectionis

1818 1535 2072 1590 divinitus
2109 1536 2352 1596 datam,»
2393 1542 2451 1586 ut
2486 1549 2596 1601 prae
2639 1548 2695 1588 se
2741 1534 2846 1589 fert
2892 1536 3181 1593 lluliniana
3228 1540 3400 1596 inter-

1817 1628 2078 1695 pretatio,
2121 1626 2365 1694 sequitur
2410 1625 2584 1694 ipsum
2636 1627 2952 1696 neutiquam
3009 1631 3289 1688 censuisse
3330 1647 3396 1688 ea

1818 1721 2081 1775 Adamum
2119 1718 2411 1780 excidisse,
2446 1717 2644 1787 quippe
2682 1734 2843 1788 quem
2888 1720 3045 1790 plena
3085 1739 3395 1792 nunquam-

1818 1828 1922 1867 non
1972 1811 2225 1866 libertate
2274 1810 2565 1864 fruiturum
2604 1824 2725 1865 esse
2757 1815 3066 1868 sexcenties
3116 1830 3398 1872 assevera-

1817 1906 1906 1959 rit.
1937 1904 2194 1959 Eatndetn
2225 1918 2385 1974 porro
2431 1903 2682 1971 imaginis
2704 1914 2759 1958 et
2795 1905 3169 1962 similitudinis
3199 1908 3395 1963 distin-

1814 1996 2050 2051 ctionem
2113 1995 2455 2049 retinuerunt
2535 1994 2847 2050 Victorinus
2917 1995 3011 2052 lib.
3064 2013 3078 2051 ι
3142 2000 3394 2054 adversus

1813 2088 2023 2152 Arium,
2055 2096 2110 2142 et
2132 2086 2433 2142 Eucherius
2462 2086 2836 2157 Lugdunensis
2868 2088 2960 2144 lib.
2991 2105 3007 2142 1
3038 2090 3092 2141 in
3125 2089 3390 2157 Genesim,

1814 2188 1869 2234 et
1912 2177 2129 2234 Nicetas
2182 2179 2239 2234 in
2300 2176 2566 2233 Thesauro
2595 2180 2922 2251 gert/todoxte
2979 2182 3144 2251 ﬁdei,
3192 2182 3287 2238 lib.
3315 2199 3391 2250 tv,

1815 2271 1947 2325 haer.
1973 2286 2121 2326 xui.

1884 2358 1952 2416 Χ.
1994 2361 2072 2414 Ex
2128 2360 2498 2428 superioribus
2547 2360 2637 2417 lux
2687 2363 3011 2420 conciliatur
3052 2364 3286 2421 obscuro
3326 2381 3393 2421 ac

1814 2451 2015 2506 dillicili
2050 2452 2301 2521 Origenis
2327 2452 2445 2507 loco
2482 2464 2614 2509 tom.
2651 2470 2740 2509 xtv
2781 2457 2835 2509 in
2874 2454 3091 2521 Matt/1.,
3125 2471 3274 2511 num.
3302 2456 3390 2522 l6,

1814 2560 1933 2615 pag.
1961 2544 2085 2609 658,
2115 2545 2205 2599 ubi
2241 2546 2310 2600 ab
2341 2546 2651 2602 hominibus
2677 2548 2768 2618 qui
2798 2548 2962 2603 humo
2989 2549 3205 2604 formati
3240 2559 3389 2616 sunt,

1812 2651 1906 2690 eos
1933 2636 2230 2704 distinguit,
2262 2638 2350 2706 qui
2392 2638 2457 2691 ad
2495 2638 2589 2692 Dei
2621 2639 3027 2694 similitudinem
3074 2639 3224 2696 fuere
3262 2656 3391 2711 pro-

1812 2726 2017 2781 creati:
2054 2728 2317 2799 ’Ύστερον
2363 2729 2469 2800 γάρ
2504 2747 2633 2782 ποτε
2668 2731 2913 2795 ἐκείνων,
2957 2732 3154 2801 inquit,
3187 2732 3389 2787 ἔπλασε

1811 2818 2014 2890 Κύριος
2049 2821 2078 2871 ὁ
2104 2820 2246 2890 ΙΘεὸς
2282 2821 2373 2874 τὸν
2417 2820 2723 2893 ἄνθρωπον,
2755 2822 2883 2892 χοῦν
2917 2822 3095 2877 λαϐὼν
3129 2824 3240 2878 ἀπὸ
3289 2826 3387 2897 τῆς

1809 2915 1935 2982 γῆς’
1961 2914 2053 2967 καὶ
2082 2913 2189 2966 ἀπὸ
2210 2914 2308 2984 τῆς
2340 2915 2581 2986 πλευρᾶς
2613 2916 2776 2968 αὑτοῦ
2812 2916 2909 2987 τὴν
2949 2916 3160 2987 βοηθόν.
3192 2916 3392 2973 Factos

1811 3004 2007 3073 quippe
2048 3005 2113 3058 ad
2154 3006 2442 3074 imaginem
2490 3008 2583 3061 Dei
2634 3006 2915 3072 homines,
2964 3009 3247 3063 interiores
3290 3009 3392 3065 lto-

1813 3095 1986 3150 mines
2018 3106 2073 3151 et
2123 3099 2398 3167 spiritales
2434 3098 2706 3168 intelligit,
2753 3098 3031 3153 sensilium
3067 3092 3145 3153 ac
3192 3115 3388 3169 corpo-

1813 3188 2003 3243 ralium
2051 3204 2232 3244 rerum
2287 3193 2613 3260 contagiOne
2664 3191 2953 3245 immunes.
3004 3189 3160 3245 Unde
3199 3193 3386 3247 statim

1808 3280 1992 3346 adjicit
2018 3299 2031 3335 :
2066 3280 2337 3335 Οὐδέποτε
2367 3283 2476 3354 γὰρ
2503 3283 2638 3354 γυνὴ
2674 3283 2791 3334 κατ’
2819 3283 3025 3346 εἰκόνα,
3055 3282 3176 3336 οὐδὲ
3205 3284 3346 3356 ἀνήρ
3366 3300 3383 3316 ο

1807 3372 1920 3425 ἀλλ’
1966 3374 2016 3426 οἱ
2063 3373 2161 3444 μὲν
2210 3374 2593 3446 διαφέροντες,
2638 3374 2837 3446 ἄρῤεν·
2894 3375 2944 3426 οἱ
2996 3374 3053 3426 δὲ
3106 3374 3385 3445 δεύτεροι,

1807 3461 1962 3533 θῆλυ.
2000 3465 2100 3530 Qui
2131 3465 2281 3518 carni
2308 3475 2489 3519 autem
2521 3465 2684 3519 dediti
2727 3475 2874 3530 sunt,
2899 3473 2955 3519 et
2986 3463 3146 3519 ﬂuxis
3179 3481 3244 3519 ac
3268 3481 3389 3522 sor-

1805 3555 1946 3608 didis
1977 3555 2139 3608 rebus
2180 3553 2539 3619 delectantur,
2580 3569 2675 3608 eos
2722 3569 2845 3611 esse
2882 3556 3073 3610 statuit
3121 3556 3296 3609 virum
3331 3566 3387 3611 et

1805 3659 2050 3710 uxorem,
2097 3647 2235 3701 duos
2266 3661 2458 3714 nempe
2486 3644 2541 3698 in
2573 3660 2675 3699 una
2707 3660 2890 3700 carne.
2931 3645 3192 3700 Similiter
3230 3645 3386 3700 Philo

1806 3737 2077 3792 hominem
2107 3753 2175 3793 ex
2205 3739 2370 3794 humo
2403 3739 2589 3794 fictum
2636 3739 2705 3793 ab
2734 3753 2800 3793 eo
2833 3737 3067 3807 seiungit
3092 3747 3148 3793 et
3193 3754 3381 3794 secer-

1804 3830 1903 3894 nit,
1931 3830 2021 3898 qui
2046 3829 2113 3883 ad
2137 3830 2428 3900 imaginem
2450 3831 2544 3885 Dei
2571 3840 2789 3886 creatus
2811 3837 2924 3894 est;
2950 3830 3043 3885 sed
3079 3846 3192 3884 rem
3219 3829 3383 3885 aliter

1804 3923 2068 3991 eXplicat;
2099 3922 2245 3976 hunc
2271 3923 2471 3992 quippe
2502 3922 2776 3976 hominem
2813 3935 2935 3976 esse
2974 3920 3088 3975 vult
3126 3929 3179 3975 et
3215 3920 3382 3993 ἀρχέ-

1802 4030 1970 4067 τυπον
1993 4022 2048 4070 ει
2068 4013 2276 4084 νοητὸν,
2294 4013 2407 4068 sive
2434 4015 2669 4070 hominis
2697 4014 2894 4079 ideam,
2923 4028 3042 4082 qua:
3070 4013 3162 4067 Dei
3206 4014 3376 4069 menti

1805 4105 1966 4172 inest,
2002 4106 2151 4160 illum
2207 4120 2336 4160 vero
2371 4104 2607 4160 hominis
2658 4118 2783 4160 esse
2831 4104 3112 4159 mortalem
3156 4118 3222 4158 ac
3266 4117 3378 4160 ter-

1803 4212 2027 4263 renum,
2064 4197 2131 4251 ad
2173 4195 2332 4266 hujus
2375 4196 2605 4251 formam
2650 4210 2989 4266 expressum.
3031 4196 3218 4265 inique
3251 4210 3381 4267 ergo

1803 4288 2179 4345 consuleretur
2221 4288 2278 4343 in
2310 4287 2632 4359 Origenem,
2676 4289 2721 4343 si
2756 4303 2821 4342 ex
2855 4301 2922 4341 eo
2969 4289 3089 4343 loco
3130 4287 3380 4343 Praeada-

1803 4385 1963 4438 initas
2021 4382 2290 4438 invexisse
2355 4382 2604 4436 homines
2660 4390 2999 4451 argueretur,
3051 4395 3174 4435 cum
3241 4380 3377 4434 alias

129 4471 592 4544 ἀπηκριϐωμένην
628 4470 726 4541 τὴν
780 4468 1128 4541 πραπότυπον
1173 4468 1267 4521 τοῦ
1322 4470 1565 4540 Πατρὸς,
1611 4471 1704 4524 καὶ

1810 4490 1949 4543 saepe
1974 4474 2240 4529 Adamum
2278 4473 2347 4528 ab
2384 4473 2540 4528 initio
2576 4488 2756 4527 rerum
2797 4490 2827 4525 a
2869 4475 2978 4527 Deo
3007 4482 3249 4527 creatum
3287 4486 3377 4527 as-

131 4563 471 4635 Μονογενοῦς
524 4562 725 4617 εἰκόνα.
781 4581 801 4614 s
831 4562 1121 4631 Imaginem
1187 4574 1251 4614 ac
1294 4561 1697 4616 similitudinem

132 4658 224 4713 Dei
258 4656 534 4727 praeferre,
574 4664 630 4710 et
661 4653 842 4709 omnia
874 4654 941 4706 ad
987 4650 1281 4721 perlectam
1331 4652 1471 4707 hanc
1520 4651 1699 4707 Patris

130 4765 194 4805 ac
243 4748 515 4820 Unigeniti
574 4746 942 4817 primigeniam
991 4743 1288 4814 elligietn.s
1328 4744 1697 4814 Repreltendit

130 4847 182 4901 id
218 4859 430 4916 quoque
472 4842 760 4899 Jansenius
801 4850 932 4895 tom.
962 4839 1013 4906 Ι,
1049 4838 1142 4893 lib.
1173 4855 1244 4903 ιι,
1284 4854 1405 4910 cap.
1435 4840 1489 4906 7,
1537 4840 1695 4910 quasi

130 4953 223 5007 per
254 4938 540 5007 imaginem
569 4934 661 4990 Dei
691 4935 893 4989 Adamo
926 4931 1265 5000 impressam,
1293 4938 1485 4987 animae
1519 4933 1691 4988 solum

129 5031 534 5102 inspirationem
566 5025 740 5080 notari
785 5023 1051 5093 putaverit
1081 5021 1375 5094 Origenes;
1406 5039 1505 5095 per
1542 5023 1694 5080 simi-

127 5124 404 5179 litudinem
430 5135 578 5185 vero,
605 5117 888 5173 habitualis
914 5117 1101 5188 gratiae
1124 5118 1447 5173 inlusionem
1472 5119 1692 5187 (scholae

125 5216 289 5270 verba
347 5212 729 5281 usurpamus);
785 5225 849 5263 ac
900 5208 1127 5278 proinde
1176 5208 1497 5280 Origenem,
1546 5211 1690 5264 nulla

127 5306 311 5376 gratiae
350 5303 508 5372 hujus
556 5301 844 5355 habitualis
883 5302 1007 5356 dote
1052 5300 1377 5356 instructum
1432 5302 1484 5355 in
1532 5317 1689 5355 crea—

128 5399 269 5452 tione
307 5395 601 5451 credidisse
646 5393 948 5457 Adamutn,
995 5404 1156 5461 atque
1206 5407 1325 5448 eam
1366 5392 1435 5446 ab
1482 5393 1691 5449 actibus

129 5497 289 5543 totam
333 5487 711 5558 suspendisse;
760 5500 932 5553 eoque
966 5486 1192 5540 multum
1242 5488 1308 5541 de
1354 5495 1563 5539 natura:
1605 5486 1690 5539 in-

125 5590 285 5653 tegra:
310 5581 570 5651 dignitate
602 5580 913 5650 derogassc,
954 5578 1006 5634 in
1046 5592 1151 5650 qua
1178 5577 1436 5646 Adamus,
1465 5592 1587 5634 cum
1631 5578 1685 5631 in

189 5757 234 5790 "
271 5756 464 5815 Cenes.
494 5772 531 5824 ι,
558 5753 740 5811 26-28.

1800 4574 1966 4631 serat,
1996 4580 2059 4620 ac
2090 4566 2322 4636 primum
2354 4565 2628 4620 hominem
2657 4563 2911 4633 appellet.
2944 4563 3185 4633 lniquius
3208 4566 3373 4617 etiam

1799 4656 2173 4713 consuleretur
2202 4656 2255 4710 in
2288 4655 2462 4724 ipsum
2482 4694 2501 4722 ,
2546 4654 2590 4709 si
2620 4667 2687 4707 ex
2723 4656 2827 4708 hoc
2856 4652 3049 4717 altero,
3080 4667 3239 4721 quem
3276 4669 3377 4708 ex-

1798 4748 1947 4803 hibet
1963 4747 2264 4801 blethodius
2279 4747 2418 4816 apud
2462 4743 2878 4807 Photium,cod.
2907 4758 3137 4805 ccxxxv,
3164 4745 3370 4799 erroris

1796 4841 2034 4911 ejusdem
2086 4840 2497 4895 insimularetur
2535 4859 2546 4894 :
2586 4835 2723 4891 Οὔτε
2763 4831 2857 4890 οὖν
2903 4836 3010 4890 ἀπὸ
3054 4834 3258 4905 Ἀδὰμ,
3295 4833 3372 4898 ὥς

1795 4930 1924 5001 φασι
1954 4947 2119 4997 τινες,
2151 4930 2414 5001 πρότερον
2444 4930 2545 4983 οὑκ
2574 4928 2651 4984 ὢν
2680 4932 2710 4983 ὁ
2739 4927 3045 4999 ἄνθρωπος,
3068 4925 3187 4978 τότε
3222 4925 3372 4997 πρῶ-

1792 5043 1883 5089 τος
1914 5023 2173 5088 πλασθεὶς
2205 5026 2285 5087 εἰς
2316 5023 2518 5093 κόσμον
2559 5020 2834 5093 παρῆλθεν
2854 5037 2866 5050 ·
2903 5018 3026 5072 οὔτε
3066 5014 3132 5071 αὖ
3168 5017 3369 5088 κόσμος

1792 5115 1898 5187 πρὸ
1922 5114 1981 5179 ἓξ
2021 5114 2243 5185 ἡμερῶν
2272 5113 2372 5183 τῆς
2404 5113 2499 5166 τοῦ
2544 5112 2715 5182 Ἀδὰμ
2752 5110 3016 5179 γενέσεως
3051 5107 3252 5178 ἤρξατο
3276 5105 3370 5176 δη-

1794 5205 2191 5278 μιουργεῖσθαν
2253 5224 2271 5258 ι
2304 5204 2491 5273 Neque
2546 5219 2676 5273 ergo
2724 5202 2793 5256 ab
2832 5205 3061 5265 Adamo,
3112 5209 3169 5252 ut
3217 5198 3368 5250 aiunt

1792 5301 2029 5370 quidam,
2073 5301 2235 5356 homo
2272 5298 2363 5368 qui
2403 5308 2563 5351 antea
2609 5311 2716 5350 non
2755 5304 2904 5358 erat,
2957 5302 3084 5347 tunc
3132 5291 3364 5360 primum

1797 5393 2061 5447 formatus
2089 5393 2141 5445 in
2170 5390 2424 5445 mundum
2455 5390 2601 5443 venit
2627 5408 2640 5442 :
2673 5400 2847 5457 neque
2876 5398 3090 5439 rursum
3134 5379 3367 5434 mundus

1795 5495 1921 5539 ante
1949 5499 2043 5540 sex
2077 5484 2191 5538 dies
2216 5498 2375 5553 quam
2410 5482 2560 5536 fieret
2582 5482 2777 5543 Adam,
2805 5478 2961 5533 condi
2994 5483 3202 5544 coeptus
3224 5480 3359 5527 est»

1794 5575 1911 5634 Non
1946 5576 2034 5633 hic
2065 5574 2284 5647 quidem
2317 5573 2725 5639 Praiadamitas,
2773 5581 2830 5627 ut
2868 5571 3067 5626 dictum
3108 5575 3224 5629 est,
3270 5564 3363 5619 sed
