3860 6226
429 311 565 371 I065

1702 305 1764 364 P.
1804 304 2121 361 DANIEIJS
2152 301 2395 359 HUE‘I‘II

3546 301 3692 360 100$

424 434 578 506 pejus
616 433 741 503 quid
774 433 961 505 ﬁngit;
993 447 1187 503 nempe
1217 440 1346 487 ante
1379 432 1529 487 hunc
1555 434 1817 487 mundum
1846 446 2006 487 mun-
2034 437 2078 493 Α
2109 429 2228 499 ﬁet,
2261 429 2352 484 lib.
2380 427 2781 495 ιν,1ιωτ.ικιι,
2810 433 2864 480 et
2902 424 2987 481 his
3008 424 3259 480 omnibus
3286 425 3565 494 antiquior
3582 427 3692 481 Eu-

423 527 522 580 dos
548 523 682 579 alios
712 524 1005 581 exstitisse.
1035 521 1126 576 Ait
1156 523 1355 592 quippe
1385 522 1690 578 Methodius
1716 522 1790 577 ibi
1822 522 1999 593 ipsum

423 615 491 671 de
513 614 747 670 universi
780 615 1085 669 aeternitate
1123 613 1411 667 disserere.

968 770 1298 839 QUASSTIO
1338 771 1475 825 XIII.

427 863 540 931 (56)
594 880 661 919 ne
721 879 1050 919 ALLEGORICA
1108 879 1415 918 scalprum:
1475 878 1996 919 INTEBPRETA‘I‘IONE.

423 956 464 1012 l.
498 958 774 1027 Allegoriis
818 960 971 1012 nimis
1025 958 1307 1011 indulsisse
1353 954 1630 1025 Origenem
1672 956 1853 1010 Patres
1892 959 2002 1009 cla-

497 1038 663 1081 mant.
700 1029 762 1082 ll.
801 1029 961 1082 Varia
992 1028 1287 1094 aﬂ'eruntur
1316 1027 1429 1079 loca
1466 1029 1519 1078 in
1552 1028 1737 1094 quibus
1770 1027 1999 1078 litteram

492 1101 633 1152 visus
657 1111 730 1152 est
761 1098 1191 1168 pessumdedisse.
1221 1096 1304 1151 Ill.
1332 1098 1369 1146 Α
1406 1097 1592 1168 quibus
1618 1112 1812 1148 morem
1865 1098 2001 1149 hunc

498 1167 906 1236 interpretanda:
973 1168 1268 1233 Scripturw
1327 1167 1614 1232 acceperit,
1678 1168 1997 1234 eaquiritur.

497 1239 583 1293 IV.
616 1239 763 1292 Idem
797 1239 1082 1305 aliquando
1132 1254 1281 1290 suam
1328 1236 1516 1289 litterm
1548 1237 1856 1301 dignitatem
1887 1253 1999 1288 ser-

494 1320 599 1363 vat.
636 1310 695 1362 ν.
729 1308 1059 1376 Iiefelluulur
1097 1305 1365 1359 Eustathii
1401 1306 1709 1360 Autioclteui
1749 1306 2001 1359 adversus

499 1378 747 1448 Origenis
779 1380 1065 1447 allegorias
1094 1376 1342 1447 querelw.

496 1542 537 1596 Ι.
585 1540 1028 1609 Quandoquidem
1099 1539 1383 1610 theologia:
1458 1537 1867 1593 fundamentum
1918 1548 2004 1594 est

429 1633 709 1702 Scriptura
750 1647 938 1695 sacra,
984 1639 1046 1685 et
1082 1646 1146 1685 ex
1198 1631 1473 1701 perversis
1526 1630 1641 1685 fere
1688 1640 2000 1685 sanctorum

427 1724 689 1778 librorunt
720 1721 1263 1789 interpretationibus
1294 1720 1529 1775 haereses
1564 1719 1820 1789 prolectas
1853 1728 2001 1785 sunt,

2102 523 2334 577 stathius
2377 520 2754 575 Antiochenus
2803 519 2855 573 in
2907 517 3047 573 libro
3104 516 3181 571 De
3227 519 3687 587 engaslrimytlto,

2100 616 2254 685 cujus
2281 614 2624 669 incursiones
2655 612 2707 667 in
2738 610 3026 683 Origenem
3057 618 3114 667 et
3144 609 3380 667 assultus
3409 609 3552 666 intra
3595 627 3690 667 re-

2104 710 2412 763 tundemus.

2173 802 2234 854 Il.
2268 800 2470 856 Jurene
2513 815 2581 854 an
2618 796 2811 866 injuria
2860 796 2927 852 lis
2978 811 3043 852 ea
3096 797 3355 853 adversus
3393 794 3690 867 Origenem

2104 906 2245 949 mota
2281 896 2390 957 sit,
2430 894 2734 948 videamus.
2771 892 2925 962 Saepe
2967 892 3184 962 quidem
3213 892 3533 948 historicum
3558 909 3692 948 sen-

2102 1001 2220 1039 sum
2258 986 2688 1055 proculeandum
2736 998 2801 1040 ac
2834 984 3291 1040 contemnendum
3325 1000 3443 1040 esse
3475 986 3637 1041 docet
3673 1002 3689 1038 :

2102 1079 2244 1132 velut
2276 1078 2368 1131 lib.
2427 1086 2721 1143 vt,contra
2772 1076 2937 1143 Cels.,
2986 1092 3137 1134 num.
3195 1076 3285 1140 70,
3346 1078 3414 1131 Τὸ
3456 1077 3694 1148 mappa

2100 1169 2461 1232 ἀποκτείνει,
2489 1168 2558 1221 τὸ
2588 1167 2659 1222 δὲ
2690 1168 2927 1239 πνεῦμα
2953 1167 3257 1238 ιζωοποιεῐυ
3308 1171 3542 1241 γράμμα
3594 1173 3695 1241 μὲν

2100 1261 2198 1332 τὴν
2230 1260 2490 1331 αἰσθητὴν
2514 1260 2793 1331 ὠνόμασεν
2833 1261 3058 1331 ἐκδοχὴν
3089 1260 3196 1313 τῶν
3220 1259 3381 1313 Θεέων
3422 1261 3690 1331 γραμμά-

2101 1371 2230 1417 των,
2267 1352 2483 1423 πνεῦμα
2515 1353 2571 1405 δὲ
2598 1353 2694 1424 τὴν
2728 1354 2946 1424 νοητήν.
2986 1353 3208 1417 Ibidem,
3236 1368 3387 1405 num.
3419 1354 3489 1406 60
3517 1363 3571 1405 ct
3596 1353 3683 1415 6|,

2103 1446 2397 1515 imperitia:
2433 1460 2527 1501 eos
2559 1446 2738 1515 arguit
2768 1447 2861 1515 qui
2890 1447 3049 1500 rebus
3077 1445 3429 1514 procreandis
3473 1458 3567 1497 sex
3599 1458 3693 1497 ve-

2104 1552 2195 1591 ros
2244 1538 2360 1593 dies
2412 1538 2581 1592 Deum
2638 1538 2993 1608 insttmpsisse
3053 1544 3249 1605 putant
3294 1552 3308 1587 :
3359 1546 3415 1590 et
3462 1536 3557 1589 lib.
3591 1550 3695 1601 vn,

2106 1645 2255 1683 num.
2284 1630 2375 1692 20,
2402 1629 2658 1683 refellens
2705 1628 2945 1693 Celsum,
2998 1627 3089 1696 qui
3148 1627 3393 1681 instituta
3438 1631 3694 1696 quaedam

2106 1718 2303 1773 Christi
2332 1719 2578 1773 Mosaicae
2618 1717 2720 1788 legi
2743 1718 3015 1773 contraria
3056 1732 3177 1773 esse
3228 1718 3511 1788 pugnabat
3538 1757 3553 1780 ,
3591 1719 3700 1771 du-

429 1815 715 1887 plurimum
770 1813 1078 1884 reipublicae
1139 1812 1463 1869 Christiana:
1517 1814 1776 1877 interest,
1827 1813 2006 1868 salvos
2039 1806 2078 1861 Β
2110 1811 2306 1881 plicem
2358 1825 2478 1865 esse
2513 1809 2687 1879 legem
2727 1810 3051 1879 respondet,
3088 1808 3315 1863 alteram
3355 1807 3510 1875 juxta
3542 1808 3701 1861 litte-

426 1924 615 1963 eorum
650 1916 934 1976 sartosque
974 1920 1196 1961 servare
1229 1921 1443 1970 sensus,
1484 1915 1540 1960 et
1572 1906 1798 1959 nimium
1842 1904 1896 1958 in
1941 1920 2004 1958 ea

429 2001 749 2071 explicanda
803 1998 1021 2068 ingenio
1080 2013 1177 2053 suo
1240 2000 1665 2067 permittentium
1728 1998 2005 2052 hominum

428 2092 784 2160 quorumdam
864 2092 1136 2146 licentiam
1205 2105 1478 2145 coercere.
1542 2087 1886 2157 Propositum
1956 2087 2009 2140 id

428 2185 587 2238 unice
625 2182 726 2237 fuit
768 2183 996 2239 vetustis
1040 2181 1299 2237 Ecclesia}
1336 2180 1609 2244 Patribus,
1658 2170 1718 2233 ut
1765 2194 1832 2233 ex
1882 2192 2009 2248 per-

429 2275 607 2345 petuis
639 2273 852 2328 illorum
886 2274 1147 2328 adversus
1182 2273 1480 2341 Scriptum
1528 2279 1873 2340 corruptores
1918 2284 2012 2324 ve-

432 2366 770 2420 litationibus
820 2364 1201 2433 intelligimus;
1235 2362 1372 2417 adeo
1417 2372 1473 2415 ut
1521 2360 1810 2431 Origenes,
1868 2360 2009 2429 quod

430 2458 485 2511 in
536 2456 734 2511 divinis
791 2455 1155 2509 voluminibus
1224 2450 1591 2507 edisserendis
1664 2450 2013 2519 pessumdato

432 2563 841 2617 nonnunquam,
874 2547 956 2602 vel
996 2546 1242 2616 neglecto
1285 2544 1543 2599 historico
1581 2558 1765 2606 sensu,
1807 2540 2007 2611 allego-

435 2639 564 2694 ricis
604 2637 1030 2708 expositionibus
1058 2636 1133 2690 rei
1164 2636 1448 2689 veritatem
1499 2632 1835 2693 obliinasset,
1872 2631 2007 2684 utul-

435 2742 612 2787 torum
650 2730 1084 2786 insiinulationes
1112 2730 1265 2782 vivus
1293 2728 1589 2795 vidensque
1629 2733 1881 2794 expertus
1915 2724 2009 2787 sit,

434 2825 494 2870 ut
531 2816 646 2885 ipse
674 2816 921 2885 queritur
967 2813 1154 2869 homil.
1180 2813 1247 2866 15
1276 2814 1329 2865 in
1372 2810 1586 2873 Genes.,
1619 2825 1767 2866 num.
1792 2808 1863 2861 ’ὃς
1904 2825 1922 2858 t
1953 2806 2011 2860 Si

433 2923 567 2978 ergo
606 2908 863 2976 incipiam
891 2912 946 2960 et
976 2919 1097 2975 ego,
1128 2903 1338 2974 inquit,
1372 2914 1615 2957 veterum
1647 2902 1791 2955 dicta
1822 2900 2008 2954 discu-

437 3011 572 3069 tere,
603 3011 656 3055 et
682 3016 899 3056 sensum
952 3000 1004 3054 in
1042 2998 1123 3054 eis
1168 3012 1413 3067 quaerere
1459 2996 1794 3067 spiritalem;
1842 2996 1885 3049 si
1922 3009 2017 3049 co-

438 3102 597 3147 natus
643 3091 796 3147 luero
827 3091 1070 3145 velamen
1130 3089 1262 3157 legis
1305 3102 1578 3154 amovere,
1625 3098 1679 3141 et
1729 3087 2015 3141 ostendere

441 3182 730 3253 allegorica
760 3196 881 3237 esse
915 3196 1034 3251 quae
1068 3151 1267 3249 scripta
1311 3190 1458 3246 sunt,
1490 3151 1635 3234 fodio
1665 3180 1880 3247 quidem
1913 3194 2013 3248 pu-
2042 3151 2084 3208 (ἶ

440 3285 586 3339 teos;
623 3273 715 3327 sed
758 3274 939 3326 statim
975 3272 1106 3325 mihi
1153 3270 1447 3326 movebunt
1492 3270 1800 3325 calumnias
1855 3270 2015 3323 amici

440 3365 654 3428 littera),
682 3372 737 3417 et
770 3362 1166 3417 insidiabantur
1199 3361 1354 3425 mihi,
1390 3360 1708 3415 inimicitias
1736 3361 2015 3425 continuo,

439 3466 494 3510 et
516 3454 922 3527 persecutiones
950 3454 1237 3524 parabunt,
1268 3454 1554 3506 veritatem
1585 3462 1845 3520 negantes
1874 3461 2019 3505 stare

439 3561 597 3619 posse
630 3548 732 3601 nisi
769 3560 931 3615 super
962 3555 1217 3600 terram.»
1243 3544 1309 3598 Et
1336 3546 1590 3613 quoniam
1627 3543 1834 3613 perlate
1873 3551 2021 3611 patet

441 3640 544 3693 iste
586 3651 757 3702 error,
794 3637 1197 3705 multorumque
1237 3651 1484 3691 errorum
1522 3635 1687 3690 veluti
1725 3650 1876 3703 seges
1912 3644 2017 3698 est,

442 3730 645 3785 idcirco
688 3745 717 3784 e
782 3743 974 3783 novem
1042 3729 1513 3784 criminationibus
1565 3743 1594 3781 a
1642 3726 1919 3796 Pamphilo
1965 3726 2018 3778 iu

444 3822 699 3892 Apologia
731 3814 992 3890 collectis,
1034 3830 1226 3892 quarta
1256 3831 1311 3876 et
1338 3832 1486 3876 sexta
1518 3836 1582 3875 eo
1622 3821 1897 3889 pertinere
1932 3833 2023 3872 re-

444 3918 742 3986 periuntur.
794 3914 1128 3985 Theophilus
1174 3928 1412 3984 quoque,
1459 3910 1750 3966 Paschal.t
1785 3928 1799 3964 :
1840 3930 1859 3961 ι
1892 3910 2020 3976 Qum

444 4008 591 4061 cnim
626 4008 773 4062 illum
816 4006 979 4071 ratio,
1025 4006 1221 4076 inquit,
1259 4007 1381 4074 quis
1420 4005 1841 4074 disputationum
1889 4003 2021 4054 ordo

450 4098 720 4166 perduxit,
764 4108 825 4152 ut
861 4099 1131 4168 allegoriae
1165 4098 1369 4151 umbris
1400 4105 1456 4151 et
1495 4095 1665 4149 cassis
1698 4093 2021 4163 imaginibus

451 4188 852 4259 Scripturarum
878 4188 1090 4244 tolleret
1107 4185 1428 4242 veritatem?
1455 4202 1548 4234 i—
1567 4182 1887 4235 (Veritatem
1909 4182 1991 4235 his
2008 4209 2022 4221 -

454 4280 628 4346 toriae,
654 4299 672 4332 ι
712 4280 1159 4350 aitEpipbanius,
1184 4279 1341 4347 epist.
1360 4280 1427 4330 ad
1456 4276 1617 4330 Jonu.
1640 4272 1875 4336 Jerosol,
1900 4288 2021 4341 cap.

452 4372 524 4440 2,
559 4392 580 4425 ‹
610 4372 880 4442 allegoria:
932 4373 1235 4440 depravatis
1267 4369 1546 4423 mendacio
1566 4407 1581 4433 ,
1612 4366 1816 4419 infinita
1864 4363 2024 4417 verba

2113 1918 2265 1967 ram,
2316 1902 2542 1955 alteram
2597 1902 2754 1971 juxta
2801 1900 3166 1966 intellectum;
3217 1899 3391 1968 legem
3438 1914 3562 1968 quae
3612 1910 3701 1952 est

2110 1994 2245 2066 πρὸς
2263 1993 2324 2047 τὸ
2342 1994 2502 2065 ῥητὸν
2525 2032 2538 2056 ,
2563 1993 2630 2046 ab
2668 1993 2951 2048 Ezechiele
2973 1993 3018 2024 ⁸⁸
3061 1992 3316 2059 appellari
3346 1991 3699 2062 δικαιώματα

2109 2091 2168 2142 οὐ
2205 2088 2365 2147 καὶὰ,
2394 2088 2488 2140 καὶ
2519 2087 2917 2158 προστάγματα
2950 2085 3009 2138 οὐ
3038 2084 3211 2138 ςςαλᾱν
3267 2095 3321 2138 at
3350 2086 3523 2153 legem
3572 2100 3700 2159 qua:

2110 2190 2193 2233 est
2221 2179 2357 2250 πρὸς
2385 2178 2657 2240 διάνοιαν,
2704 2178 2769 2229 al)
2817 2176 3003 2229 eodem
3053 2176 3306 2245 propheta
3347 2175 3702 2246 δικαιώματα

2111 2270 2253 2324 καλά
2279 2310 2293 2334 ,
2327 2279 2382 2324 et
2434 2269 2835 2338 προστάγματα
2881 2264 3020 2318 καλά
3048 2267 3365 2335 nuncupari.
3410 2267 3554 2320 Idem
3603 2269 3705 2320 ho-

2113 2366 2225 2420 mil.
2279 2364 2312 2419 6
2359 2364 2414 2416 in
2445 2361 2657 2425 Genes.,
2717 2377 2869 2416 num.
2920 2362 2972 2415 3.
3022 2380 3039 2413 t
3085 2360 3215 2426 Qua:
3272 2360 3447 2425 nobis,
3492 2361 3697 2427 inquit,

2111 2455 2397 2509 atdilicatio
2421 2454 2525 2508 erit
2549 2453 2860 2523 legentibus
2889 2453 3164 2507 Abraham
3205 2460 3415 2505 tantum
3464 2452 3705 2518 patriar-

2112 2548 2289 2610 cliam,
2338 2562 2444 2599 non
2498 2546 2671 2600 solum
2726 2544 3010 2599 mentitum
3056 2558 3175 2597 esse
3230 2543 3505 2597 Ahimelec
3560 2544 3702 2610 regi,

2112 2638 2206 2693 sed
2238 2648 2291 2692 et
2315 2638 2625 2707 pudicitiam
2655 2637 2895 2706 conjugis
2920 2636 3223 2705 prodidisse
3243 2635 3267 2675 9
3288 2633 3424 2701 Quid
3451 2649 3551 2689 nos
3571 2634 3704 2689 ardi-

2113 2730 2239 2785 ίίρειι
2268 2730 2397 2783 tanti
2434 2730 2762 2800 patriarcha:
2787 2744 2937 2792 uxor,
2967 2729 3010 2783 si
3038 2736 3254 2795 putetur
3280 2727 3704 2780 contaminatio-

2113 2825 2273 2879 nibus
2303 2824 2548 2893 exposita
2594 2838 2691 2891 per
2742 2820 3142 2875 conniventiam
3186 2818 3537 2873 maritalem?
3576 2817 3704 2872 lla-c

2112 2915 2279 2969 Juda-i
2307 2924 2514 2984 putent,
2543 2924 2593 2970 et
2628 2916 2670 2969 si
2709 2913 2799 2982 qui
2829 2928 2949 2968 cum
2981 2912 3063 2966 eis
3108 2920 3235 2965 sunt
3267 2909 3479 2964 “litterae
3516 2910 3698 2970 amici,

2113 3024 2219 3061 non
2271 3009 2511 3074 spiritus.
2556 3027 2573 3059 ι
2632 3007 2697 3061 Et
2746 3004 2936 3060 homil.
2996 3004 3063 3058 10
3103 3003 3389 3072 sequenti,
3437 3018 3589 3059 num.
3621 3002 3697 3066 «I:

2123 3117 2142 3149 ‹
2179 3099 2332 3168 διξερε
2360 3098 2472 3166 jam
2508 3098 2618 3151 dixi
2653 3098 2793 3166 quod
2821 3098 2873 3149 in
2925 3095 3009 3150 his
3044 3110 3149 3149 non
3186 3091 3431 3148 historiae
3476 3107 3702 3145 narrau-

2121 3200 2227 3253 tur,
2276 3192 2369 3243 sed
2422 3189 2679 3260 mysteria
2730 3196 3113 3243 contexuntur.
3153 3203 3170 3236 ι
3219 3184 3454 3238 llomilia
3509 3182 3702 3237 vero!

2117 3283 2172 3335 in
2194 3281 2396 3346 and.,
2430 3297 2577 3335 num.
2605 3280 2629 3333 I
2664 3298 2676 3333 :
2713 3297 2731 3330 t
2762 3279 2819 3333 Si
2841 3278 3133 3334 secundum
3161 3276 3404 3331 historia:
3437 3276 3701 3329 narratio-

2120 3389 2242 3428 nem
2282 3372 2627 3441 suscipienda
2657 3379 2842 3425 essent
2868 3383 2986 3439 qum
3036 3367 3238 3436 scripta
3279 3376 3440 3429 sunt,
3488 3366 3706 3419 videtur

2120 3464 2221 3517 hoc
2247 3463 2390 3531 quod
2425 3461 2556 3515 dicit
2586 3460 2867 3529 Scriptura
2893 3499 2908 3523 ,
2942 3459 3066 3527 quia
3113 3474 3217 3512 non
3256 3457 3495 3526 fecerunt
3547 3458 3706 3509 obste-

2122 3556 2275 3607 trices
2321 3553 2607 3607 secundum
2642 3552 2781 3621 quod
2819 3557 3136 3621 prwceperat
3174 3549 3221 3602 ei
3263 3562 3355 3600 rea:
3376 3546 3601 3616 Αἱρμριὶ
3636 3546 3705 3610 ⁸⁸,

2120 3656 2267 3699 stare
2294 3659 2399 3697 non
2428 3657 2626 3712 posse;
2664 3660 2683 3693 ›
2719 3648 2774 3696 et
2821 3640 2981 3711 paulo
3030 3649 3156 3709 post
3199 3657 3214 3694 :
3252 3656 3272 3690 ι
3308 3637 3434 3692 Haec
3484 3635 3707 3690 interim

2119 3746 2340 3806 propter
2366 3750 2459 3789 eos
2489 3735 2581 3803 qui
2611 3733 2771 3788 amici
2795 3743 2919 3788 sum
2946 3732 3156 3796 litterae,
3183 3738 3239 3785 et
3266 3744 3371 3783 non
3398 3734 3598 3797 putant
3634 3726 3713 3781 le-

2123 3844 2241 3897 gem
2269 3826 2577 3897 spiritalem
2626 3840 2775 3891 esse,
2824 3834 2879 3879 et
2914 3823 3236 3893 spiritaliter
3272 3819 3707 3889 intelligendam.

2125 3916 2229 3971 Sed
2263 3932 2361 3970 nos
2385 3916 2475 3985 qui
2501 3915 2685 3969 omnia
2716 3930 2834 3984 quae
2854 3915 3055 3984 scripta
3088 3922 3252 3976 sunt,
3304 3925 3411 3964 non
3446 3926 3549 3980 pro
3580 3925 3711 3963 nar-

2124 4009 2432 4063 rationibus
2458 4008 2868 4077 antiquitatum,
2903 4007 2995 4061 sed
3030 4019 3129 4075 pro
3158 4002 3448 4073 disciplina
3473 4013 3533 4057 et
3562 4002 3713 4056 utili-

2125 4108 2237 4153 tate
2281 4108 2469 4153 nostra
2514 4098 2802 4153 didicimus
2848 4098 3084 4167 scripta,
3139 4114 3158 4147 ι
3194 4105 3342 4160 etc.;
3386 4105 3445 4150 et
3486 4094 3711 4159 deinde,

2128 4207 2276 4245 num.
2302 4192 2372 4244 2:
2400 4189 2575 4255 «Quia
2607 4191 2855 4244 timebant
2886 4191 3183 4244 obstetrices
3228 4186 3396 4242 Deum
3419 4228 3433 4251 ,
3467 4186 3714 4255 fecerunt

2126 4282 2223 4335 sibi
2280 4282 2541 4335 domos".
2592 4280 2746 4347 Quod
2776 4281 2977 4335 dictum
3031 4279 3227 4335 nullam
3266 4278 3713 4347 consequentiam

2129 4374 2423 4428 secundum
2489 4372 2727 4427 litteram
2783 4372 2985 4426 habere
3042 4379 3260 4440 potest;
3313 4387 3333 4422 ι
3387 4377 3445 4424 et
3495 4379 3710 4436 postea,

454 4466 819 4535 multiplicat:
844 4482 861 4516 ι
895 4465 1034 4534 quod
1059 4465 1240 4518 eidem
1262 4462 1450 4529 objicit
1480 4461 1609 4513 haer.
1642 4474 1791 4552 partv,
1822 4472 1939 4526 cap.
1968 4457 2020 4552 I,
2057 4498 2100 4552 θ
2133 4482 2283 4519 num,
2313 4466 2347 4519 δ
2424 4483 2442 4516 ι
2477 4464 2651 4520 Name
2680 4474 2899 4535 putare,
2938 4474 2996 4517 ul
3023 4478 3167 4533 smpe
3200 4463 3313 4533 jam
3341 4461 3714 4524 diximus,“-

455 4558 747 4627 adjicitque
776 4557 841 4611 ad
873 4555 1130 4611 falsarum
1161 4554 1472 4623 Opinionum
1516 4551 1826 4621 praesidium
1872 4549 2025 4602 testi-

456 4652 634 4705 monia
674 4650 1032 4719 scriptoribus
1083 4647 1257 4703 sacris
1308 4658 1591 4714 perperam
1644 4642 1819 4695 allicta
1852 4642 1920 4695 ab
1969 4653 2032 4693 eo

458 4741 658 4795 :tll‘erri.
707 4742 903 4795 Eadem
947 4740 1013 4795 de
1055 4754 1217 4794 causa
1266 4738 1410 4791 hunc
1449 4735 1631 4805 culpat
1674 4733 2033 4803 Hieronymus

456 4835 510 4886 iu
556 4834 715 4902 epist.
744 4832 849 4899 61,
893 4832 961 4884 ad
998 4830 1338 4895 Pammach.,
1388 4843 1509 4898 cap.
1555 4828 1609 4881 5.
1641 4828 1710 4880 At
1757 4827 1809 4879 in
1855 4840 2032 4894 cap.x

457 4923 717 4987 Dauielis,
766 4922 967 4976 nomini
1002 4920 1252 4990 Origenis
1286 4920 1545 4988 pepercit,
1575 4933 1688 4972 rem
1732 4918 1901 4985 ipsam
1936 4930 2033 4970 c0-

456 5015 651 5084 arguit.
700 5014 1015 5081 Coarguunt
1054 5023 1108 5067 et
1146 5012 1377 5066 Basilius
1406 5012 1556 5065 hom.
1582 5009 1615 5064 9
1662 5010 1719 5061 iu
1749 5008 2031 5071 Hexaem.,

456 5116 512 5160 et
542 5104 963 5175 Chrysostomus
1004 5103 1192 5157 homil.
1223 5104 1288 5157 I5
1314 5102 1366 5155 in
1394 5100 1603 5167 Geues.,
1625 5110 1675 5153 et
1701 5098 2031 5167 Augustinus

458 5196 552 5252 lib.
579 5212 675 5250 xm
713 5195 786 5249 De
815 5197 955 5249 civit.
987 5196 1102 5261 Dei,
1136 5209 1253 5263 cap.
1276 5194 1364 5256 2|,
1392 5205 1445 5248 et
1476 5193 1571 5246 lib.
1603 5208 1695 5245 vui
1736 5191 1808 5243 De
1839 5188 2052 5242 (ἔειπεν

459 5287 528 5342 ad
571 5288 754 5353 litter.,
804 5303 922 5357 cap.
967 5290 1033 5353 l,
1082 5296 1137 5342 et
1185 5288 1509 5341 Anastasius
1562 5284 1768 5337 Sinaita
1820 5282 1913 5335 lib.
1957 5296 2024 5333 vn

458 5380 695 5449 Anagog.
747 5380 1123 5448 contemplat.,
1190 5389 1245 5432 et
1293 5377 1523 5431 Michael
1586 5374 1780 5446 Glycas
1830 5372 2024 5428 Annal.

457 5478 599 5537 part.
627 5484 702 5534 tv,
747 5479 800 5523 et
830 5468 1046 5525 Ncetas
1078 5468 1373 5522 Choniales
1418 5468 1468 5520 in
1505 5466 1772 5519 Thesauro
1818 5464 2024 5517 ori/10d.

533 5563 579 5594 ⁶⁶
614 5564 809 5619 Ezech.
845 5581 936 5633 xx,
960 5566 1052 5621 25.
1129 5566 1172 5596 ⁶⁹
1202 5564 1371 5619 Exod.
1410 5580 1447 5630 ι,
1482 5562 1567 5617 I7.
1646 5562 1691 5594 "°
1724 5561 1857 5616 ibid.
1891 5560 1983 5617 2|.

2132 4568 2305 4611 terum
2343 4557 2500 4611 vobis
2556 4555 2767 4611 fabulas
2820 4555 3061 4621 recitari,
3116 4556 3210 4609 sed
3255 4552 3441 4607 doceri
3487 4567 3592 4606 vos
3622 4567 3712 4621 per

2132 4648 2266 4712 lucc,
2317 4656 2377 4701 ut
2417 4647 2729 4716 agnoscatis
2770 4646 3015 4701 ordinem
3060 4645 3204 4699 vitae.
3260 4662 3280 4695 i
3334 4641 3576 4697 Homilia
3629 4656 3713 4695 se.

2131 4739 2338 4807 quenti,
2371 4755 2520 4794 num.
2568 4740 2625 4805 ἓ,
2666 4741 2778 4795 haec
2827 4739 3018 4793 scribit
3064 4754 3079 4791 :
3135 4755 3153 4788 ι
3192 4736 3260 4791 Ει
3311 4746 3365 4790 tu
3416 4749 3552 4804 ergo
3608 4734 3707 4788 nisi

2131 4833 2444 4887 ascenderis
2475 4833 2540 4887 ad
2582 4843 2817 4888 montem
2843 4833 2958 4896 Dei,
2995 4840 3048 4885 et
3073 4832 3145 4885 ibi
3168 4827 3478 4884 occurreris
3512 4824 3706 4897 Moysi,

2137 4924 2188 4978 id
2220 4936 2321 4988 est,
2353 4924 2457 4979 nisi
2487 4925 2763 4979 excelsum
2805 4924 2936 4995 legis
2963 4922 3280 4977 ascenderis
3311 4934 3535 4974 sensum
3556 4957 3572 4981 ,
3610 4918 3706 4969 nisi

2135 5014 2200 5065 ad
2252 5014 2513 5081 spiritalis
2556 5016 2926 5084 intelligentia:
2973 5031 3234 5069 cacumen
3277 5013 3556 5073 evaseris,
3606 5026 3707 5063 non

2133 5117 2217 5158 est
2248 5122 2311 5161 os
2346 5117 2495 5160 tuum
2536 5117 2782 5176 apertum
2826 5122 2856 5160 a
2899 5107 3147 5162 Domino.
3179 5106 3235 5159 Si
3283 5106 3337 5159 iu
3363 5103 3555 5157 humili
3594 5102 3709 5155 loco

2135 5198 2333 5253 littera:
2361 5198 2603 5264 steteris,
2636 5208 2691 5253 ct
2714 5198 2954 5253 historia:
2987 5208 3192 5253 textum
3229 5195 3468 5250 Judaicis
3512 5210 3705 5248 narra-

2136 5288 2373 5342 tionibus
2408 5290 2673 5355 innectas,
2704 5305 2812 5343 non
2844 5289 3134 5343 occurristi
3178 5288 3344 5359 Moysi
3378 5288 3428 5339 in
3471 5296 3706 5338 mentem

2139 5377 2250 5439 Dei,
2277 5391 2374 5431 nec
2405 5393 2467 5432 os
2494 5388 2643 5431 tuum
2679 5380 2894 5445 aperuit
2919 5379 3079 5443 Deus,
3136 5394 3313 5444 neque
3357 5378 3622 5430 instruxit
3663 5384 3709 5426 te

2132 5481 2251 5535 qua:
2274 5477 2524 5537 oporteat
2551 5478 2601 5522 te
2627 5469 2796 5538 loqui.
2832 5488 2850 5521 ι
2887 5468 3118 5524 limuilia
3157 5469 3217 5523 II
3250 5469 3301 5522 iu
3336 5468 3532 5521 librum
3557 5480 3708 5520 eum-

534 5679 647 5748 (56)
692 5680 764 5733 lle
797 5679 1055 5733 methodo
1098 5695 1258 5746 quam
1292 5680 1356 5733 ad
1400 5677 1830 5743 interpretandas
1877 5674 2189 5745 Scripturas
2220 5676 2318 5731 sibi
2354 5677 2627 5746 propriam
2682 5677 2809 5735 fecit
2857 5676 3132 5749 Origenes,
3180 5678 3298 5733 vide
3328 5677 3703 5735 Putationem

461 5761 698 5805 nostrain
734 5761 876 5806 toruo
903 5750 1150 5821 Origuuis
1177 5752 1407 5807 secundo
1452 5756 1513 5819 (1.
1538 5750 1654 5819 XII)
1687 5750 1977 5819 pru'lixmu.
