3860 6226
232 307 379 369 Ιθϐὅ

1072 312 1643 373 ORICENIANORUM
1684 318 1811 374 LIB.
1850 319 1914 386 ll,
1947 322 2101 377 CAP.
2144 325 2209 388 ll,
2250 322 2527 392 QUXEST.
2560 326 2696 383 Xlll.

3337 340 3476 395 1066

224 434 370 499 dem,
402 450 551 490 num.
583 434 640 499 Ξ,
677 435 801 491 talia
833 450 1045 507 quoque
1070 437 1314 494 offendas
1345 456 1360 493 :
1398 459 1417 492 ε
1449 439 1506 494 Si
1542 441 1663 509 quis
1694 451 1796 508 est,
1828 454 1875 508 Α
1904 442 2169 499 humanas
2199 450 2566 514 supereminet
2594 451 2778 523 leges',
2810 464 2865 509 et
2900 468 3027 511 vere
3068 455 3168 512 Dei
3214 456 3298 512 lex
3351 472 3475 515 esse

221 528 317 596 Qui
365 527 549 598 legens
601 518 838 599 Moysem
885 541 1188 585 murmurat
1228 532 1490 587 adversus
1538 548 1696 599 eum,
1741 542 1796 587 et

222 615 469 687 displicet
499 618 546 673 ci
583 619 666 672 lex
697 634 816 687 qua:
851 622 1147 675 secandum
1188 622 1423 677 litteram
1459 624 1655 692 scripta
1686 634 1790 693 est,

221 707 361 775 quod
390 708 442 761 in
477 709 659 763 multis
686 726 789 764 non
824 712 1041 766 videtur
1065 730 1289 769 scrvare
1324 719 1789 785 consequentiam,

219 800 459 854 ostendit
487 800 536 855 ei
586 800 798 873 Moyses
862 814 1094 873 petram,
1126 821 1244 875 qua:
1280 819 1362 862 est
1401 808 1682 875 Christus,
1738 822 1791 868 et

220 890 579 946 adduciteum
597 894 662 946 ad
689 894 879 962 ipsam,
909 907 965 949 ut
990 896 1113 951 inde
1149 898 1296 952 bibat
1336 910 1391 954 et
1417 904 1621 957 reﬁciat
1642 904 1787 958 sitim

219 986 394 1033 Suam.
418 998 434 1031 ι
463 980 691 1036 llomilia
717 984 748 1035 5
767 985 822 1038 in
842 984 1080 1050 Levitic.,
1106 1005 1253 1044 num.
1276 990 1329 1053 5,
1360 988 1575 1047 ιίιιὼεοε
1605 994 1788 1064 inepte

214 1080 267 1125 et
297 1071 562 1128 inutiliter
605 1089 853 1131 servasse
895 1079 969 1130 ait
1003 1090 1329 1148 prmceptum
1355 1122 1371 1144 ,
1409 1097 1517 1151 quo
1551 1083 1788 1139 immun-

214 1164 405 1217 dorum
444 1174 499 1219 et
528 1166 847 1220 cadaverum
879 1178 1161 1223 contactus
1187 1172 1525 1240 prohibetur,
1549 1184 1708 1244 atque
1734 1177 1786 1230 id

218 1254 507 1323 allegorice
536 1257 938 1329 intelligendum
977 1274 1100 1315 esse
1133 1263 1327 1327 tradit,
1361 1266 1500 1333 quod
1526 1275 1580 1320 et
1606 1268 1657 1321 iu
1692 1268 1787 1322 ho-

213 1346 379 1400 mil.?
406 1346 716 1412 iuLevitic.,
768 1366 914 1408 num.
943 1352 978 1405 4
1022 1362 1078 1408 et
1123 1370 1264 1424 seq.,
1311 1355 1494 1410 multis
1529 1358 1782 1412 inculcat.

211 1436 477 1493 Praeterea
501 1439 720 1495 homilia
745 1441 935 1495 eadem
966 1441 1021 1507 5,
1061 1460 1211 1499 num.
1246 1445 1299 1511 8,
1328 1455 1653 1517 praeceptum
1685 1447 1786 1503 Le-

208 1531 355 1585 vitici
401 1544 677 1600 exponens
704 1573 720 1598 ,
753 1534 895 1602 quod
930 1548 1028 1602 pro
1084 1545 1308 1603 peccato
1340 1553 1443 1593 non
1486 1550 1783 1607 spontaneo

208 1626 432 1676 arietem
472 1623 876 1677 immaculatum
926 1625 1063 1680 siclo
1095 1637 1285 1681 sancto
1318 1638 1559 1698 emptum
1599 1628 1783 1687 olIerri

202 1714 392 1781 jubet,
446 1714 745 1769 secundum
801 1715 1038 1770 litteram
1079 1720 1375 1774 absurdum
1430 1722 1482 1777 id
1512 1738 1636 1779 esse
1687 1726 1784 1779 de-

1901 536 2164 591 creditur.
2202 555 2221 588 ι
2269 537 2500 593 llomilia
2555 542 2587 595 6
2632 544 2690 597 in
2741 542 2962 613 Isaiam,
3018 562 3167 602 num.
3204 547 3259 613 4,
3288 548 3467 619 aliqua

1900 628 2098 683 asserit
2143 630 2333 684 haberi
2379 632 2432 685 in
2486 633 2827 703 Evangeliis,
2869 653 2994 706 qua}
3034 639 3184 707 juxta
3234 639 3468 694 litteram

1898 710 2031 774 falsa
2057 720 2168 775 sint
2198 730 2255 775 et
2288 724 2598 791 mendacia;
2633 728 2791 796 quale
2823 730 2949 784 illttd
2987 730 3293 788 Servatoris
3346 748 3470 790 esse

1898 812 2028 867 dicit
2062 828 2076 866 :
2106 812 2165 867 Si
2193 816 2543 880 credideritis,
2584 836 2686 873 non
2709 821 2877 875 solum
2904 840 3019 892 quae
3055 842 3146 899 ego
3173 826 3311 894 facio
3334 865 3349 891 ,
3378 827 3466 895 fa-

1896 897 2079 962 cietis,
2130 901 2218 953 sed
2265 913 2313 954 et
2360 904 2564 973 majora
2610 906 2798 961 horum
2847 910 3049 977 facietis
3074 897 3119 943 τι
3163 931 3179 966 :
3221 924 3277 967 at
3309 914 3466 983 juxta

1898 987 2197 1055 spiritalem
2232 1004 2474 1059 sensum,
2514 994 2714 1063 majora
2759 997 2960 1054 Christi
3009 1002 3265 1069 operibus
3302 1019 3464 1073 opera

1894 1080 2169 1146 apostolos
2197 1082 2464 1150 edidisse;
2496 1086 2996 1160 Christumquippe
3023 1093 3266 1148 homines
3301 1112 3319 1146 ι
3342 1109 3466 1148 cor-

1893 1171 2173 1241 poraiiter,
2210 1193 2229 1227 ο
2281 1176 2380 1232 hos
2404 1195 2436 1258 ιι
2475 1179 2822 1245 spiritualiter
2858 1202 2876 1233 ι
2920 1194 3171 1240 sanasse.
3225 1186 3395 1243 Tomo
3427 1205 3464 1245 ι

1892 1264 1947 1316 in
1968 1263 2150 1331 Joan.,
2179 1284 2325 1323 num.
2352 1270 2408 1334 2,
2445 1274 2733 1327 veritatem
2767 1275 3179 1346 Evangeliorum
3227 1283 3459 1345 servari,

1892 1372 2185 1427 eorumque
2215 1361 2608 1443 dissonantiam
2639 1366 2771 1421 solvi
2807 1371 3021 1423 nonnisi
3059 1386 3155 1439 per
3180 1388 3463 1444 anagngrn

1890 1463 2052 1518 posse
2088 1452 2306 1518 scribit;
2336 1464 2390 1509 et
2420 1454 2473 1509 in
2500 1454 2666 1514 Joan.
2706 1475 2769 1522 tt,
2803 1459 2869 1514 15
2911 1471 2965 1514 et
2993 1477 3134 1530 seq.,
3172 1474 3326 1519 num.
3372 1464 3460 1531 {6,

1892 1533 2122 1600 dubitat,
2164 1553 2421 1594 reverane
2452 1546 2842 1602 nntmnularios
2874 1558 2927 1603 et
2972 1551 3223 1620 propolas
3260 1555 3461 1625 templo

1889 1631 2192 1685 cxturbarit
2223 1632 2496 1700 Christus,
2531 1638 2603 1691 uti
2635 1637 2922 1710 Evangelia
2971 1655 3195 1699 narrant
3229 1662 3243 1700 :
3273 1662 3461 1717 quem-

1894 1721 2180 1776 admodum
2232 1725 2512 1782 columbas
2556 1740 2610 1783 et
2645 1740 2883 1788 turtures
2913 1750 3010 1804 pro
3039 1735 3261 1793 Christo
3303 1739 3458 1794 obla-

205 1806 403 1868 cernit,
444 1814 497 1858 et
530 1803 596 1858 ad
646 1805 986 1872 spiritualem
1024 1809 1422 1877 expositionem
1451 1815 1640 1871 trahit,
1672 1814 1783 1871 Hos
1814 1815 1857 1872 Β
1889 1819 1993 1876 los,
2024 1812 2168 1869 aliud
2196 1814 2401 1886 aliquid
2427 1828 2587 1888 quam
2613 1822 2878 1891 volucres,
2917 1803 2946 1878 γε
2977 1828 3217 1883 divinum
3248 1832 3458 1887 scilicet

206 1897 353 1949 milia
387 1896 419 1949 4
451 1897 517 1950 ad
550 1899 864 1950 mandatum
903 1901 968 1952 de
1002 1902 1245 1972 azymis,
1279 1919 1394 1973 qua:
1422 1906 1668 1977 quisquis
1700 1919 1782 1963 le-

205 1986 412 2056 tigerit,
444 1987 844 2043 sanctiﬁcatum
878 1991 940 2043 iri
980 1990 1064 2045 lex
1096 1993 1290 2058 sancit,
1323 1995 1402 2050 sic
1440 1998 1519 2050 ait
1543 2015 1693 2056 num.
1726 1997 1778 2054 7.

210 2097 227 2129 ι
268 2079 556 2132 Enimvero
596 2078 745 2134 nullo
786 2079 945 2133 modo
978 2081 1062 2134 vel
1089 2084 1165 2136 rei
1202 2092 1418 2152 natura,
1459 2087 1541 2141 vel
1579 2089 1781 2145 veritas

206 2170 487 2241 religionis
516 2172 618 2227 hoc
644 2173 837 2242 recipit
861 2190 875 2239 ;
909 2185 963 2227 et
998 2173 1119 2229 ideo
1148 2174 1480 2232 redeundum
1516 2182 1671 2236 nobis
1698 2192 1782 2238 est

202 2265 269 2315 ad
302 2264 677 2333 expositiones
719 2265 1063 2333 evangelicas
1106 2277 1271 2337 atque
1326 2272 1691 2338 apostolicos,
1724 2284 1781 2329 ut

202 2354 287 2408 lex
316 2357 490 2423 possit
537 2355 786 2424 intelligi.
835 2356 949 2411 Nisi
1006 2359 1160 2433 enim.
1194 2358 1438 2415 velamen
1492 2363 1780 2420 abstulerit

203 2448 548 2519 Evangelium
569 2448 634 2502 de
666 2447 803 2503 facie
835 2447 1027 2519 Moysi,
1060 2464 1163 2503 non
1202 2460 1374 2520 potest
1401 2452 1569 2508 videri
1604 2456 1778 2510 vultus

201 2540 456 2607 ejus,nec
490 2555 683 2594 sensus
710 2540 826 2609 ejus
853 2541 1098 2610 intelligi.
1131 2540 1257 2596 Vide
1275 2554 1405 2613 ergo
1437 2546 1705 2614 quomodo
1726 2548 1775 2600 in

201 2634 441 2689 Ecclesia
495 2634 863 2702 apostolorum
924 2635 1175 2702 discipuli
1248 2637 1446 2691 adsunt
1505 2637 1591 2692 his
1655 2655 1775 2708 qua

197 2725 689 2797 Moyses-scripsit,
746 2734 801 2779 et
842 2724 1137 2779 defendunt
1170 2741 1255 2791 ea,
1293 2728 1437 2797 quod
1476 2740 1530 2784 et
1561 2731 1775 2799 impleri

197 2828 420 2887 queant,
458 2827 511 2871 et
554 2817 953 2872 rationabiliter
1000 2819 1204 2886 scripta
1256 2830 1385 2874 sunt
1418 2838 1433 2875 :
1463 2820 1774 2878 Iudaeorum

195 2926 326 2966 vero
360 2911 612 2965 doctores
641 2950 657 2974 ,
690 2918 744 2964 et
776 2910 1134 2979 impossibilia
1168 2915 1282 2967 hac
1305 2953 1320 2977 ,
1354 2919 1408 2967 et
1438 2913 1776 2971 irrationabi-

195 3003 289 3067 lia,
314 3011 605 3071 sequentes
638 3002 874 3056 litteram
919 3003 1119 3057 faciant
1156 3021 1170 3056 :
1200 3023 1217 3055 ι
1252 3005 1451 3074 quibus
1474 3006 1775 3063 consimilia

196 3087 467 3150 habent'nr
507 3095 694 3149 homil.
725 3095 757 3150 9
796 3097 846 3148 in
877 3095 1060 3163 lasue,
1109 3112 1259 3150 num.
1292 3098 1347 3151 4.
1385 3098 1509 3152 llaec
1553 3098 1774 3168 insuper

1884 1902 2175 1971 quiddam,
2212 1918 2264 1961 et
2314 1908 2549 1965 humana
2602 1917 3061 1986 contemplatione
3109 1923 3387 1991 augustius
3430 1939 3454 1977 ι’

1883 1992 2050 2049 fuisse
2072 1997 2345 2064 coniectat
2373 2002 2557 2056 homil.
2596 2004 2662 2058 14
2696 2005 2752 2058 in
2798 2005 2929 2061 Luc.
2976 2008 3270 2073 Queutdam
3317 2016 3457 2082 prai-

1886 2094 2029 2141 terea
2059 2087 2174 2156 cjns
2210 2090 2383 2146 locum
2414 2094 2471 2147 in
2498 2092 2686 2151 Cenes.
2724 2112 2805 2159 tn,
2837 2099 2926 2166 21,
2964 2110 3168 2158 catenae
3199 2102 3451 2171 all'e'runt,

1883 2177 1938 2232 in
1979 2194 2086 2248 quo
2117 2191 2399 2252 postquam
2434 2188 2618 2242 multis
2648 2189 2904 2246 disseruit
2940 2194 3005 2248 de
3058 2196 3289 2252 scorteis
3320 2200 3455 2253 tuni-

1881 2271 1981 2335 cis,
2021 2272 2092 2326 ita
2122 2274 2340 2331 demum
2392 2279 2664 2335 concludit
2708 2270 2990 2339 εΛεκτέὸν
3015 2288 3096 2341 ὅτι
3145 2287 3205 2342 οὐ
3246 2290 3327 2343 δεῖ
3356 2307 3454 2344 πε-

1881 2362 2157 2433 ριέχεσθαι
2183 2367 2275 2420 τοῦ
2305 2370 2631 2440 γράμματος
2660 2373 2759 2445 τῆς
2799 2376 3038 2449 Γραφῆς,
3078 2379 3153 2443 ὡς
3183 2380 3416 2453 ἀληθοῦς
3434 2401 3449 2415 ⁸

1879 2454 1968 2507 τὸν
1999 2455 2056 2509 δὲ
2086 2459 2466 2529 κεκρυμμένον
2512 2461 2782 2537 θησαυρὸν
2818 2468 2876 2521 ὲν
2911 2468 2990 2539 τῷ
3032 2471 3320 2543 γράμματι
3358 2473 3451 2545 ζη-

1877 2547 2010 2599 τεῖν.
2075 2566 2094 2599 ‹
2141 2549 2436 2605 Dicendum
2488 2569 2592 2609 non
2651 2558 3030 2615 adhaerendum
3087 2578 3207 2618 esse
3256 2565 3451 2622 littera:

1880 2635 2193 2707 Scripturze,
2243 2643 2396 2710 quasi
2427 2658 2553 2699 vera
2606 2647 2696 2712 sit,
2728 2651 2822 2704 sed
2870 2652 3142 2707 occultum
3173 2654 3225 2708 in
3266 2655 3449 2713 littera

1882 2729 2189 2787 thesaurum
2219 2749 2339 2790 esse
2364 2735 2816 2808 investigandum.
2855 2762 2872 2797 ι
2910 2744 3149 2816 Denique
3185 2749 3447 2806 Socrates

1877 2825 2281 2889 quantumlibet
2310 2828 2625 2901 Origeniani
2662 2836 2897 2891 nominis
2931 2841 3224 2908 studiosus,
3260 2844 3338 2899 sic
3370 2854 3449 2900 ta-

1878 2917 2222 3009 mengscribit
2251 2919 2342 2975 lib.
2376 2938 2427 2986 v,
2472 2939 2591 2993 cap.
2619 2927 2692 2979 ~21
2728 2944 2743 2981 :
2784 2928 2968 2996 Ὅστις
3004 2930 3336 3009 (Ὼριγένης)
3368 2954 3448 2992 σο-

1876 3002 1975 3072 φὸς
1996 2998 2064 3075 ἦν
2095 3006 2429 3079 διδάσκαλος,
2461 3016 2556 3069 καί
2590 3018 2821 3073 κατιδὼν
2853 3022 2934 3076 ὅτι
2964 3024 3025 3076 τὸ
3050 3025 3308 3081 ἀδύνατον
3352 3030 3446 3083 τοῦ

1876 3092 2039 3153 νόμου
2068 3098 2347 3165 Μωῦσέως
2362 3103 2578 3159 ἀσθενεῖ
2603 3108 2736 3179 πρὸς
2756 3110 2816 3163 τὸ
2838 3113 3069 3184 γράμμα
3098 3117 3445 3192 ἀποδοθῆναι.

193 3197 598 3242 commentatur
627 3188 812 3241 hOmil.
852 3187 884 3241 5
912 3190 964 3240 in
990 3187 1225 3253 Levitic.,
1257 3204 1408 3243 num.
1438 3190 1490 3255 l,
1519 3190 1584 3243 ad
1621 3189 1768 3261 Moy-

1876 3185 1962 3239 τδν
2000 3188 2129 3260 περὶ
2165 3190 2259 3243 τοῦ
2289 3193 2481 3266 Πάσχα
2505 3174 2659 3265 λόγον
2684 3201 2763 3264 εἰς
2786 3174 3018 3274 θεῶρίσν
3052 3174 3347 3279 ἀνήγαγεν..
3389 3174 3446 3266 ἓν

193 3282 269 3334 sis
310 3290 637 3350 praeceptum
664 3280 729 3333 de
762 3281 936 3335 hostia
987 3297 1085 3350 pro
1121 3291 1379 3350 peccato,
1413 3282 1555 3350 quod
1592 3291 1768 3338 exstat

189 3370 420 3428 Levitic.
448 3384 523 3438 vi,
555 3372 627 3427 25
647 3382 703 3428 et
719 3389 835 3440 seq.
863 3391 877 3427 :
906 3391 925 3429 ι
962 3371 1086 3426 llaec
1117 3374 1296 3427 omnia
1330 3374 1432 3429 nisi
1467 3374 1571 3429 alio
1603 3390 1765 3430 sensu

190 3466 547 3536 accipiamus,
605 3481 767 3535 quam
827 3466 1022 3519 littera:
1075 3474 1253 3519 textus
1303 3468 1576 3534 ostendit,
1625 3469 1768 3523 sicut

190 3572 334 3626 saepe
357 3557 469 3625 ja'm
502 3558 763 3622 diximus,
791 3572 918 3612 cum
955 3558 1006 3610 in
1043 3554 1286 3611 Ecclesia
1322 3558 1647 3623 recitantur,
1677 3558 1765 3614 (ὼε

193 3649 466 3704 Staculum
517 3649 693 3718 magis
732 3659 787 3702 et
833 3647 1241 3703 subversionem
1273 3646 1597 3703 ChriSIianae
1641 3647 1765 3704 reli-

190 3740 362 3809 gioni,
389 3755 547 3809 quam
576 3740 938 3794 hortationem
994 3739 1517 3808 aediﬁcationemque
1541 3750 1765 3809 praesta-

192 3835 343 3887 bunt.
384 3852 402 3885 ι
445 3832 605 3887 Addit
634 3832 975 3900 postmodum
1001 3831 1341 3901 Seripturam
1369 3844 1620 3887 constare
1646 3845 1773 3888 cor:

191 3940 347 3994 pore,
378 3924 558 3978 anima
612 3933 666 3978 et
695 3924 925 3992 spiritu;
965 3923 1151 3979 littera
1180 3923 1434 3977 nimirum
1475 3938 1636 3977 sensu
1669 3925 1761 3994 qui

189 4018 332 4071 intra
371 4017 542 4084 ipsam
577 4016 1024 4085 deprehenditur,
1055 4023 1111 4069 et
1158 4016 1347 4068 umbra
1399 4016 1632 4085 quadam
1679 4031 1762 4071 re-

188 4122 307 4161 rum
354 4106 691 4172 caelestium;
746 4120 942 4174 corpus
993 4104 1111 4159 usui
1166 4104 1334 4159 fuisse
1392 4104 1458 4159 iis
1516 4104 1604 4175 qui
1664 4122 1760 4161 nos

186 4208 616 4269 praecesserunt,
654 4198 809 4251 nobis
840 4198 1100 4261 animam,
1133 4199 1386 4266 spiritum
1430 4197 1494 4250 iis
1521 4196 1610 4267 qui
1642 4211 1757 4253 cm-

182 4290 374 4346 lestem
418 4291 788 4344 ltmreditatem
830 4298 1232 4359 coosequentur
1279 4304 1291 4339 :
1339 4289 1519 4343 multis
1568 4289 1760 4344 deinde

186 4383 486 4451 interiectis
545 4382 640 4449 ait,
700 4382 957 4438 num.5:
1015 4400 1032 4431 ι
1073 4379 1362 4447 Triplicem
1412 4397 1643 4451 namque
1704 4382 1756 4436 in

183 4476 483 4545 Scripturis
507 4475 703 4530 divinis
728 4472 1100 4542 intelligentia:
1152 4470 1382 4526 inveniri
1423 4487 1565 4541 saepe
1615 4472 1755 4526 dixi-

1874 3282 2066 3354 Πάσχα
2112 3284 2269 3355 μόνον
2308 3288 2559 3360 ἀληθινὸν
2605 3296 2929 3367 γεγενῆσθαι
2988 3299 3195 3368 λέγων,
3241 3305 3377 3378 ὅπερ
3417 3308 3445 3360 ὁ

1873 3374 2060 3447 Σωτὴρ
2101 3379 2418 3437 ἐπετέλεσεν
2457 3386 2755 3458 ἐνεργήσας
2798 3391 2941 3444 κατὰ
2990 3393 3099 3446 τῶν
3137 3374 3443 3470 ἀντικειμέ-

1871 3482 1977 3517 νων
2027 3467 2309 3541 δυνάμεων
2358 3472 2445 3527 διὰ
2486 3474 2581 3527 τοῦ
2626 3481 3025 3552 προσομιλῆσαι
3079 3485 3155 3557 τῷ
3205 3490 3443 3562 σταυρῷ,

1868 3557 2114 3629 τροπαίῳ
2144 3561 2318 3633 τούτῳ
2343 3564 2480 3619 κατὰ
2502 3566 2595 3619 τοῦ
2634 3567 2879 3623 διαϐόλου
2914 3574 3273 3645 χρησάμενος.
3314 3557 3443 3647 (inte

1873 3647 1953 3701 sic
1994 3647 2386 3720 interpretatur
2429 3654 2769 3724 Epiphanius
2818 3662 3176 3721 scholasticus
3226 3686 3240 3724 :
3284 3687 3302 3721 ι
3340 3670 3441 3737 Qui

1869 3753 1991 3793 cum
2021 3742 2237 3810 sapiens
2268 3753 2413 3799 esset
2449 3748 2706 3816 magister
2731 3790 2745 3815 ,
2781 3761 2837 3806 et
2867 3753 3247 3814 consideraret
3294 3765 3441 3833 quod

1868 3829 2276 3900 impossibilitas
2322 3834 2571 3893 Mosaica:
2607 3839 2739 3911 legis
2789 3844 2857 3897 ad
2898 3844 3131 3903 litteram
3179 3829 3328 3920 esset
3356 3854 3440 3910 in-

1869 3918 2044 3984 ﬁrma,
2079 3923 2343 3980 rationem
2370 3925 2590 3985 Pascha:
2612 3932 2678 3985 ad
2720 3935 2937 3990 modum
2963 3918 3439 4012 contemplationis

1867 4013 2069 4078 evexit,
2094 4031 2258 4070 unum
2288 4017 2489 4074 Pascha
2514 4022 2849 4082 solummodo
2869 4042 3055 4084 verum
3089 4034 3205 4088 ﬁeri
3228 4035 3436 4105 dicens,

1870 4105 2013 4172 quod
2058 4105 2311 4163 Salvator
2355 4112 2652 4169 celebravit
2695 4117 2951 4175 adversus
2994 4131 3299 4184 contrarias
3344 4146 3438 4201 po-

1868 4204 2111 4264 testates,
2159 4200 2284 4254 dum
2339 4216 2552 4257 crucem
2587 4208 2926 4277 susciperet,
2977 4222 3031 4267 et
3091 4216 3192 4273 hoc
3237 4228 3437 4290 troper

1864 4297 2110 4343 uteretur
2143 4301 2331 4345 contra
2355 4294 2655 4350 diabolum.
2692 4316 2711 4348 ι
2752 4297 2855 4352 Sed
2891 4304 3142 4369 quoniam
3177 4308 3303 4364 huic
3345 4296 3435 4367 ar.-

1863 4391 2119 4450 gumento
2146 4392 2313 4438 totum
2347 4384 2459 4440 fere
2486 4387 2682 4442 librum
2717 4406 2766 4443 tv
2788 4394 2929 4462 Περὶ
2949 4394 3152 4465 ἀρχῶν
3173 4414 3202 4453 a
3231 4417 3378 4457 num.
3401 4405 3435 4460 8

1867 4488 2036 4542 usque
2065 4474 2129 4527 ad
2166 4491 2313 4532 num.
2362 4477 2455 4539 28,
2518 4486 2879 4549 consecravit,
2928 4502 3193 4545 summam
3237 4498 3431 4564 capitis

1501 4537 1513 4541 _
1950 4537 1962 4542 -
2444 4537 2452 4539 -
2867 4537 2879 4549 .
3240 4537 3425 4564 ww...

179 4537 571 4634 mus-modum,
609 4537 963 4628 historicum,
1002 4563 1258 4618 moralem
1304 4574 1359 4618 et
1415 4566 1701 4636 mysticum
1737 4581 1751 4619 :
1788 4537 1830 4592 θ
1863 4563 2043 4633 hujus,
2074 4566 2214 4633 quod
2249 4568 2302 4621 in
2339 4567 2631 4633 Philocaclia
2662 4574 2849 4631 Graece
2882 4583 3143 4648 scriptum
3176 4583 3425 4657 habetur,

180 4661 326 4716 unde
353 4668 407 4713 et
444 4673 640 4728 corpus
676 4658 853 4711 inesse
875 4657 958 4719 ei,
995 4663 1049 4709 et
1094 4654 1329 4708 animam
1357 4680 1375 4719 ,
1405 4671 1469 4709 ac
1501 4657 1753 4725 spiritum

180 4750 576 4806 intelleximus.
638 4769 656 4800 ι
712 4749 1129 4815 Apertissimum
1190 4761 1318 4801 vero
1361 4748 1504 4817 quod
1554 4748 1754 4819 legitur

182 4843 377 4900 homil.
444 4843 473 4896 7
521 4843 579 4896 in
632 4841 872 4905 Levitic.,
925 4857 1072 4893 num.
1142 4840 1174 4894 5
1206 4855 1221 4892 :
1253 4859 1271 4891 ι
1318 4838 1374 4893 Si
1418 4841 1756 4895 assideamus

177 4938 411 4997 litterae,
444 4942 497 4988 et
531 4934 823 4989 secnmlum
870 4933 971 4986 hoc
1009 4931 1086 4985 vel
1133 4932 1273 5000 quod
1319 4928 1551 4995 Iudaeis,
1583 4932 1668 4985 vel
1699 4932 1751 4986 id

176 5029 324 5099 quod
356 5026 513 5095 vulgo
541 5026 773 5089 videtur,
807 5024 1138 5094 accipiamus
1167 5038 1286 5092 quze
1316 5023 1366 5075 in
1402 5023 1519 5092 lege
1549 5024 1748 5099 scripta

177 5127 330 5181 sunt,
355 5119 615 5171 erubesco
646 5117 826 5170 dicere
866 5124 919 5169 et
952 5115 1196 5169 conliteri
1217 5156 1231 5178 ,
1260 5115 1386 5183 quia
1428 5114 1564 5167 tales
1604 5113 1753 5183 leges

177 5210 393 5266 dederit
438 5208 597 5263 Deus.
652 5206 992 5261 Videbuntur
1053 5206 1196 5258 enim
1255 5204 1425 5273 magis
1472 5203 1750 5272 elegantes

175 5313 236 5357 et
277 5300 626 5356 rationabiles
685 5299 960 5352 hominum
994 5296 1170 5365 leges,
1203 5294 1348 5349 verbi
1404 5294 1611 5364 gratia,
1666 5295 1749 5348 vel

175 5395 568 5458 Romanorum,
605 5391 688 5446 vel
718 5390 1167 5453 Atheniensium,
1199 5388 1280 5441 vel
1315 5384 1749 5441 Lacedaimonio-

177 5503 319 5542 rum.
362 5485 421 5541 Si
454 5499 583 5538 vero
615 5482 908 5537 secundum
938 5482 1082 5534 hanc
1117 5479 1551 5548 intelligentiam,
1589 5493 1748 5547 quam

178 5579 337 5633 docet
361 5574 622 5637 Ecclesia,
647 5574 945 5643 accipiatur
967 5570 1063 5626 Dei
1091 5570 1197 5637 lex,
1228 5579 1350 5627 tunc
1374 5568 1536 5640 plane
1562 5584 1748 5627 omnes

356 5773 513 5830 Joan.
549 5786 665 5833 xrv,
712 5769 794 5824 l2.

524 5850 812 5928 ῬΑτιιοι..
858 5866 969 5926 Gn.
1021 5864 1215 5926 XV".

1863 4653 1968 4708 huc
2002 4655 2204 4711 referre
2229 4673 2406 4728 operae
2435 4663 2667 4730 pretium
2707 4679 2829 4722 esse
2866 4668 3025 4723 duco.
3065 4670 3301 4729 Primum
3332 4653 3431 4750 igi-

1863 4754 1951 4800 tur
1976 4748 2041 4801 ad
2074 4749 2414 4815 allegoricam
2462 4754 2755 4825 Scriptura:
2796 4760 3295 4831 interpretationem
3345 4748 3432 4826 ad-

1860 4840 2202 4905 struendam,
2230 4840 2538 4900 Iudaeorum
2576 4848 2900 4919 imperitiam
2934 4858 3197 4927 castigat,
3229 4863 3431 4931 quibus

1860 4932 2146 4999 quominus
2171 4933 2441 4990 Christum
2467 4942 2830 5009 susciperent,
2862 4946 3248 5017 impedimento
3280 4955 3429 5012 fuere

1859 5022 2076 5077 diversa
2100 5026 2395 5096 Scriptum
2425 5033 2705 5100 vaticinia,
2730 5052 2848 5106 quae
2867 5042 3113 5108 quamvis
3139 5044 3428 5117 allegorice

1861 5114 1927 5167 ad
1959 5114 2234 5171 Christum
2274 5122 2630 5192 pertinerent,
2664 5130 2858 5183 eadem
2890 5140 3067 5186 tamen
3091 5114 3428 5203 juxta—litte-

1859 5218 1974 5256 ram
2002 5207 2346 5277 accipientes.
2382 5211 2432 5265 in
2478 5210 2604 5267 .l‘esu
2650 5215 2868 5273 minime
2900 5224 3163 5292 Completa
3204 5238 3425 5295 putave-

1859 5308 2004 5351 runt.
2035 5299 2199 5382 Addit
2223 5304 2468 5357 eumdem
2504 5304 2799 5376 Scriptura:
2844 5311 3265 5382 interpretanda:
3306 5329 3424 5374 mo-

1859 5389 1982 5442 dum
2019 5374 2443 5461 Valeutinianos,
2473 5374 2884 5468 Marcionistas,
2923 5403 3168 5476 aliosque
3187 5408 3422 5464 ἡξει-διὶ-

1857 5491 1949 5533 cos
1992 5482 2324 5551 compulisse
2377 5494 2436 5541 ut
2495 5490 2775 5559 geminum
2825 5493 3173 5553 admitterent
3228 5498 3421 5564 Deum,

1851 5570 2318 5647 justum_alterum
2370 5580 2555 5637 mundi
2595 5582 2841 5654 opiﬁcem
2872 5625 2888 5653 ,
2939 5587 3138 5647 bonum
3194 5589 3421 5647 alterum

3143 5884 3179 5941 3
3190 5885 3219 5943 ἰ
