3860 6226
422 356 553 412 1067

1697 346 1756 401 Ρ.
1796 341 2113 401 ΒᾹΝΙΕΕΙΞ
2153 335 2385 396 ΙΙΙΠΞἸἹΙ

3562 341 3587 395 ἰ
3596 338 3699 391 068

418 474 619 531 Christi
651 472 898 539 Patrem;
935 483 1143 526 necnon
1167 475 1224 525 et
1250 483 1317 523 ex
1348 467 1672 523 orthodoxis
1706 467 1993 537 quosdam,
2015 450 2077 527 Ἀ
2106 464 2229 519 inde
2259 463 2308 517 ei
2342 468 2673 517 monstraret
2714 474 2726 511 :
2780 468 2836 514 et
2869 457 3015 528 quod
3052 457 3298 531 praecipit
3330 458 3545 532 Moyses
3596 473 3697 511 ex-

420 580 477 623 ut
512 568 653 623 male
680 568 746 622 de
783 565 1049 621 Creatore
1090 561 1381 618 sentirent.
1424 559 1727 616 Fatendum
1780 560 2004 630 insuper

420 660 495 714 ait
536 658 703 712 multa
738 656 958 726 quidem
1007 653 1277 724 mystica,
1332 661 1387 706 et
1442 650 1628 721 ﬁguris
1678 651 1917 706 involuta
1949 650 2003 703 in

419 752 719 820 Seriptnris
746 747 1054 813 contineri;
1085 762 1207 817 qua:
1238 754 1417 800 tamen
1450 744 1573 808 illa,
1604 753 1661 799 et
1696 742 2003 810 cuiusmodi

418 844 528 897 si‘nt
564 841 840 910 ignorari;
879 849 991 893 tum
1023 838 1282 894 nonnulla
1328 845 1599 903 recenset,
1642 850 1763 905 quae
1803 845 2010 906 myste-

418 934 513 987 riis
537 941 747 987 scatere
778 932 850 985 ita
877 931 1165 985 contendit
1190 970 1205 994 ,
1230 938 1288 983 ut
1325 928 1520 983 littera:
1565 942 1786 984 sensum
1840 927 2009 981 neuti-

422 1040 585 1094 quam
622 1023 906 1091 repudiare
939 1022 1247 1075 videantur.
1303 1018 1419 1074 Non
1462 1020 1849 1089 prophetarum
1905 1033 2009 1072 au—

424 1118 529 1164 tem
562 1109 741 1173 libris,
778 1110 873 1163 sed
904 1108 1039 1163 Novi
1066 1111 1230 1163 etiam
1258 1106 1611 1162 instrumenti
1636 1108 2007 1161 voluminibus

416 1202 662 1258 occultos
686 1212 740 1257 et
766 1202 1076 1257 reconditos
1100 1216 1293 1256 sensus
1344 1202 1525 1256 inesse
1555 1201 1710 1255 dicit.
1744 1199 1878 1255 Cum
1914 1201 2010 1255 ho-

422 1300 567 1351 mine
595 1298 959 1365 postmodum,
1012 1296 1104 1365 qui
1160 1309 1409 1363 corpore,
1461 1294 1643 1349 anima
1706 1303 1758 1349 et
1813 1294 2008 1364 spiritu

422 1400 656 1451 constat,
692 1387 1031 1456 Scripturam
1084 1387 1314 1454 confert,
1368 1402 1598 1457 corpore
1646 1387 1860 1452 itidem,
1906 1388 2009 1441 hoc

418 1491 501 1537 est
529 1482 804 1536 communi
833 1490 888 1534 et
921 1480 1183 1535 historico
1213 1494 1377 1535 sensu
1408 1489 1789 1545 constantem;
1821 1479 2003 1533 anima

419 1571 994 1642 quoque,sublimiori
1042 1586 1235 1641 nempe
1275 1588 1481 1638 sensu;
1526 1588 1590 1627 ac
1636 1572 1854 1626 demum
1900 1571 2009 1640 Spi-

420 1664 554 1727 ritu,
584 1662 1011 1732 profundissimo
1038 1662 1247 1716 scilicet
1267 1677 1429 1716 sensu
1454 1670 1510 1716 et
1536 1662 2001 1716 recouditissimo.

421 1755 562 1809 Tum
592 1754 873 1824 subjnngit
919 1753 1240 1807 historicum
1291 1752 1582 1822 aliquando
1628 1768 1849 1807 sensum
1894 1768 2004 1807 non

421 1821 1069 1921 reperiri,sed'animam
1121 1846 1295 1900 solum
1335 1821 1396 1900 et
1442 1847 1691 1914 spiritum
1716 1887 1731 1911 ,
1762 1846 1814 1901 id
1861 1847 2001 1915 quod
2036 1821 2079 1877 Β

420 1942 590 1995 variis
623 1939 865 2009 Apostoli
905 1939 1038 1992 locis
1069 1937 1366 2007 approbat;
1414 1952 1478 1991 ac
1526 1952 1593 1991 ne
1622 1936 1739 1992 hac
1781 1937 2000 2007 quidem

421 2035 672 2087 omnibus
698 2033 854 2086 obvia
896 2045 1040 2095 esse,
1070 2032 1164 2083 sed
1199 2030 1265 2083 iis
1294 2030 1588 2093 duntaxat,
1618 2030 1711 2099 qui
1760 2030 1811 2083 in
1853 2029 2003 2085 Scri-

421 2136 594 2196 pturae
628 2123 982 2179 meditatione
1012 2122 1221 2177 subacti
1248 2122 1505 2176 diuturno
1546 2124 1725 2177 studio
1778 2120 2003 2177 fuerint.

420 2219 512 2272 Ait
541 2219 733 2273 deinde
780 2218 1038 2287 mysteria
1088 2214 1403 2270 hominibus
1460 2216 1674 2268 tradere
1728 2214 2003 2270 volentem

425 2310 689 2380 Spiritum
709 2322 955 2366 sanctum
979 2351 993 2377 ,
1024 2323 1084 2362 ea
1128 2307 1373 2362 historici
1401 2321 1595 2363 sensus
1622 2308 2007 2379 integumentis

424 2404 787 2475 implicuisse,
831 2404 922 2472 qui
952 2403 1333 2459 reconditioris
1368 2402 1629 2456 doctrinae
1685 2415 1859 2470 penus
1892 2410 2008 2453 tan-

426 2509 541 2553 tum
571 2505 625 2553 et
646 2496 1084 2567 promptuarium
1116 2504 1198 2549 est
1238 2515 1249 2549 ;
1291 2509 1451 2563 quem
1484 2508 1550 2547 ne
1584 2493 1707 2563 quis
1730 2492 2007 2546 interioris

422 2604 477 2647 et
503 2590 730 2645 occultae
754 2587 1019 2644 doctrinae
1052 2587 1338 2655 prteceptis
1365 2597 1560 2639 vacare
1587 2594 1824 2655 putaret,
1852 2601 1872 2634 ι
1902 2584 2007 2638 ista

422 2686 489 2738 de
511 2696 675 2738 causa
726 2693 1055 2751 procurasse
1108 2680 1347 2732 divinam
1402 2676 1727 2745 sapientiam
1776 2675 2007 2730 offendi-

420 2775 544 2831 cuia
574 2774 848 2844 quaedam,
878 2772 959 2828 vel
1003 2771 1438 2842 intercapediues
1482 2769 1853 2839 intelligentia:
1892 2766 2008 2822 ﬁeri

424 2868 767 2933 historialis;
823 2866 1176 2936 impossibilia
1233 2864 1477 2935 quaedam
1516 2873 1572 2918 et
1624 2863 2010 2919 inconvenien—

426 2965 556 3017 tiam
598 2976 694 3033 per
742 2962 979 3016 medium
1032 2958 1354 3022 inserendo,
1400 2966 1459 3012 ut
1512 2957 1842 3026 interruptio
1894 2956 2008 3025 ipsa

426 3055 757 3111 narrationis
783 3053 1198 3109 velutobicibus
1234 3052 1560 3121 quibusdam
1612 3049 1815 3119 legenti
1862 3048 2001 3102 resio

425 3155 598 3201 steret
622 3145 871 3213 objectis,
911 3144 1106 3213 quibus
1143 3143 1517 3212 intelligentia:
1557 3144 1716 3210 hujus
1770 3140 2010 3205 vulgaris

431 3242 540 3294 iter
574 3255 638 3293 ac
672 3238 961 3292 transitum
1001 3247 1244 3305 negaret,
1283 3256 1302 3287 ι
1340 3246 1392 3290 et
1423 3237 1496 3289 ita
1528 3235 1593 3289 ad
1622 3234 1784 3286 alium
1819 3233 2010 3287 trami—

427 3344 534 3389 tem
557 3333 841 3388 celsiorem
860 3344 1052 3399 nempe
1076 3340 1129 3382 et
1149 3328 1563 3382 eminentiorem
1587 3326 2009 3389 diverteremus;

431 3426 599 3481 multa
630 3424 794 3494 igitur
842 3421 1149 3490 liujnsmod!
1188 3421 1377 3475 haberi
1429 3421 1482 3473 in
1528 3417 1839 3488 Scriptura,
1876 3436 1893 3467 ι
1931 3417 2013 3470 vel

428 3520 610 3571 minus
646 3524 824 3584 gesta,
857 3513 942 3567 vel
984 3527 1104 3581 qua:
1154 3510 1376 3565 omnino
1424 3510 1536 3580 geri
1593 3525 1699 3565 non
1754 3519 2011 3579 possent;

437 3607 711 3663 interdum
743 3605 907 3660 etiam
939 3618 1057 3674 qua:
1096 3613 1313 3673 possent
1355 3601 1570 3670 quidem
1602 3601 1751 3672 geri,
1798 3614 1894 3654 nec
1929 3608 2013 3653 ta-

430 3714 555 3753 men
582 3706 733 3769 gesta
763 3706 920 3759 sunt;
952 3714 971 3749 ι
1005 3696 1273 3765 praecipue
1300 3710 1429 3750 vero
1462 3693 1513 3748 in
1549 3692 1817 3762 lege,qu:e
1848 3690 2014 3745 multa

429 3792 619 3858 habet,
650 3810 669 3842 ‹
693 3792 745 3845 in
769 3790 966 3859 quibus
986 3788 1131 3841 nulla
1159 3802 1383 3855 prorsus
1408 3785 1545 3839 ratio
1568 3784 1825 3839 utilitatis
1843 3793 2017 3838 osten-

429 3882 603 3949 ditur;
628 3882 901 3936 interdum
930 3893 1057 3933 vero
1080 3887 1134 3932 et
1159 3877 1519 3945 impossibilia
1550 3879 1957 3937 decernuntur;
1993 3891 2010 3924 ι

429 3975 524 4030 sed
562 3985 618 4030 et
652 3976 704 4028 in
744 3984 859 4029 toto
902 3971 1087 4027 Veteri
1148 3984 1213 4023 ac
1240 3969 1391 4024 Novo
1441 3968 1603 4024 etiam
1641 3966 2013 4022 Testamento.

431 4066 571 4122 [line
607 4068 791 4121 varias
822 4065 1119 4134 Scriptura:
1170 4062 1345 4131 tangit
1378 4046 1660 4123 historias,
1712 4058 1766 4112 in
1815 4059 2016 4128 quibus

433 4157 683 4213 historici
720 4172 918 4212 sensus
955 4157 1241 4211 veritatem
1274 4152 1471 4207 frustra
1510 4150 1711 4220 requiri
1746 4149 2011 4214 aﬂirmat;

431 4251 656 4317 frustra,
686 4249 922 4319 exempli
953 4245 1468 4315 causa,existimari
1526 4253 1638 4298 tres
1687 4242 1901 4311 priores
1948 4241 2016 4295 ab

432 4344 565 4398 orbe
596 4341 824 4397 condito
863 4341 980 4397 dies
1011 4339 1181 4394 fuisse
1213 4340 1333 4393 sine
1359 4336 1494 4401 sole,
1539 4334 1664 4388 luna
1704 4342 1758 4388 et
1809 4332 2013 4397 stellis;

433 4437 674 4505 priorem
711 4434 878 4490 etiam
906 4434 1025 4487 sine
1055 4431 1219 4497 cutio,
1249 4430 1392 4499 quod
1438 4440 1600 4496 supra
1622 4423 1733 4493 jam
1767 4422 2013 4479 excussi-

2116 557 2393 612 terminari
2419 570 2580 611 omne
2607 554 2968 610 masculinum
2990 596 3004 620 ,
3036 554 3180 624 quod
3227 564 3420 610 octavo
3448 553 3536 607 die
3584 567 3695 604 nou

2113 651 2277 706 fuerit
2305 649 2689 705 circumcisum
2727 658 2827 703 :et
2877 648 3251 718 tragelaphum
3306 647 3449 701 inter
3492 644 3693 697 munda

2112 742 2390 805 animalia,
2440 741 2706 812 gryphum
2766 740 2910 796 inter
2957 739 3239 794 immunda
3306 739 3530 801 haberi;
3569 753 3693 789 cum

2112 837 2200 891 hic
2230 838 2298 891 ab
2321 836 2545 891 homine
2570 850 2676 890 non
2703 834 2879 905 possit
2900 834 3045 903 capi,
3079 833 3170 888 ille
3188 848 3255 887 ne
3272 847 3395 887 esse
3425 830 3652 901 quidem
3680 846 3693 881 :

2111 929 2238 984 licet
2277 930 2515 1000 gryphes
2543 938 2598 982 et
2634 927 2981 996 tragelaphos
3022 936 3078 981 et
3113 940 3233 981 esse
3261 935 3317 979 et
3358 924 3479 991 capi
3516 923 3698 993 prodi-

2114 1032 2224 1077 tum
2255 1023 2381 1077 sita
2413 1021 2683 1076 veteribus
2722 1037 2736 1073 :
2780 1018 3025 1074 Sabbato
3078 1018 3210 1071 item
3263 1017 3382 1070 loco
3436 1030 3535 1070 suo
3585 1026 3691 1068 nOn

2112 1115 2320 1169 moveri
2345 1115 2414 1180 τ’,
2449 1129 2549 1167 nec
2574 1127 2711 1167 onus
2734 1109 2980 1166 levare"
3004 1126 3018 1174 ;
3050 1118 3101 1163 et
3126 1108 3268 1178 quod
3292 1108 3489 1162 habent
3514 1105 3696 1161 Evan-

2112 1209 2247 1277 gelia
2274 1229 2285 1262 :
2310 1226 2328 1258 ι
2352 1205 2630 1262 Neminem
2660 1204 2713 1259 in
2746 1203 2829 1256 via
2857 1200 3323 1263 salutaveritis";
3364 1215 3384 1249 ι
3410 1182 3547 1251 duas
3563 1212 3697 1251 neu-

2112 1301 2317 1370 tiquam
2387 1298 2668 1352 habendas
2738 1294 2953 1349 tunicas
3004 1299 3123 1351 ’nec
3190 1292 3560 1346 calceamenta
3608 1287 3690 1353 "';

2112 1394 2389 1449 dexteram
2420 1391 2747 1459 percutienti
2774 1388 3073 1452 maxillam,
3108 1386 3387 1441 sinistram
3413 1399 3535 1439 esse
3559 1398 3682 1453 pra:-

2110 1483 2343 1537 bendam
2372 1480 2439 1545 7°,
2479 1498 2501 1532 ‹
2529 1496 2651 1534 cum
2687 1480 2884 1543 omnis,
2910 1479 3104 1547 inquit,
3126 1478 3216 1547 qui
3240 1475 3480 1547 percutit
3503 1476 3695 1531 dextra

2112 1591 2273 1629 manu
2311 1574 2587 1628 sinistram
2621 1573 2893 1643 percutiat
2928 1570 3243 1634 maxillam;
3282 1586 3302 1620 ι
3337 1567 3579 1633 oculum,
3602 1582 3693 1638 qut

2111 1670 2182 1724 sit
2205 1667 2568 1723 offensioniet
2607 1665 2905 1730 seandalo,
2930 1665 3229 1719 eruendum
3250 1663 3338 1728 7";
3373 1678 3480 1717 non
3534 1662 3698 1715 addu-

2112 1764 2340 1819 cendum
2369 1770 2705 1831 amputatum
2735 1758 3125 1830 praeputium"
3148 1774 3163 1822 ;
3190 1771 3311 1826 quae
3342 1756 3527 1810 omnia
3560 1772 3590 1807 a
3638 1768 3700 1809 se

2108 1857 2268 1913 allata
2296 1870 2416 1911 esse
2449 1854 2661 1919 scribit,
2681 1863 2740 1908 ut
2774 1853 3135 1921 intelligamus
3159 1864 3247 1905 res
3270 1862 3373 1903 non
3397 1848 3575 1902 solum
3608 1859 3667 1899 ra

2110 1950 2237 2005 tioni
2262 1948 2585 2015 contrarias,
2606 1948 2700 2003 sed
2726 1947 2893 2002 etiam
2920 1960 3039 2015 quae
3070 1943 3183 1998 fieri
3208 1941 3431 1996 minime
3456 1939 3696 2010 possint,

2108 2044 2161 2099 in
2184 2041 2364 2096 littera
2396 2040 2687 2095 contineri.
2723 2038 3007 2094 Subnectit
3027 2046 3220 2106 postea
3244 2048 3348 2089 non
3371 2047 3592 2088 onmem
3612 2032 3696 2086 id-

2109 2135 2257 2189 circo
2283 2134 2526 2189 historiae
2550 2149 2767 2188 sensum
2796 2131 3104 2203 aspernari,
3129 2144 3251 2184 cum
3289 2146 3308 2179 ε
3340 2126 3515 2181 multo
3541 2125 3698 2195 plura

2110 2231 2237 2294 sint,
2267 2243 2387 2297 qua“:
2414 2227 2711 2283 secundum
2745 2226 3035 2281 historiam
3081 2231 3371 2287 constant,
3417 2236 3585 2291 quam
3633 2233 3697 2273 ea

2110 2335 2229 2389 quae
2265 2321 2466 2375 nudum
2498 2335 2719 2375 sensum
2751 2320 3034 2374 continent
3069 2315 3407 2387 spiritalem;
3441 2334 3459 2367 ι
3508 2312 3670 2381 cujus

2111 2413 2255 2466 modi
2281 2412 2533 2467 nonnulla
2552 2423 2963 2477 commemorat,
2982 2420 3111 2481 puta
3132 2409 3380 2478 Decalogi
3403 2418 3701 2479 praecepta.

2112 2506 2315 2561 Deinde
2345 2521 2472 2561 vero
2504 2506 2727 2561 multam
2774 2505 3141 2561 adhibendam
3189 2505 3263 2559 ait
3292 2505 3609 2559 cautionem
3647 2510 3703 2557 et

2111 2600 2469 2667 diligentiam,
2524 2615 2635 2671 quo
2677 2600 2942 2671 mysticus
2976 2614 3171 2655 sensus
3218 2613 3249 2653 a
3292 2613 3458 2653 sensu
3502 2597 3699 2652 littera:

2112 2694 2490 2759 discernatur;
2536 2702 2646 2747 tum
2698 2704 2884 2747 notam
2933 2692 3073 2746 hanc
3122 2706 3187 2746 ae
3246 2691 3495 2761 regulam
3535 2690 3604 2744 ad
3633 2689 3701 2760 .id

2112 2786 2296 2840 utilem
2330 2788 2619 2859 proponit;
2655 2787 3087 2858 quotiescunque
3125 2782 3193 2837 de
3237 2781 3582 2845 Jerusalem,
3614 2783 3700 2834 vc‘

2111 2870 2321 2941 Judzea,
2360 2879 2443 2933 vel
2473 2878 2705 2943 lsraele,
2740 2877 2823 2931 vel
2857 2876 3029 2931 Jacob
3077 2875 3451 2929 vaticinantur
3492 2873 3700 2943 aliquid

2113 2969 2404 3037 prophetae,
2460 2970 2561 3025 hoc
2617 2984 2683 3025 ex
2722 2969 2891 3037 ipsius
2929 2966 3081 3022 Pauli
3136 2965 3385 3022 instituto
3434 2966 3501 3019 ad
3534 2960 3701 3020 eccle-

2120 3059 2308 3116 lestem
2355 3060 2680 3128 Jerusalem,
2727 3061 2808 3117 vel
2855 3060 3118 3127 Judaeam,
3175 3060 3260 3117 ve!
3305 3060 3585 3127 lsraelem,
3619 3060 3703 3116 vel

2038 3171 2080 3229 α
2114 3149 2283 3208 Jacob
2327 3154 2620 3225 anagogice
2679 3168 2802 3209 esse
2845 3153 3226 3218 referendum;
3271 3163 3323 3208 et
3365 3152 3481 3223 pari
3537 3153 3703 3207 etiam

2116 3244 2277 3298 modo
2297 3258 2633 3313 qumcunque
2663 3246 2729 3299 de
2772 3243 3008 3314 Algypto
3031 3280 3047 3305 ,
3080 3242 3386 3314 Babylone,
3446 3244 3600 3315 Ter
3647 3256 3701 3299 et

2117 3334 2318 3390 Sidone
2364 3335 2622 3405 praedicta
2666 3344 2794 3390 sunt
2826 3350 2840 3388 :
2875 3350 2997 3389 cum
3032 3335 3083 3388 in
3118 3334 3257 3389 cado
3299 3335 3401 3389 loci
3437 3336 3552 3389 sint
3593 3346 3701 3391 ter-

2117 3426 2262 3483 renis
2284 3427 2403 3482 istis
2429 3430 2807 3497 cognomines,
2842 3442 2907 3482 ac
2940 3427 3180 3481 locorqu
3215 3409 3339 3481 ἱειοῖ
3353 3443 3443 3481 um
3483 3426 3701 3486 incnic.

2117 3522 2312 3576 anima:
2356 3521 2625 3575 videlicet.
2684 3521 2924 3589 Denique
2979 3519 3161 3575 multis
3229 3521 3577 3591 interposrtis
3626 3523 3705 3574 sic

2116 3611 2389 3667 concludit
2420 3628 2434 3665 :
2477 3629 2496 3662 ι
2530 3609 2668 3666 Sunt
2691 3610 2936 3679 quardam
2964 3625 3198 3681 quorum
3230 3611 3707 3681 significationem

2116 3697 2333 3768 proprie
2366 3697 2548 3751 nullus
2572 3698 2793 3753 omnino
2827 3709 3009 3767 potest
3047 3700 3293 3753 humana:
3344 3699 3545 3771 lingute
3591 3715 3709 3755 ser-

2118 3789 2372 3844 monibus
2403 3788 2697 3858 explicare,
2733 3792 2827 3844 sed
2853 3789 3184 3858 simpliciore
3207 3790 3377 3860 magis
3402 3790 3711 3852 intellectu,

2117 3897 2283 3951 quam
2330 3881 2456 3937 ullis
2510 3882 2803 3938 verborum
2856 3883 3282 3953 proprietatibus
3326 3884 3712 3941 declarantur.

2117 3974 2197 4027 Ad
2232 3988 2395 4042 quam
2432 3973 2672 4044 regulam
2712 3973 2877 4028 etiam
2912 3974 3222 4029 divinarum
3252 3975 3573 4030 litterarum
3622 3977 3709 4031 in-

2121 4065 2413 4137 teliigentia
2444 4066 2729 4121 retinenda
2754 4076 2859 4133 est,
2889 4082 2999 4137 quo
3028 4069 3234 4123 scilicet
3271 4084 3333 4124 ea
3356 4085 3481 4139 qum
3514 4072 3712 4123 dicun-

2119 4166 2223 4224 tur,
2270 4172 2379 4211 non
2416 4173 2514 4227 pro
2541 4157 2779 4211 utilitate
2810 4160 3113 4223 sermonis,
3147 4160 3240 4214 sed
3290 4175 3387 4229 pro
3418 4160 3714 4215 divinitate

2117 4248 2289 4303 sancti
2324 4248 2583 4318 Spiritus,
2632 4250 2722 4319 qui
2758 4264 2852 4305 cas
2898 4251 3173 4307 conscribi
3220 4251 3555 4322 inspiravit,
3584 4267 3715 4308 cen-

2116 4349 2362 4396 SCﬂDlUl‘.
2396 4359 2414 4393 1

2186 4431 2271 4486 ΙΙΙ.
2308 4433 2517 4503 (57ο37)
2548 4434 2758 4491 Primus
2787 4436 2928 4490 hunc
2956 4433 3374 4504 interpretanda:
3408 4434 3713 4504 Scriptura

432 4544 585 4584 mus:
612 4529 793 4598 inepte
814 4541 1029 4597 quoque
1045 4534 1099 4581 et
1120 4524 1320 4580 insulse
1338 4521 1483 4576 credi
1504 4520 1671 4573 Deum
1698 4517 1749 4571 in
1766 4516 2017 4587 paradiso
2049 4515 2093 4570 ὓ
2124 4538 2325 4579 morem
2384 4524 2646 4595 Origenes
2710 4545 2816 4581 non
2876 4526 3102 4581 invexit.
3180 4526 3383 4581 Scribit
3439 4526 3712 4584 Eusebius

434 4618 713 4687 plantasse
740 4619 988 4682 arbores,
1016 4626 1206 4669 eteam
1235 4627 1357 4683 qua:
1387 4610 1512 4666 vitae
1546 4610 1778 4676 dicitur,
1812 4617 1866 4662 ct
1895 4621 2014 4677 qua:

431 4712 716 4766 scientiam
753 4709 883 4765 boni
914 4717 971 4763 et
1001 4707 1128 4761 mali
1170 4704 1495 4769 continere;
1530 4702 1702 4756 Deum
1735 4709 1859 4770 post
1901 4713 2016 4753 mc-

432 4803 628 4858 ridiem
662 4800 971 4856 ambulasse
996 4799 1046 4852 in
1079 4799 1269 4861 horto,
1318 4806 1374 4849 et
1402 4793 1631 4849 Cainum
1662 4807 1693 4845 a
1748 4790 1893 4846 facie
1917 4789 2012 4844 Dei

431 4895 691 4959 exivisse,
738 4906 861 4961 qua:
905 4906 936 4944 a
992 4889 1148 4944 nobis
1195 4887 1307 4942 fere
1352 4895 1586 4941 tractata
1640 4893 1769 4939 sunt
1802 4899 1815 4934 :
1846 4882 2013 4937 multa

432 4982 699 5054 ejusmodi
731 4997 888 5052 posse
922 4979 1102 5050 colligi
1150 4994 1180 5035 e
1222 4978 1557 5048 Scripturis,
1608 4994 1627 5028 ‹
1666 4992 1785 5046 qua:
1812 4976 2011 5044 scripta

432 5084 559 5131 sunt
619 5076 838 5145 quidem
891 5086 1148 5145 tanquam
1205 5072 1384 5137 facta,
1435 5088 1541 5126 non
1591 5079 1769 5123 tamen
1818 5084 2013 5123 secun-

432 5169 559 5221 dttm
588 5167 875 5223 historiam
928 5176 1302 5237 competenter
1345 5174 1401 5218 et
1452 5161 1849 5217 rationabiliter
1898 5159 2013 5214 fieri

436 5261 679 5329 potuisse
706 5261 978 5316 credenda
1004 5270 1131 5316 sunt
1159 5277 1173 5313 :
1209 5280 1225 5311 ι
1258 5257 1417 5325 hujus
1444 5257 1662 5329 generis
1690 5269 1836 5319 esse,
1869 5253 2013 5322 quod

433 5365 619 5414 narrat
650 5354 1024 5424 Evangciium,
1061 5353 1112 5407 in
1150 5350 1430 5407 excelsum
1463 5359 1701 5403 montem
1737 5361 1765 5399 a
1797 5345 2015 5400 diabolo

431 5454 614 5509 Jesum
644 5463 765 5504 csse
800 5448 1152 5509 subvectum,
1202 5453 1260 5496 ut
1315 5441 1565 5495 universa
1616 5436 1800 5493 mundi
1850 5451 2012 5507 regna

502 5589 549 5620 τι
584 5586 755 5641 Exod.
792 5582 1019 5645 μελε).
1110 5581 1156 5614 ⁷³
1183 5580 1224 5637 il
1258 5580 1413 5637 Esdr.
1448 5595 1569 5649 xm,
1600 5579 1686 5636 li).

436 5661 481 5691 ⁷⁸
508 5657 525 5710 Ι
548 5660 675 5715 Cor.
702 5672 799 5722 vn,
837 5656 930 5709 18.

1764 5576 1968 5647 “.Luc.
2002 5594 2055 5645 ιι,
2084 5578 2137 5632 4.

2122 4612 2219 4667 lib.
2270 4629 2306 4667 II
2354 4612 2497 4667 Hist.
2545 4616 2754 4681 eccles.,
2805 4630 2929 4685 cap.
2960 4616 3047 4679 i7,
3079 4614 3247 4669 multa
3308 4615 3603 4672 Philonem
3650 4620 3715 4673 de

2123 4703 2481 4775 Therapeutis
2507 4708 2623 4777 (qui
2667 4719 2863 4763 ascetae
2897 4720 3052 4763 erant
3081 4706 3371 4762 Christiani
3410 4706 3713 4780 Algyptum

2126 4798 2444 4867 incolentes)
2476 4814 2904 4855 commemorare
2930 4818 2944 4861 ;
2982 4800 3076 4854 sed
3108 4799 3237 4854 illud
3277 4801 3558 4870 prxeipue
3581 4844 3596 4865 ,
3630 4814 3711 4857 to-

2125 4902 2207 4947 tos
2242 4892 2293 4947 in
2334 4894 2685 4947 meditatione
2717 4893 3075 4963 philosophia
3112 4892 3229 4947 dies
3271 4892 3572 4948 traducere
3622 4911 3711 4950 so-

2126 4984 2279 5037 litum
2313 4982 2479 5039 fuisse
2523 4983 2675 5053 ipsis,
2724 4995 2781 5039 et
2822 4985 2873 5039 in
2929 4990 3215 5054 praeceptis
3258 4985 3553 5054 sapientia
3612 4990 3712 5043 sibi

2129 5074 2340 5129 traditis
2390 5074 2680 5144 allegorice
2726 5074 3103 5145 explicandis;
3140 5074 3341 5145 quippe
3392 5078 3486 5145 qui
3545 5079 3709 5131 verba

2125 5164 2502 5220 existimarent
2528 5165 2682 5235 signa
2709 5181 2834 5221 esse
2867 5180 3047 5221 rerum
3071 5166 3403 5232 abditarum,
3426 5181 3553 5236 qua:
3581 5169 3713 5222 alle-

2123 5257 2399 5324 goriarum
2431 5273 2533 5327 ope
2558 5258 2666 5313 sint
2689 5260 2941 5315 eruenda:
2971 5276 2985 5311 :
3019 5268 3181 5328 atque
3204 5261 3343 5315 hanc
3372 5274 3541 5327 porro
3578 5277 3710 5317 con-

2122 5347 2464 5401 suetudinem
2489 5348 2530 5401 Τ
2539 5350 2863 5415 herapeutas
2890 5349 3011 5403 illos
3034 5364 3062 5402 a
3090 5348 3383 5418 majoribus
3406 5352 3711 5422 accepisse.

2121 5439 2168 5491 οἳ
2198 5439 2290 5509 τῆς
2322 5440 2585 5511 αἱρέσεως
2616 5441 2818 5496 τούτων
2852 5443 3152 5513 ἀρχηγέται
3180 5443 3463 5513 γενόμενοι
3486 5482 3501 5505 ,
3535 5444 3709 5498 πολλα

2215 5583 2261 5615 ⁷⁸
2290 5581 2483 5641 Matth.
2530 5600 2585 5651 χ,
2624 5584 2711 5639 i0.
2789 5585 2837 5618 "
2880 5585 3071 5641 Matth.
3104 5601 3157 5651 ν,
3193 5584 3285 5641 59.
3363 5586 3409 5616 τ’
3451 5586 3591 5642 ibid.
3620 5586 3707 5642 39.

504 5769 713 5838 (ὅτ-57)
758 5767 971 5822 Primus
1001 5769 1137 5822 hunc
1162 5767 1571 5835 interpretamur
1612 5764 1917 5837 Scriptum,
1950 5778 2144 5819 morem
2191 5762 2440 5836 Origencs
2479 5781 2576 5821 nou
2620 5766 2836 5821 iuverit.
2883 5764 3430 5838 Videfmialioncm
3462 5767 3597 5823 tomi
3629 5779 3707 5822 se.

433 5840 617 5907 eundi,
648 5841 748 5896 sub
779 5841 963 5909 iincm,
1002 5840 1237 5895 articulo
1261 5840 1317 5893 6.
