3860 6226
212 348 342 412 ιοθί

1052 348 1625 417 ORIGENIANORUM
1670 358 1799 413 Lnt.
1837 356 1904 425 Ii,
1946 354 2098 411 car.
2142 354 2206 417 n,
2246 344 2523 421 QUAZST.
2569 340 2707 410 xui.

3334 349 3471 407 1070

213 482 455 553 μνήμεῖα
488 484 586 553 τῆς
621 481 679 535 ὲν
727 485 834 547 τοῖς
883 483 1367 556 ἁλληγορουμὲνοις
1426 485 1565 549 ἰδέας
1611 484 1785 539 ἀπέλι-

1904 498 1921 531 ι
1959 480 2061 546 Qui
2094 489 2148 533 et
2192 480 2413 533 idoneus
2469 495 2569 533 nos
2619 477 2748 534 fecit
2804 476 3083 532 ministros
3108 472 3239 529 Novi
3270 452 3469 527 'l‘esta-

211 591 336 627 πον.
364 594 382 626 ι
407 574 506 641 Qui
532 576 952 643 sectae-ipsorum
980 589 1229 632 auctores
1253 578 1418 631 multa
1444 590 1789 632 monumenta

211 666 472 720 doctrina:
523 667 574 719 in
620 666 895 735 allegoriis
942 671 1133 737 positae
1188 670 1543 739 reliquerunt.
1596 690 1613 722 ι
1678 669 1791 725 Hoc

209 757 387 825 ipsum
418 758 620 812 clarius
657 756 939 813 Philonem
963 760 1047 815 his
1083 762 1263 815 verbis
1296 771 1542 829 repetere
1582 762 1659 815 ait
1693 761 1792 813 ali-

208 848 409 916 quibus
453 848 749 918 interiectis
782 849 1045 903 Eusebius
1083 868 1096 902 :
1148 853 1211 905 At
1246 851 1301 903 δὲ
1353 851 1641 923 ἐξηγήσεις
1682 852 1790 907 τῶν

210 938 371 1009 ἱερῶν
422 939 768 1011 Γραμμὰτων
815 952 1052 1009 γινονται
1099 942 1283 1006 αὐτοῖς
1317 942 1382 996 δι’
1418 942 1680 996 ὑπονοιῶν
1731 944 1790 995 ὲν

208 1030 581 1103 ἀλληγορίαις.
634 1032 854 1085 Ἅπασα
904 1032 1014 1105 γὰρ
1059 1036 1091 1105 ἡ
1143 1033 1432 1104 νομοθεσία
1485 1035 1633 1087 δοκεί
1678 1036 1789 1097 τοῖς

209 1122 434 1193 ἀνδράσι
458 1122 668 1185 τούτοις
708 1124 941 1177 ἐοικέναι
990 1122 1140 1195 ξώῳ·
1176 1126 1271 1178 καὶ
1304 1125 1463 1196 σῶμα
1501 1127 1597 1196 μὲν
1641 1125 1784 1196 ἔχειν

206 1215 308 1278 τὰς
346 1216 512 1286 ῥητὰς
558 1214 751 1281 λέξεις,
798 1216 973 1288 ψυχὴν
1012 1217 1069 1270 δὲ
1099 1217 1187 1272 τὸν
1218 1219 1637 1290 ἐναποκεέμενον
1669 1222 1788 1282 ταῖς

209 1308 420 1374 λέξεσιν
457 1309 689 1381 ἀόρατον
714 1308 858 1362 νοῦν.
895 1328 913 1360 ι
941 1311 1370 1379 lnterpretautur
1398 1323 1573 1365 autem
1604 1327 1788 1366 sacras

209 1403 519 1470 Scripturas
546 1403 771 1469 lignrate
812 1418 910 1471 per
946 1401 1260 1471 allegorias.
1295 1403 1559 1457 Universa
1586 1403 1787 1473 quippe

209 1494 298 1548 lex
328 1494 460 1547 viris
507 1492 614 1548 illis
653 1493 870 1548 animali
908 1493 1099 1547 similis
1126 1506 1247 1549 esse
1281 1494 1493 1548 videtur
1533 1502 1547 1549 ι
1586 1504 1641 1549 et
1674 1510 1791 1548 cor-

209 1601 310 1656 pus
337 1586 557 1655 quidcm
612 1586 727 1654 ipsa
756 1600 875 1640 esse
927 1586 1113 1654 verba,
1162 1587 1400 1640 animam
1447 1596 1625 1640 autem
1667 1602 1788 1642 esse

208 1678 616 1733 delitescentem
658 1687 712 1731 et
759 1678 1028 1733 occultum
1081 1693 1337 1744 sensum,
1383 1679 1477 1748 qui
1519 1681 1785 1749 aspectari

208 1782 316 1822 non
340 1778 534 1836 potest.
572 1786 591 1820 ι
628 1766 797 1833 Quam
828 1768 1239 1823 similitudinem
1275 1768 1541 1839 Origenes
1570 1786 1785 1843 quoque

207 1860 509 1929 usurpavit,
563 1869 623 1914 ut
663 1861 917 1930 superius
963 1862 1169 1915 dictum
1208 1870 1307 1915 est.
1342 1862 1533 1932 itaque
1561 1862 1605 1921 si
1638 1877 1785 1922 stare
1817 1850 1859 1904 Β

205 1953 439 2007 velimus
463 1954 512 2007 id
536 1956 677 2022 quod
706 1954 897 2009 scribit
932 1955 996 2007 de
1030 1953 1250 2009 Philone
1287 1952 1512 2014 PhOtius
1542 1961 1662 2014 cod.
1696 1975 1783 2025 cv,

220 2044 312 2109 Ἐξ
336 2038 416 2109 οὗ,
448 2041 599 2116 οἶμαι
617 2086 630 2108 ,
655 2046 748 2099 xui.
779 2047 886 2110 πᾶς
912 2046 940 2098 ὁ
971 2046 1327 2124 ἁλληγορικὸς
1359 2052 1456 2124 τῆς
1477 2046 1699 2123 Γραςρἧς
1728 2054 1785 2106 ἐν

206 2140 272 2207 τῇ
318 2137 612 2208 Ἐκκλησὶᾳ
634 2137 800 2206 λόγος’
820 2138 977 2212 ἔσχεν
1007 2146 1180 2216 ἀρχὴν
1205 2145 1505 2215 εἰσρυῆναι.
1545 2163 1564 2195 ί
1595 2145 1672 2199 Ex
1699 2160 1784 2208 eo,

207 2230 422 2298 opinor,
472 2230 653 2287 omnis
703 2228 990 2304 allegorica
1027 2235 1322 2304 Scriptura:
1364 2236 1786 2304 interpretanda:

210 2322 349 2376 ratio
376 2322 428 2379 iu
450 2323 747 2382 Beclesiam
774 2328 1009 2383 irruendi
1038 2329 1226 2383 habuit
1251 2329 1497 2393 initium;
1530 2350 1549 2382 ι
1574 2330 1786 2401 etquod

209 2412 287 2470 ait
314 2407 1040 2482 Bellarminus,Testameuti
1065 2410 1277 2475 Veteris
1316 2416 1625 2490 Scripturas
1663 2420 1789 2476 Plii-

214 2509 392 2564 lonem
417 2510 650 2579 primum
676 2513 1013 2581 exposuisse,
1041 2512 1113 2565 ita
1141 2512 1523 2580 accipiendum
1554 2522 1656 2577 est,
1682 2514 1791 2582 pri-

214 2619 361 2656 mum
393 2618 577 2658 eorum
602 2619 723 2659 esse
755 2602 1054 2667 Philonem,
1080 2620 1310 2675 quorum
1334 2605 1699 2674 expositiones
1733 2607 1786 2660 in

214 2693 621 2750 Testamentum
654 2696 821 2751 Vetus
866 2696 931 2749 ad
978 2695 1117 2749 hanc
1149 2704 1362 2750 mtatem
1407 2706 1791 2764 pervenerunt.

212 2787 345 2842 Cum
377 2798 586 2842 veteres
620 2803 749 2857 ergo
765 2789 1097 2858 therapeuta:
1113 2788 1375 2857 majorum
1396 2806 1616 2845 suorum
1641 2790 1793 2844 insti-

214 2891 327 2935 tuta
343 2890 731 2951 persequentes
746 2877 1081 2952 Scripturam
1116 2882 1423 2954 allegoricis
1458 2874 1792 2952 explanatio-

215 2974 373 3028 nibus
394 2973 753 3041 illustrarent,
779 2978 919 3030 hanc
942 2975 1009 3028 ab
1032 2964 1135 3029 illis
1157 2977 1604 3030 consuetudinem
1631 2989 1788 3031 acce-

214 3067 356 3132 pisse
382 3065 660 3122 Philonem
692 3068 863 3136 ipsum
892 3060 1178 3124 verisimile
1194 3079 1298 3134 est,
1327 3067 1479 3137 cujus
1506 3067 1791 3123 luculentas

1897 572 2211 633 menti.non
2237 570 2452 636 littera),
2494 571 2587 626 sed
2624 564 2847 639 spiritus
2883 588 2896 622 :
2933 556 3112 624 littera
3160 565 3303 621 enim
3330 564 3474 617 occi-

1893 664 1989 728 dit,
2048 663 2269 732 spiritus
2320 674 2501 717 autem
2553 662 2785 717 viviﬁcat
2821 681 2833 715 :
2876 680 2895 713 ι
2928 670 2983 715 et
3033 660 3244 728 reliquo
3296 655 3474 724 capite

1892 770 1957 809 ac
2008 758 2299 825 sequenti,
2354 770 2423 809 ex
2478 769 2585 824 quo
2622 753 2748 808 illud
2797 754 3069 823 prtccipue
3117 748 3469 821 usurpabat:

1898 866 1917 897 ι
1962 847 2236 902 llabemus
2275 857 2453 901 autem
2492 848 2808 901 thesaurum
2841 847 3000 899 istum
3033 846 3086 899 in
3116 845 3258 899 vasis
3287 844 3472 899 fictili-

1891 940 1993 994 bus
2036 940 2081 972 ’θ
2118 956 2132 993 :
2182 959 2201 991 ›
2245 939 2427 993 ethoc
2474 944 2637 993 etiam
2675 938 2841 993 eCol.
2870 954 2932 1002 tt,
2966 936 3052 1002 16,
3088 938 3196 992 17:
3242 955 3259 988 ι
3300 936 3471 991 Nemo

1891 1047 2019 1101 ergo
2064 1046 2161 1086 vos
2190 1030 2402 1100 judicet
2438 1032 2489 1083 in
2522 1031 2643 1085 cibo
2682 1040 2773 1084 aut
2810 1032 2861 1084 in
2894 1041 3046 1100 potu,
3095 1040 3187 1084 aut
3220 1032 3271 1083 in
3319 1040 3472 1099 parte

1890 1126 1992 1178 dici
2019 1165 2034 1189 ,
2084 1133 2176 1177 aut
2209 1125 2540 1189 neomeuize,
2580 1135 2673 1177 aut
2726 1123 3086 1179 Sabbatorum
3127 1140 3140 1176 :
3178 1137 3299 1192 quae
3348 1133 3473 1175 sunt

1889 1218 2081 1270 umbra
2110 1215 2439 1280 futurorum,
2467 1232 2666 1285 corpus
2707 1226 2887 1271 autem
2929 1216 3153 1278 Christi,
3186 1235 3204 1265 ι
3243 1214 3471 1283 aliisque

1889 1308 2093 1374 multis,
2121 1323 2241 1377 qum
2281 1308 2371 1361 lib.
2410 1324 2463 1363 tv
2520 1308 2593 1362 De
2647 1309 2850 1377 princip
2882 1349 2896 1373 ,
2937 1323 3054 1375 cap.
3090 1307 3145 1371 2,
3185 1307 3352 1360 etlib.
3418 1321 3471 1359 tv

1890 1408 2060 1453 contr.
2093 1398 2255 1465 Cels.,
2284 1416 2435 1454 num.
2467 1400 2560 1467 44,
2608 1401 2926 1455 recitantur.
2959 1399 3227 1454 Nonnulla
3252 1412 3471 1469 quoque

1889 1491 2151 1561 Joannes,
2187 1494 2445 1549 nonnulla
2478 1496 2639 1550 etiam
2666 1495 2916 1551 Christus
2944 1494 3199 1549 Domitius
3220 1495 3284 1549 ad
3333 1494 3471 1549 alle-

1890 1601 2094 1654 goriam
2149 1587 2412 1641 trahenda
2466 1588 2692 1642 docuit:
2732 1585 2929 1657 quibus
2984 1573 3245 1655 exemplis
3292 1585 3465 1641 fretus

1889 1677 2149 1748 Origenes
2178 1679 2230 1737 in
2263 1679 2553 1752 allegorias
2576 1682 2787 1753 poterat
2820 1694 3136 1743 excurrere.
3170 1679 3211 1736 si
3241 1678 3463 1735 modum

1895 1771 2175 1830 tenuisset.
2225 1774 2295 1828 At
2337 1774 2528 1830 Celsus
2570 1775 2835 1843 ejusmodi
2886 1775 3358 1844 interpretationes
3413 1774 3465 1827 in

1890 1867 2216 1923 calumniam
2256 1862 2531 1936 trahebat,
2555 1884 2676 1923 cum
2710 1870 2915 1924 diceret
2940 1868 3103 1921 multa
3132 1868 3182 1921 in
3215 1867 3462 1936 Scriptu-

1891 1961 1967 2015 ris
2017 1960 2203 2015 haberi
2234 1960 2508 2016 honestati
2554 1978 2763 2017 morum
2813 1977 3002 2031 parum
3053 1970 3467 2024 consentanea,

1890 2052 2066 2122 iisque
2112 2040 2490 2123 allegoria‘rum
2540 2063 2858 2124 praetextum
2896 2068 2927 2107 a
2976 2050 3179 2108 Judteis
3222 2063 3278 2108 et
3308 2038 3470 2109 Chri-

1891 2143 2086 2199 Stianis
2136 2130 2385 2198 consulto
2421 2132 2664 2208 obtendi,
2696 2161 2818 2199 cum
2868 2160 3081 2199 omnem
3140 2154 3318 2200 tamen
3349 2132 3472 2201 alle-

1892 2237 2096 2305 goriam
2129 2240 2468 2307 respuerent,
2496 2254 2557 2292 ac
2582 2253 2743 2292 merae
2771 2246 2953 2292 essent
2976 2236 3192 2294 fabulae.
3225 2238 3472 2308 Respon-

1894 2329 1983 2382 det
2017 2327 2279 2399 (lrigenes
2309 2330 2361 2383 in
2396 2346 2513 2385 eam
2546 2332 2896 2395 sententiam,
2918 2332 3177 2400 quasdam
3214 2332 3471 2387 historias

1893 2418 2210 2474 historicum
2237 2420 2524 2491 complecti
2559 2436 2801 2485 sensum,
2837 2423 3099 2490 quasdam
3137 2421 3316 2477 dedita
3339 2436 3472 2489 ope-

1894 2526 1953 2565 ra
1989 2513 2055 2566 ad
2086 2512 2137 2566 id
2163 2526 2283 2567 esse
2316 2513 2567 2581 scriptas,
2607 2522 2663 2566 ut
2692 2511 2976 2583 allegorice
3008 2514 3467 2583 interpretentur:

1894 2603 1978 2657 cui
2026 2603 2209 2658 multis
2259 2590 2552 2673 Scriptura:
2594 2602 2726 2659 locis
2776 2604 2932 2659 ﬁdem
2968 2603 3120 2659 facit.
3159 2604 3295 2659 Tum
3340 2606 3468 2677 quia

1895 2694 2173 2763 adjecerat
2215 2691 2403 2751 Celsus
2429 2696 2771 2765 conscriptas
2815 2696 2868 2750 in
2896 2696 3062 2753 libros
3116 2712 3302 2754 sacros
3331 2699 3466 2753 alle-

1893 2787 2075 2858 gorias
2101 2796 2287 2859 turpes
2332 2802 2453 2843 esse
2478 2798 2532 2843 et
2568 2788 2850 2853 absurdas,
2886 2790 2988 2844 hoc
3014 2790 3065 2843 in
3096 2788 3344 2846 Philonis
3385 2792 3469 2847 vel

1891 2866 2184 2934 Aristobuli
2213 2882 2635 2936 commentarios
2661 2880 2867 2951 jactum
2914 2882 3225 2952 suspicatur
3268 2882 3464 2953 Orige-

1893 2988 1988 3028 nes
2009 2972 2077 3027 ab
2105 2972 2316 3042 impuro
2341 2973 2583 3042 sophista
2611 3012 2627 3039 ,
2658 2973 2910 3043 quamvis
2943 2981 3109 3028 multa
3139 2974 3262 3029 inde
3290 2975 3467 3031 (ἔτωοί

1890 3062 2195 3134 philosophi
2239 3079 2366 3120 suos
2412 3064 2464 3119 in
2512 3080 2643 3121 usus
2688 3066 3060 3135 excerpserint
3096 3086 3109 3122 :
3144 3065 3468 3123 Numenium

214 3162 267 3213 in
294 3158 626 3229 Scripturam
653 3156 918 3229 allegoriae
946 3169 1256 3229 supersunt.
1278 3146 1621 3215 Aristobulus
1648 3174 1785 3229 quo-

1892 3169 2109 3222 quoqne
2133 3153 2554 3225 Pythagoreum,
2577 3156 2845 3228 πολλαχοῦ
2875 3156 2982 3211 τῶν
3018 3161 3469 3231 συγγραμμάτων

211 3266 319 3318 que
346 3247 562 3304 Judaeus
596 3248 819 3305 Philone
847 3252 1108 3305 vetustior
1138 3252 1551 3308 commentariis
1591 3253 1704 3307 suis
1731 3252 1786 3308 in

212 3340 636 3394 Pentateuchum
663 3340 883 3413 Moysis,
912 3340 1534 3409 allegoriasinseruerat.
1559 3344 1628 3397 At
1657 3342 1788 3398 Por-

213 3432 440 3502 phyrius
486 3434 623 3501 apud
654 3435 901 3487 eumdem
971 3432 1260 3487 Eusebium
1311 3434 1405 3488 lih.
1453 3449 1502 3489 v1
1556 3434 1783 3500 Histor.,

211 3540 332 3593 cap.
370 3525 457 3591 19,
483 3523 649 3579 refert
672 3524 961 3596 Origenem
993 3541 1057 3580 ex
1085 3525 1299 3580 assidua
1331 3526 1590 3581 librorum
1626 3526 1785 3581 Chae-

211 3616 452 3673 remouis
487 3617 699 3683 Stoici,
749 3627 803 3672 et
848 3615 1071 3672 Cornuti
1117 3618 1478 3684 tractatione,
1532 3619 1784 3673 haustum

212 3708 358 3763 lumc
412 3708 791 3779 allegoriarum
852 3709 1065 3762 modum
1102 3710 1167 3763 ad
1224 3708 1538 3778 Scripturas
1596 3724 1783 3765 sacras

214 3802 575 3855 transtulisse.
611 3801 719 3855 Cur
748 3817 850 3855 non
878 3812 933 3854 et
966 3814 1032 3855 eo
1064 3801 1351 3870 impulsum
1380 3802 1555 3856 dicam
1586 3800 1785 3856 Metro-

210 3893 328 3946 dori
386 3890 731 3964 Lampsaceni
768 3893 1052 3962 exemplo,
1082 3907 1240 3961 quem
1288 3903 1475 3947 narrat
1524 3892 1784 3949 Tatianus

212 3995 386 4039 totum
418 3980 704 4040 Homerum
731 3985 783 4039 in
812 3984 1094 4052 allegorias
1124 3988 1371 4051 traxisse,
1402 3995 1456 4040 ct
1481 3984 1785 4041 Heraclidis

209 4072 417 4132 Pontici
447 4078 854 4134 llomericarum
874 4077 1255 4147 allegoriarutn
1275 4078 1597 4148 scriptoris?
1622 4076 1789 4146 Equi-

210 4172 333 4226 dem
388 4182 583 4241 praeter
634 4173 914 4241 superiora
960 4174 1186 4229 Paulum
1241 4173 1514 4241 praecipue
1565 4170 1783 4239 Origeni

210 4275 486 4319 auctorem
517 4264 681 4319 fuisse
704 4280 921 4327 censeo,
953 4280 1048 4320 cur
1074 4264 1395 4334 allegoricas
1420 4263 1787 4333 expositiones

211 4369 564 4413 sectaretum
604 4358 650 4413 is
696 4374 929 4426 namque
968 4356 1020 4411 in
1062 4356 1298 4426 Epistola
1341 4355 1407 4409 ad
1441 4354 1663 4410 Galatas
1691 4370 1788 4425 per

210 4450 532 4519 allegoriam
570 4449 709 4503 dicta
729 4449 934 4513 sciscit,
964 4465 1085 4519 qua:
1117 4450 1168 4503 iu
1200 4447 1476 4518 Scriptura
1512 4448 1578 4502 de
1602 4446 1786 4501 lsaaco

1888 3248 2049 3301 αὐτοῦ
2086 3247 2429 3319 ὲκτιθέμενον
2484 3250 2552 3303 τὰ
2580 3250 2855 3313 Μωῦσέως
2884 3250 2977 3304 καὶ
2998 3250 3107 3304 τῶν
3153 3253 3468 3324 προφητῶν,

1889 3341 1982 3393 καὶ
2007 3340 2106 3393 οὐκ
2138 3339 2415 3404 ἀπιθάνως
2438 3340 2578 3395 αὐτὰ
2623 3341 3076 3412 τροπολογοῦντα.
3132 3343 3309 3413 Atque
3355 3346 3471 3400 ltme

1887 3433 2215 3487 Adamantio
2260 3433 2328 3487 ad
2386 3433 2849 3501 interpretandam
2896 3434 3187 3506 allegorice
3218 3435 3469 3507 Scriptu—

1887 3540 2002 3577 ratn
2037 3524 2294 3579 alluxisse
2325 3524 2497 3579 facem
2532 3525 2763 3595 reperio.
2797 3524 2914 3592 Quo
2963 3543 3085 3581 eum
3124 3528 3291 3583 etiam
3335 3534 3461 3599 per-

1889 3616 2024 3683 pulit
2053 3616 2281 3685 praebita
2312 3632 2340 3669 a
2375 3615 2651 3673 lllarcione
2685 3620 2899 3674 occasio
2926 3658 2941 3683 ,
2986 3620 3248 3690 pestifero
3297 3622 3471 3677 haeres

1890 3708 2019 3772 tico,
2041 3708 2258 3777 quicum
2277 3711 2552 3777 perpetuis
2586 3710 2989 3766 velitationibus
3017 3711 3466 3769 conﬂictabatur:

1890 3800 1936 3853 is
1969 3799 2111 3852 enim
2138 3814 2263 3854 cum
2305 3799 2592 3870 allegorias
2620 3816 2650 3855 a
2697 3800 2998 3871 Scripturze
3034 3804 3470 3872 expositionibus

1889 3891 2107 3959 penitus
2136 3892 2474 3957 excluderet,
2512 3892 2627 3960 ejus
2652 3894 2997 3962 oppugnandi
3035 3894 3217 3948 studio
3245 3906 3465 3950 contra-

1890 3982 1968 4035 ria
1999 3982 2179 4037 omnia
2211 3993 2434 4038 secutus
2466 3994 2573 4048 est,
2604 3984 2985 4055 allegoriisque
3014 3988 3265 4042 consulto
3289 3988 3470 4044 indul-

1888 4074 1976 4127 sit.
2004 4075 2157 4141 Ωιιοά
2188 4083 2242 4130 et
2271 4077 2535 4132 adversus
2571 4076 2767 4133 litterae
2813 4088 3113 4135 sectatores
3137 4078 3340 4135 iactum
3393 4083 3462 4137 ah

1888 4179 1955 4219 eo
1983 4166 2258 4237 conjicere
2286 4167 2412 4222 licet
2436 4183 2504 4223 ex
2535 4168 2601 4224 iis
2626 4184 2747 4239 qua:
2787 4169 3009 4226 bomllia
3048 4172 3135 4236 14,
3166 4173 3221 4227 in
3248 4172 3466 4231 chitic.

1889 4258 2003 4328 ipse
2028 4260 2376 4329 conscripsit.

1959 4348 2047 4402 ιν.
2077 4351 2189 4421 (58)
2208 4350 2459 4404 Attamen
2486 4352 2796 4408 accuratius
2824 4353 3026 4424 scripta
3052 4354 3170 4425 ejus
3196 4357 3467 4413 evolventi

1889 4441 2057 4496 multa
2088 4453 2400 4506 occurrent,
2433 4444 2483 4496 in
2525 4444 2720 4512 quibus
2741 4460 2895 4500 suam
2921 4446 3117 4502 littera:
3145 4448 3471 4517 dignitatem

207 4552 263 4595 et
290 4540 535 4603 lsiuaele,
580 4540 680 4593 hoc
710 4556 775 4593 ex
802 4540 994 4593 ancilla
1029 4552 1183 4605 nato,
1216 4539 1306 4593 illo
1344 4554 1373 4592 e
1404 4538 1597 4601 libera,
1630 4551 1779 4591 com-
1814 4538 1858 4593 D
1890 4541 2089 4597 servat,
2126 4542 2180 4588 et
2220 4535 2285 4590 de
2328 4551 2390 4588 ea
2416 4550 2571 4602 aequa
2603 4553 2664 4591 ac
2699 4546 2847 4591 recta
2881 4538 3109 4601 scribit;
3144 4540 3466 4595 historicum

210 4646 601 4688 memorantur.
624 4632 749 4688 Inde
766 4633 1025 4703 Origenes
1054 4633 1148 4687 lib.
1179 4648 1231 4686 tv
1248 4643 1413 4685 contr.
1445 4629 1608 4694 (ἶριεη
1632 4645 1782 4683 num.

204 4726 273 4778 44
327 4743 339 4777 :
381 4724 616 4795 Νύμφας
670 4742 727 4777 τε
770 4724 865 4778 καὶ
905 4722 1291 4794 Θεραπαινίδας
1353 4722 1650 4790 ἀνάγεσθαι
1684 4723 1783 4775 ὲπί

206 4818 563 4887 τροπολογίαν
596 4818 694 4887 οὐχ
720 4820 878 4887 ἡμεῖς
904 4816 1247 4886 διδάσκομεν,
1296 4814 1407 4867 ἀλλ’
1438 4814 1643 4867 ἄνωθεν
1674 4814 1784 4866 ἀπὸ

208 4906 388 4975 σοφῶν
428 4898 841 4979 παρειλήφαμεν
862 4922 874 4935 °
908 4899 981 4959 ὧν
1015 4900 1092 4968 εἷς
1125 4922 1208 4969 τις
1254 4904 1459 4973 ἔφασκε
1505 4904 1784 4976 διεγείρων

205 5002 297 5054 τὸν
320 5001 593 5071 ἀκροὰτην
610 5001 699 5053 ἐπὶ
724 4997 1075 5070 τροπολογίας
1094 5014 1107 5027 ·
1137 4995 1335 5065 Ᾱέγετέ
1374 5013 1483 5066 μοι,
1513 4996 1561 5048 oi.
1581 4994 1672 5047 τὸν
1702 4994 1785 5046 νό-

209 5110 309 5162 μον
342 5090 822 5161 ἀναγινώσκοντες,
876 5092 967 5143 τὸν
999 5090 1160 5159 νόμον
1199 5088 1298 5141 οὑκ
1343 5085 1608 5151 ἁκούετε;
1662 5101 1782 5154 quae

207 5186 371 5239 verba
409 5187 672 5240 habentur
690 5184 809 5239 Gal.
846 5197 919 5248 tv,
948 5182 1040 5236 21.
1074 5182 1258 5249 Itaque
1286 5179 1567 5233 arcessitis
1589 5194 1620 5233 e
1644 5177 1782 5230 Pau-

210 5279 262 5333 lo
292 5279 617 5335 testimoniis
639 5277 925 5346 allegorias
957 5290 1081 5331 suas
1113 5273 1252 5327 tueri
1272 5280 1632 5326 consueverat
1659 5267 1782 5323 Ori-

203 5388 404 5445 genes;
456 5372 601 5425 velut
653 5370 743 5424 illo
796 5366 948 5422 Pauli
983 5381 1013 5421 e
1059 5364 1078 5417 l
1122 5366 1246 5419 Cor.
1276 5380 1334 5428 x,
1362 5363 1437 5431 4.:
1467 5380 1484 5415 σ
1516 5361 1783 5415 Bibebant

203 5450 388 5519 au'tem
440 5465 505 5519 de
555 5462 779 5532 Spiritali
815 5467 1184 5526 consequente
1238 5469 1331 5511 eos
1380 5466 1565 5523 petra;
1625 5463 1778 5523 petra

206 5568 385 5611 autem
421 5566 538 5611 erat
582 5555 870 5610 Christus:
916 5571 933 5603 ι
991 5559 1047 5607 et
1093 5549 1199 5603 isto
1245 5563 1303 5618 e.
1332 5547 1374 5601 ll
1413 5546 1543 5601 Cor.
1590 5562 1671 5612 ιιι,
1704 5547 1776 5600 6:

278 5672 323 5704 "
353 5671 395 5725 ll
428 5670 550 5725 Cor.
574 5685 644 5735 tv,
673 5669 758 5724 7.‘

280 5786 392 5855 (38)
456 5789 697 5840 Altamen
753 5784 1052 5838 accuratius
1102 5780 1296 5855 scripta
1350 5778 1491 5855 ejus_
1522 5775 1774 5855 evolventi

208 5848 781 5931 ntu'tta'occurrent,in
808 5856 992 5931 quibus
1024 5869 1190 5927 suam
1230 5853 1427 5906 iittercr
1460 5848 1765 5917 dignitatern

1892 4624 1944 4678 in
1976 4624 2241 4694 aliquibus
2271 4628 2557 4680 admittens
2582 4643 2799 4682 sensum
2826 4669 2840 4689 .
2866 4629 3211 4698 allegoricum
3237 4631 3287 4684 in
3330 4633 3454 4700 plu-

1892 4718 2061 4783 ribus,
2099 4718 2150 4770 in
2186 4717 2367 4771 multis
2391 4727 2695 4789 utrumque.
2724 4719 2861 4786 Quid
2886 4722 3135 4776 usitatius
3160 4722 3234 4776 illi
3262 4723 3327 4776 ad
3357 4738 3460 4792 po-

1890 4809 2073 4877 pulum
2108 4810 2407 4877 peroranti,
2447 4826 2608 4879 quam
2652 4813 2893 4881 mysticae
2917 4814 3247 4881 expositioni
3298 4816 3469 4869 inter-

1892 4900 2245 4969 pretationem
2266 4902 2457 4957 littera:
2470 4903 2636 4957 veluti
2655 4902 3065 4959 fundamentum
3081 4905 3467 4962 substernere?

1896 4990 2125 5045 Horitilia
2161 4993 2373 5060 quidem
2412 4994 2591 5063 priore
2620 4995 2675 5047 in
2704 4992 2963 5059 Genesim,
2995 5012 3143 5051 num.
3179 4998 3245 5051 14
3291 5009 3343 5053 et
3378 5000 3462 5067 15,

1892 5098 2109 5138 versum
2141 5084 2211 5138 27
2266 5095 2321 5139 et
2360 5084 2643 5154 28,,primi
2673 5087 2869 5157 capitis
2904 5088 3234 5154 cdisserens,
3268 5092 3336 5145 ab
3368 5107 3469 5147 ex-‘

1891 5178 2205 5245 planatione
2234 5178 2425 5234 litterae
2455 5179 2767 5247 auspicatus
2791 5181 2859 5235 ad
2892 5180 3208 5252 allegoriam
3245 5186 3461 5240 transit.

1889 5268 2122 5323 Homilia
2150 5273 2394 5339 sequenti
2433 5287 2583 5325 num.
2620 5272 2675 5337 1,
2704 5274 2865 5327 verba
2896 5271 3139 5330 facturus
3164 5275 3230 5329 de
3259 5276 3468 5331 fabrica

1889 5353 2028 5417 arci:
2058 5361 2293 5418 Noeticae
2318 5401 2333 5428 ,
2380 5382 2401 5416 ι
2436 5362 2616 5419 Primo
2644 5366 2885 5420 omnium
2909 5406 2924 5431 ,
2962 5366 3154 5435 inquit,
3185 5367 3472 5422 videamus“

1890 5470 2009 5523 qua:
2050 5457 2117 5511 de
2160 5469 2223 5511 ea
2254 5456 2549 5511 secundum
2600 5455 2835 5511 litteram
2864 5455 3196 5521 referuntur,
3222 5468 3277 5511 et
3310 5473 3460 5528 quar—

1890 5547 2093 5603 stiones
2134 5557 2499 5619 proponentes
2537 5563 2658 5618 qua:
2699 5545 2860 5617 objici
2912 5562 2940 5601 a
2990 5546 3238 5618 pluribus
3264 5546 3461 5615 solent,

1885 5784 2078 5899 servat],
2111 5788 2216 5902 θὲς.
2253 5774 2408 5849 νὶιιι.Δ
2431 5776 2809 5835 Praefationem
2842 5772 2983 5833 tomi
3015 5778 3186 5837 nostri
3211 5780 3457 5863 secundi,

1885 5863 1936 5901 Μ’
1965 5862 2047 5901 lCU
2074 5864 2104 5901 0
2181 5885 2211 5902 ..

1877 5862 2104 5917 articulo
2142 5862 2213 5917 δη
