3860 6226
423 428 553 481 1071

1689 420 1748 473 Ρ.
1792 419 2106 475 DANELIS
2146 420 2379 477 llUETl‘l

3519 426 3654 480 {U72

417 549 579 603 etiam
608 546 974 602 absolutiones
998 560 1186 601 earum
1221 560 1287 600 ex
1315 544 1399 599 his
1427 558 1547 614 quae
1590 544 1746 598 nobis
1794 552 1920 599 sunt
1952 560 1980 596 a
2013 553 2057 605 Α
2089 553 2145 597 ιιι
2180 546 2477 614 Scriptura:
2507 543 2576 599 de
2614 543 2681 599 iis
2710 542 3028 608 continent,
3055 543 3393 599 observanda
3436 554 3586 600 sunt.
3626 565 3645 597 ι

417 636 713 704 majoribus
732 637 946 700 tradita,
969 636 1347 705 requiramus;
1382 645 1439 689 ut
1465 651 1588 690 cum
1616 635 1983 706 hujuscemodi

418 726 766 781 fundamenta
788 728 1082 797 jecerimus
1105 766 1121 793 ,
1155 729 1224 782 ab
1258 728 1503 782 historia:
1534 738 1684 782 textu
1712 728 1987 797 possimus

417 818 710 873 ascendere
734 820 798 873 ad
820 820 1079 888 spiritalis
1107 818 1476 888 intelligentiae
1518 819 1809 888 mysticum
1831 828 1886 873 et
1911 818 1988 872 al-

417 907 712 978 legoricum
744 925 961 965 sensum
981 950 996 974 ,
1025 918 1081 965 et
1106 910 1151 964 si
1176 911 1305 979 quid
1334 911 1389 965 in
1425 912 1506 965 eis
1527 926 1789 966 arcanum
1819 911 1987 966 conti-

418 1012 597 1065 netur,
626 1003 863 1070 aperire.
901 1020 919 1053 ι
951 999 1186 1055 Homilia
1224 1000 1254 1052 7
1296 1002 1351 1055 in
1400 1000 1588 1056 Gener.
1622 1000 1689 1056 de
1721 1000 1908 1057 lsaaco
1933 1010 1987 1056 et

418 1090 643 1146 lsmaele
675 1107 861 1162 agens,
913 1092 1227 1161 Apostolum
1278 1102 1469 1146 narrat
1510 1092 1798 1162 allegorice
1827 1093 1986 1148 inter-

417 1182 729 1251 pretandam
760 1197 944 1236 eorum
967 1182 1241 1237 historiam
1263 1183 1572 1249 censuisse;
1605 1193 1716 1238 tum
1735 1184 1812 1237 ait
1834 1200 1981 1238 num.

416 1274 451 1325 2
483 1292 495 1326 :
534 1292 552 1324 ‹
583 1272 719 1338 Quid
747 1272 924 1340 ergo?
968 1272 1117 1328 Isaac
1155 1288 1260 1327 non
1288 1282 1368 1328 est
1416 1274 1709 1328 secundum
1764 1290 1982 1330 carnem

419 1366 624 1419 natus?
663 1364 774 1418 Non
811 1381 931 1419 eum
973 1365 1182 1435 peperit
1214 1366 1395 1419 Sara?
1431 1365 1547 1421 Non
1582 1377 1664 1420 est
1698 1367 1985 1421 circumci-

420 1474 508 1512 sus
540 1458 562 1509 ?
604 1457 714 1511 Hoc
754 1459 926 1526 ipsum
952 1457 1092 1526 quod
1123 1457 1336 1513 ludebat
1365 1472 1486 1511 cum
1518 1456 1766 1523 lsmaele,
1794 1474 1900 1513 non
1932 1459 1985 1512 in

419 1564 582 1602 carne
632 1548 896 1602 ludebat?
932 1548 1043 1602 Hoc
1068 1556 1151 1602 est
1178 1549 1322 1602 enim
1368 1548 1510 1617 quod
1542 1548 1786 1602 mirabile
1820 1558 1904 1603 est
1931 1548 1985 1601 in

418 1638 656 1708 Apostoli
686 1654 873 1704 sensu,
903 1640 1045 1709 quod
1074 1641 1139 1695 de
1172 1640 1374 1707 quibus
1408 1654 1515 1694 non
1545 1649 1724 1709 potest
1752 1640 1986 1695 dubitari

417 1731 543 1800 quin
578 1731 868 1785 secundum
899 1746 1117 1785 carnem
1148 1739 1295 1796 gesta
1342 1731 1451 1784 sint
1480 1770 1495 1795 ,
1547 1731 1663 1785 haec
1706 1731 1795 1785 ille
1854 1731 1989 1785 dicit

417 1839 537 1877 esse
560 1822 845 1893 allegorica
880 1840 894 1877 :
925 1831 979 1875 ut
1019 1838 1115 1876 nos
1145 1822 1274 1891 quid
1318 1820 1622 1877 faciendum
1659 1822 1730 1875 sit
1779 1822 1830 1875 in
1879 1837 1984 1876 cae-

2088 635 2337 689 Ostendit
2360 633 2704 704 postmodum
2728 634 2906 703 aliqua
2951 636 3245 690 secundum
3277 635 3512 690 litteram
3540 651 3653 691 ser-

2088 727 2262 779 vanda
2298 740 2441 790 esse,
2490 734 2545 780 et
2586 725 2934 793 allegoricum
2961 734 3140 781 tamen
3173 742 3389 782 sensum
3416 728 3650 798 comple-

2089 817 2183 883 cti,
2204 817 2350 872 velut
2390 818 2517 872 illud
2549 834 2565 872 :
2610 835 2629 870 ι
2662 816 2892 887 Propter
2925 818 3030 873 hoc
3077 818 3342 887 relinquet
3365 818 3531 874 homo
3560 835 3650 890 pa-

2088 921 2226 965 trem
2253 919 2309 964 et
2330 919 2581 977 matrem,
2621 919 2675 964 et
2716 910 3013 964 adhaerebit
3056 910 3213 965 uxori
3241 926 3383 975 suae,
3414 923 3469 965 et
3494 920 3652 967 erant

2086 1000 2194 1055 duo
2245 1002 2299 1055 in
2340 1016 2506 1056 carne
2554 1015 2658 1055 una
2681 1000 2750 1065 ⁸⁵,
2789 1018 2808 1052 ι
2847 1000 2993 1070 quod
3039 1000 3195 1070 juxta
3241 1000 3556 1070 Apostolum
3599 1013 3653 1057 et

2086 1092 2347 1162 mysteria
2385 1092 2646 1157 continet,
2682 1100 2737 1147 et
2764 1091 3056 1147 secundum
3086 1092 3323 1145 litteram
3358 1092 3650 1146 observan-

2087 1181 2215 1236 dum
2244 1189 2349 1236 est.
2387 1180 2442 1234 ln
2490 1182 2592 1235 hoc
2640 1182 2805 1235 etiam
2855 1196 3023 1235 censu
3068 1196 3130 1235 ea
3176 1181 3408 1236 collocat
3439 1197 3561 1251 qua:
3587 1184 3650 1237 de

2086 1272 2311 1328 lsmaele
2334 1283 2388 1327 et
2407 1274 2590 1328 lsaaco
2617 1272 2668 1326 in
2692 1272 2987 1341 Scripturis
3015 1273 3211 1327 tradita
3241 1273 3309 1327 ad
3339 1273 3647 1341 allegoriam

2086 1362 2289 1418 Paulus
2316 1362 2537 1431 retulit,
2568 1372 2624 1417 et
2655 1378 2773 1431 (ιυοιξ
2811 1364 2878 1417 de
2920 1363 3175 1430 primitiis
3198 1362 3489 1417 oﬂ'erendis
3525 1355 3649 1417 s'an‘

2085 1458 2325 1513 ciuntur.
2404 1453 2688 1525 Subjungit
2739 1455 2968 1525 denique
3021 1470 3037 1508 :
3100 1474 3121 1507 ε
3189 1454 3536 1512 Ostendimus
3571 1456 3651 1524 (ut

2086 1548 2297 1617 opinor)
2326 1546 2651 1601 auctoritate
2683 1543 2978 1615 Scriptura:
3007 1545 3225 1611 divinae,
3259 1561 3326 1600 ex
3351 1545 3416 1600 iis
3445 1560 3571 1615 qua:
3597 1544 3651 1597 in

2085 1638 2203 1708 lege
2227 1637 2426 1707 scripta
2458 1645 2608 1701 sunt,
2635 1636 2814 1706 aliqua
2841 1636 3056 1705 penitus
3084 1635 3396 1705 refugienda
3427 1652 3572 1702 esse,
3595 1646 3651 1692 et

2086 1728 2322 1783 cavenda
2362 1741 2430 1780 ne
2460 1726 2754 1781 secundum
2806 1726 3042 1781 litteram
3082 1727 3151 1783 ab
3190 1727 3465 1797 Evangelii
3495 1729 3656 1785 disci-

2087 1816 2227 1886 pulis
2283 1816 2689 1883 observentur;
2731 1818 2973 1885 quaedam
3032 1832 3157 1872 vero
3207 1820 3514 1874 omnimode
3542 1863 3559 1888 ,
3596 1830 3657 1874 ut

420 1915 549 1967 teris
579 1888 906 1975 noverimus,
932 1921 986 1965 et
1013 1911 1063 1964 iu
1103 1888 1186 1965 his
1228 1912 1490 1975 maxime,
1528 1911 1578 1962 in
1616 1909 1813 1978 quibus
1848 1908 1982 1963 nihil
2016 1888 2055 1942 Β
2086 1909 2283 1978 scripta
2306 1916 2451 1974 sunt,
2474 1908 2802 1971 obtinenda;
2851 1906 2955 1960 alia
2986 1917 3167 1962 autem
3195 1908 3397 1964 habere
3430 1910 3652 1981 quidem

417 2005 595 2058 divina
626 2004 740 2073 lege
767 2005 985 2073 dignum
1017 2002 1273 2056 historica
1301 2003 1514 2056 videtur
1564 2002 1810 2054 indicare
1859 2016 1985 2053 nar-

417 2098 574 2151 ratio.
613 2114 631 2148 t
666 2095 897 2149 llomilia
934 2095 1000 2148 14
1030 2095 1086 2148 in
1130 2093 1296 2147 Leuit.
1324 2107 1472 2147 num.
1506 2092 1541 2146 2
1570 2109 1583 2144 :
1610 2110 1628 2143 ι
1668 2091 1800 2146 Cum
1837 2089 1985 2144 Scri-

418 2198 607 2256 pturas
648 2186 769 2255 quis
806 2184 957 2256 legit,
992 2195 1047 2239 et
1075 2183 1305 2237 litteram
1341 2181 1556 2251 quidem
1598 2180 1864 2248 sequitur,
1900 2178 1987 2231 in-

417 2277 687 2331 tellectum
736 2284 915 2330 autem
952 2277 1198 2345 repudiat
1227 2272 1526 2343 spiritalem
1555 2310 1570 2337 ,
1614 2270 1704 2325 hic
1755 2279 1983 2324 matrem

417 2368 631 2434 quidem
664 2364 958 2419 Israelitam
996 2364 1187 2427 habet,
1232 2364 1283 2416 id
1323 2370 1407 2417 est
1450 2360 1723 2424 litteram;
1765 2371 1982 2412 sensum

418 2473 564 2522 vero,
596 2457 718 2524 quia
753 2455 1049 2525 spiritalem
1082 2470 1186 2509 non
1230 2454 1475 2523 sequitur
1500 2491 1515 2517 ,
1547 2452 1642 2506 sed
1667 2449 1936 2505 carnalem
1966 2488 1985 2514 ,

418 2549 505 2602 isti
534 2560 617 2603 est
646 2547 932 2618 Egyptius
957 2558 1148 2617 pater:
1196 2565 1216 2598 ι
1255 2556 1307 2600 et
1338 2560 1461 2599 mox
1497 2564 1509 2599 :
1547 2562 1565 2594 ι
1603 2542 1709 2596 Nos
1747 2556 1874 2596 vero
1892 2541 1983 2611 qui

419 2656 482 2693 ex
522 2649 748 2709 utroque
792 2654 992 2709 genere
1026 2638 1285 2693 Israelita:
1313 2651 1522 2699 sumus,
1557 2644 1614 2690 et
1639 2635 1897 2699 litteram,
1930 2643 1986 2688 et

418 2732 665 2801 spiritum
695 2732 745 2784 in
777 2731 1077 2799 Scripturis
1108 2730 1309 2785 sanctis
1341 2728 1702 2783 defendimus.
1742 2745 1760 2778 ι
1794 2726 1983 2780 Totam

418 2839 551 2879 vero
586 2825 638 2877 in
674 2824 792 2891 ejus
844 2824 921 2877 rei
982 2822 1303 2876 tractatione
1355 2820 1631 2874 homiliam
1688 2817 1982 2881 contrivit,

418 2932 536 2986 quae
568 2916 852 2970 undecima
874 2925 954 2969 est
982 2915 1033 2968 in
1064 2913 1221 2967 Num.
1254 2912 1347 2967 ubi
1375 2913 1440 2965 de
1464 2910 1824 2980 primitiarum
1844 2909 1985 2963 obla-

418 3010 565 3062 tione
597 3007 877 3077 disputans
911 3025 923 3060 :
959 3024 977 3056 ‹
1023 3005 1170 3059 llanc
1190 3020 1319 3073 ergo
1345 3004 1540 3073 legem,
1575 3021 1593 3054 ι
1624 3003 1795 3071 inquit
1831 3016 1981 3056 num.

420 3100 473 3160 l.
515 3118 533 3150 ‹
579 3099 855 3153 observari
894 3099 1054 3151 etiam
1105 3097 1401 3150 secundum
1434 3095 1708 3159 litteram,
1760 3094 1903 3149 sicut
1930 3102 1985 3147 et

418 3191 521 3242 alia
552 3190 805 3244 nonnulla
837 3228 850 3251 ,
886 3186 1245 3241 necessarium
1274 3195 1421 3253 puto.
1465 3205 1482 3236 ι
1520 3183 1710 3239 Postea
1753 3184 1831 3238 sic
1865 3184 1980 3237 ait:

424 3299 442 3330 ι
478 3281 613 3335 Sunt
641 3278 731 3348 qui
773 3278 847 3331 ita
876 3277 1089 3339 dicant,
1123 3275 1248 3344 quia
1303 3274 1347 3328 si
1400 3274 1601 3344 aliquid
1637 3271 1856 3327 omnino
1885 3272 1981 3325 ob-

419 3371 741 3425 servandum
773 3377 853 3422 est
888 3367 1182 3421 secundum
1220 3365 1472 3431 litteram,
1509 3380 1605 3419 cur
1632 3379 1735 3418 non
1764 3371 1821 3418 et
1848 3378 1981 3417 cun-

417 3474 501 3519 cta
534 3461 857 3517 serventur?
896 3460 952 3514 Si
980 3476 1106 3515 vero
1132 3460 1198 3512 ad
1230 3457 1523 3527 spiritalem
1550 3456 1977 3526 intelligentiam,

416 3572 534 3623 quae
560 3555 647 3609 lex
678 3554 954 3619 continet,
990 3551 1268 3606 referenda
1305 3561 1451 3617 sunt,
1480 3549 1614 3604 nihil
1648 3549 1866 3603 omnino
1895 3562 1980 3602 se-

416 3649 648 3702 cundmn
680 3646 915 3700 litteram
945 3684 961 3710 ,
1010 3643 1105 3698 sed
1142 3643 1460 3712 spiritaliter
1485 3641 1683 3696 debent
1726 3641 1979 3694 universa

416 3741 667 3795 discerni.
703 3739 812 3794 Nos
843 3748 1022 3792 autem
1062 3737 1342 3805 utriusque
1390 3733 1710 3789 assertionis
1742 3732 1976 3787 insolen-

416 3832 545 3884 tiam
601 3838 958 3899 temperantes
989 3868 1005 3893 ,
1054 3827 1228 3898 qualis
1271 3825 1454 3896 regula
1498 3825 1551 3879 in
1604 3822 1975 3893 hujuscemodi

415 3922 546 3992 legis
576 3922 918 3975 sermonibus
948 3921 1285 3974 observanda
1328 3919 1417 3982 sit,
1458 3932 1523 3972 ex
1552 3917 1873 3972 auctoritate
1897 3916 1979 3969 di-

415 4014 659 4065 vinarum
685 4010 1091 4080 Scripturarum
1123 4008 1366 4079 proferre
1403 4008 1747 4063 tentabimus.
1783 4024 1802 4059 ι
1840 4006 1976 4060 Tum

416 4098 603 4151 haberi
637 4097 769 4151 dicit
805 4099 856 4150 in
887 4096 1163 4166 Scriptura
1198 4096 1377 4166 leges,
1409 4097 1687 4162 mandata,
1715 4095 1977 4164 iustiﬁca-

415 4192 612 4253 tiones,
638 4198 926 4257 praecepta,
958 4187 1267 4241 testimonia
1302 4198 1357 4242 et
1382 4186 1607 4255 judicia,
1647 4202 1678 4240 a
1724 4202 1783 4243 se
1835 4188 1979 4241 invi-

414 4298 529 4336 cem
555 4283 781 4335 discreta
809 4292 862 4335 et
886 4280 1116 4342 diversa,
1151 4294 1270 4348 quae
1302 4278 1613 4349 neutiquam
1642 4279 1976 4349 permiscen-

414 4374 476 4427 da
507 4381 559 4425 et
588 4370 959 4425 confundenda
996 4370 1103 4422 sint
1130 4410 1144 4435 ,
1177 4369 1302 4422 licet
1346 4369 1460 4423 haec
1506 4369 1688 4423 omnia
1725 4384 1974 4423 nonnun-

414 4480 570 4537 quam
606 4467 765 4521 unico
800 4465 933 4535 legis
961 4464 1177 4517 nomine
1223 4462 1596 4532 signiﬁcentur
1633 4482 1646 4517 :
1682 4464 1853 4532 legem
1890 4478 1975 4517 er-

412 4572 475 4626 go
499 4596 514 4623 ,
542 4557 694 4627 juxta
724 4554 1035 4625 Apostolum
1062 4596 1076 4620 ,
1114 4551 1357 4607 umbram
1414 4554 1613 4607 habere
1666 4552 1970 4608 futurorum

412 4650 672 4704 bonorum
690 4649 734 4681 ⁸ο
784 4649 992 4717 reliqua
1018 4661 1121 4700 non
1154 4648 1279 4701 item
1316 4662 1329 4699 :
1365 4664 1383 4697 ‹
1419 4644 1542 4700 Haec
1570 4659 1696 4716 ergo
1733 4646 1973 4715 singula,

412 4755 528 4809 quae
557 4755 893 4809 nequaquam
927 4738 1142 4806 penitus
1180 4737 1475 4791 secundum
1517 4735 1754 4790 litteram
1786 4738 1973 4791 obser-

412 4827 581 4880 vanda
606 4827 737 4880 dicit
767 4826 1073 4895 Apostolus,
1102 4825 1282 4878 omnia
1305 4823 1418 4879 fere
1443 4824 1581 4894 apud
1610 4823 1843 4895 Moysem
1870 4828 1969 4883 sub

412 4916 543 4986 legis
571 4917 726 4971 titulo
752 4916 1022 4985 designari
1053 4934 1065 4969 :
1097 4934 1114 4966 ι
1139 4930 1258 4984 quae
1282 4924 1456 4969 autem
1490 4914 1726 4967 mandati
1754 4917 1971 4972 nomine

412 5016 713 5072 censentur,
744 5023 869 5077 puta
900 5008 1089 5061 isthaac
1117 5025 1130 5060 :
1164 5025 1181 5057 ς
1210 5005 1327 5060 Non
1356 5007 1586 5071 occides,
1609 5024 1715 5062 non
1762 5010 1971 5064 adulte-

411 5102 545 5154 rium
565 5100 746 5164 facies,
764 5115 869 5153 non
900 5098 1163 5154 furaheris
1185 5099 1252 5164 ⁸⁸,
1278 5118 1297 5151 t
1332 5108 1385 5154 et
1415 5100 1615 5172 reliqua
1642 5100 1969 5171 lmjusmodi,

410 5191 698 5245 secundum
728 5190 961 5243 litteram
1000 5205 1119 5245 esse
1169 5192 1538 5258 observanda;
1594 5208 1718 5248 nam
1775 5213 1795 5246 ‹
1834 5195 1971 5261 Quid

410 5298 539 5351 opus
568 5290 653 5338 est
684 5282 736 5336 in
768 5281 1079 5352 allegoriam
1107 5297 1367 5351 quaerere,
1395 5298 1515 5337 cum
1544 5284 1770 5340 aediﬁcet
1799 5286 1968 5340 etiam

410 5373 629 5429 littera?
661 5393 679 5426 ι
720 5373 841 5427 inde
881 5372 960 5425 sic
1000 5373 1273 5427 concludit
1332 5390 1347 5427 :
1402 5390 1420 5423 ε
1462 5374 1811 5429 Ostendimus
1840 5389 1971 5443 ergo

408 5482 525 5523 esse
545 5467 790 5538 quaedam
818 5480 936 5534 quas
984 5466 1204 5519 omnino
1253 5479 1357 5518 non
1406 5472 1535 5517 sunt
1584 5466 1851 5518 servanda
1880 5480 1970 5519 se-

405 5562 639 5616 cundum
672 5560 906 5613 litteram
956 5557 1104 5626 legis,
1136 5566 1189 5611 et
1214 5571 1335 5610 esse
1361 5557 1744 5625 quaedam.qu:e
1770 5556 1970 5626 allego-

398 5655 501 5737 _ri:e
529 5653 737 5722 penitus
762 5652 1049 5705 immutare
1074 5662 1177 5702 non
1202 5648 1378 5714 debet,
1415 5648 1511 5711 sed
1537 5649 1869 5716 omnimode,
1894 5651 1965 5705 ita

476 5853 520 5884 '°
552 5852 717 5909 Hebr.
755 5872 807 5921 δ,
846 5856 895 5909 1.
987 5856 1028 5888 ⁸⁸
1063 5856 1216 5911 Rom.
1246 5873 1363 5923 xm,
1398 5858 1449 5912 9.

1529 5857 1571 5890 ⁸³
1600 5856 1797 5913 Cenes.
1824 5874 1886 5925 ll,
1913 5857 2001 5912 2L

2084 2000 2376 2055 secundum
2407 1999 2650 2053 litteram
2684 2000 2969 2053 veritatem
3001 1999 3081 2053 sui
3111 2040 3128 2066 ,
3182 1998 3420 2069 recipere
3471 2011 3652 2056 tamen

2082 2089 2290 2145 utiliter
2332 2098 2385 2143 et
2418 2090 2733 2144 necessario
2765 2091 2928 2144 etiam
2962 2090 3315 2160 allegoricum
3346 2105 3595 2147 sensum.
3631 2113 3656 2146 π

2082 2181 2259 2248 A‘tque
2289 2195 2475 2235 eorum
2530 2181 2917 2235 discretionem
2976 2181 3208 2250 sapienti
3243 2182 3656 2251 Scripturarum

2085 2272 2369 2340 interpreti
2403 2272 2689 2340 permittit.
2727 2270 2948 2325 Constat
2992 2283 3140 2328 certe
3194 2272 3465 2342 plerisque
3521 2274 3653 2329 locis

2084 2375 2304 2415 sensum
2338 2370 2629 2430 utrumque
2668 2361 2954 2415 admittere
2978 2360 3207 2416 Codices
3241 2378 3453 2427 sacros,
3487 2374 3548 2418 ut
3579 2375 3656 2418 te—

2092 2451 2189 2505 stis
2243 2458 2325 2505 est
2383 2449 2497 2519 ipse
2550 2448 2748 2503 Paulus
2794 2446 2817 2501 )
2864 2448 2989 2503 Cor.
3021 2450 3233 2514 x,l,et
3268 2448 3659 2516 Galat.tv,2«l,

2084 2552 2294 2596 constat
2321 2550 2376 2596 et
2401 2541 2556 2606 illud,
2588 2540 2757 2594 solam
2784 2541 2838 2594 in
2879 2540 3153 2595 nonnullis
3196 2540 3507 2611 allegoriam
3536 2556 3655 2596 esse

2084 2633 2491 2704 requirendam;
2515 2633 2776 2703 quidquid
2800 2644 2987 2687 contra
3019 2634 3315 2688 obtendant
3340 2633 3653 2689 scholastici

2084 2732 2328 2799 quidam;
2359 2732 2505 2785 velut
2557 2733 2645 2785 ubi
2687 2731 2755 2785 de
2800 2741 3097 2801 spontanea
3131 2733 3216 2787 sui
3251 2733 3417 2801 ipsius
3446 2746 3656 2790 castra-

2086 2823 2229 2876 tione
2267 2822 2517 2877 ChriStus
2572 2822 2809 2892 loquitur
2847 2841 2860 2877 :
2902 2835 3063 2894 atque
3109 2827 3160 2878 in
3197 2825 3315 2880 istis
3348 2841 3541 2881 verum
3574 2838 3657 2881 est

2083 2915 2225 2982 quod
2258 2916 2333 2967 ait
2368 2914 2729 2984 Hieronymus
2762 2915 2983 2984 Apolug.
3029 2931 3043 2968 ι
3080 2918 3133 2969 in
3172 2916 3374 2985 Ruﬁn,
3424 2932 3549 2988 cap.
3600 2918 3652 2974 6.

2089 3024 2108 3058 ι
2144 3005 2366 3073 Quando
2392 3007 2511 3061 dico
2543 3006 2806 3075 tropicam
2857 3008 3266 3077 intelligentiam
3296 3048 3314 3074 ,
3353 3010 3526 3065 doceo
3556 3026 3649 3067 ve-

2083 3114 2200 3154 rum
2232 3114 2336 3153 non
2377 3114 2498 3153 esse
2541 3101 2686 3169 quod
2721 3099 2940 3165 dicitur,
2995 3103 3087 3154 sed
3142 3101 3414 3171 allegoriae
3466 3102 3661 3157 nubilo

2083 3191 2393 3260 ﬁguratum.
2436 3210 2459 3243 ›
2484 3191 2599 3245 Non
2647 3191 2811 3244 alium
2846 3204 3028 3245 autem
3068 3192 3190 3246 aliis
3219 3193 3398 3249 inesse
3428 3211 3657 3250 sensum

2086 3298 2243 3352 quam
2273 3284 2587 3338 historicum
2618 3296 2840 3337 censent
2868 3284 3054 3353 aliqui.
3076 3284 3146 3338 At
3177 3284 3437 3355 Origenes
3467 3288 3656 3341 etiam-

2083 3376 2128 3429 si
2163 3376 2304 3430 lmnc
2326 3375 2664 3430 solummodo
2695 3374 2747 3428 in
2795 3374 3064 3444 aliquibus
3087 3377 3474 3445 requirendum
3535 3392 3655 3432 esse

2082 3483 2298 3524 sensum
2329 3476 2501 3536 putet,
2546 3482 2616 3522 ne
2646 3469 2761 3522 hare
2790 3469 3003 3536 quidem
3039 3477 3213 3524 tamen
3253 3471 3536 3539 mysteriis
3563 3486 3659 3524 va-

2080 3577 2202 3616 care
2230 3564 2543 3629 existimat;
2581 3563 2739 3633 hujus
2773 3565 2916 3617 enim
2964 3564 3094 3618 illud
3127 3566 3540 3633 pronuntiatum
3572 3574 3655 3617 est

2082 3656 2267 3710 homil.
2304 3657 2329 3710 l
2380 3657 2433 3708 in
2463 3653 2663 3723 Exod.,
2699 3672 2845 3710 nmn.
2885 3659 2940 3711 4.
2980 3675 2999 3709 ι
3041 3655 3151 3727 Ego
3211 3658 3443 3712 credens
3474 3657 3660 3712 verbis

2082 3745 2293 3799 Domini
2324 3747 2427 3801 mei
2477 3744 2603 3800 Jesu
2638 3745 2862 3811 Christi,
2906 3747 2957 3801 in
3007 3748 3123 3817 lege
3152 3756 3207 3801 et
3236 3748 3519 3817 prophetis
3547 3750 3657 3803 iota

2077 3836 2295 3904 quidem
2332 3852 2537 3902 unum,
2583 3846 2677 3891 aut
2722 3853 2887 3891 unum
2939 3838 3145 3906 apicem
3198 3853 3304 3891 non
3370 3847 3505 3907 puto
3536 3854 3663 3894 esse

2078 3927 2349 3998 mysteriis
2378 3941 2622 3992 vacuum,
2656 3941 2756 3982 nec
2792 3938 2919 3997 puto
2955 3928 3158 3997 aliquid
3186 3930 3375 3983 horum
3410 3932 3657 3986 transire

2076 4033 2257 4090 posse,
2287 4017 2459 4073 donec
2482 4020 2661 4072 omnia
2686 4017 2837 4073 ﬁant.
2877 4038 2897 4071 ι
2930 4017 3084 4075 Unde
3115 4020 3210 4074 lib.
3269 4037 3321 4075 tv
3368 4022 3514 4090 Περὶ
3548 4022 3659 4092 ἁρ-

2077 4107 2220 4178 χῶν,
2276 4123 2427 4161 num.
2477 4106 2547 4161 26
2618 4117 2673 4163 et
2702 4106 2794 4175 27,
2848 4108 3108 4178 pleraque
3158 4109 3454 4180 Scriptura:
3484 4127 3659 4167 sacrae

2078 4201 2340 4270 mysteria
2367 4199 2676 4255 hominibus
2700 4200 3017 4268 lgnorabilia
3036 4217 3153 4256 esse
3174 4203 3337 4257 fatur.
3371 4201 3660 4272 Perpauca

2076 4291 2293 4359 quidem
2320 4331 2335 4352 ,
2371 4292 2467 4345 sed
2510 4294 2577 4345 ad
2610 4292 2943 4361 purgandmn
2976 4293 3261 4363 Origeuem
3297 4295 3431 4350 satis
3486 4312 3663 4367 appo-

2074 4378 2175 4433 sita
2229 4380 2450 4447 protulit
2496 4381 2763 4451 Apologia:
2811 4395 3000 4435 anetor
3042 4399 3073 4438 e
3118 4385 3213 4441 lib.
3254 4401 3294 4440 ιι
3352 4389 3495 4457 Περὶ
3562 4390 3663 4457 dp-

2075 4467 2229 4538 χῶν,.
2250 4485 2366 4539 cap.
2392 4470 2447 4533 2,
2488 4468 2680 4540 inagna
2714 4486 2778 4526 ex
2807 4483 2963 4542 parte
3009 4479 3198 4543 petita,
3228 4476 3280 4529 in
3316 4478 3522 4545 quibus
3554 4479 3659 4533 νεα

2078 4560 2211 4613 teris
2240 4559 2567 4614 Testamenti
2604 4563 2883 4630 historias,
2916 4581 3021 4619 non
3053 4566 3269 4621 lictitias
3290 4607 3306 4633 ,
3350 4569 3444 4622 sed
3493 4586 3661 4625 veras

2078 4666 2200 4706 esse
2223 4652 2503 4719 praedicat,
2534 4662 2590 4707 et
2617 4655 2684 4710 ab
2709 4656 2776 4711 iis
2805 4660 3116 4713 necessario
3146 4660 3539 4728 admittendas,
3563 4664 3656 4733 qui

2077 4743 2305 4798 Salutem
2359 4742 2582 4812 adipisci
2638 4748 2883 4817 cupiunt.
2934 4748 3074 4816 Quid
3131 4752 3274 4819 quod
3326 4752 3653 4809 historicam

2076 4848 2238 4903 smpe,
2267 4836 2644 4905 mysticam,et
2677 4838 2933 4893 moralem
2958 4842 3009 4894 in
3043 4839 3321 4910 Scriptura
3352 4847 3656 4914 expositio-

2076 4940 2199 4979 nem
2230 4927 2492 4991 rimatur;
2528 4928 2673 4983 velut
2709 4930 2897 4984 homil.
2929 4930 2996 4984 17
3046 4933 3101 4985 in
3145 4930 3333 4987 Genu.
3368 4934 3657 4991 disserens

2078 5018 2144 5071 de
2174 5018 2638 5074 benedictionibus
2679 5022 3152 5091 patriarcharum:
3190 5042 3213 5075 ι·
3249 5023 3381 5090 Quae
3422 5040 3536 5091 res,
3565 5027 3650 5081 in-

2076 5110 2192 5180 quit
2216 5126 2361 5164 num.
2395 5112 2447 5178 l,
2482 5114 2637 5167 nobis
2664 5115 2989 5184 tripartitam
3029 5114 3113 5186 (ut
3140 5118 3191 5169 in
3236 5116 3357 5170 aliis
3390 5116 3650 5181 fecimus)

2077 5201 2466 5269 explanationis
2506 5204 2787 5258 materiam
2820 5206 3041 5275 subjicit
3063 5249 3080 5274 ,
3108 5208 3180 5261 ita
3214 5219 3270 5261 ut
3307 5209 3647 5265 benedictio-

2074 5310 2174 5349 nes
2203 5295 2446 5350 historiae
2495 5296 2669 5352 locum
2714 5311 2951 5363 servent,
2980 5301 3267 5372 prophetia
3296 5316 3429 5357 vero
3457 5306 3651 5375 mysti-

2079 5401 2198 5441 cum
2246 5397 2411 5457 atque
2454 5389 2845 5459 dogmaticum,
2889 5409 3097 5448 morum
3144 5395 3417 5463 correptio
3454 5405 3512 5450 et
3555 5397 3653 5449 ob-

2070 5474 2308 5545 jurgatio
2339 5479 2596 5533 moralem
2623 5480 2819 5550 dirigat
2847 5481 3044 5553 stylum
3074 5502 3086 5537 :
3126 5504 3148 5535 r
3176 5492 3340 5551 atque
3376 5482 3653 5550 triplicem

2078 5564 2214 5618 hanc
2243 5566 2674 5633 explanationem
2706 5571 2758 5624 in
2794 5570 2997 5640 reliqua
3031 5572 3253 5627 homilia
3279 5571 3649 5642 persequitur.

2075 5653 2205 5721 Quae
2236 5656 2454 5726 quidem
2501 5658 2553 5713 in
2586 5659 2836 5728 Origenis
2884 5664 3112 5733 gratiam
3146 5663 3215 5719 ab
3257 5660 3650 5731 interpretibus
