3834 6226
229 278 363 334 1075

1062 277 1639 334 ORIGENIANORUM
1678 279 1807 334 LIB.
1850 282 1914 347 ll,
1953 283 2104 338 CAP.
2147 284 2212 349 11,
2252 282 2530 350 ΟΠᾹΞΞΤ.
2565 280 2704 337 XIV.

3315 283 3452 339 1074

224 394 451 447 conficta
486 401 541 445 et
569 390 888 460 interpolata
937 406 1005 447 ne
1058 407 1284 448 causere
1316 412 1330 448 :
1365 408 1492 449 ecce
1522 395 1667 448 enim
1697 395 1793 449 tibi
1822 398 1870 457 Α
1898 409 2009 449 rem
2039 396 2092 449 in
2124 396 2405 466 propatulo
2425 396 2746 466 positam,et
2764 394 3002 448 omnium
3026 394 3199 451 oculis
3217 396 3454 467 obviam,

228 486 375 541 illum
408 493 551 539 tomo
568 500 636 539 xv
652 486 705 538 in
729 484 942 548 Matt/1.,
976 502 1123 541 num.
1164 487 1256 553 15,
1290 503 1412 558 pag.
1445 489 1570 555 679.,
1594 490 1793 544 dictum

1894 488 2315 542 commentitiam
2344 502 2466 544 esse
2496 503 2561 542 ac
2605 488 2845 543 llctitiam
2877 486 3258 544 aﬂirmaverit?
3285 490 3456 546 lsaaci

226 576 327 632 hoc
354 576 554 631 Christi
589 594 602 629 :
644 593 663 626 ‹
704 574 759 629 Si
795 576 876 630 vis
909 575 1181 645 perfectus
1221 592 1381 643 esse,
1420 582 1587 644 vade,
1623 580 1797 633 vende
1892 587 2156 650 praetcrea
2180 588 2235 635 et
2264 579 2524 636 Rebeccae
2550 595 2637 636 res
2670 591 2845 660 gestas
2871 582 3187 636 immutasse
3210 596 3331 637 eum
3368 596 3455 636 re-

228 683 345 737 qnae
392 666 583 729 habes,
625 677 680 721 et
713 666 777 720 da
808 666 1135 737 pauperibus
1174 668 1241 732 ⁸³,
1282 689 1300 722 ι
1346 669 1411 723 ad
1459 668 1792 739 allegoriam,

228 768 402 827 spreta
466 757 646 812 littera
717 758 957 812 converti
1003 768 1272 813 vetantem
1299 763 1328 828 ,'
1374 770 1532 815 etne
1576 759 1698 829 quis
1744 760 1795 814 id

229 857 489 903 attentare
546 848 772 917 audeat},
812 848 1055 905 historiis
1092 849 1433 905 ethnicorum
1476 849 1794 919 quibusdam

231 940 644 994 absterrentem.
824 924 825 927 η

296 1028 359 1083 γ.
396 1028 506 1099 (39)
529 1025 625 1082 His
654 1027 1051 1083 animadversis
1085 1025 1263 1083 facilis
1288 1036 1370 1082 est
1397 1028 1508 1098 jam
1540 1027 1801 1099 dijudica-

227 1118 324 1181 tio,
358 1133 585 1187 arquane
616 1133 847 1176 censura
878 1119 1164 1187 Origenem
1183 1119 1462 1175 vexaverit
1483 1118 1799 1176 Eustathius

232 1211 627 1276 Antiochenus,
666 1212 757 1282 qui
788 1213 1054 1267 acerrime
1075 1226 1186 1281 pro:
1216 1210 1438 1280 reliquis
1468 1213 1638 1283 ipsius
1670 1214 1800 1269 alle—

229 1303 407 1370 gorias
451 1302 754 1359 insectatus
804 1311 887 1360 est
935 1304 988 1359 in
1041 1304 1390 1375 Diagnostico
1425 1306 1492 1360 de
1519 1305 1800 1377 Engastri-

232 1397 433 1469 mytho.
468 1395 548 1452 Ac
577 1398 810 1469 primum
842 1398 896 1453 id
917 1399 1185 1468 queritur,
1206 1413 1328 1455 eum
1362 1407 1559 1455 caetera
1595 1399 1803 1469 allego.

230 1489 325 1543 riis
354 1488 555 1559 alioqui
598 1499 913 1560 pervertere
955 1490 1216 1556 solitum,
1243 1492 1375 1548 deos
1409 1491 1528 1547 illos
1559 1505 1699 1561 quos
1735 1496 1801 1548 de

229 1590 373 1634 terra
424 1582 783 1636 ascendentes
813 1581 998 1637 videre
1051 1596 1111 1638 se
1161 1581 1312 1638 Sauli
1362 1584 1575 1640 dicebat
1611 1582 1803 1657 Pytho-

228 1671 373 1727 nlssa
422 1671 443 1727 l
505 1671 648 1743 Reg.
687 1689 881 1739 xxvm,
930 1674 1039 1739 l5,
1075 1675 1143 1730 ad
1193 1675 1427 1731 litteram
1463 1678 1796 1748 exposuisse.

1895 669 2018 723 fert.
2047 669 2206 725 Certe
2234 670 2450 726 homilia
2475 670 2541 727 10
2566 672 2618 725 in
2644 669 2853 737 Genet.
2872 689 3031 743 quam
3060 674 3146 730 hic
3175 675 3458 744 designas-

1897 774 1954 814 se
1982 761 2197 815 videtur
2238 762 2553 817 Eustathius
2577 802 2591 827 ,
2626 763 2676 817 id
2711 764 2873 819 habet
2899 765 3156 831 Origenes
3176 807 3190 831 ,
3223 781 3372 818 num.
3402 765 3458 819 4.

1901 871 1920 904 ‹
1956 852 2108 922 Saepe
2132 854 2243 923 jam
2291 854 2399 909 dixi
2447 854 2588 925 quod
2619 855 2671 909 in
2704 854 2787 909 his
2816 871 2921 911 non
2956 856 3198 911 historia:
3232 872 3457 909 narran-

1899 955 2008 1009 tur,
2031 946 2122 1001 sed
2143 946 2401 1017 mysteria
2432 955 2833 1002 contexuntur:
2873 965 2893 999 ›
2931 947 3072 1016 quod
3096 949 3163 1001 ita
3202 946 3458 1016 intelligo,

1898 1038 2107 1088 narrari
2138 1035 2393 1091 historias
2417 1037 2632 1107 quidem
2652 1076 2668 1102 ,
2692 1036 2786 1091 sed
2816 1051 2922 1091 non
2949 1047 3054 1091 tam
3085 1038 3136 1091 id
3162 1040 3270 1108 agi,
3298 1054 3460 1106 quam

1898 1127 2156 1197 mysteria
2204 1126 2420 1182 contexi
2458 1142 2620 1182 :cum
2662 1136 2717 1181 et
2762 1126 2950 1182 homil.
2988 1127 3093 1194 15,
3148 1143 3297 1184 num.
3329 1128 3379 1191 1,
3407 1127 3463 1179 in

1898 1214 2086 1270 Genes.
2127 1216 2461 1287 Scripturam
2499 1227 2748 1284 asserat,
2794 1234 2899 1274 non
2937 1228 3143 1273 tantum
3189 1218 3465 1272 historicis

1899 1307 2105 1361 servire
2154 1307 2590 1372 narrationibus,
2641 1317 2900 1377 quantum
2934 1308 3097 1362 rebus
3130 1316 3185 1362 et
3217 1307 3467 1361 sensibus

1901 1398 2167 1469 mysticis.
2206 1397 2299 1453 Sin
2334 1412 2490 1453 secus
2521 1400 2710 1465 sensit,
2734 1398 3003 1453 Eustathii
3030 1396 3304 1467 querelam
3343 1411 3467 1466 pro-

1900 1488 1989 1544 bo.
2028 1488 2242 1544 Dictum
2273 1489 2401 1544 illud
2431 1505 2641 1560 quoque
2675 1491 2741 1546 de
2777 1491 2845 1546 iis
2883 1490 3066 1554 velim,
3096 1504 3216 1559 qua:
3245 1496 3465 1559 peccata

1902 1579 1969 1634 ab
1992 1594 2056 1634 eo
2090 1580 2234 1635 circa
2272 1578 2391 1637 Jobi
2438 1581 2718 1635 historiam
2752 1581 2894 1636 idem
2943 1581 3038 1634 ait.
3067 1579 3313 1647 Iniquum
3341 1593 3469 1631 vero

1903 1685 2124 1741 prorsus
2156 1680 2211 1724 et
2235 1673 2473 1742 ineptum
2506 1682 2593 1727 est
2621 1672 2762 1742 quod
2808 1671 3058 1743 subjicit,
3092 1684 3372 1741 perperam
3403 1670 3470 1722 ab

227 1762 478 1819 Profecto
524 1736 626 1819 de-
646 1764 735 1819 illa
788 1736 1062 1822 Samuelis
1107 1768 1425 1823 evocatione
1461 1736 1600 1822 idem
1653 1768 1797 1838 quod
1830 1736 1873 1795 Β
1901 1736 2134 1837 Origene
2166 1736 2465 1830 Lazarum,
2500 1736 2656 1832 quem
2683 1736 3469 1833 proptervvirtutemChristus

225 1852 489 1925 Origenes
515 1857 728 1926 plurimi
763 1857 1136 1925 tradiderunt,
1183 1867 1242 1913 ut
1269 1860 1512 1917 dicemus
1544 1860 1703 1916 infra.
1737 1862 1796 1915 In

232 1960 298 2002 eo
320 1957 499 2002 autem
551 1950 691 2018 quod
726 1950 976 2019 angelum
1023 1950 1182 2006 simul
1216 1966 1341 2006 cum
1368 1951 1459 2007 illo
1493 1954 1799 2009 ascendisse

227 2052 379 2096 ratus
410 2051 516 2106 est,
558 2044 849 2099 multorum
885 2059 1098 2115 quoque
1121 2043 1346 2115 juvatur
1385 2044 1675 2118 suﬂragiis,
1706 2047 1800 2117 qui

226 2133 445 2202 angelos
476 2133 872 2206 ψυχοπομποὺς
906 2137 1198 2191 animabus
1224 2137 1518 2208 adjungunt
1541 2177 1558 2203 ,
1612 2154 1800 2208 quem-

227 2227 516 2280 admodum
560 2230 812 2298 superius
862 2231 1219 2287 ostendimus.
1267 2230 1480 2285 Nullam
1533 2246 1663 2302 ergo
1716 2234 1801 2288 sui

229 2319 484 2389 carpendi
518 2333 705 2375 ansam
736 2321 826 2375 hic
852 2322 1070 2377 obtulit.
1098 2322 1374 2378 Diﬂicilior
1403 2322 1518 2392 ejus
1548 2323 1687 2380 foret
1716 2324 1804 2377 de—

232 2412 405 2466 fensio
426 2451 443 2478 ,
486 2413 530 2468 si
561 2413 613 2467 id
647 2411 967 2483 objecisset,
1002 2414 1144 2484 quod
1171 2429 1200 2469 a
1233 2414 1417 2470 multis
1447 2414 1613 2485 objici
1641 2416 1798 2484 solet,

227 2505 409 2558 omnia
449 2520 572 2560 eum
620 2504 734 2562 fere
776 2507 828 2561 in
864 2508 1215 2578 allegoricum
1265 2509 1495 2563 traxisse
1540 2523 1757 2564 sensum
1786 2549 1801 2574 ,

232 2605 591 2666 praeterquam
618 2598 749 2654 illud
775 2597 1151 2671 Sospitatoris,
1185 2615 1294 2670 quo
1325 2599 1688 2656 voluntariam
1719 2600 1803 2656 sui

235 2686 420 2755 ipsius,
459 2689 696 2745 caelestis
740 2691 889 2763 regni
924 2690 1289 2762 consequendi
1323 2706 1510 2761 causa,
1536 2693 1805 2749 exsectio-

231 2793 355 2833 nem
400 2781 780 2849 commendat,
826 2790 881 2838 et
923 2782 1054 2838 illud
1092 2798 1199 2853 quo
1230 2784 1446 2838 unicam
1481 2785 1803 2840 servandam

237 2872 503 2941 tunicam,
529 2873 829 2942 abjicienda
864 2874 1251 2941 calceamenta,
1287 2877 1338 2929 in
1364 2876 1661 2931 crastinum
1684 2891 1808 2931 neu-

240 2964 448 3034 tiquam
497 2967 942 3037 prospiciendum
977 2982 1095 3022 esse
1134 2969 1241 3033 ait;
1285 2983 1405 3039 quae
1456 2967 1804 3038 allegoricam

1900 1857 2190 1928 diligebat,
2229 1857 2282 1912 in
2317 1856 2586 1915 hominem
2617 1858 2854 1926 peccatis
2900 1855 3233 1908 laborantem
3271 1867 3471 1923 anago—

1901 1948 2017 2020 gica
2044 1949 2492 2018 interpretatione
2521 1947 2685 2002 fuisse
2712 1944 3273 2001 mutatum.Consulat
3300 1943 3471 1997 lector

1904 2049 2109 2095 tomum
2161 2056 2373 2094 xxxvnt
2400 2042 2452 2094 in
2474 2039 2658 2106 Joan.,
2688 2055 2835 2093 num.
2866 2038 2899 2093 6
2922 2080 2935 2104 ,
2984 2037 3267 2108 Origenem
3311 2035 3470 2106 culpa

1904 2136 2198 2190 immunem
2236 2134 2533 2203 comperiet
2564 2152 2577 2187 :
2614 2148 2735 2186 nam
2766 2144 3052 2202 postquam
3082 2130 3272 2184 Lazari
3305 2130 3474 2183 histo-

1904 2227 2061 2290 riam,
2090 2225 2247 2295 juxta
2280 2224 2543 2287 litteram,
2579 2221 2695 2275 fuse
2723 2220 3032 2288 explicavit,
3074 2221 3176 2273 hac
3207 2227 3471 2287 praeterea

1905 2311 2156 2365 homines
2200 2311 2401 2379 signari
2435 2308 2601 2374 addit,
2640 2309 2732 2378 qui
2764 2310 3004 2378 peccatis
3032 2308 3310 2374 admissis,
3338 2306 3473 2359 ami-

1902 2402 2031 2457 citia
2057 2417 2178 2456 cum
2207 2400 2333 2457 Jesu
2365 2402 2514 2471 prius
2538 2410 2842 2467 contracta,
2872 2402 2961 2469 qui
2999 2401 3191 2453 animm
3219 2400 3328 2453 vita
3360 2410 3465 2461 est,

1903 2494 2195 2559 excidunt,
2231 2502 2285 2548 et
2314 2493 2467 2548 novis
2514 2507 2728 2547 rursum
2766 2494 2950 2562 gratiae
2997 2493 3211 2545 auxiliis
3254 2492 3473 2546 excitati

1903 2586 2149 2641 eamdem
2184 2594 2527 2654 recuperant.
2559 2584 2716 2638 Aliud
2746 2593 2828 2639 est
2862 2596 3040 2638 autem
3071 2584 3320 2637 laborare
3348 2597 3475 2653 pec—

1906 2680 2063 2745 catis,
2098 2678 2242 2732 aliud
2291 2678 2529 2734 hominis
2575 2677 2813 2747 peccatis
2849 2676 3143 2731 laborantis
3181 2676 3471 2743 imaginem

1906 2790 2132 2848 gerere;
2168 2782 2501 2843 postremum
2551 2770 2655 2825 hoc
2688 2768 2898 2825 Lazaro
2934 2769 3123 2823 tribttit
3168 2768 3430 2838 Origenes
3456 2812 3471 2836 ,

1905 2868 2060 2939 prius
2078 2882 2208 2921 vero
2236 2864 2482 2920 minime.
2508 2863 2647 2929 Quid
2675 2865 2741 2918 ad
2766 2862 3042 2931 sequentia
3069 2876 3227 2930 porro
3260 2875 3477 2930 respou-

1909 2960 2065 3011 deam
2106 2970 2211 3011 non
2242 2956 2457 3020 habeo,
2498 2955 2549 3008 in
2592 2954 2786 3023 quibus
2816 2953 3161 3009 insimulatur
3205 2953 3477 3007 Adaman-

235 3069 415 3113 tamen
450 3060 949 3129 interpretationem
1000 3059 1235 3113 maxime
1282 3059 1524 3114 omnium
1560 3058 1803 3129 postula-

1916 3051 2016 3103 tius
2045 3089 2061 3116 ,
2113 3050 2255 3119 quod
2307 3056 2497 3103 contra
2542 3046 2818 3116 Evangelii
2850 3045 3229 3099 auctoritatem
3264 3043 3478 3099 Jodmos

232 3151 385 3204 bant.
410 3149 660 3205 Attamen
696 3150 1015 3205 temerarius
1043 3149 1298 3219 juvenilis
1322 3150 1500 3204 aetatis
1530 3149 1681 3205 calor
1713 3163 1806 3204 ex-

230 3242 501 3297 cusationi
551 3251 674 3308 est,
730 3258 837 3313 quo
890 3242 1107 3313 vigente
1160 3242 1288 3296 talia
1343 3244 1668 3310 attentavit;
1712 3244 1806 3298 sed

233 3335 626 3405 prodeuntibus
650 3336 808 3391 annis
838 3343 1075 3391 mutasse
1119 3336 1404 3391 consilium
1437 3336 1491 3391 id
1522 3336 1652 3390 mihi
1686 3350 1808 3405 per-

235 3425 448 3491 suadet,
475 3427 617 3494 quod
653 3435 1006 3496 spontaneam
1046 3426 1439 3480 castrationem
1467 3426 1809 3481 damnaverit

236 3524 368 3569 tom.
406 3531 475 3570 xv
496 3519 549 3570 in
588 3517 807 3583 Matth.,
831 3533 981 3573 num.
1005 3516 1059 3584 2,
1093 3533 1217 3588 pag.
1255 3516 1380 3584 655,
1413 3528 1470 3572 ut
1492 3517 1619 3572 alibi
1656 3533 1685 3571 a
1719 3534 1811 3573 no—

236 3604 320 3659 bis
344 3606 687 3661 observatum
717 3614 818 3663 est.
851 3604 1094 3660 Alterum
1145 3606 1196 3660 id
1250 3604 1556 3676 expostulat
1608 3604 1809 3657 Eusta-

236 3697 417 3763 thius,
464 3698 604 3768 quod
639 3698 950 3768 paradisum
983 3706 1295 3752 terrestrem
1326 3737 1341 3762 ,
1392 3704 1447 3749 et
1494 3693 1809 3751 fructiferas

235 3790 476 3857 paradisi
528 3792 754 3847 arbores
793 3792 1083 3864 allegorica
1119 3790 1461 3860 expositione
1486 3788 1807 3843 aboleverit.

238 3879 353 3936 lloc
385 3882 555 3951 ipsum
590 3882 704 3937 fere
749 3884 1023 3938 criminati
1057 3891 1186 3939 sunt
1209 3922 1227 3949 ,
1260 3890 1528 3952 quotquot
1555 3881 1809 3952 allegori-

236 3989 333 4028 cas
383 3975 553 4041 ipsius
602 3976 1080 4044 interpretationes
1136 3976 1427 4030 damnasse
1477 3976 1803 4032 notavimus.

238 4069 306 4120 At
346 4069 713 4137 patrocinatur
760 4067 913 4122 Philo
954 4066 1191 4136 Iudaeus,
1223 4082 1255 4123 e
1294 4064 1446 4135 cujus
1483 4066 1637 4124 libris
1671 4069 1813 4139 Περὶ

236 4160 650 4230 κοσμοποιίας,
680 4170 736 4214 et
760 4162 989 4231 Allegor.
1030 4159 1131 4229 leg.
1165 4163 1219 4225 1,
1257 4176 1409 4216 suam
1446 4160 1512 4214 de
1558 4161 1811 4229 paradiso

236 4250 560 4305 sententiam
596 4261 874 4307 mutuatus
923 4260 1025 4307 est.
1076 4249 1269 4304 Futilis
1316 4260 1399 4305 est
1430 4266 1662 4322 sequens
1707 4253 1813 4305 Eu-

237 4342 427 4399 olathii
465 4325 733 4398 cavillatio
778 4343 833 4396 in
864 4342 1126 4397 vocabulo
1183 4340 1373 4412 μῦθος,
1425 4360 1535 4414 quo
1568 4343 1811 4414 paradisi

238 4435 524 4489 historiam
590 4433 854 4506 Origenes
911 4432 1241 4504 appellavit,
1296 4448 1419 4488 cum
1474 4435 1811 4504 grammatici
1844 4428 1887 4482 Ι)

239 4529 416 4583 sciant
443 4527 613 4598 μύθου
648 4530 869 4583 nomine
900 4543 988 4583 res
1018 4541 1235 4596 quoque
1267 4543 1396 4583 vere
1432 4537 1612 4599 gestas
1641 4528 1811 4599 signi-

237 4617 414 4683 ficari,
467 4619 921 4689 quemadmodum
952 4618 1303 4675 historiarum
1348 4620 1565 4675 nomine
1617 4619 1812 4677 fabulae

236 4725 457 4779 quoque
505 4726 895 4781 nonnunquam
927 4712 1323 4782 intelliguntur.
1355 4710 1677 4781 Propertius
1715 4712 1811 4767 lib.

239 4818 315 4869 iv,
344 4802 499 4864 Eleg.
535 4804 559 4857 l
594 4822 607 4858 :
647 4801 921 4857 Hactenus
953 4803 1221 4870 historice,
1245 4819 1368 4858 cum
1400 4803 1578 4873 Trojee
1604 4803 1814 4861 fabulas

238 4892 432 4948 fuisset
452 4904 792 4965 persecutus.
819 4895 1002 4965 Pergit
1036 4896 1298 4964 conqueri
1322 4895 1642 4952 Eustathius
1668 4899 1813 4966 quod

237 4982 473 5040 effossos
508 4984 575 5040 ab
601 4986 913 5042 Abrahamo
942 4997 1129 5058 puteos
1160 4987 1215 5042 itt
1247 4986 1567 5058 allegoriam
1596 4988 1813 5044 deriva~

240 5074 407 5140 verit,
444 5075 535 5144 qui
562 5090 659 5153 sua
702 5086 882 5131 tamen
912 5087 1070 5132 aetate
1107 5086 1451 5148 supererant.
1496 5074 1692 5131 Verum
1729 5077 1814 5130 vel

242 5167 373 5221 illud
400 5177 733 5237 postremum
775 5168 1021 5238 iniquam
1060 5169 1178 5238 ejus
1206 5168 1641 5223 criminationem
1677 5168 1811 5224 satis

244 5258 476 5327 refellit,
530 5276 656 5313 nam
708 5258 927 5333 Origeni
958 5261 1052 5332 qui
1089 5270 1166 5315 tot
1216 5261 1273 5317 in
1320 5260 1504 5316 Iudaea
1554 5264 1815 5332 transegit

242 5365 417 5419 annos
440 5391 454 5413 ,
488 5351 655 5420 ignoti
700 5368 821 5409 esse
866 5368 971 5408 non
1005 5362 1297 5422 potuerunt
1325 5353 1378 5408 hi
1411 5353 1593 5424 putei;
1632 5362 1813 5408 tamne

243 5458 373 5499 vero
412 5443 635 5515 projecti
688 5445 863 5514 ipsum
914 5445 1139 5516 pudoris
1186 5444 1358 5501 fuisse
1408 5446 1722 5511 credemus,
1755 5456 1812 5499 ut

352 5562 399 5594 ⁸³
428 5562 615 5618 Matth.
645 5578 759 5631 xu,
781 5563 869 5618 21.

318 5657 432 5720 (59)
465 5655 566 5712 His
605 5660 980 5714 animadversis
1019 5660 1194 5729 facilis
1231 5668 1305 5714 est
1328 5659 1443 5729 jam
1476 5658 1809 5727 dijudicatio,

246 5743 464 5797 aquane
494 5744 713 5783 censura
754 5727 1032 5800 Origenem
1077 5727 1338 5787 vexaverit
1370 5727 1673 5783 Eustathius
1705 5730 1812 5783 An-

1909 3144 2187 3215 negaverit
2219 3142 2425 3212 lapides
2460 3141 2511 3194 in
2550 3140 2822 3195 Christum
2860 3139 3138 3208 iaciendos
3170 3138 3477 3201 sustulisse,

1908 3249 2133 3305 remque
2164 3234 2230 3288 ad
2266 3232 2620 3305 tropologiam
2670 3230 2962 3285 detorserit
2992 3247 3006 3284 :
3037 3245 3161 3283 nam
3212 3238 3481 3283 vetustate

1906 3325 2209 3381 imminutis
2241 3322 2663 3380 Commentariis
2694 3322 2751 3376 in
2785 3320 3069 3385 Joannem,
3098 3337 3225 3390 pars
3276 3321 3367 3375 illa
3397 3322 3481 3373 in-

1910 3418 2146 3485 tercidit,
2180 3417 2233 3471 in
2274 3431 2380 3486 qua
2412 3418 2525 3471 hazc
2557 3404 2836 3486 Evangelii
2864 3416 3104 3468 narratio
3135 3413 3479 3483 explanatur.

1908 3510 2189 3578 Quomodo
2243 3524 2375 3578 ergo
2404 3509 2471 3562 ab
2506 3506 2738 3577 Origene
2781 3514 3004 3576 accepta
3049 3506 3161 3569 sit,
3216 3506 3481 3559 incertum

1908 3612 2009 3659 est.
2044 3604 2284 3674 Denique
2314 3618 2456 3671 aegre
2486 3602 2762 3657 Eustathio
2801 3608 2926 3662 est,
2963 3598 3101 3666 quod
3153 3595 3484 3665 argumentis

1910 3710 1975 3750 ex
2010 3696 2289 3751 nominum
2333 3692 2785 3761 interpretatione
2818 3690 3003 3760 petitis
3029 3728 3043 3753 ,
3093 3689 3145 3740 in
3199 3688 3486 3759 allegorias

1908 3785 2267 3841 Adamantius
2310 3796 2693 3852 nonnunquam
2741 3789 3042 3846 excurrat,
3091 3796 3214 3833 cum
3249 3780 3355 3834 duo
3385 3795 3486 3835 sae-

1909 3877 2135 3950 pissime
2175 3876 2420 3930 homines
2470 3875 2713 3929 moribus
2763 3882 2818 3927 et
2847 3877 3060 3927 ratione
3098 3873 3220 3930 vita:
3268 3874 3486 3941 penitus

1912 3969 2191 4025 discordes
2229 3969 2370 4022 idem
2413 3977 2591 4021 tamen
2643 3981 2838 4021 nomen
2881 3973 3088 4035 gerant.
3123 3964 3192 4017 At
3226 3978 3330 4017 non
3375 3973 3485 4017 tam

1911 4062 2039 4117 inde
2065 4061 2350 4131 allegorias
2370 4059 2656 4129 Origenem
2691 4070 2970 4112 arcessere
2993 4070 3177 4108 verum
3202 4064 3306 4118 est,
3322 4069 3486 4122 quam

1913 4155 2128 4210 aliunde
2156 4154 2356 4225 petitas
2394 4152 2495 4205 hoc
2544 4151 2765 4222 insuper
2796 4158 3118 4220 argumento
3149 4188 3163 4212 ,
3195 4156 3489 4217 quantum-

1914 4251 1995 4304 vis
2020 4249 2122 4304 levi
2150 4248 2492 4303 confirmare.

2445 4357 2769 4426 QUIESTIO
2812 4354 2926 4412 XIV

2198 4466 2644 4515 QUESTlUNCULAS
2670 4464 2900 4510 ΑυροοΤ
2927 4462 3075 4510 QUASI
3107 4460 3207 4499 PER

2409 4536 2660 4575 SATURAM
2690 4534 2987 4574 COMI‘LEXA.

1915 4637 1957 4692 Ι.
1999 4636 2270 4701 Quaeritur
2298 4634 2539 4702 Origenis
2566 4634 2828 4705 sententia
2857 4632 2918 4684 de
2950 4627 3150 4705 ligandi
3177 4623 3485 4705 et‘solvendt’

1985 4696 2238 4774 potestate
2313 4696 2674 4774 sacerdotibus
2757 4696 3020 4774 concessa.
3047 4696 3141 4774 Δ11.
3193 4696 3485 4774 incutitur

1990 4765 2220 4841 ejusdem
2241 4774 2304 4827 de
2328 4773 2663 4826 Eucharislia
2696 4774 2895 4840 Opinio.
2928 4770 3008 4821 Ill.
3036 4768 3289 4841 Quadam
3320 4765 3485 4832 ipsius

1995 4836 2059 4898 de
2090 4846 2429 4916 matt‘imonio
2458 4844 2707 4916 dogmata
2728 4836 3007 4916 notantur.
3162 4836 3348 4916 Utrum
3375 4851 3489 4916 nta-

1990 4917 2122 4985 gicis
2155 4915 2357 4985 artibus
2401 4904 2587 4981 faverit
2613 4952 2627 4973 ,
2661 4913 2963 4985 exploratur
2995 4924 3013 4962 :
3062 4907 3208 4985 νάει
3262 4910 3325 4959 de
3378 4904 3489 4985 lfu-

1990 4978 2334 5055 gastrimytho
2363 4978 2489 5055 quid
2529 4984 2805 5055 statuerit;
2837 4980 2922 5035 Vl.
2960 4979 3142 5049 ecquid
3174 4985 3236 5031 de
3270 4978 3487 5030 utenda-

1989 5051 2068 5108 cio
2094 5096 2110 5122 ,
2149 5051 2259 5110 ΥΠ.
2290 5062 2337 5106 et
2364 5051 2427 5107 de
2455 5051 2831 5121 jurejurando.

1990 5170 2033 5223 l.
2070 5167 2407 5224 Postremam
2435 5168 2574 5221 hanc
2602 5165 2953 5235 quazstionem
2982 5162 3185 5232 aperiet
3213 5158 3391 5214 brevis
3424 5157 3488 5211 do

1921 5263 2258 5315 sacerdotum
2292 5267 2561 5326 potestate
2587 5296 2602 5319 ,
2650 5256 2799 5322 juxta
2840 5252 3090 5323 Origenis
3139 5246 3483 5307 sententiam,

1919 5352 2228 5422 disputatio.
2272 5351 2319 5404 Is
2361 5359 2504 5403 tomo
2567 5362 2641 5400 xu
2678 5348 2733 5398 in
2782 5344 2998 5410 Mattlt.,
3038 5359 3183 5395 nunt.
3237 5340 3324 5401 H,
3364 5352 3485 5404 pago

1922 5444 2049 5509 531,
2082 5444 2274 5499 scribit
2309 5450 2631 5513 potestatem
2669 5438 2902 5492 clavium
2950 5432 3484 5501 habere‘episcopos,

1922 5656 2214 5713 tiochenus,
2254 5661 2356 5704 etc.
2388 5650 2519 5705 Vide
2552 5649 2751 5704 iterum
2798 5641 3175 5701 Praefationem
3227 5634 3357 5692 tomi
3404 5648 3478 5688 sc-

1920 5725 2102 5792 cundi,
2130 5722 2355 5778 articulo
2384 5720 2437 5775 8.
