3860 6226
371 299 510 355 10⁴ἴ5

1632 302 1691 361 Ρ.
1730 299 2038 357 DANIELIS
2078 299 2327 357 llUETll.

3484 303 3621 358 i076

369 429 426 475 ct
458 435 576 489 qua:
611 418 679 474 ab
707 418 836 489 ipsis
866 417 949 475 vel
984 420 1148 492 ligata
1184 421 1268 477 vel
1301 422 1473 477 soluta
1505 430 1632 477 sunt
1659 424 1714 477 in
1748 423 1929 486 terrisl

2039 418 2369 488 Εὑαγγελίου
2395 416 2563 486 λέγει,
2598 416 2733 489 πρὸς
2766 416 2972 470 ἐκεῖνον
2993 416 3083 471 τὸν
3119 415 3324 487 Πέτρον
3343 434 3354 445 ·
3380 416 3456 481 ὡς
3480 417 3536 470 δὲ
3556 418 3621 472 τὸ

370 512 533 582 ligata
559 526 681 565 esse
713 521 769 565 et
804 510 977 565 soluta
1006 514 1059 567 in
1089 512 1248 579 coelo,
1273 513 1317 569 si
1346 514 1504 568 modo
1536 512 1680 568 Petri
1710 514 1937 569 virtutes

368 601 731 657 aemulentur:
784 600 867 655 sin
919 611 1261 670 peccatorum
1319 604 1548 659 vinculis
1604 603 1805 675 alligati
1855 614 1935 659 te-

369 703 627 756 neantur,
664 690 867 745 frustra
899 705 990 747 eos
1022 692 1189 762 ligare
1221 702 1277 748 et
1316 693 1545 748 solvere.
1573 694 1725 760 Quod
1750 695 1792 749 si
1826 710 1938 750 me-

366 786 486 838 ritis
522 784 644 838 licet
673 799 736 838 ac
777 785 984 853 pietate
1030 785 1316 839 inferiores
1361 784 1536 851 Petro,
1585 786 1936 841 nihilominus

366 878 589 947 ligatum
632 876 696 929 iri
746 884 970 945 sperent
1014 876 1066 929 in
1115 875 1279 941 cwlo,
1328 887 1382 931 et
1432 876 1687 943 solutum,
1732 891 1851 945 quae
1882 878 1935 930 in

367 968 529 1022 terris
577 967 866 1045 ligaverint
910 974 963 1023 et
997 966 1290 1035 solverint;
1326 968 1622 1038 legitimum
1662 984 1757 1024 eos
1786 968 1935 1023 Scri-

366 1070 648 1129 ptnrarum
682 1060 931 1129 ignorare
962 1073 1202 1125 sensum,
1248 1068 1302 1114 et
1332 1061 1586 1129 superbia
1636 1070 1936 1115 excaecatos

366 1167 506 1207 esse.
545 1151 599 1217 ln
638 1152 779 1215 hunc
821 1152 997 1204 locum
1045 1160 1275 1205 annotat
1322 1149 1507 1217 Sixtus
1538 1152 1797 1215 Senensis
1838 1152 1931 1206 lib.

366 1260 417 1297 γι
450 1260 539 1301 an.
587 1244 677 1305 70,
710 1242 947 1297 alludere
977 1241 1260 1316 Origenem
1299 1245 1365 1298 ad
1405 1258 1648 1298 errorem
1688 1243 1756 1307 ab
1792 1242 1934 1299 llus-

369 1334 489 1387 sitis
543 1336 882 1403 posmodnm
941 1343 1354 1404 proriugnatum,
1396 1334 1489 1402 qui
1538 1348 1687 1404 papae
1724 1342 1781 1389 et
1817 1335 1934 1402 epi-

369 1441 655 1495 scoporum
679 1434 1003 1497 potestatem
1036 1440 1102 1481 ex
1136 1441 1345 1480 morum
1383 1426 1674 1481 sanctitate
1701 1428 1937 1497 pendere

364 1518 651 1584 volebant,
694 1528 752 1573 ut
783 1520 1214 1590 quotiescunque
1263 1519 1537 1588 peccando
1569 1518 1761 1573 ﬁerent
1788 1518 1934 1575 Petri

300 1594 303 1597 ’
366 1610 677 1674 dissimiles,
705 1626 811 1664 una
840 1619 1163 1682 potestatem
1196 1610 1365 1680 ipsius
1394 1611 1709 1666 amitterent
1735 1632 1750 1680 ;
1784 1614 1934 1666 dam-

366 1711 662 1771 natumque
696 1704 835 1758 hunc
862 1719 979 1759 esse
1010 1718 1039 1757 a
1076 1703 1392 1757 Tridentina
1421 1706 1646 1775 synodo,
1676 1720 1811 1761 sess.
1841 1707 1927 1768 14,

2039 510 2264 582 Πνεῦμα
2293 509 2456 564 αὐτοῦ
2505 510 2765 573 διδάσκει,
2801 509 2936 578 πρὸς
2966 509 3144 567 πάντα
3181 510 3272 561 τὸν
3323 512 3617 580 γενόμενον

2037 605 2219 667 ὁποῖος
2250 605 2278 656 ὁ
2304 602 2507 674 Πέτρος
2535 605 2758 666 ἐκεῖνος.
2793 600 3097 657 Ostendunt
3128 602 3265 656 idem
3295 613 3347 658 et
3386 618 3618 671 sequen-

2040 696 2133 759 tia,
2175 696 2229 749 in
2265 693 2462 763 quibus
2493 702 2677 763 portas
2724 691 2881 745 inferi
2921 707 3041 746 esse
3083 700 3341 763 peccata,
3378 692 3617 747 haereses

2035 800 2160 840 esse
2201 788 2492 853 daemones,
2541 800 2707 854 regna
2744 783 3008 841 caelorum
3038 784 3268 844 virtutes
3302 800 3423 839 esse
3458 785 3611 840 dicit.

2036 876 2227 931 Priore
2261 885 2462 941 autem,
2496 890 2658 946 quem
2694 874 3051 940 laudavimus,
3079 876 3215 940 loco,
3253 872 3377 930 licet
3413 875 3613 944 ligandi

2036 977 2090 1022 et
2126 966 2363 1023 solvendi
2408 974 2725 1037 potestatem
2792 967 3043 1021 omnibus
3088 967 3319 1031 tribuat,
3378 968 3612 1038 quicun-

2037 1074 2143 1130 que
2183 1068 2266 1113 ter
2318 1066 2610 1129 peccantes
2663 1057 3058 1126 corripuerint;
3116 1058 3377 1126 peculiari
3431 1070 3612 1115 tamen

2036 1151 2221 1216 modo,
2249 1159 2301 1205 et
2338 1149 2564 1220 pleniori
2607 1159 2903 1218 potestate,
2940 1164 3003 1202 ac
3047 1149 3245 1218 potiori
3288 1151 3410 1221 jure
3448 1150 3613 1209 Petro

2036 1244 2087 1297 id
2120 1256 2440 1298 concessum
2470 1240 2639 1296 fuisse
2658 1241 2791 1307 vult,
2818 1256 2941 1296 cum
2974 1241 3028 1295 in
3054 1256 3161 1297 uno
3181 1242 3441 1296 duntaxat
3468 1244 3612 1298 crelo

2035 1333 2251 1389 solvere
2285 1334 2407 1388 illos
2443 1343 2494 1387 et
2526 1333 2691 1403 ligare
2724 1348 2881 1403 posse
2912 1331 3163 1401 allirmet,
3187 1333 3401 1390 Petrum
3428 1346 3611 1391 autem

2037 1424 2088 1477 in
2129 1424 2404 1478 omnibus.
2434 1422 2591 1477 Adde
2625 1424 2842 1477 easdem
2878 1424 3015 1492 apud
3058 1423 3246 1479 Patres
3275 1441 3416 1496 szrpe
3455 1428 3613 1483 locu-

2034 1514 2209 1569 tiones
2249 1528 2566 1579 occurrere,
2605 1528 2723 1583 quae
2751 1515 2817 1567 ad
2846 1525 3047 1569 rectam
3081 1515 3261 1570 itidem
3291 1518 3614 1587 interpreta-

2036 1608 2233 1661 tionem
2268 1608 2580 1660 revocandze
2614 1616 2760 1661 sunt.
2806 1606 3040 1663 lrenzeus
3098 1608 3193 1662 lib.
3255 1626 3329 1672 tv,
3363 1626 3486 1679 cap.
3518 1612 3613 1679 20,

2041 1719 2059 1752 ι
2103 1699 2304 1756 Omnes
2324 1701 2453 1771 justi
2481 1700 2872 1755 sacerdotalem
2903 1702 3102 1757 habent
3129 1706 3395 1758 ordinem.
3429 1725 3447 1755 ι
3478 1706 3618 1759 Ter-

364 1806 486 1847 can.
531 1791 619 1856 10,
652 1792 737 1846 his
765 1793 979 1853 verbis:
1036 1812 1055 1846 ι
1095 1794 1151 1847 Si
1189 1795 1308 1863 quis
1359 1780 1572 1848 dixerit
1621 1797 1930 1853 sacerdotes
1964 1777 2006 1832 Β
2040 1792 2292 1846 tullianus
2343 1792 2433 1848 lib.
2492 1792 2567 1845 De
2643 1794 3006 1846 exhortatione
3042 1797 3328 1860 castitatis,
3372 1814 3493 1866 cap.
3556 1800 3613 1862 7,

367 1885 456 1957 qui
495 1884 548 1939 in
595 1895 821 1955 peccato
856 1885 1069 1939 mortali
1109 1895 1258 1949 sunt,
1297 1896 1622 1956 potestatem
1653 1887 1851 1957 ligandi
1878 1900 1932 1943 et

362 1975 604 2031 solvendi
645 1992 748 2033 non
803 1978 939 2031 habe
957 1992 1035 2043 re,
1068 1976 1353 2036 anathema
1405 1989 1542 2034 esto.
1600 1998 1618 2032 ι
1654 1982 1934 2036 Assentior

365 2067 542 2133 Sixto,
590 2077 643 2124 et
671 2084 901 2137 peccare
929 2070 1017 2124 aio
1048 2070 1360 2141 Origenem,
1396 2082 1560 2142 atque
1588 2073 1727 2128 hanc
1760 2075 1928 2128 videri

362 2162 612 2230 amplecti
656 2163 926 2228 haeresim,
969 2164 1022 2218 in
1054 2180 1155 2235 qua
1200 2166 1393 2221 deinde
1424 2167 1621 2220 versati
1671 2175 1794 2222 sunt
1825 2168 1930 2221 Do-

364 2256 598 2321 natistae,
631 2269 753 2310 cum
785 2270 814 2309 a
845 2258 1184 2314 sacerdotum
1214 2260 1499 2314 sanetitate
1522 2258 1776 2315 Ecclesiae
1834 2274 1931 2328 po-

361 2352 612 2416 tesiatgem
642 2351 1065 2420 suspenderunt.
1124 2350 1379 2406 Attamen
1430 2353 1769 2406 commodam
1815 2353 1931 2407 haec

361 2447 590 2509 possunt
640 2439 1146 2509 interpretationem
1193 2442 1504 2497 admittere.
1555 2441 1802 2508 Frustra,
1844 2442 1928 2497 in-

363 2529 503 2597 quit,
538 2529 735 2600 ligandi
779 2532 865 2585 vel
905 2532 1147 2588 solvendi
1184 2542 1504 2602 potestatem
1536 2533 1638 2589 sibi
1672 2544 1928 2605 arrogant

361 2619 624 2694 episcOpi,
660 2636 779 2690 quae
832 2620 995 2676 Petro
1030 2622 1301 2691 praecipue
1355 2638 1613 2678 concessa
1667 2631 1772 2684 est.
1824 2623 1929 2678 nisi

361 2708 550 2762 eadem
582 2724 687 2778 qua
719 2709 912 2771 Petrus
962 2711 1249 2771 sanctitate
1287 2721 1342 2768 et
1370 2714 1627 2783 aequitate
1660 2711 1924 2767 ﬂoreant:

362 2800 465 2869 hoc
499 2808 603 2864 est,
649 2799 748 2854 nisi
782 2801 1024 2865 eamdem
1065 2816 1225 2870 quam
1274 2802 1465 2858 Petrus
1511 2805 1820 2883 aequitatem
1873 2804 1925 2857 in

361 2890 619 2958 solvendo
653 2900 706 2944 et
739 2890 957 2958 ligando
988 2892 1300 2954 adhibeant.
1333 2892 1467 2948 Cum
1497 2907 1629 2965 ergo
1659 2903 1767 2950 tam
1801 2910 1927 2950 san-

359 2992 446 3051 cte
481 2981 602 3049 jure
652 2998 749 3037 suo
798 2983 991 3045 Petrus
1036 2993 1297 3048 uteretur,
1346 2994 1402 3037 ut
1438 3000 1530 3040 eos
1580 2992 1788 3050 tantum
1820 2986 1928 3039 cri-

364 3074 597 3131 minibus
626 3073 881 3139 solveret,
916 3074 1009 3149 qui
1058 3074 1110 3127 id
1156 3074 1471 3143 ptenitentia
1510 3090 1607 3131 sua
1647 3084 1700 3131 et
1730 3077 1927 3146 pietate

363 3175 545 3233 essent
574 3165 875 3237 promeriti,
912 3165 1057 3222 solos
1100 3166 1296 3221 noxios
1330 3166 1563 3236 ligaret;
1598 3169 1641 3222 si
1675 3168 1799 3238 quis
1826 3170 1934 3244 epi-

361 3272 557 3327 scopus
584 3244 757 3313 Petro
785 3258 1068 3313 dissimilis
1118 3267 1390 3328 potestate
1441 3259 1668 3314 abutens
1699 3276 1794 3315 sua
1851 3262 1931 3315 in-

362 3357 546 3409 sontes
599 3346 868 3422 ligaverit,
908 3348 1159 3418 indignos
1189 3347 1429 3415 solverit,
1483 3363 1589 3402 non
1626 3348 1849 3418 perinde
1879 3350 1930 3403 in

362 3438 503 3499 rmlo
557 3454 615 3494 se
671 3454 757 3492 res
810 3438 1052 3495 habebit.
1108 3439 1363 3495 Subsidio
1412 3447 1497 3494 est
1531 3439 1749 3511 Origeni
1789 3442 1930 3496 istud

364 3529 675 3602 Hieronymi
723 3533 815 3587 lib.
852 3548 912 3586 ιιι
977 3532 1031 3585 in
1071 3530 1263 3595 Matth.
1304 3548 1414 3597 rm,
1449 3534 1537 3589 19.
1581 3551 1600 3585 ι
1637 3532 1806 3588 Istum
1853 3533 1933 3587 lo-

362 3638 486 3688 cum
524 3625 760 3694 episcopi
805 3635 859 3680 et
890 3623 1191 3703 presbyteri
1240 3638 1344 3677 non
1401 3624 1783 3702 inlelligenles,
1835 3627 1933 3680 ali-

364 3715 491 3793 quid
521 3715 624 3769 sibi
672 3716 739 3769 de
776 3715 1170 3788 Pharisaeorum
1202 3725 1486 3771 assumunt
1530 3719 1840 3785 supercilio,
1874 3728 1933 3774 ut

361 3808 446 3861 vel
477 3808 732 3864 damnent
763 3810 1098 3872 innocentes,
1143 3809 1227 3871 vel
1264 3809 1476 3869 solvere
1518 3824 1578 3867 se
1627 3811 1816 3866 noxios
1845 3824 1934 3862 ar-

362 3900 652 3969 bitrentur,
682 3915 804 3955 cum
835 3902 973 3971 apud
1011 3902 1175 3954 Deum
1232 3916 1335 3954 non
1370 3901 1638 3962 sententia
1673 3902 1929 3960 sacerdo-

365 4001 497 4060 tum,
547 3994 642 4047 sed
692 4008 906 4046 reorum
960 3992 1070 4045 vita
1118 4004 1414 4059 quaeratur.
1460 4011 1478 4044 ι
1526 3991 1730 4055 Noxios
1782 3994 1929 4055 dicit,

362 4083 451 4149 qui
485 4083 644 4137 noxis
672 4082 940 4152 impliciti,
978 4082 1119 4135 nulla
1153 4083 1420 4136 scelerum
1452 4084 1787 4151 paenitudine
1822 4094 1933 4137 tan-

360 4180 588 4241 guntur:
624 4172 820 4240 alioqui
855 4186 1012 4225 nemo
1042 4172 1178 4225 solvi
1213 4182 1387 4239 potest
1423 4174 1521 4227 nisi
1569 4174 1785 4228 noxius.

430 4263 640 4317 Asserit
678 4274 934 4331 przeterea
979 4261 1239 4329 Origenes
1282 4274 1428 4318 tomo
1486 4280 1583 4318 xm
1626 4265 1679 4317 in
1713 4263 1927 4329 Malth.,

360 4372 510 4411 num.
558 4356 648 4419 3i,
699 4372 824 4425 pag.
864 4356 988 4419 615,
1037 4354 1237 4424 ligandi
1291 4365 1345 4409 et
1394 4356 1634 4411 solvendi
1686 4367 1930 4427 potesta-

2046 1900 2064 1932 ι
2107 1880 2295 1935 Nonne
2329 1891 2383 1935 et
2418 1882 2538 1945 laici
2576 1883 2889 1938 sacerdores
2916 1886 3142 1939 smnus?
3176 1884 3447 1957 Scriptum
3492 1901 3610 1944 est:

2042 1974 2278 2045 Regnum
2316 1992 2519 2045 quoque
2574 1992 2699 2040 nos,
2748 1986 2794 2029 et
2845 1979 3142 2031 sacerdoces
3189 1979 3323 2045 Deo,
3366 1992 3413 2035 et
3456 1980 3614 2035 Patri

2037 2082 2133 2119 suo
2164 2068 2303 2134 fecit.
2337 2085 2354 2118 ι
2385 2066 2679 2136 Gregorius
2738 2066 3012 2138 Nyssenus
3034 2068 3128 2125 lib.
3161 2070 3237 2124 De
3260 2073 3615 2139 perfectione:

2037 2156 2135 2210 Διὰ
2163 2157 2351 2211 τούτου
2392 2158 2486 2213 καὶ
2516 2159 2624 2223 τῶν
2662 2159 2919 2213 τοιούτων
2958 2162 3132 2234 πέτρα
3168 2164 3264 2216 καὶ
3295 2167 3458 2235 ἡμεῖς
3492 2167 3619 2219 ἐσό-

2040 2248 2198 2320 μεθα,
2238 2249 2579 2320 μιμούμενοι,
2634 2250 2815 2329 καθώς
2861 2255 2971 2305 ἐστι
3003 2254 3246 2319 δυνατὸν,
3283 2257 3340 2308 ἐν
3381 2260 3445 2327 τῇ
3484 2275 3616 2328 τρε-

2038 2343 2143 2414 πτῇ
2171 2340 2329 2409 φύσει
2358 2341 2418 2394 τὸ
2452 2341 2718 2424 ἄτρεπτον
2759 2345 2853 2396 καὶ
2898 2345 3249 2415 ἀμετάθετον.
3280 2366 3298 2398 ι
3344 2347 3448 2401 Per
3501 2350 3621 2403 haec

2035 2441 2090 2485 et
2130 2432 2211 2486 his
2238 2433 2432 2486 similia
2466 2449 2564 2488 nos
2596 2449 2812 2504 quoque
2854 2448 3002 2507 petra
3055 2439 3281 2502 erimus,
3314 2439 3615 2501 imitantes.

2035 2524 2213 2593 quaatl
2258 2521 2373 2589 ejus
2421 2524 2534 2578 fieri
2582 2535 2780 2594 potest,
2824 2510 2879 2581 in
2927 2528 3174 2582 mutabili
3218 2539 3429 2595 natura,
3468 2536 3618 2600 quod

2034 2627 2291 2668 constans
2323 2624 2378 2670 et
2412 2616 2753 2672 immutabile
2785 2628 2888 2673 est.
2928 2620 3292 2677 tAmbrosius
3317 2621 3615 2677 Comment.

2034 2704 2087 2756 in
2122 2702 2252 2769 Luc.
2286 2718 2337 2757 rx
2375 2721 2390 2758 :
2424 2722 2442 2761 ι
2474 2705 2575 2783 Qui
2616 2721 2832 2761 carnem
2879 2710 3089 2774 vicerit,
3114 2709 3373 2765 Ecclesiae
3420 2710 3617 2767 rorida-

2034 2806 2272 2850 mentum
2308 2806 2411 2860 est,
2444 2808 2499 2852 et
2528 2798 2575 2851 si
2606 2801 2809 2868 tequari
2841 2798 3003 2855 Petro
3032 2816 3138 2865 non
3175 2812 3376 2871 potest,
3413 2804 3614 2857 imitari

2034 2903 2237 2958 pctesu
2262 2909 2280 2949 ι
2306 2891 2534 2945 deinde:
2574 2910 2593 2944 ι
2620 2892 2811 2961 Magna
2845 2903 3024 2947 autem
3058 2893 3261 2949 Christi
3289 2900 3487 2966 gratia,
3522 2899 3617 2967 qui

2032 2982 2209 3035 omnia
2260 2996 2425 3051 prope
2449 2983 2708 3038 vocalmla
2744 2999 2838 3038 sua
2863 2985 3136 3054 discipulis
3166 2988 3294 3066 ipsis
3324 2991 3549 3044 donavit
3595 3011 3612 3046 :

2037 3075 2146 3144 Ego
2179 3092 2315 3140 sum,
2346 3076 2536 3144 inquit,
2559 3078 2652 3131 tua:
2681 3080 2862 3132 mundi
2890 3079 3048 3144 “'3‘;
3080 3092 3136 3133 et
3178 3081 3229 3135 id
3260 3091 3466 3147 tamen,
3503 3100 3615 3154 quo

2036 3169 2149 3239 ipse
2199 3170 2494 3241 gloriatur,
2542 3171 2822 3238 discipulis
2868 3188 3065 3226 nomen
3103 3172 3346 3237 indulsit,
3387 3175 3614 3231 dicens:

2043 3259 2143 3314 Vos
2173 3264 2298 3314 estis
2327 3262 2420 3314 lux
2464 3261 2647 3313 mundi
2673 3262 2758 3312 3“:
2798 3259 2909 3333 Ego
2948 3279 3064 3317 sum
3108 3265 3259 3333 panis
3316 3266 3464 3327 vivus
3504 3267 3598 3330 ⁸⁷;

2034 3363 2085 3407 et
2118 3371 2129 3404 :
2162 3352 2275 3406 Nos
2304 3370 2480 3407 omnes
2509 3370 2644 3406 unus
2678 3354 2827 3423 panis
2866 3372 3045 3407 smnus
3076 3356 3120 3387 “
3153 3375 3165 3408 :
3208 3355 3319 3426 Ego
3346 3375 3467 3411 sum
3497 3360 3617 3413 vilis

2032 3460 2154 3497 vera
2180 3443 2246 3515 '19)
2275 3464 2285 3507 ;
2319 3453 2372 3497 ct
2412 3443 2503 3497 tibi
2536 3443 2702 3497 dicit:
2739 3442 2982 3497 l’lanlavi
3015 3454 3061 3499 te
3093 3446 3241 3507 vitem
3284 3447 3616 3515 fructuosam

2034 3552 2234 3589 onmem
2268 3553 2444 3590 veram
2470 3536 2535 3589 '°.
2566 3535 2728 3589 Petra
2761 3544 2844 3589 est
2870 3535 3119 3593 Christus
3171 3537 3447 3606 (bibebant
3471 3540 3612 3591 enim

2034 3629 2097 3682 de
2130 3628 2357 3694 spiritali
2390 3638 2632 3698 sequente
2669 3638 2860 3697 petra;
2899 3637 3046 3695 petra
3084 3639 3258 3680 autem
3296 3639 3411 3682 erat
3453 3629 3616 3683 Chri-

2032 3729 2143 3771 stus
2174 3716 2280 3788 ")z
2314 3718 2475 3771 etiam
2495 3717 2759 3787 discipulo
2791 3730 2888 3769 suo
2917 3713 3072 3781 hujus
3105 3714 3347 3768 vocabuli
3377 3717 3613 3782 gratiam

2035 3826 2138 3862 non
2176 3807 2413 3878 negavit,
2455 3817 2513 3863 ut
2549 3818 2603 3862 et
2654 3808 2770 3877 ipse
2810 3807 2880 3861 sit
2910 3804 3124 3871 Petrus,
3158 3807 3300 3883 quod
3341 3808 3407 3860 de
3458 3817 3617 3875 petra

2035 3903 2230 3955 haheat
2287 3900 2615 3955 soliditatem
2676 3899 3031 3962 constantiae,
3092 3899 3212 3953 ﬁdei
3266 3897 3617 3952 ﬁrmitatem.

2038 3995 2257 4048 Enitere
2289 4008 2417 4063 ergo
2453 4002 2511 4047 ut
2544 4001 2599 4047 et
2638 4003 2692 4046 tu
2720 4003 2871 4063 petra
2912 3993 3006 4047 sis.
3042 4012 3061 4044 ι
3101 3991 3462 4059 Augustinus,
3516 3992 3616 4047 lib.

2035 4102 2070 4139 ιι
2130 4085 2331 4150 Quaest.
2356 4101 2562 4153 evang.,
2610 4100 2733 4153 cap.
2762 4084 2854 4149 40,
2892 4103 2910 4135 ι
2955 4083 3326 4137 Sacerdotium
3354 4096 3488 4136 vero
3515 4080 3620 4145 Ju-

2033 4178 2269 4229 da-orum
2304 4190 2464 4228 nemo
2498 4173 2613 4229 fere
2661 4174 2899 4238 ﬁdelium
2938 4175 3149 4228 dubitat
3185 4174 3407 4242 ﬁguram
3444 4170 3623 4226 fuisse

2031 4266 2319 4321 sacerdotii
2357 4264 2589 4334 regalis,
2636 4265 2779 4333 quod
2826 4273 2910 4318 est
2957 4266 3008 4317 in
3042 4263 3304 4325 Ecclesia,
3340 4278 3449 4331 quo
3483 4277 3627 4315 con-

2032 4368 2323 4414 secrantur
2380 4372 2569 4412 omnes
2623 4357 2961 4424 pertinentes
3010 4357 3077 4408 ad
3135 4371 3334 4423 corpus
3383 4353 3616 4419 Chrisri,

358 4457 467 4501 :em
497 4447 750 4501 omnibus
776 4463 805 4499 a
841 4447 1059 4502 Christo
1094 4448 1262 4504 fuisse
1312 4463 1650 4515 concessam,
1701 4449 1929 4518 quicun-
1960 4475 2004 4529 Ι)
2033 4449 2227 4504 summi
2262 4458 2317 4503 et
2346 4448 2455 4503 veri
2488 4448 2746 4518 principis
2781 4447 3147 4501 sacerdotum.
3189 4445 3323 4500 Nam
3370 4460 3517 4500 nunc
3564 4456 3621 4500 et

357 4553 461 4605 que
491 4540 679 4591 noxios
716 4549 796 4591 ter
846 4540 1314 4607 reprehenderint.
1346 4539 1420 4593 lta
1472 4549 1617 4593 tomo
1645 4556 1743 4603 xu,
1775 4557 1921 4594 num.

358 4629 446 4694 10,
481 4644 602 4705 pag.
650 4629 775 4696 521,
824 4644 1037 4683 onmem
1089 4630 1288 4685 Christi
1345 4631 1665 4701 discipulum
1718 4642 1922 4699 petram

356 4704 485 4780 esse
516 4704 590 4783 ait
631 4738 792 4791 super
842 4738 1001 4791 quam
1055 4724 1294 4779 Ecclesia
1347 4725 1547 4781 Christi
1593 4725 1920 4792 aediﬁcatur;

356 4814 479 4868 caeli
506 4814 690 4871 claves
726 4815 980 4883 perfectis
1004 4817 1307 4886 quibusque
1350 4816 1543 4883 tribui;
1571 4826 1626 4870 ct
1665 4833 1921 4885 quaecun-

357 4920 461 4974 que
496 4906 710 4959 tandem
756 4906 917 4961 Petro
952 4909 1219 4977 pollicitus
1269 4918 1356 4961 est
1406 4908 1655 4962 Christus
1702 4911 1923 4978 adeptu-

356 5012 497 5062 rum,
535 4998 782 5066 quisquis
810 4998 971 5052 Petro
1000 4999 1230 5053 similem
1273 5015 1331 5053 se
1359 5001 1689 5069 praestiterit,
1724 5000 1921 5053 Verum

357 5088 654 5155 posteriora
692 5089 806 5143 haec
838 5089 1129 5158 allegorice
1160 5089 1298 5143 dicta
1330 5106 1471 5153 esse,
1509 5107 1613 5143 non
1655 5092 1923 5161 dogmati-

354 5196 439 5241 ce,
492 5178 619 5232 illud
666 5178 871 5232 evincit
913 5168 1056 5247 quod
1104 5180 1418 5234 subestin
1449 5198 1533 5243 τις
1573 5180 1719 5248 λέγει
1769 5180 1927 5233 τοῦτο

379 5272 450 5327 Σὺ
485 5270 582 5327 εἶὸ
608 5274 842 5344 Χριστὸς
866 5279 894 5329 ὁ
920 5276 1051 5347 Υἱὸς
1083 5276 1177 5329 τοῦ
1206 5273 1342 5327 Θεοῦ
1390 5274 1485 5326 τοῦ
1522 5274 1759 5344 ζῶντος)
1789 5273 1927 5345 πρὸς

354 5364 514 5417 αὑτὸν
564 5365 887 5437 (Χριστὸν),
945 5349 1249 5438 οὔσαρκὸς
1300 5367 1394 5418 καὶ
1448 5367 1676 5435 αἵματος
1721 5366 1927 5420 ἀποκα-

352 5456 633 5525 λυψὰντων
677 5457 847 5528 αὐτῷ,
884 5458 1021 5512 ἀλλὰ
1054 5458 1147 5511 τοῦ
1172 5460 1229 5510 ἐν
1255 5462 1364 5521 τοῖς
1399 5459 1647 5529 οὲρανοῖς
1692 5459 1915 5529 Πατρὸςη

352 5547 600 5613 τεύξεται
640 5548 750 5603 τῶν
799 5551 1126 5622 εἰρημένων,
1170 5550 1246 5613 ὠς
1304 5550 1402 5619 μὲν
1458 5549 1519 5602 τὸ
1556 5549 1788 5621 γράμμα
1835 5552 1929 5606 τοῦ

423 5666 544 5753 εξοξδ
570 5666 724 5723 Joan.
762 5684 877 5735 vm,
913 5670 1006 5753 12.,
1073 5669 1117 5700 ⁸⁸
1175 5667 1363 5753 ιιθμιι.
1405 5683 1456 5729 v,
1492 5668 1583 5753 Ml;
1656 5670 1699 5701 ⁸⁷
1731 5670 1881 5735 δολη·
1922 5688 1929 5705 ⁸

2038 5672 2129 5753 4).
2209 5671 2298 5725 ⁸⁸1
2336 5672 2460 5727 Cor.
2518 5688 2568 5739 κ,
2615 5672 2677 5725 17

356 5752 415 5804 ιι,
445 5737 533 5792 21.
613 5742 655 5769 °‘
687 5744 703 5793 ι
737 5754 863 5795 Cur.
898 5758 953 5805 x,
980 5740 1034 5794 4.
1112 5741 1155 5772 θ’
1192 5739 1209 5797 Ι
1256 5739 1403 5805 l’clrg
1447 5756 1504 5804 It.
1553 5740 1611 5799 9..

2032 4557 2222 4597 omnes
2263 4550 2583 4608 unguntur,
2639 4543 2784 4612 Quod
2846 4553 2972 4597 tunc
3023 4541 3243 4609 regibus
3295 4549 3508 4593 tantum
3564 4550 3623 4591 et

2032 4634 2403 4688 sacerdotibus
2458 4636 2640 4688 liebat.
2700 4635 2763 4688 Et
2796 4635 2936 4702 quod
2988 4634 3061 4685 ait
3106 4633 3295 4685 l'ctrus
3334 4632 3401 4682 ad
3447 4628 3621 4683 Chri-

2031 4727 2266 4793 stianum
2318 4727 2574 4800 pepnlnm
2632 4725 2921 4780 scribens:
2971 4722 3161 4794 Regale
3214 4723 3620 4785 sacerdotium;

2037 4828 2331 4886 utrumque
2367 4834 2561 4872 nomen
2616 4818 2688 4871 illi
2725 4816 2920 4888 p0pulo
2961 4814 3252 4870 convenire
3289 4813 3615 4877 declaravit,

2030 4923 2137 4976 quo
2188 4907 2278 4961 illa
2318 4909 2503 4962 unctio
2548 4909 2877 4977 pertinebat.
2925 4923 2945 4958 ι
3008 4904 3233 4976 Ligandi
3284 4920 3503 4983 quoque
3558 4916 3617 4959 et

2032 4999 2277 5055 solvendi
2314 5009 2637 5069 potestatem
2676 5016 2864 5056 eorum
2896 4998 3156 5063 omnium,
3194 4997 3285 5066 qui
3317 5004 3613 5069 peccantes

2030 5091 2230 5148 fratres
2260 5092 2734 5162 objurgationibus
2770 5094 3063 5155 incessunt,
3111 5104 3456 5145 communem
3483 5103 3612 5143 esse

2033 5183 2218 5237 volunt
2272 5184 2609 5254 Augustinus
2654 5186 2720 5239 de
2765 5185 2933 5238 verbo
2984 5182 3219 5245 Domini,
3272 5180 3457 5234 homil.
3515 5196 3608 5243 xv,

2035 5274 2471 5348 Theophylactus
2500 5280 2555 5330 in
2600 5276 2793 5332 Matth.
2843 5291 2997 5340 xvm,
3053 5275 3140 5339 18,
3180 5284 3234 5328 et
3280 5273 3614 5329 Anastasius

2034 5364 2271 5421 Nicenus
2302 5376 2493 5437 quaast.
2524 5367 2613 5422 61.

2106 5459 2169 5513 ll.
2206 5458 2411 5527 Magnis
2442 5476 2571 5516 vero
2598 5470 2653 5517 et
2684 5459 3344 5531 repetitiscontroversiis
3376 5471 3610 5515 vexatus

2035 5562 2117 5607 est
2175 5551 2263 5607 ille
2312 5552 2561 5623 Origenis
2608 5554 2675 5608 de
2711 5553 3051 5609 Eucharistia
3097 5552 3267 5617 locus,
3304 5565 3466 5619 quem
3516 5552 3598 5605 hit

2775 5672 2818 5702 ⁸⁹
2850 5670 3002 5739 Joan.
3030 5686 3113 5736 xv,
3155 5670 3202 5723 l.
3303 5667 3349 5699 ⁸⁸
3398 5663 3579 5729 Jeretrt
