3860 6226
208 287 348 338 ιυΠ

1057 286 1633 343 ORIGENIANORUM
1670 287 1803 344 LIB.
1844 286 1907 352 li,
1946 287 2097 342 CAP.
2138 286 2203 351 ll,
2245 284 2523 353 QU/EST.
2563 284 2704 341 XIV.

3334 285 3469 341 1078

208 420 359 465 tomo
390 425 443 465 χιι
482 411 536 465 in
570 410 790 478 Matth,
825 426 974 467 num.
1009 411 1096 479 l4,
1128 428 1253 482 pag.
1286 412 1419 479 498,
1454 413 1793 468 exhibemus.
1826 413 1873 470 A
1899 411 2092 467 fuisset
2118 420 2406 477 nacturus,
2436 410 2482 466 si
2508 408 2847 478 sumpsisset.
2874 409 3107 464 Materia
3133 417 3311 463 autem
3343 423 3473 463 con-

212 504 438 560 Summa
469 505 614 560 illius
662 504 779 561 hac
807 514 927 561 est:
971 504 1272 571 Quetndam
1318 504 1512 573 objicit
1563 504 1664 558 sibi
1708 504 1791 558 di-

208 608 447 663 centem,
484 612 606 653 cum
650 597 806 665 juxta
845 596 1044 653 Christi
1084 598 1517 668 pronuntiatum,
1554 596 1697 665 quod
1738 596 1791 650 in

208 704 276 745 os
315 690 512 756 intrat,
547 689 825 746 hominem
876 706 983 746 non
1039 691 1308 760 inquinet,
1347 691 1422 745 ita
1450 690 1595 761 quod
1636 688 1690 743 iu
1731 704 1793 744 os

212 781 419 848 intrat,
478 781 754 837 hominem
796 790 1047 838 sanctum
1078 797 1184 838 non
1214 781 1449 849 efﬁcere,
1481 782 1609 838 licet
1637 794 1794 837 secus

216 873 288 928 de
328 888 469 944 pane
508 873 711 931 Christi
756 873 1119 944 simpliciores
1171 878 1433 929 sentiant.
1482 874 1793 946 Respondet

214 967 504 1038 Origenes,
526 968 984 1038 quemadmodum
1018 982 1125 1022 non
1157 966 1310 1022 cibus
1339 968 1585 1021 edentem
1618 966 1793 1036 inqui-

213 1067 332 1123 nat,
368 1062 462 1116 sed
489 1062 604 1133 ejus
632 1062 964 1118 conscientia
996 1063 1088 1131 qui
1118 1077 1239 1118 cum
1266 1062 1604 1118 dubitatione
1640 1074 1794 1114 com-

215 1153 369 1220 edit;
409 1164 466 1210 et
512 1157 960 1225 quemadmodum
1010 1155 1225 1226 impuro
1269 1156 1477 1211 homini
1531 1152 1792 1208 mundum

216 1245 353 1301 nihil
392 1255 497 1313 est,
528 1263 633 1303 non
658 1263 725 1302 ex
753 1262 837 1315 se,
869 1250 963 1305 sed
1006 1258 1229 1320 propter
1268 1247 1463 1319 impuri
1509 1246 1669 1316 hujus
1699 1246 1795 1298 ho-

218 1341 385 1396 minis
415 1341 848 1411 immunditiam;
894 1344 967 1398 ita
1001 1344 1144 1413 quod
1178 1358 1277 1411 per
1304 1341 1527 1397 verbum
1577 1339 1693 1407 Dei,
1740 1346 1795 1393 et

215 1448 438 1504 precem
471 1445 847 1492 consecratum
900 1445 1004 1505 εει,
1039 1451 1146 1492 non
1199 1450 1269 1492 ex
1316 1450 1376 1490 se
1420 1434 1792 1489 comedentem

217 1525 435 1583 eﬂicere
463 1539 732 1595 sanetum,
783 1528 1027 1596 alioquin
1068 1537 1124 1583 et
1166 1527 1215 1582 ei
1264 1527 1354 1595 qui
1402 1525 1640 1595 peccatis
1688 1522 1825 1593 pol»

222 1619 368 1674 lutus
401 1619 654 1687 comedit,
688 1621 1039 1676 sanctitatem
1074 1620 1398 1676 collaturum
1432 1637 1448 1686 ;
1501 1617 1596 1673 sed
1626 1630 1690 1669 ex
1730 1630 1825 1670 eo.

220 1717 339 1764 tum
371 1710 792 1767 emolumentum
837 1712 978 1781 capi,
1024 1726 1145 1766 cum
1197 1724 1330 1780 pura
1368 1718 1547 1764 mente
1611 1717 1665 1763 et
1708 1707 1823 1761 ἰη-Δ

222 1805 375 1867 tegra
407 1800 740 1855 conscientia
790 1800 1093 1871 accipitur:
1147 1814 1324 1869 neque
1371 1799 1694 1854 abstinendo

222 1886 328 1943 hoc
379 1902 518 1958 pane
558 1889 643 1945 vel
690 1891 938 1946 eumdem
981 1892 1338 1954 comedendo,
1382 1905 1449 1944 ex
1487 1890 1590 1944 hac
1634 1889 1825 1944 absti-r

224 1983 411 2038 nentia
443 1983 529 2037 vel
570 1999 687 2049 esu,
737 1984 880 2041 bono
914 1985 1098 2054 aliquo
1146 2000 1246 2040 nos
1286 1984 1531 2038 fraudari
1578 1983 1662 2038 vel
1713 1998 1802 2037 au-

224 2074 364 2144 geri,
408 2075 503 2131 sed
542 2077 618 2131 ita
650 2077 919 2133 duntaxat
957 2079 1001 2132 si
1034 2077 1118 2131 vel
1148 2092 1377 2145 nequam
1414 2078 1496 2131 vel
1529 2076 1680 2145 probi
1728 2076 1801 2131 si-

225 2181 365 2233 mus,
407 2168 619 2223 dicente
662 2168 832 2224 Paulo
875 2171 898 2223 I
932 2168 1060 2225 Cor.
1087 2185 1207 2235 vm,
1244 2169 1276 2224 8
1310 2186 1324 2223 :
1361 2168 1546 2238 Neque
1588 2170 1801 2223 enimsi

222 2259 742 2326 manducavcrimus,
772 2261 1202 2327 abundabimus;
1238 2277 1401 2331 neque
1429 2263 1474 2315 si
1506 2277 1610 2314 non
1650 2278 1802 2315 man-

222 2348 616 2417 ducaverimus,
642 2349 963 2418 deﬁciamus.
989 2349 1278 2423 Subjungit
1305 2360 1591 2421 praeterea,
1614 2366 1802 2420 quem»

224 2433 514 2495 admodum
543 2440 599 2496 in
628 2452 878 2498 ventrem
901 2441 1228 2510 demittitur,
1257 2444 1398 2512 quod
1434 2444 1601 2499 intrat
1633 2444 1685 2499 in
1717 2459 1799 2510 os,

226 2547 291 2587 ac
326 2532 526 2589 deinde
570 2531 789 2601 ejicitur
822 2534 875 2589 in
909 2548 1229 2599 secessum;
1275 2535 1348 2589 ita
1391 2549 1581 2603 panem
1618 2550 1802 2591 conse-

223 2633 460 2691 cratum,
492 2625 791 2681 secundum
822 2626 876 2681 id
903 2626 1048 2695 quod
1080 2627 1306 2681 materia
1325 2636 1645 2682 concretum
1677 2628 1802 2684 huic

224 2716 403 2783 inest,
455 2717 507 2771 in
562 2726 810 2773 ventrem
856 2718 1093 2783 demitti,
1131 2728 1186 2774 et
1222 2719 1341 2788 ejici
1391 2720 1444 2774 in
1490 2735 1801 2786 secessum,

225 2807 322 2863 sed
357 2822 454 2877 per
484 2809 850 2874 precationem
881 2824 1001 2879 qua:
1038 2810 1115 2864 illi
1168 2810 1418 2875 accessit,
1440 2811 1624 2865 utilem
1652 2827 1803 2866 com-

223 2900 406 2955 edenti
455 2898 595 2956 eﬁici
642 2915 740 2971 pro
805 2900 921 2969 ejus
973 2902 1095 2957 ﬁdei
1149 2903 1434 2972 portione;
1494 2919 1593 2959 nec
1648 2905 1803 2975 panis

224 2992 536 3061 materiam,
572 2993 667 3049 sed
698 2993 964 3064 prolatum
998 3008 1167 3065 super
1204 3010 1268 3050 eo
1302 3010 1632 3062 sermonem,
1676 3012 1800 3055 eum

1731 1798 1799 1851 ab
1830 1767 1872 1820 Β

1895 515 2048 560 stans
2075 505 2166 559 illa
2207 505 2365 574 panis
2394 519 2540 574 pars,
2580 518 2742 573 quam
2795 504 2849 556 in
2899 516 3174 557 secessum
3218 501 3339 571 ejici
3371 503 3470 567 ait,

1894 615 1958 655 ea
2015 606 2140 653 sunt
2189 598 2493 652 accidentia
2547 596 2790 651 materia:
2848 595 3005 665 panis
3046 596 3362 650 inhaerentia
3416 604 3474 649 et

1894 692 2008 762 ejus
2037 692 2283 762 propria,
2317 705 2438 760 qua:
2468 698 2722 759 corrupta
2752 704 2781 743 a
2828 689 3127 754 stomacho,
3170 695 3225 742 et
3272 688 3326 741 in
3369 702 3470 741 no-

1893 800 2015 839 vam
2044 799 2309 840 conversa
2338 783 2725 846 substantiam,
2751 781 2833 835 vel
2866 779 2919 834 in
2949 794 3222 836 secessum
3250 779 3468 843 abeunt,

1895 878 1981 933 vel
2008 876 2233 932 humani
2265 876 2512 946 corporis
2544 875 2780 930 formam
2809 872 3060 928 induunt.
3090 872 3469 928 Precationem

1895 984 2025 1025 vero
2058 970 2227 1038 illam,
2264 984 2386 1039 quae
2436 983 2630 1040 panem
2669 965 3078 1023 comedentibus
3124 966 3309 1020 utilem
3356 963 3472 1018 eﬁi-

1896 1065 1991 1131 cit,
2024 1072 2077 1119 et
2116 1076 2418 1119 sermonem
2455 1076 2618 1131 super
2646 1075 2785 1131 pane
2833 1058 3128 1129 prolatum,
3160 1058 3288 1126 quid
3323 1057 3471 1111 aliud

1894 1172 2015 1213 esse
2047 1156 2247 1222 dicam,
2280 1169 2446 1226 quam
2475 1154 2700 1224 mystica
2736 1153 2825 1207 illa
2860 1152 3047 1217 verba,
3094 1150 3291 1220 quibus
3317 1150 3473 1220 panis

1896 1255 2287 1313 consecratur,
2336 1255 2393 1301 et
2439 1260 2558 1315 quae
2598 1245 2765 1316 εὐχήν
2818 1258 2883 1300 ac
2916 1245 3202 1314 mysticam
3252 1257 3472 1312 precem

1898 1341 2144 1395 nonnulli
2188 1339 2378 1395 Patres
2426 1338 2734 1409 appellant?
2788 1338 2914 1407 quia
2962 1335 3352 1407 precationem,
3406 1335 3474 1391 li-

1898 1442 1985 1488 cet
2037 1448 2144 1487 non
2195 1447 2536 1503 expressam,
2591 1432 2892 1497 involvunt,
2949 1446 3054 1500 qua
3112 1430 3277 1485 Deum
3322 1438 3475 1498 rogat

1898 1528 2153 1583 sacerdos
2182 1536 2243 1581 ut
2281 1526 2507 1597 prolatis
2553 1541 2585 1580 a
2617 1540 2674 1580 se
2706 1524 2950 1595 mysticis
2980 1523 3163 1577 verbis
3209 1523 3351 1576 idem
3394 1521 3473 1576 ef-

1898 1613 2067 1678 ﬁciat,
2119 1614 2261 1684 quod
2303 1614 2483 1669 eﬁ‘ecit
2533 1613 2683 1679 olim,
2724 1629 2847 1667 cum
2901 1613 3091 1669 eadem
3124 1614 3239 1683 ipse
3265 1611 3475 1683 profer-

1900 1715 2006 1764 ret.
2040 1706 2219 1776 Atque
2271 1721 2364 1777 per
2412 1707 2528 1762 haec
2565 1722 2688 1762 cum
2735 1707 2891 1776 panis
2934 1707 2987 1761 in
3042 1720 3238 1775 corpus
3270 1704 3475 1760 Christi

1903 1798 2172 1854 eﬁiciatur
2230 1799 2534 1863 conversio,
2592 1799 2966 1854 comedentem
3027 1797 3326 1852 accidentia
3382 1796 3473 1851 illa

1902 1889 2125 1945 minime
2163 1888 2374 1959 juvant,
2420 1890 2517 1945 sed
2558 1905 2655 1961 per
2694 1891 2919 1961 mystica
2965 1889 3055 1945 illa
3096 1890 3260 1944 verba
3292 1890 3372 1955 ﬁt,
3419 1899 3479 1943 ut

1902 1996 1997 2037 esu
2045 1982 2291 2051 corporis
2328 1981 2529 2037 Christi
2565 1982 2905 2051 adjuvemur.
2949 1978 3215 2052 Typieum
3246 1982 3483 2052 denique

1903 2085 1956 2132 et
1988 2076 2343 2148 symbolicum
2388 2092 2585 2148 corpus
2626 2076 2881 2145 appellat,
2914 2076 3000 2131 vel
3030 2077 3173 2146 quod
3220 2075 3321 2130 sub
3350 2089 3475 2144 spe-

1904 2167 1989 2223 cie
2020 2176 2074 2222 et
2120 2167 2478 2224 similitudine
2523 2170 2680 2239 panis
2714 2169 3043 2233 delitescat;
3086 2177 3142 2223 et
3180 2182 3307 2222 cum
3353 2180 3478 2221 cor-

1904 2278 2006 2331 pus
2044 2261 2243 2317 Christi
2276 2262 2452 2331 reipsa
2485 2262 2578 2326 sit,
2610 2272 2735 2331 typo
2783 2270 2840 2317 et
2883 2259 3129 2333 symbolo
3159 2259 3325 2328 panis
3358 2271 3481 2313 esse

1905 2352 2183 2409 videatur:
2236 2353 2380 2423 quod
2434 2353 2576 2408 idem
2624 2362 2708 2410 est
2762 2368 2825 2407 ac
2881 2353 2926 2408 si
2971 2349 3367 2408 sacramentale
3394 2349 3479 2404 di—

1902 2445 2098 2510 xisset,
2130 2445 2256 2515 quia
2304 2460 2411 2500 non
2464 2447 2665 2500 nudum
2718 2444 2924 2500 Christi
2970 2444 3333 2514 contingimus
3359 2456 3481 2497 cor-

1902 2554 2028 2608 pus,
2068 2539 2161 2593 sed
2197 2537 2296 2592 sub
2332 2537 2594 2607 symbolis
2627 2537 2955 2592 involutum.
3003 2536 3347 2605 Quapropter
3390 2535 3483 2589 ho-

1904 2631 2051 2686 milia
2096 2632 2126 2685 7
2160 2632 2214 2684 in
2252 2630 2442 2696 Leuit,
2477 2646 2627 2685 num.
2683 2630 2739 2695 5,
2796 2629 2875 2683 sic
2939 2627 3159 2683 disserit
3209 2627 3482 2681 Adaman-

1905 2725 2010 2778 tius
2036 2745 2049 2779 :
2088 2743 2106 2775 ι
2154 2724 2245 2779 Est
2273 2732 2325 2779 et
2354 2723 2408 2778 in
2440 2722 2590 2777 Novo
2622 2720 2972 2777 Testamento
3001 2719 3203 2784 littera,
3233 2734 3353 2787 quae
3389 2732 3485 2773 oc-

1903 2815 2047 2871 cidat
2081 2830 2231 2880 eum,
2263 2815 2353 2884 qui
2412 2830 2521 2869 non
2576 2812 2891 2882 spiritaliter
2935 2827 3056 2883 quae
3098 2812 3356 2867 dicuntur
3382 2811 3481 2865 ad-

1904 2910 2151 2963 verterit.
2189 2909 2246 2965 Si
2284 2909 2430 2963 enim
2471 2907 2769 2964 secundum
2822 2906 3059 2960 litteram
3092 2904 3342 2973 sequaris
3374 2904 3481 2958 hoc

1906 3003 2081 3072 ipsum
2110 3002 2252 3071 quod
2280 3002 2482 3056 dictum
2511 3008 2595 3056 est
2628 3000 2672 3032 ⁸³
2700 3016 2714 3053 :
2757 2997 2877 3053 Nisi
2894 2996 3336 3051 manducauerit“
3357 3010 3481 3049 caro

214 3085 435 3155 iuvare.
471 3084 565 3156 (Illi
612 3100 719 3140 non
766 3085 987 3157 indigne
1032 3085 1207 3156 ipsum
1258 3087 1516 3142 comedit.
1556 3087 1802 3158 Denique
1829 3107 1875 3168 ς
1907 3112 2025 3150 nem
2068 3111 2258 3161 meam,
2298 3104 2347 3148 et
2394 3093 2624 3147 biberitis
2667 3093 2976 3162 sanguinem
3022 3105 3195 3143 meum
3220 3107 3239 3155 ;
3288 3088 3480 3142 occidit

224 3192 421 3250 panem
454 3176 628 3243 illum,
675 3176 913 3248 typicum
962 3186 1018 3233 et
1065 3177 1425 3247 symbolicum
1463 3193 1659 3249 corpus
1706 3195 1799 3250 ap-

224 3268 412 3337 pellat.
462 3266 689 3337 Reliqua
734 3266 802 3323 ad
849 3284 1003 3325 esum
1055 3269 1300 3337 corporis
1334 3268 1538 3325 Christi
1580 3270 1800 3341 spirita-

225 3360 334 3415 lem
377 3359 683 3429 pertinent,
740 3375 848 3415 non
899 3362 1344 3416 sacramentalem
1388 3370 1447 3418 ut
1495 3364 1797 3431 superiora,

225 3460 417 3507 contra
468 3466 628 3520 quam
674 3451 928 3521 opinatus
972 3462 1053 3506 est
1094 3450 1413 3508 Vincentius
1456 3453 1803 3509 Bellovacen-

227 3543 326 3606 sis,
362 3541 573 3612 Specul.
613 3542 925 3607 doctrinaL,
978 3542 1076 3597 lib.
1121 3558 1277 3610 xvm,
1327 3558 1441 3613 cap.
1480 3544 1571 3609 45,
1616 3544 1803 3615 Orige-

227 3651 352 3690 nem
387 3636 489 3689 hac
532 3636 599 3690 de
645 3650 811 3689 causa
854 3635 1129 3691 immerito
1162 3637 1454 3706 castigans.
1496 3636 1693 3692 Facilis
1721 3646 1804 3691 est

228 3727 332 3783 loci
364 3727 524 3796 hujus
546 3728 698 3796 juxta
724 3726 976 3781 Ecclesia:
1009 3727 1310 3782 doctrinam
1338 3728 1639 3796 expositio:
1677 3745 1802 3783 nam

228 3830 291 3876 ut
320 3835 388 3875 ex
425 3819 674 3889 corporis
714 3818 918 3874 Christi
947 3833 1043 3874 esu
1075 3819 1445 3889 adjumentum
1475 3822 1597 3889 quis
1626 3822 1804 3890 capiat

228 3929 338 3971 non
363 3928 490 3969 esus
517 3914 633 3982 ipse
658 3911 877 3978 sufﬁcit,
910 3913 1005 3968 sed
1036 3912 1247 3980 integra
1276 3922 1535 3983 praeterea
1570 3923 1624 3969 et
1665 3916 1806 3969 inta-

231 4006 437 4061 minata
494 4019 649 4060 mens
716 4003 1050 4073 requiritur,
1098 4004 1335 4072 alioquin
1379 4003 1646 4073 judicium
1701 4006 1802 4061 sibi

230 4106 525 4160 manducat
577 4114 634 4158 et
681 4102 844 4166 bibit,
884 4103 976 4171 qui
1032 4103 1188 4157 noxis
1232 4103 1466 4171 pollutus
1502 4103 1569 4157 ad
1618 4103 1805 4159 altaris

230 4201 634 4250 sacramentum
678 4192 906 4245 accedit.
969 4190 1153 4262 Itaque
1202 4208 1306 4245 non
1338 4207 1406 4245 ex
1452 4206 1510 4247 se
1542 4192 1716 4247 solum
1752 4202 1807 4248 et

230 4286 557 4357 simpliciter
584 4286 768 4341 edenti
818 4285 1165 4341 sanctitatem
1200 4286 1431 4351 confert,
1481 4287 1576 4342 sed
1612 4289 1717 4355 ita,
1760 4291 1807 4345 si

231 4379 306 4434 ab
333 4378 528 4434 edente
560 4387 710 4433 certa
756 4377 889 4432 ﬁdes
935 4386 990 4432 et
1026 4393 1194 4447 purus
1237 4379 1450 4435 animus
1506 4380 1803 4436 adhibean-

1906 3186 2020 3239 hazc
2052 3184 2252 3239 littera.
2291 3203 2307 3237 ο
2344 3183 2674 3254 Spiritaliter
2704 3184 2819 3237 haec
2861 3181 3092 3249 intelligi
3136 3180 3308 3247 jubet,
3356 3179 3483 3248 quia

1907 3274 2381 3331 sacramentaliter
2408 3288 2634 3329 carnem
2678 3286 2830 3333 suam
2885 3270 3201 3325 manducari
3254 3278 3311 3324 et
3357 3285 3483 3325 san-

1908 3366 2124 3435 guinem
2173 3379 2328 3419 suum
2360 3365 2473 3418 bibi
2502 3364 2677 3419 sancit
2721 3363 2994 3427 Christus,
3039 3376 3146 3416 non
3177 3376 3284 3431 quo
3323 3360 3483 3416 modo

1908 3439 2118 3509 carnes'
2142 3454 2277 3509 alias
2324 3454 2575 3511 dentibus
2622 3454 3071 3509 comminuimus.
3109 3451 3218 3507 Nec
3252 3465 3483 3520 respon-

1910 3546 2079 3601 sionis
2138 3547 2298 3615 hujus
2362 3549 2527 3601 robur
2576 3547 2822 3618 infringit
2885 3545 3199 3601 Edmundus
3250 3543 3487 3599 Alberti-

1913 3654 2014 3692 nus
2065 3639 2203 3708 (40),
2250 3654 2372 3693 cum
2409 3639 2485 3693 ait
2535 3655 2735 3710 negare
2780 3638 2889 3694 illic
2942 3638 3227 3707 Origeuem
3273 3635 3485 3691 comedi

1914 3746 2132 3785 carnem
2165 3731 2366 3785 Christi
2398 3733 2691 3786 secundum
2721 3732 2991 3796 litteram;
3022 3729 3268 3799 quisquis
3305 3737 3485 3783 autem

1914 3824 2149 3878 comedit
2182 3824 2383 3879 Christi
2427 3840 2645 3879 carnem
2666 3867 2681 3890 ,
2723 3824 2852 3879 licet
2885 3839 2989 3878 non
3022 3823 3076 3877 in
3117 3822 3334 3892 propria
3365 3836 3489 3890 spe-

1914 3918 1998 3971 cie
2028 3926 2083 3971 et
2132 3916 2302 3986 ﬁgura
2344 3918 2615 3981 comedat,
2663 3916 2864 3971 Christi
2919 3926 3099 3970 tamen
3144 3929 3363 3969 carnem
3402 3929 3489 3968 se-

1914 4009 2147 4063 cundum
2187 4009 2420 4062 litteram
2462 4010 2769 4064 comedere.
2819 4008 3034 4064 Inﬁcior
3075 4007 3218 4063 enim
3267 4020 3487 4060 carnem

1914 4102 2117 4158 Christi
2152 4116 2273 4155 eum
2313 4102 2601 4156 comedere
2653 4104 2949 4157 secundum
2988 4101 3261 4165 litteram,
3304 4100 3395 4169 qui
3428 4097 3489 4151 il-

1916 4194 2020 4247 lam
2054 4208 2160 4247 non
2201 4193 2255 4246 in
2287 4196 2505 4261 propria
2546 4194 2728 4261 specie
2760 4201 2813 4247 et
2848 4195 3017 4262 ﬁgura
3052 4191 3287 4246 comedit
3312 4210 3325 4245 :
3348 4188 3487 4244 'nam

1914 4284 2197 4339 comedere
2243 4284 2541 4337 secundum
2574 4282 2850 4347 litteram,
2888 4282 3016 4337 illud
3055 4294 3160 4350 est,
3202 4282 3276 4336 ita
3305 4294 3489 4335 come-

1916 4379 2066 4441 dere,
2107 4377 2380 4450 quomodo
2422 4376 2697 4432 esculenta
2747 4378 3031 4431 comedere
3082 4376 3487 4439 consuevimus,

232 4479 341 4525 tur.
374 4467 636 4524 Similiter
662 4467 824 4522 homo
857 4467 963 4523 hoc
1008 4467 1290 4523 abstinens
1335 4478 1698 4537 sacramento,
1726 4470 1809 4526 vel
1837 4472 1888 4532 D
1915 4470 2170 4524 nimirum
2217 4470 2297 4524 ori
2355 4470 2564 4525 inserta
2629 4469 2880 4525 dentibus
2923 4467 3258 4537 permolere,
3307 4467 3490 4535 lingua

228 4561 378 4633 quod
424 4560 659 4614 nondum
684 4558 786 4614 sibi
817 4558 892 4625 sit,
910 4559 1045 4614 satis
1069 4560 1349 4628 probatus,
1383 4561 1467 4616 vel
1497 4562 1637 4630 quod
1677 4578 1808 4616 non-

229 4656 360 4708 dum
376 4652 579 4724 justam
600 4650 1095 4721 attigeritattatem,
1114 4651 1201 4706 vel
1231 4652 1335 4705 alia
1359 4654 1553 4722 quavis
1571 4653 1807 4724 legitima

229 4747 301 4801 de
317 4759 501 4809 causa,
526 4743 912 4798 detrimentum
941 4757 1008 4797 ex
1030 4744 1134 4799 hac
1166 4745 1488 4800 abstinentia
1504 4760 1606 4800 non
1625 4747 1803 4816 capit;

228 4838 344 4892 imo
394 4850 495 4891 nec
536 4836 679 4890 bono
727 4834 909 4904 aliquo
963 4835 1088 4891 inde
1130 4837 1335 4907 privari
1386 4840 1465 4893 ait
1510 4837 1805 4909 Origenes;

228 4930 379 5001 quod
422 4929 495 4982 ita
547 4928 827 4998 intelligo:
877 4942 1000 4983 cum
1036 4929 1198 4984 homo
1246 4929 1488 4984 nondum
1536 4931 1637 4985 sibi
1675 4932 1810 4987 satis

229 5022 516 5093 probatus,
547 5021 630 5075 vel
664 5020 894 5090 alicujus
924 5021 1172 5076 criminis
1213 5022 1315 5076 sibi
1360 5023 1637 5089 conscius,
1665 5023 1710 5076 si
1743 5023 1811 5077 ad

231 5116 423 5170 altaris
462 5124 867 5171 sacramentum
912 5115 1167 5180 accedat,
1211 5113 1474 5184 judicium
1520 5115 1622 5171 sibi
1660 5131 1811 5169 man-

232 5209 398 5263 ducet
439 5216 495 5262 et
536 5207 708 5273 bibat,
754 5217 921 5278 atque
958 5222 1026 5262 ex
1058 5206 1162 5262 hoc
1194 5221 1293 5261 esu
1325 5216 1381 5261 et
1409 5216 1538 5275 potu
1580 5217 1809 5263 mortem

233 5300 432 5354 animze
483 5315 595 5355 sua:
650 5301 993 5365 consciscat,
1042 5299 1239 5354 nedum
1287 5298 1525 5353 fructum
1572 5299 1807 5371 aliquem

214 5395 364 5451 'inde
411 5396 694 5467 percipiat,
723 5397 973 5467 sequitur
1001 5404 1059 5449 ut
1100 5395 1145 5450 si
1174 5395 1290 5450 haec
1330 5394 1689 5450 reformidans
1725 5411 1814 5451 sa-

235 5498 520 5544 cramento
548 5490 839 5555 abstineat,
868 5489 1012 5543 bono
1039 5488 1222 5557 aliquo
1254 5501 1359 5541 non
1394 5487 1659 5557 privetur,
1687 5489 1814 5543 dum

238 5591 347 5632 non
393 5579 556 5634 sumit
610 5594 809 5649 corpus
857 5578 1097 5646 Christi;
1161 5594 1283 5633 cum
1346 5576 1544 5633 malum
1603 5589 1809 5634 tantum

309 5669 357 5704 ³³
392 5667 553 5725 Joan.
582 5687 658 5738 v1,
691 5671 782 5727 Si.

1917 4577 2158 4626 versare,
2188 4562 2370 4630 palato
2398 4562 2712 4632 degustare,
2754 4560 2878 4632 gula
2908 4561 3150 4626 sorbere,
3189 4559 3243 4613 in
3289 4558 3493 4612 ventri-

1916 4652 2096 4707 culum
2119 4651 2357 4708 demissa
2382 4666 2746 4720 concoquere,
2786 4651 3055 4707 intestinis
3080 4658 3307 4719 excepta
3345 4664 3374 4702 a
3411 4647 3495 4702 ia}-

1917 4747 2069 4802 cibus
2102 4760 2424 4812 secernere,
2470 4754 2522 4799 et
2564 4745 2617 4798 in
2661 4745 2908 4814 corporis
2946 4743 3263 4798 alimentum
3303 4741 3492 4796 distri»

1917 4841 2106 4895 buere.
2144 4838 2257 4894 Hac
2299 4841 2509 4894 ratione
2553 4856 2676 4894 cum
2705 4838 2911 4893 Christi
2957 4851 3087 4893 caro
3119 4835 3430 4905 neutiquam
3461 4851 3492 4888 a

1919 4931 2077 4986 nobis
2110 4932 2460 4996 comedatur,
2512 4944 2619 4985 non
2667 4929 2972 4985 comeditur
3015 4928 3257 4998 profecto
3301 4942 3497 4982 secun-

1919 5022 2045 5077 dum
2089 5023 2348 5089 litteram,
2378 5024 2472 5079 sed
2504 5022 2995 5078 sacramentaliter.
3026 5020 3125 5075 Vel
3164 5020 3496 5076 eucharisti-

1919 5132 2043 5172 cum
2088 5130 2280 5185 panem
2330 5126 2557 5170 eatenus
2605 5113 2838 5185 appellat
2876 5113 3140 5183 Origenes
3172 5126 3369 5181 corpus
3421 5120 3502 5180 ty-

1918 5210 2099 5280 picum
2135 5218 2189 5261 et
2218 5207 2595 5278 symbolicum,
2638 5222 2745 5262 non
2790 5214 3061 5275 quatenus
3095 5206 3338 5259 absentis
3378 5216 3499 5254 θοι-α

1920 5302 2066 5371 poris
2092 5300 2293 5357 Christi
2321 5310 2478 5371 typus
2506 5309 2591 5355 est
2612 5310 2667 5355 et
2696 5300 3026 5371 symbolum.
3061 5296 3204 5368 quod
3246 5295 3361 5349 vult
3389 5293 3500 5347 Ed-

1922 5396 2152 5451 mundus
2174 5394 2509 5461 Albertinus,
2541 5394 2743 5464 aliique
2765 5408 2890 5448 cum
2920 5406 2984 5447 eo
3016 5387 3367 5446 heterodoxi:
3402 5386 3497 5439 sed

1921 5501 2228 5560 quatenus,
2262 5504 2384 5543 cum
2429 5488 2607 5558 reipsa
2650 5488 2723 5543 sit
2768 5502 2965 5557 corpus
3009 5484 3231 5549 Christi,
3264 5476 3509 5535 aliaru‘m'

1924 5596 2104 5636 rerum
2140 5589 2298 5651 typus
2327 5591 2409 5637 est
2435 5591 2490 5637 et
2521 5582 2845 5653 symbolum,
2872 5588 3002 5651 puta
3029 5577 3113 5633 sui
3142 5574 3311 5645 ipsius
3340 5581 3500 5629 extra

314 5760 428 5835 (40)
461 5762 693 5836 Λωίδι-1.,
728 5764 803 5821 De
828 5782 1053 5823 sacram.
1086 5764 1321 5823 Eur/car.
1355 5764 1541 5841 lib._n,
1566 5765 1619 5823 in
1641 5764 1827 5825 lixam.
1866 5764 2071 5824 testim.
2096 5762 2340 5833 0rigen.,
2373 5779 2491 5835 cap.
2531 5765 2554 5820 1
