3860 6226
400 288 533 345 1079

1657 285 1717 340 Ρ.
1758 285 2070 342 υΑΝιιεωδ
2107 287 2339 347 llUETil
2377 360 2381 371 Α

3508 304 3638 365 10812

398 438 837 493 sacramentum,
869 438 929 482 ut
950 428 1055 483 l’uit
1085 430 1214 483 olim
1248 432 1298 483 in
1337 446 1519 496 cruce,
1550 440 1605 487 et
1630 440 1690 487 ut
1718 442 1797 488 est
1824 450 1963 489 nunc

2073 418 2213 485 quod
2256 418 2558 477 Jerusalem
2603 422 2846 490 inferior,
2879 434 3093 481 terrena
3132 427 3408 496 nimirum,
3450 444 3637 486 revera

397 519 448 573 in
482 519 657 585 caelo;
694 520 775 573 vel
802 514 1219 575 resurrectionis
1247 532 1465 589 nostrae,
1507 523 1662 591 juxta
1689 524 1961 582 Nlczenum

396 612 720 675 concilium;
779 611 860 666 vel
898 629 917 663 ι
958 612 1118 667 unius
1157 612 1298 667 illius
1348 614 1612 683 corporis,
1665 617 1818 685 cujus
1852 618 1966 688 ipse

395 699 725 770 (Salvator)
766 711 930 772 caput
974 702 1225 767 exsistit,
1279 704 1473 773 cuique
1522 722 1660 774 nos,
1709 717 1964 780 tanquam

396 795 659 857 membra,
690 795 991 849 arctissima
1025 794 1169 854 ﬁdei,
1202 798 1311 863 spei
1346 806 1400 850 et
1440 798 1724 855 charitatis
1765 817 1966 857 conne-

396 884 556 938 xione
595 886 847 939 astrictos
879 901 996 941 esse
1048 887 1240 951 voluit,
1274 906 1291 937 ι
1315 889 1471 958 juxta
1496 890 1842 948 Tridentinos
1865 894 1967 948 Pa-

397 986 544 1043 tres;
579 977 660 1029 vel
712 976 833 1031 ﬁdei
887 987 941 1031 ct
994 980 1407 1046 promissionis,
1455 980 1606 1049 juxta
1636 982 1964 1040 Clementem

396 1064 844 1119 Alexandrinum.
908 1067 1135 1121 Penitus
1190 1070 1518 1123 contlrmant
1575 1072 1965 1139 expositionem

394 1154 554 1209 istam
609 1156 811 1210 similes
856 1157 1157 1212 locutiones
1191 1157 1478 1229 Origenis,
1536 1160 1589 1215 in
1640 1163 1836 1231 quibus
1881 1179 1967 1218 res

395 1247 641 1316 quaedam
674 1247 985 1318 symbolica:
1026 1248 1388 1319 appellantur,
1439 1252 1523 1308 vel
1562 1254 1857 1324 symbolice
1889 1265 1968 1310 ta-

396 1338 475 1393 les
534 1338 735 1394 talesve
771 1355 892 1395 esse
921 1341 1211 1406 dicuntur;
1262 1358 1367 1396 non
1398 1345 1539 1413 quod
1573 1358 1759 1400 revera
1791 1346 1928 1403 tales
1950 1387 1964 1413 ,

395 1431 597 1487 talesve
626 1447 731 1486 non
774 1432 918 1497 sint;
970 1433 1060 1487 sed
1118 1436 1258 1501 quod
1294 1450 1414 1491 cum
1466 1435 1598 1490 tales
1641 1437 1840 1491 talesve
1884 1454 1969 1491 re-

394 1539 521 1580 vera
558 1524 684 1591 sint,
718 1525 942 1579 aliarum
978 1536 1154 1580 tamen
1201 1543 1381 1580 rerum
1415 1529 1657 1598 symbola
1694 1531 1822 1584 sint.
1878 1530 1968 1585 Sic

399 1626 546 1675 tomo
572 1634 723 1672 xxxtt
776 1621 831 1674 in
864 1617 1051 1682 Joan.,
1094 1636 1241 1673 num.
1283 1620 1345 1674 15
1367 1659 1382 1684 ,
1420 1619 1681 1677 Joannem
1716 1623 1790 1677 ait
1823 1638 1969 1695 sym-

396 1711 573 1765 bolice
623 1711 937 1766 recubuisse
975 1710 1029 1765 in
1078 1712 1199 1766 sinu
1241 1713 1486 1768 Christi:
1530 1729 1636 1769 non
1690 1716 1829 1785 quod
1877 1731 1967 1769 re-

2072 509 2376 567 Jerusalem
2420 532 2524 569 non
2572 527 2755 580 esset;
2803 519 2895 571 sed
2947 520 3088 587 quod
3146 521 3333 574 umbra
3388 532 3533 576 esset
3586 534 3635 576 et

2074 607 2375 675 symbolum
2430 623 2677 677 superna:
2706 610 3027 666 Jerusalem.
3077 613 3200 668 Pari
3263 617 3422 671 modo
3458 618 3635 686 igitur,

2073 711 2195 751 cum
2229 714 2425 769 corpus
2466 701 2667 757 Christi
2719 705 2956 773 appellat
3011 707 3361 776 symbolicum
3402 718 3456 763 et
3498 712 3635 780 typi-

2073 802 2216 852 cmn,
2256 806 2363 845 non
2397 791 2509 848 illic
2556 809 2742 848 revera
2780 796 2970 850 adesse
3001 808 3162 867 negat
3190 798 3391 854 Christi
3419 816 3635 869 corpus.

2073 882 2167 936 sed
2218 897 2460 952 praesens
2496 884 2605 939 illic
2638 886 2841 940 Christi
2881 903 3077 955 corpus
3130 890 3429 960 symbolum
3466 901 3522 946 et
3554 902 3635 963 ty-

2073 987 2200 1042 pum
2235 987 2355 1028 esse
2385 975 2497 1031 vult
2530 992 2710 1033 rerum
2758 978 3013 1042 aliarum,
3061 994 3249 1039 earum
3287 997 3477 1052 nempe
3509 997 3636 1053 quas

2074 1069 2643 1133 commemoravimus,
2676 1080 2802 1138 puta
2834 1071 2916 1126 sui
2958 1071 3124 1138 ipsius
3150 1084 3305 1127 extra
3335 1088 3635 1129 sacramen-

2073 1163 2207 1210 tum.
2249 1155 2303 1209 ld
2337 1160 2479 1227 quod
2511 1162 2642 1215 satis
2687 1162 2884 1215 indicat
2922 1162 3203 1231 Origenes,
3237 1180 3357 1217 cum
3399 1166 3635 1233 proxime

2072 1248 2351 1317 subiungit
2391 1270 2404 1304 :
2444 1250 2622 1303 Πολλὰ
2650 1251 2695 1304 δ’
2724 1251 2789 1309 ἂν
2817 1253 2908 1306 καὶ
2939 1254 3067 1325 περὶ
3098 1255 3262 1308 αὐτοῦ
3299 1255 3512 1325 λέγοιτο
3548 1258 3637 1310 τοῦ

2070 1338 2264 1407 Λόγου,
2298 1340 2356 1404 ὃς
2380 1340 2566 1411 γέγονε
2592 1342 2727 1415 σὰρξ
2757 1345 2851 1397 καὶ
2881 1344 3107 1417 ἀληθινὴ
3149 1345 3347 1416 βρῶσις
3378 1365 3390 1376 ·
3427 1366 3448 1399 ι
3482 1347 3638 1401 Multa

2073 1440 2256 1486 autem
2284 1434 2351 1487 de
2384 1435 2501 1501 ipso
2532 1435 2708 1489 Verbo
2737 1436 2842 1490 dici
2871 1439 3099 1506 possint,
3128 1440 3269 1507 quod
3297 1456 3419 1493 caro
3441 1440 3639 1507 factum

2072 1532 2170 1587 est,
2206 1541 2454 1593 uerusque
2485 1527 2628 1581 cibus
2656 1527 2722 1593 ’⁸,
2761 1546 2780 1580 ι
2817 1537 2947 1593 etc.,
2995 1530 3048 1582 in
3078 1531 3274 1598 quibus
3313 1532 3535 1585 disserit
3578 1532 3641 1585 de

2073 1613 2275 1670 Christi
2334 1633 2561 1687 corpore
2605 1630 2758 1677 cura
2811 1631 3234 1678 sacramentum.
3295 1622 3450 1676 Nulla
3504 1625 3640 1689 hac,

2073 1721 2232 1775 quam
2264 1709 2475 1773 d:unus,
2522 1712 2700 1779 aptior
2742 1712 2829 1766 vel
2871 1713 3092 1767 solidior
3124 1714 3416 1783 excogitari
3468 1724 3642 1783 potest

397 1815 529 1856 vera
559 1801 612 1856 in
640 1802 761 1856 sinu
796 1802 996 1857 Christi
1037 1819 1142 1857 non
1178 1805 1513 1869 recubuerit,
1557 1808 1649 1863 sed
1694 1808 1836 1874 quod
1878 1822 1963 1862 re-

2070 1798 2173 1852 loci
2220 1799 2377 1868 hujus
2430 1801 2663 1866 solutio,
2727 1814 2916 1872 utpote
2972 1820 3093 1875 qua:
3146 1821 3211 1859 ex
3265 1806 3643 1863 consimilibus

394 1893 610 1955 cubitus
652 1893 744 1949 ille
795 1894 1098 1965 symbolum
1148 1906 1291 1950 esset
1332 1899 1588 1967 propensi
1644 1898 1868 1954 alfectus
1915 1908 1969 1953 et

394 1997 583 2052 prona:
611 1984 731 2038 ﬁdei
767 2000 928 2052 quam
960 2000 1087 2054 erga
1129 1987 1403 2041 Christum
1444 1989 1665 2058 gerebat
1704 1988 1964 2046 Joannes.

396 2073 667 2131 Similiter
707 2087 852 2131 tomo
890 2078 1081 2134 eodem
1126 2096 1275 2134 num.
1315 2081 1403 2145 16,
1437 2082 1513 2136 ait
1544 2083 1841 2153 symbolice
1874 2101 1970 2139 no-

394 2174 536 2225 clem
579 2166 782 2235 fuisse,
828 2186 951 2225 cum
995 2171 1178 2227 Jesum
1228 2175 1541 2243 proditurus
1586 2172 1755 2233 Judas
1791 2178 1964 2245 exiit;

395 2273 501 2313 non
530 2261 674 2336 quod
703 2277 889 2318 revera
923 2279 1028 2321 nox
1057 2280 1162 2319 non
1193 2275 1357 2330 esset,
1386 2264 1623 2321 Joannes
1645 2269 1842 2337 quippe
1873 2285 1969 2324 uo-

394 2359 541 2407 ctem
574 2353 744 2409 fuisse
776 2356 986 2423 scribit,
1026 2373 1147 2427 cap.
1185 2375 1305 2423 xm,
1355 2374 1500 2415 vers.
1549 2360 1641 2429 30,
1685 2362 1776 2416 sed
1824 2366 1965 2431 quod

392 2456 501 2499 nox
535 2443 622 2498 illa
658 2447 959 2517 symbolum
992 2462 1136 2504 esset
1177 2452 1353 2506 noctis
1398 2452 1624 2508 alterius
1668 2468 1785 2521 quae
1819 2451 1969 2509 Judas

394 2535 578 2592 animo
621 2537 931 2593 incubabat.
960 2540 1098 2609 Quin
1133 2543 1297 2599 etiam
1355 2554 1487 2598 tom.
1519 2558 1611 2603 xtv
1656 2546 1712 2598 in
1751 2544 1964 2617 Matth,

394 2642 545 2683 num.
576 2629 668 2695 εἰ,
702 2646 825 2701 pag.
857 2632 980 2697 646,
1014 2634 1236 2689 Paulum
1261 2636 1491 2704 jussisse
1527 2638 1629 2701 ait,
1674 2647 1732 2693 ut
1758 2638 1968 2707 episco-

391 2735 514 2791 pus,
549 2722 829 2793 presbyter
886 2735 943 2779 et
996 2727 1277 2793 diaconus,
1326 2744 1465 2797 quos
1513 2728 1752 2799 symbola
1802 2729 1968 2784 fuisse

389 2810 505 2867 vult
546 2827 800 2867 verarum
860 2830 1074 2881 rerum,
1118 2819 1414 2889 symbolice
1456 2820 1763 2888 monogami
1817 2819 1962 2885 sint;

392 2916 500 2969 non
532 2905 677 2973 quod
713 2921 904 2961 revera
937 2922 1290 2979 monogamos
1326 2925 1432 2965 non
1469 2925 1593 2966 esse
1632 2910 1786 2975 velit,
1830 2912 1967 2965 tales

390 2993 537 3048 enim
564 3009 687 3050 esse
731 2995 934 3052 debere
964 2998 1097 3052 satis
1132 3000 1233 3053 hoc
1277 3000 1396 3055 loco
1439 3001 1633 3065 docet,
1682 3002 1774 3056 sed
1821 3002 1964 3072 quod

2070 1892 2353 1959 scriptoris
2379 1894 2621 1962 ejusdem
2652 1896 2978 1950 testimoniis
3005 1898 3171 1966 petita
3199 1898 3290 1961 sit,
3317 1909 3372 1951 et
3401 1908 3639 1953 mentem

2072 1985 2238 2053 ipsius
2268 1985 2559 2039 manilesto
2604 1988 2859 2042 declaret.
2909 1988 3131 2043 Frustra
3173 1990 3335 2058 igitur
3369 2005 3436 2044 ex
3481 2006 3640 2059 supe-

2071 2077 2304 2132 rioribus
2347 2078 2651 2132 Adamantii
2696 2079 2762 2134 de
2818 2080 3158 2137 Eucharistia
3214 2082 3395 2136 verbis
3444 2084 3639 2152 pmsie

2069 2168 2215 2221 dium
2252 2184 2433 2223 causa:
2465 2185 2575 2223 sum
2609 2186 2889 2226 arcessere
2928 2174 3104 2227 conati
3147 2184 3275 2227 sunt
3315 2176 3467 2227 multi
3514 2184 3643 2228 tem-

2072 2276 2260 2327 porum
2296 2261 2525 2316 istorum
2564 2264 2901 2319 heterodoxi.
2939 2265 3162 2321 Frustra
3205 2281 3421 2335 quoque
3460 2267 3641 2323 locutu

2070 2353 2137 2407 ab
2164 2353 2436 2408 haereticis
2464 2356 2819 2424 depravatum
2860 2358 3165 2423 suspicatus
3202 2368 3285 2412 est
3328 2357 3516 2412 Sixtus
3545 2359 3643 2413 Se-

2068 2446 2248 2498 nensis
2268 2443 2518 2499 Biblioth.
2546 2448 2638 2501 lib.
2665 2464 2739 2512 vt,
2774 2460 2958 2501 annot.
2978 2448 3066 2502 66.
3089 2448 3307 2503 Frustra
3328 2449 3395 2504 ab
3412 2450 3643 2504 Erasmo

2070 2536 2363 2604 interprete
2408 2548 2722 2607 corruptum
2755 2537 3045 2606 conjectati
3091 2552 3216 2595 sunt
3259 2540 3642 2599 Geuebrardue

2071 2639 2126 2683 et
2154 2627 2484 2696 Perronius;
2519 2645 2640 2687 cum
2673 2631 3032 2700 integritatem
3076 2633 3175 2686 loci
3211 2648 3371 2686 tnanu
3409 2635 3641 2704 scripto-

2071 2736 2187 2773 rum
2221 2722 2465 2776 codicum
2510 2722 2829 2777 Crzlacorum
2868 2738 3164 2780 consensus
3195 2736 3382 2795 aperte
3426 2728 3639 2795 probet.

2138 2812 2343 2869 Prmter
2379 2816 2485 2869 duo
2527 2815 2615 2870 illa
2661 2814 2911 2886 Origenis
2958 2818 3271 2873 testimonia
3296 2861 3310 2881 ,
3353 2820 3554 2887 quibus
3578 2821 3642 2873 de

2070 2907 2430 2973 Eucharistiae
2480 2919 2825 2963 sacramento
2875 2925 3154 2979 perperam
3206 2912 3442 2964 sensisse
3494 2912 3641 2965 visus

2065 3009 2185 3061 est,
2248 2998 2349 3055 alia
2412 3009 2644 3069 quatuor
2695 3002 2909 3068 generis
2958 3003 3201 3069 ejusdem
3252 3002 3408 3055 επεν-ι
3450 3001 3644 3056 Petrus

396 3089 735 3159 monogamia
780 3089 869 3144 illa
921 3093 1225 3162 symbolum
1275 3093 1347 3149 sit
1399 3094 1683 3150 munditiei
1741 3096 1961 3162 auium,
1991 3124 2034 3180 ϐ
2068 3088 2270 3158 Martyr
2306 3089 2356 3143 in
2395 3088 2533 3142 libro
2572 3101 2751 3142 contra
2796 3089 3174 3158 Gardinerum,
3232 3094 3373 3145 unde
3414 3109 3639 3147 causam

391 3191 552 3247 quam
584 3181 723 3235 tueri
766 3182 986 3247 debent,
1030 3185 1120 3252 qui
1167 3199 1321 3238 sacra
1369 3185 1774 3242 administrant.
1817 3185 1962 3241 Idem

392 3275 651 3337 praeterea
695 3281 823 3325 tom.
862 3287 951 3326 xv:
994 3274 1050 3327 in
1100 3269 1318 3341 Malm,
1362 3290 1513 3329 num.
1554 3276 1609 3342 3,
1662 3291 1783 3346 pag.
1826 3277 1961 3343 711,

390 3372 662 3414 summum
702 3358 1010 3417 Judaeornm
1060 3366 1426 3430 sacerdotem,
1468 3366 1825 3433 symbolieum
1869 3385 1964 3439 ap-

390 3446 588 3519 peilat;
631 3466 737 3505 non
771 3453 913 3520 quod
956 3456 1210 3510 sacerdos
1242 3470 1430 3511 revera
1474 3474 1579 3513 non
1618 3468 1800 3514 esset:
1842 3460 1963 3531 quis

389 3539 535 3594 enim
574 3540 679 3596 hoc
732 3544 941 3611 neget?
992 3548 1084 3599 sed
1125 3547 1267 3614 quod
1312 3548 1619 3618 symbolum
1664 3558 1806 3607 esset
1846 3552 1962 3606 veri

390 3632 691 3692 sacerdotis
735 3632 958 3690 Christi.
1021 3633 1222 3691 Ibidem
1271 3638 1539 3693 sacriﬁcia
1579 3638 1829 3699 Mosaicte
1886 3640 1963 3696 le-

389 3719 492 3791 gis,
526 3722 829 3792 symbolice
867 3723 1143 3793 appellat:
1193 3740 1298 3780 non
1338 3729 1483 3797 quod
1522 3743 1714 3783 revera
1755 3730 1958 3785 sacriﬁ-

389 3811 472 3867 cia
503 3828 607 3868 non
648 3824 871 3880 essent,
918 3817 1013 3871 sed
1063 3818 1204 3889 quod
1245 3820 1489 3890 symbola
1533 3833 1715 3877 essent
1760 3822 1964 3880 sacriﬁ-

388 3904 597 3959 ciorum
650 3920 771 3978 qua:
825 3907 959 3963 ﬁunt
1014 3924 1113 3983 pro
1174 3911 1432 3980 peccatis.
1491 3913 1657 3967 Addit
1710 3914 1960 3979 demum,

390 4010 512 4049 cum
556 3998 807 4065 subjugi,
851 4014 1083 4068 corpore
1132 4016 1326 4071 nempe
1375 4019 1494 4071 suo,
1530 4013 1742 4059 vectum
1775 4005 1959 4061 Jesum

390 4088 605 4157 excepit
655 4104 782 4149 vera
838 4088 1178 4156 Jerusalem,
1231 4109 1462 4163 superna
1527 4096 1773 4164 scilicet,
1835 4108 1963 4151 tunc

388 4176 707 4247 dissipatam
737 4178 906 4234 fuisse
943 4179 1271 4247 Jerusalem,
1302 4199 1422 4252 quae
1458 4185 1648 4238 umbra
1696 4194 1816 4238 est:
1854 4203 1965 4239 um-

389 4266 549 4323 bram
582 4270 791 4335 dicens,
831 4287 932 4340 pro
976 4288 1042 4328 eo
1071 4275 1214 4342 quod
1254 4276 1553 4345 symbolum
1582 4278 1825 4332 dixerat:
1860 4294 1964 4333 non

496 4385 545 4418 "‘
574 4382 731 4439 Joan.
757 4402 800 4451 t,
842 4387 941 4453 M;
975 4404 1052 4455 vr,
1082 4388 1171 4443 51.
1246 4390 1292 4420 ⁸⁸
1338 4389 1493 4444 Joan.
1535 4407 1606 4455 vi,
1648 4392 1735 4444 tu.

2071 3196 2222 3235 suam
2274 3195 2383 3237 non
2448 3195 2636 3249 parum
2695 3181 3004 3236 conﬁrmari
3055 3193 3229 3251 putat.
3283 3182 3439 3236 Prior
3494 3184 3643 3237 locus

2070 3275 2419 3341 depromptus
2454 3283 2539 3327 est
2582 3288 2649 3329 ex
2699 3274 2886 3328 homil.
2921 3274 2988 3328 16
3027 3276 3082 3328 in
3131 3274 3318 3338 Nam"
3362 3291 3519 3333 num.
3556 3275 3591 3332 9
3623 3294 3637 3331 :

2076 3379 2096 3414 ε
2134 3361 2332 3417 Bibere
2378 3363 2615 3416 dicimur
2657 3363 2982 3433 sanguinem
3023 3362 3259 3427 Christi,
3317 3381 3421 3417 non
3464 3365 3639 3420 solum

2069 3463 2536 3508 sacramentorum
2579 3453 2706 3519 ritu,
2743 3454 2835 3507 sed
2859 3462 2914 3508 et
2944 3468 3067 3507 cum
3097 3468 3379 3508 sermones
3405 3455 3530 3524 ejus
3558 3471 3643 3510 νε-

2066 3545 2318 3613 cipimus,
2357 3543 2409 3597 in
2441 3543 2640 3613 quibus
2685 3545 2794 3598 vita
2827 3544 3101 3607 consistit,
3134 3544 3274 3599 sicut
3317 3555 3370 3599 et
3406 3546 3528 3613 ipse
3563 3546 3643 3600 di-

2066 3634 2175 3690 cit:
2216 3634 2384 3689 Vcrba
2414 3650 2530 3703 qua:
2553 3634 2755 3688 locutus
2787 3650 2924 3701 sum,
2959 3635 3175 3703 spiritus
3191 3646 3237 3701 et
3264 3637 3370 3689 vita
3399 3649 3476 3691 est
3504 3638 3573 3691 ".
3613 3656 3633 3691 ι

2066 3728 2137 3791 At
2172 3725 2459 3781 manifeste
2504 3724 2640 3780 facit
2681 3726 2811 3780 illud
2844 3741 2940 3794 pro
2969 3727 3237 3782 catholica
3270 3743 3458 3792 causa,
3513 3746 3639 3783 nam

2068 3817 2520 3873 sacramentalem
2549 3817 2831 3885 sanguinis
2856 3816 3057 3873 Christi
3087 3819 3415 3887 potationem
3441 3821 3514 3874 ab
3538 3821 3644 3877 alia

2066 3911 2322 3976 secernit,
2357 3924 2468 3983 qua
2514 3910 2737 3969 verbum
2785 3907 2986 3963 Christi
3049 3911 3272 3964 auribus
3325 3919 3380 3965 et
3416 3921 3642 3975 mente,

2067 4002 2294 4073 spiritali
2320 4002 2554 4072 quodam
2591 4001 2751 4055 modo
2781 4001 3002 4056 bibitur.
3054 4003 3166 4073 (41)
3197 4001 3306 4058 Nec
3341 4003 3464 4072 plus
3501 4005 3646 4058 valet

2068 4108 2165 4163 pro
2198 4093 2636 4148 adversariorum
2676 4095 2921 4161 partibus
2952 4094 3180 4147 alterum
3213 4094 3315 4147 hoc
3347 4109 3380 4148 e
3413 4104 3641 4150 tractat.

2069 4186 2140 4240 '55
2168 4187 2223 4239 in
2257 4185 2469 4249 Matth.,
2497 4200 2647 4239 num.
2674 4186 2766 4250 85,
2793 4200 2914 4254 pag.
2944 4184 3066 4241 898.
3112 4203 3131 4234 α
3163 4186 3321 4240 Panis
3343 4187 3446 4240 iste
3481 4203 3645 4257 quem

2071 4276 2213 4331 Deus
2258 4276 2482 4332 verbum
2528 4292 2723 4347 corpus
2764 4292 2917 4331 suum
2975 4292 3096 4333 esse
3148 4277 3366 4343 fatetur,
3410 4280 3645 4333 verbum

462 4506 571 4579 (41)
623 4506 734 4565 Nec
780 4506 896 4573 plus
934 4507 1098 4579 vale!“
1123 4508 1679 4579 piro_adversat:iorum
1723 4509 1961 4575 partibus
1992 4512 2037 4566 D
2068 4523 2187 4561 cum
2227 4505 2302 4559 ait
2327 4523 2346 4579 :_
2378 4523 2396 4557 ς
2419 4504 2537 4560 Νοη
2564 4502 2731 4579 enim
2764 4519 2951 4574 panem
2980 4504 3126 4558 illum
3171 4503 3437 4579 visibilem
3477 4520 3646 4575 quem

387 4576 723 4632 alterumhac
746 4593 773 4630 ε
796 4586 1006 4631 tractat.
1031 4576 1101 4637 55
1149 4578 1201 4631 in
1234 4577 1426 4631 Matth.
1458 4577 1648 4636 (Panis
1674 4580 1776 4632 iste
1802 4594 1960 4645 quem

392 4647 531 4702 Deus
567 4645 822 4710 Verbum,
854 4666 871 4698 ι
917 4656 1022 4701 etc.
1054 4646 1168 4701 Non
1201 4648 1371 4715 magis
1405 4647 1585 4701 favent
1612 4650 1962 4703 beterodoxis

390 4732 510 4786 quae
572 4729 694 4785 post
753 4720 866 4772 lucc
932 4718 1096 4770 verba
1149 4718 1639 4786 manuscriptorum
1714 4720 1961 4773 codicum

390 4789 711 4852 auctoritate
765 4788 816 4839 in
865 4799 1068 4841 textum
1129 4788 1465 4841 restituitnus
1515 4805 1528 4840 :
1577 4807 1596 4840 ι
1627 4788 1751 4842 ·Νοιι
1817 4790 1961 4841 enim

392 4872 582 4925 panem
632 4858 778 4909 illmn
825 4856 1086 4910 visibilem
1137 4872 1297 4925 quem
1347 4858 1565 4913 tenebat
1616 4860 1669 4912 in
1712 4860 1963 4912 manibus

391 4942 586 4997 corpus
633 4942 788 4979 suum
827 4926 1037 4981 dicebat
1084 4926 1226 4981 Deus
1275 4927 1546 4994 Verbum,
1591 4930 1682 4982 sed
1728 4926 1959 4981 Verbum

391 5000 444 5053 in
471 4997 625 5065 cujus
646 5000 913 5068 mysterio
940 4997 1115 5068 fuerat
1147 4998 1301 5068 panis
1338 4997 1427 5051 ille
1457 4999 1805 5066 frangendus.
1854 4998 1963 5052 Nec

391 5078 571 5137 potum
602 5066 747 5119 illum
775 5067 1039 5137 visibilem
1072 5066 1389 5137 sanguinem
1421 5084 1574 5122 suum
1608 5069 1836 5128 dicebat.
1866 5072 1960 5123 sed

392 5131 627 5192 Verbum
656 5138 706 5206 in
743 5131 1201 5206 cujus'mysterio'
1234 5148 1388 5205 potus
1433 5139 1521 5192 ille
1569 5138 1742 5192 fuerat
1786 5137 1961 5193 eﬁ'un-

391 5209 613 5279 dendus.
656 5205 787 5259 Nam
822 5205 1143 5279 corpusDei
1180 5208 1364 5277 Verbi,
1406 5220 1498 5262 aut
1542 5210 1762 5274 sanguis
1785 5250 1799 5274 ,
1832 5209 1961 5276 quid

390 5277 534 5332 aliud
567 5292 686 5331 esse
713 5286 911 5346 potest,
942 5276 1047 5330 nisi
1079 5279 1299 5331 verbum
1334 5282 1475 5346 quod
1507 5280 1703 5338 nutrit,
1757 5289 1811 5331 et
1842 5294 1963 5331 ver-

388 5349 514 5404 bunt
543 5347 687 5417 quod
713 5348 949 5400 laetiﬁcat
986 5348 1121 5400 cor?
1151 5367 1167 5399 ι
1220 5346 1345 5399 Tria
1386 5350 1528 5401 enim
1573 5349 1662 5402 hic
1702 5346 1962 5417 Origenes

389 5434 511 5473 cum
547 5418 816 5473 veteribus
838 5419 1157 5486 quibusdam
1192 5418 1241 5469 in
1272 5418 1609 5471 Eucharistia
1644 5418 1957 5486 distinguit:

392 5503 584 5557 netnpe
606 5489 842 5557 speciem
881 5498 1157 5540 externam
1194 5488 1440 5541 sensibus
1476 5490 1773 5553 subjectum
1801 5506 1814 5554 ;
1842 5489 1963 5541 sub-

392 5560 644 5613 stantiam
707 5560 851 5613 intus
904 5558 1197 5621 latentem,
1256 5568 1312 5609 et
1377 5558 1492 5617 solo
1543 5560 1662 5612 tidei
1718 5561 1961 5611 contuitu

386 5630 804 5697 aspectabilem;
852 5639 907 5681 et
965 5629 1246 5697 mysticam
1296 5629 1582 5694 quamdam
1641 5629 1965 5682 sacramenti

386 5698 874 5772 signiﬁcationem.
908 5698 989 5772 A_d
1028 5708 1234 5772 partem
1286 5707 1561 5750 externam
1598 5700 1770 5752 oculis
1799 5714 1963 5772 appa-

389 5780 592 5826 rentem
656 5778 709 5825 et
751 5768 951 5825 Christi
993 5768 1240 5822 manibus
1281 5777 1672 5831 contrectatam
1724 5768 1963 5840 respicit,

2067 4579 2286 4631 tenebat
2336 4577 2390 4629 in
2432 4576 2698 4639 manibus,
2764 4589 2961 4643 corpus
3019 4589 3173 4626 suum
3228 4576 3441 4628 dicebat
3508 4584 3647 4632 licus

2072 4647 2325 4703 Verbum.
2350 4685 2365 4698 .
2390 4683 2407 4699 .
2425 4683 2441 4697 .
2468 4644 2580 4698 Nec
2610 4654 2791 4712 potum
2819 4645 2965 4705 illum
2992 4644 3278 4710 visibilem,
3318 4649 3643 4713 sanguinem

2067 4733 2225 4771 suum
2268 4716 2549 4771 dicebat.»
2608 4715 2975 4769 Substantiam
3032 4715 3132 4785 sub
3187 4726 3411 4768 externa
3457 4721 3646 4785 spei-ie

2067 4788 2322 4840 latentem
2375 4796 2561 4853 aperte
2614 4785 2861 4853 designat
2916 4795 3025 4838 tum
3072 4784 3155 4838 bis
3206 4784 3644 4852 przecedentihus

2067 4856 2290 4915 verbis:
2323 4874 2340 4906 ι
2372 4854 2531 4924 Panis
2578 4855 2681 4909 iste
2728 4869 2889 4924 quem
2950 4855 3091 4910 Deus
3153 4853 3386 4908 Verbum
3440 4871 3643 4924 corpus

2069 4875 2248 4915 veruts
2277 4875 2290 4908 Ξ
2323 4875 2340 4906 ι
2372 4875 2531 4908 ι’ὶ11115
2578 4875 2681 4909 ISle
2728 4875 2889 4924 quem
2950 4875 3091 4910 UCUS
3161 4875 3386 4908 VCI'UUIII
3440 4875 3643 4977 COVIJS

2069 4942 2224 4981 suum
2254 4940 2373 4979 esse
2399 4923 2689 4979 fatetur....
2723 4935 2776 4977 et
2804 4933 2961 4993 potus
2994 4925 3093 4979 iste
3133 4938 3291 4993 quem
3328 4926 3474 4979 Deus
3558 4944 3644 4980 er-

2064 4996 2190 5051 bum
2254 4996 2569 5065 sanguinem
2621 5011 2779 5065 suum
2824 4995 3022 5049 fatetur
3054 5013 3119 5065 :_t
3159 5006 3270 5065 tum
3322 4996 3408 5049 his
3450 4998 3643 5051 subse-

2062 5066 2277 5135 quentis
2327 5062 2539 5118 articuli
2574 5083 2587 5119 :
2626 5084 2642 5116 α
2671 5064 2734 5117 Ει
2763 5067 2998 5123 ostendit
3030 5062 3251 5135 (Jesus)
3284 5066 3507 5133 quando
3550 5084 3641 5121 eos

2064 5136 2400 5207 (discipulos)
2429 5137 2529 5187 hoc
2550 5150 2685 5207 pane
2711 5137 2899 5207 nutrit,
2926 5135 3200 5207 proprium
3222 5150 3340 5207 esse
3369 5152 3636 5205 corpus...

2066 5206 2266 5260 Deinde
2293 5207 2521 5259 docebat
2557 5206 2849 5271 discipulos
2874 5244 2889 5265 ,
2936 5206 3122 5273 qui....
3172 5206 3642 5259 manducaverant

2066 5291 2263 5345 corpus
2314 5273 2493 5338 Verbi,
2525 5292 2545 5331 ι
2608 5288 2717 5328 etc.
2767 5276 3006 5342 Denique
3057 5277 3122 5327 de
3170 5276 3400 5344 mystica
3451 5292 3636 5329 sacra-

2066 5348 2234 5404 tnenti
2270 5346 2667 5413 signiﬁcatione
2713 5361 2809 5413 per
2855 5354 3023 5397 totunt
3067 5346 3353 5397 articulum
3397 5346 3636 5407 disserit.

2064 5419 2228 5469 verba
2268 5415 2622 5468 institutionis
2653 5413 3006 5467 Eucltaristite
3049 5415 3338 5482 allegorice
3365 5415 3639 5483 interpre-

2065 5488 2228 5539 tando
2254 5486 2319 5538 de
2350 5484 2525 5538 Verbo
2549 5484 2640 5537 Dei
2667 5528 2678 5548 ,
2716 5487 2857 5551 quod
2890 5485 3064 5536 instar
3093 5486 3371 5551 cujusdam
3404 5491 3561 5551 panis
3587 5494 3640 5538 et

2067 5568 2226 5625 potus
2258 5556 2498 5614 cmlestis
2528 5573 2546 5606 ι
2574 5552 2745 5621 nutrit
2774 5564 2829 5607 et
2852 5555 3110 5616 laetiﬁcat,
3145 5564 3291 5623 potat
3318 5565 3373 5607 et
3404 5558 3641 5609 inebriat

2068 5626 2326 5694 praeclare
2376 5626 2538 5678 corda
2591 5626 2954 5694 bibentium.»
3021 5626 3251 5683 Sanctus
3303 5628 3638 5693 Augustinus

2068 5692 2320 5751 Sermone
2344 5694 2468 5759 272,
2508 5695 2575 5747 ad
2613 5692 2873 5754 Infantes.
2916 5696 3103 5748 eodem
3148 5695 3260 5748 fere
3305 5692 3484 5756 modo,
3534 5712 3640 5763 quo

2071 5767 2159 5822 hic
2192 5766 2474 5837 Origenes,
2494 5767 2791 5821 disseritde
2812 5766 2997 5821 altaris
3025 5778 3365 5823 sacramento
3397 5782 3411 5819 :
3440 5782 3459 5815 ε
3483 5764 3638 5832 Quod
