3860 6226
250 275 395 331 1081

1105 276 1676 336 OlthENlANORUM
1718 280 1847 339 LIB.
1888 280 1955 347 ιι,
1999 280 2151 335 car.
2195 281 2262 346 ιι,
2306 279 2583 347 ΩΠᾹΞΞΤ.
2619 278 2760 333 xw.

3336 268 3511 333 ‘tosa
3564 342 3577 357 η

249 398 345 443 est
392 386 737 443 nutritorium
768 388 1096 455 animarum,
1133 390 1365 445 Verbum
1394 392 1461 446 de
1506 392 1617 447 Deo
1643 391 1823 447 Verbo
1853 401 1901 454 Α
1928 393 2145 447 edocuit
2173 411 2186 447 :
2215 393 2309 448 sed
2346 402 2402 447 ιιι
2437 391 2527 461 qui
2550 393 2616 445 ad
2654 390 2927 447 Christum
2962 390 3179 459 venisti,
3205 393 3507 461 pontitlcem
3584 364 3590 377 τ

250 481 591 550 procedens,
631 490 686 534 et
719 481 876 550 panis
919 481 983 535 de
1041 496 1183 549 pane
1235 481 1474 548 caelesti,
1514 501 1533 530 ι
1565 491 1700 547 etc.,
1750 482 1836 537 cui

249 571 559 625 consimilia
595 571 836 640 reperire
867 579 949 625 est
978 571 1164 625 homil.
1199 571 1229 622 7
1274 573 1327 625 in
1362 571 1552 635 Levit.,
1599 588 1747 627 num.
1778 574 1833 639 5,

252 664 327 718 ab
379 664 688 718 Hermanno
730 663 900 718 Bodio
952 664 1005 717 in
1052 662 1400 719 Collectaneis
1446 665 1710 721 adversus
1745 681 1839 721 ca-

255 753 518 806 tholicam
556 753 859 807 doctrinam
903 763 1194 822 usurpata:
1247 769 1368 807 nam
1408 755 1452 808 si
1490 755 1643 824 juxta
1693 756 1840 811 litte-

256 860 376 898 ram
438 846 490 899 id
530 846 858 899 sumendum
910 856 1198 914 putamus,
1253 858 1312 901 ut
1358 850 1679 903 sumendum
1724 851 1838 904 vult

256 943 489 1004 martyr,
530 932 800 999 quomodo
841 934 996 1003 panis
1047 934 1137 988 ille
1186 936 1279 1004 qui
1325 939 1565 993 cmnanti
1616 938 1836 994 Christo

250 1023 470 1078 oblatus
526 1030 647 1084 est,
714 1022 915 1077 fractus
988 1033 1045 1077 et
1107 1024 1388 1093 discipulis
1475 1027 1833 1091 distributus,

249 1126 529 1183 quemque
574 1128 733 1167 suum
779 1127 900 1167 esse
941 1129 1139 1184 corpus
1174 1117 1313 1170 dixit
1372 1118 1644 1183 Christus,
1702 1119 1835 1173 nihil

251 1202 401 1257 aliud
452 1212 538 1258 est
590 1219 795 1273 quam,
845 1205 1051 1258 verbum
1100 1208 1394 1261 animarum
1448 1209 1833 1276 nutritorium,

252 1295 397 1359 quod
422 1296 693 1349 contendit
722 1294 957 1349 Badius?
987 1296 1269 1363 Quomodo
1295 1297 1450 1365 panis
1494 1298 1603 1364 ille,
1642 1314 1835 1352 secun-

253 1385 383 1439 dum
420 1385 472 1439 id
493 1386 636 1454 quod
670 1400 735 1438 ex
766 1387 991 1440 materia
1030 1396 1349 1441 concretum
1394 1387 1575 1452 habet,
1613 1391 1663 1442 in
1702 1405 1833 1444 ven-

255 1485 392 1529 trem
430 1476 562 1542 abit,
598 1485 653 1529 et
693 1476 746 1529 in
797 1492 1070 1532 secessum
1112 1476 1346 1544 ejicitur,
1393 1490 1451 1532 ut
1482 1494 1547 1533 ex
1583 1479 1832 1549 Origenis

255 1573 404 1620 tomo
454 1580 508 1619 ιι
557 1566 611 1619 in
654 1566 874 1631 Matt/1.,
922 1582 1072 1623 num.
1122 1566 1212 1631 14,
1249 1568 1512 1635 objecisse
1542 1568 1829 1640 Martyrem

253 1674 418 1729 supra
442 1659 773 1725 notavimus,
807 1660 851 1715 si
880 1659 1034 1729 panis
1058 1660 1149 1715 ille
1178 1677 1198 1712 ι
1226 1661 1462 1716 Verbum
1509 1671 1591 1717 est
1620 1665 1825 1718 anima-

1940 499 2156 547 vcrum,
2191 483 2282 550 qui
2311 484 2574 551 sanguine
2599 496 2699 535 suo
2726 480 2891 539 Deum
2920 482 3012 536 tibi
3048 484 3336 553 prapitium
3361 482 3505 548 fecit,

1935 584 1991 632 et
2045 573 2417 629 reconciliavit
2464 584 2514 627 te
2566 574 2739 637 Patri,
2789 590 2895 629 non
2930 576 3136 629 hazreas
3168 575 3220 627 in
3251 576 3510 645 sanguine

1935 667 2143 728 carnis,
2170 668 2262 720 sed
2286 668 2435 720 disce
2462 666 2646 734 potius
2690 667 3012 735 sanguinem
3052 666 3236 731 Verbi,
3282 677 3337 722 et
3383 668 3507 720 audi

1934 756 2107 827 ipsum
2135 757 2229 811 tibi
2268 756 2557 822 dicentem,
2602 756 2725 826 quia
2756 756 2837 809 hic
2877 757 3089 825 sanguis
3123 773 3266 811 meus
3287 767 3382 821 est,
3417 758 3506 827 qui

1931 865 2026 916 pro
2072 849 2211 902 vobis
2250 849 2546 917 e/fundetur
2581 848 2639 901 in
2658 848 3009 901 remissionem
3030 848 3443 913 peccatorum".
3480 866 3498 899 ι

1937 938 2132 1007 Agitur
2170 938 2274 992 hoc
2314 938 2431 993 loco
2466 939 2532 992 de
2567 937 2849 992 sacriﬁciis
2878 935 3146 1004 Mosaicis,
3186 952 3306 1007 qua:
3338 938 3506 1006 ﬁgura

1934 1038 2090 1082 erant
2119 1029 2312 1083 mortis
2341 1029 2542 1084 Christi
2578 1046 2593 1083 :
2622 1029 2830 1084 idcirco
2880 1044 2983 1083 non
3025 1030 3333 1084 haerendum
3369 1031 3506 1083 scri-

1931 1119 2014 1174 bit
2052 1120 2316 1191 Origenes
2342 1122 2393 1175 in
2424 1122 2680 1190 sanguine
2706 1121 2906 1185 carnis,
2943 1122 3044 1175 hoc
3088 1129 3170 1173 est
3199 1122 3249 1174 in
3289 1122 3503 1174 sacriﬁ-

1934 1214 2034 1267 ciis
2057 1214 2385 1268 Testamenti
2425 1213 2654 1280 Veteris,
2678 1214 2769 1268 sed
2804 1223 3035 1267 mentem
3076 1214 3143 1267 ad
3190 1213 3503 1282 sanguinem

1934 1304 2160 1370 Christi,
2202 1316 2257 1360 et
2291 1305 2620 1359 sacriﬁcium
2662 1321 2812 1359 novae
2855 1305 2987 1376 legis
3014 1319 3135 1361 esse
3172 1304 3502 1374 erigendam.

1930 1395 2067 1463 Quis
2094 1397 2181 1451 hic
2214 1398 2539 1452 cavillationi
2579 1398 2771 1452 locus?

2002 1488 2285 1559 Sumptum
2311 1505 2339 1541 e
2363 1489 2500 1544 libro
2522 1506 2617 1544 vm
2642 1501 2822 1544 contra
2844 1488 2980 1545 Cels.
3013 1505 3160 1544 num.
3189 1489 3279 1552 33,
3297 1498 3505 1558 postre-

1932 1600 2076 1637 munt
2105 1582 2356 1651 Origenis
2402 1584 2764 1636 testimonium
2804 1584 2884 1638 sic
2911 1599 2969 1638 se
3010 1583 3204 1637 habet:
3234 1582 3421 1652 Ἡμεῖς
3447 1581 3505 1635 δὲ

1931 1671 2007 1743 τῷ
2036 1672 2127 1726 τοῦ
2159 1672 2359 1735 παντὸς
2387 1672 2710 1744 Δημιουργῷ
2746 1673 3209 1745 εὐχαριστοῦντες,
3239 1672 3334 1725 mi.
3379 1672 3504 1735 τοὺς

256 1768 374 1805 rum
405 1752 755 1813 nutritorium
777 1752 799 1806 ?
819 1771 838 1805 ›
861 1751 1023 1807 Certe
1052 1761 1161 1807 tota
1179 1752 1294 1808 haec
1322 1752 1571 1823 Origenis
1600 1755 1664 1811 de
1686 1773 1820 1826 pane

1932 1767 2050 1834 μετ’
2102 1765 2451 1835 εὐχαριστίας
2503 1766 2597 1819 καὶ
2642 1766 2807 1838 εὐχῆς
2864 1766 2964 1836 τῆς
3013 1766 3104 1819 ἐπὶ
3146 1767 3257 1828 τοῖς
3305 1763 3505 1819 δοθεῖσι

254 1843 348 1898 illo
406 1844 713 1902 dissertatio
777 1852 994 1899 tractat.
1040 1843 1109 1899 55
1173 1845 1230 1899 in
1286 1845 1482 1903 Matth.
1534 1846 1820 1917 allegorica

252 1945 359 2001 est,
407 1933 517 1988 Nec
567 1934 793 1991 validius
852 1945 955 2002 est,
991 1938 1131 2007 quod
1175 1936 1302 1990 hinc
1345 1937 1544 2007 colligit
1596 1948 1819 2008 martyr,

252 2040 451 2093 corpus
469 2028 669 2080 Christi
687 2042 806 2081 esse
835 2043 1048 2095 panem,
1076 2044 1199 2083 cum
1218 2029 1498 2098 scripserit
1519 2027 1775 2098 Origenes
1803 2046 1818 2083 :

224 2123 277 2169 ἰ
312 2118 470 2181 Panis
503 2119 625 2179 iste,
653 2135 810 2187 quem
846 2120 984 2175 Deus
1018 2119 1253 2174 Verbum
1284 2135 1480 2190 corpus
1509 2137 1662 2176 suum
1703 2137 1823 2177 esse

258 2210 477 2265 fatetur.
511 2229 531 2263 ι
558 2211 721 2265 Panis
774 2212 919 2265 enim
971 2211 1167 2265 dicitur
1202 2225 1399 2279 corpus
1432 2211 1655 2278 Christi,
1695 2214 1821 2282 quia

252 2302 408 2372 panis
439 2304 573 2369 l'nit,
606 2313 661 2358 et
687 2319 829 2357 nunc
873 2317 1091 2372 quoque
1116 2318 1237 2356 cum
1268 2318 1463 2372 corpus
1490 2303 1690 2358 Christi
1715 2314 1817 2372 est,

252 2396 409 2464 panis
453 2396 686 2463 speciem
724 2397 881 2465 gerit.
930 2394 1066 2453 Hinc
1107 2396 1409 2466 appellatur
1457 2398 1619 2452 etiam
1659 2398 1821 2470 ἄρτος

253 2488 629 2558 ἁγιαζόμενος,
695 2498 749 2541 et
800 2498 1143 2550 consecratus
1185 2488 1376 2557 panis,
1429 2488 1534 2551 hoc
1596 2498 1712 2554 est,
1765 2499 1823 2544 ut

254 2580 332 2632 sic
385 2579 596 2648 loquar,
660 2579 816 2649 panis
879 2577 1420 2635 transsubstantiatus
1506 2579 1560 2633 in
1623 2594 1821 2650 corpus

251 2671 473 2729 Christi.

323 2763 675 2833 Apertissima
718 2779 844 2819 vero
874 2764 979 2818 loci
1023 2763 1166 2817 tertii
1198 2764 1489 2829 sententia,
1520 2773 1579 2818 ut
1611 2764 1813 2819 frustra

250 2870 370 2909 eam
404 2870 655 2924 perversa
681 2856 1040 2924 explicatione
1066 2870 1418 2924 corrumpere
1450 2854 1657 2926 Martyr
1688 2871 1819 2910 con-

251 2950 450 3004 tendat.
485 2946 629 3009 Talis
661 2948 748 3003 ille
776 2960 857 3003 est
889 2948 1070 3003 homil.
1099 2949 1132 3003 9
1176 2949 1231 3001 in
1285 2947 1472 3010 Levit..
1506 2964 1657 3002 num.
1692 2948 1759 3002 10
1802 2966 1816 3002 :
1848 2942 1853 2948 ’

256 3056 275 3090 s
310 3040 457 3095 ltitus
491 3041 707 3109 quidem
730 3042 867 3109 apud
887 3051 1093 3097 veteres
1107 3040 1502 3111 propitiationis
1530 3056 1627 3109 pro
1655 3041 1821 3095 homi-

1929 1856 2372 1926 προσαγομὲνους
2420 1857 2617 1927 ἄρτους
2645 1858 2918 1930 ἐσθίομεν,
2976 1860 3136 1930 σῶμα
3179 1858 3505 1927 γενομένους

1927 1946 2014 2000 διὰ
2038 1947 2136 2019 τὴν
2166 1947 2330 2018 εὐχὴν
2357 1949 2508 2017 ἅγιόν
2540 1967 2611 2013 τι,
2639 1951 2730 2004 καὶ
2758 1949 2981 2020 ἁγιάζον
3012 1952 3136 2013 τοὺς
3176 1950 3292 2021 μεθ’
3320 1948 3503 2017 ὑγιοῦς

1929 2040 2240 2111 προθέσεως
2278 2041 2425 2111 αὐτῷ
2469 2042 2801 2113 χρωμένους.
2842 2062 2860 2094 ι
2901 2042 3007 2096 Nos
3042 2058 3169 2097 vero
3204 2043 3293 2112 qui
3347 2042 3504 2108 hujus

1930 2131 2309 2186 universitatis
2334 2131 2616 2185 Conditori
2648 2132 2851 2201 gratias
2881 2132 3113 2203 agimus,
3165 2146 3284 2185 cum
3330 2132 3504 2199 preci-

1927 2220 2029 2276 bus
2066 2230 2121 2274 et
2156 2220 2458 2288 gratiarum
2488 2220 2703 2275 actione
2736 2221 2951 2277 oblatos
2977 2222 3185 2276 edimus
3222 2236 3388 2290 panes
3409 2222 3502 2289 qui

1930 2321 2151 2383 propter
2183 2311 2487 2366 orationem
2525 2312 2661 2366 ﬁunt
2703 2328 2899 2382 corpus
2938 2312 3205 2381 quoddam
3255 2321 3500 2365 sanetum

1926 2404 2073 2473 quod
2122 2417 2255 2458 sano
2316 2404 2594 2472 proposito
2649 2403 3104 2458 nnanducantibus
3160 2402 3501 2456 sanctitatem

1927 2497 2176 2568 largitur.
2205 2516 2224 2550 ι
2258 2496 2470 2550 Celsum
2503 2495 2697 2549 refellit
2737 2495 3026 2565 Origenes,
3057 2494 3147 2563 qui
3192 2494 3352 2548 rebus
3382 2493 3500 2546 uni-

1927 2589 2104 2643 versis
2138 2587 2423 2657 praefectos
2455 2602 2573 2641 esse
2624 2588 2893 2642 daemones
2940 2600 3189 2648 censeris,
3244 2599 3500 2651 quimcun-

1927 2695 2035 2750 que
2063 2680 2129 2733 ad
2164 2678 2363 2732 victum
2400 2687 2716 2746 comparant
2756 2676 3026 2740 homines,
3060 2688 3391 2742 quacunque
3415 2670 3498 2725 vel

1927 2773 2135 2827 edendo
2177 2771 2258 2826 vel
2307 2770 2540 2826 bibendo
2589 2776 2945 2835 consumunt,
3013 2767 3229 2835 fruges,
3278 2766 3494 2828 vinum,

1927 2864 2125 2918 baccas
2158 2863 2438 2927 arborum,
2474 2877 2668 2929 aquam
2700 2900 2716 2925 ,
2752 2871 2807 2913 et
2837 2860 3009 2928 ipsum
3043 2872 3255 2926 quoque
3292 2870 3494 2920 aerem,

1929 2969 1959 3008 a
1987 2954 2319 3008 daemonibus
2364 2953 2613 3020 accipere
2640 2951 3005 3004 arbitrabatur
3035 2965 3050 3015 ;
3100 2947 3395 3015 multisque
3443 2947 3496 3000 iu

1928 3045 2262 3098 contrariam
2301 3044 2549 3098 adductis
2582 3043 2903 3096 sententiam
2932 3082 2948 3107 ,
2978 3041 3254 3096 concludit
3281 3040 3493 3095 tandem

250 3132 407 3186 nibus
447 3132 540 3202 qui
600 3132 759 3188 liebat
803 3133 867 3186 ad
923 3131 1125 3200 Deum,
1166 3132 1399 3203 qualiter
1452 3115 1890 3188 celebrareturc
1927 3132 2281 3189 Adamantius
2323 3148 2490 3203 panes
2526 3133 2619 3201 qui
2668 3134 2820 3187 nobis
2864 3134 2931 3186 ad
2975 3134 3126 3186 e'sum
3170 3130 3492 3195 oﬂ‘eruntur,

322 3273 367 3307 "
400 3272 589 3331 Matth.
619 3289 766 3339 xxvi,
798 3274 889 3328 9.8.

252 3414 465 3477 videtis,
498 3412 692 3480 inquit,
734 3413 886 3480 panis
915 3421 993 3468 est
1017 3422 1072 3469 et
1103 3414 1265 3481 calix,
1300 3416 1441 3484 quod
1480 3416 1632 3469 vobis
1655 3416 1817 3473 etiam

252 3486 390 3540 oculi
440 3484 604 3539 vestri
663 3486 1184 3554 renuntiant:un
1234 3495 1411 3539 autem
1459 3486 1589 3539 lides
1638 3495 1816 3540 vestra

252 3554 484 3625 postulat
508 3555 838 3625 instruenda.
872 3555 1024 3620 panis
1065 3565 1146 3608 est
1176 3570 1372 3624 corpus
1418 3554 1643 3615 Christi.
1673 3556 1814 3610 calix

254 3623 468 3694 sanguis
500 3623 722 3679 Christi.
765 3623 1009 3694 Breviter
1052 3623 1280 3693 quidem
1319 3624 1421 3681 hoc
1468 3626 1667 3678 dictum
1711 3635 1814 3689 est,

254 3692 395 3755 αιιοίι
432 3695 553 3747 ﬁdei
597 3694 733 3746 forte
779 3692 1007 3747 sufﬁciat
1040 3692 1179 3749 {sed
1224 3694 1357 3748 ﬁdes
1406 3695 1814 3750 instructionem

254 3765 543 3818 desiderat.
595 3761 734 3817 Dicit
761 3763 902 3817 enim
942 3763 1208 3833 Propheta
1244 3783 1258 3821 :
1293 3762 1419 3818 Nisi
1455 3765 1812 3831 credideritis,

254 3851 357 3887 non
389 3834 774 3902 intelligetis....
806 3833 986 3889 Potest
1012 3834 1154 3888 enim
1185 3834 1235 3886 in
1281 3836 1464 3888 animo
1493 3834 1808 3903 cujusquam

254 3904 505 3972 cogitatio
533 3903 651 3957 talis
687 3904 987 3959 suboriri...
1026 3904 1294 3970 quomodo
1318 3915 1399 3958 est
1428 3906 1579 3973 panis
1621 3920 1817 3972 corpus

252 3974 405 4039 ejus?
429 3984 482 4025 et
509 3973 672 4035 calix,
695 3973 795 4042 vel
831 3976 970 4040 quod
1016 3976 1177 4027 habet
1216 3973 1376 4039 calix,
1419 3975 1690 4042 quomodo
1722 3984 1810 4029 est

251 4043 473 4114 sanguis
502 4042 653 4114 ejus?
694 4041 827 4114 Ista,
880 4043 1092 4114 fratres,
1147 4044 1270 4098 ideo
1325 4041 1576 4099 dicuntur
1622 4048 1811 4097 sacra-

254 4112 617 4180 nmita,_qnia
661 4115 710 4167 in
740 4113 819 4166 eis
849 4112 989 4167 aliud
1028 4114 1257 4178 videtur,
1289 4113 1429 4166 aliud
1476 4114 1807 4182 intelligitur.

255 4183 405 4250 Quod
446 4184 676 4253 videtur.
733 4182 966 4251 speciem
1029 4182 1188 4237 habet
1256 4184 1587 4253 corporalem
1623 4200 1636 4237 :
1668 4184 1809 4249 quod

257 4252 850 4332 intelligiturtfructuiu
886 4252 1403 4332 habet-spiritalem.
1433 4255 1641 4332 Corpus
1682 4268 1813 4324 ergo

251 4322 448 4379 Christi
489 4323 531 4376 si
565 4323 641 4391 vis
686 4322 1001 4389 intelligere,
1044 4324 1351 4391 Apostolnm
1382 4325 1506 4378 audi
1545 4322 1809 4377 dicentem

254 4393 498 4447 fidelibus
531 4409 546 4446 :
586 4390 686 4443 Vos
723 4402 896 4444 autem
920 4395 1039 4445 estis
1069 4390 1256 4461 corpus
1284 4392 1478 4445 Christi
1506 4402 1553 4446 et
1582 4394 1811 4445 membra

253 4462 307 4533 (l
335 4462 457 4517 Cor.
490 4478 589 4527 ιιι,
623 4461 748 4531 27).
778 4462 836 4515 Si
864 4478 992 4528 ergo
1027 4478 1117 4516 vos
1138 4465 1268 4516 estis
1293 4478 1487 4532 corpus
1523 4463 1724 4533 Christi
1763 4472 1819 4517 ct

253 4532 516 4595 membra,
572 4533 885 4601 mysterium
938 4543 1173 4586 vestrum
1215 4534 1266 4586 in
1316 4548 1500 4587 mensa
1542 4532 1820 4586 Dominica

252 4604 488 4673 positum
528 4612 654 4656 est:
692 4604 1021 4673 mysterium
1050 4612 1285 4656 vestrum
1337 4603 1609 4673 accipitis.
1643 4604 1725 4657 Ad
1768 4604 1819 4657 id

249 4672 392 4742 ψιθιι
414 4672 566 4736 estis,
598 4673 765 4725 Amen
796 4672 1162 4742 reSpondetis,
1195 4682 1247 4725 et
1281 4672 1651 4739 respondendo
1684 4679 1815 4725 snti-

250 4741 509 4796 Seribitis.
546 4743 714 4795 Audis
764 4741 938 4809 enim],
988 4757 1184 4808 corpus
1228 4742 1462 4809 Christi;
1502 4752 1556 4795 et
1598 4758 1818 4810 respon-

250 4814 368 4873 des,
398 4812 589 4866 Amen.
645 4812 1117 4880 listoimembrum
1167 4814 1410 4880 corporis
1468 4812 1697 4874 Christi,
1763 4822 1821 4865 ut

252 4896 442 4933 verum
465 4881 538 4950 sit
568 4898 743 4934 amen.
776 4879 954 4945 Quare
988 4896 1116 4950 ergo
1147 4882 1198 4935 in
1234 4879 1410 4950 pane?
1456 4882 1597 4935 Nihil
1638 4883 1725 4938 hic
1752 4883 1820 4936 de

253 4962 441 5005 nostro
470 4949 758 5005 aderamus
789 4969 801 5004 :
837 4951 1006 5019 ipsum
1055 4949 1370 5020 Apostolum
1403 4952 1693 5005 identidem
1722 4967 1820 5004 au-

251 5024 489 5089 diamus,
532 5023 620 5088 qui
673 5037 794 5072 cum
849 5022 913 5073 de
960 5022 1060 5073 isto
1099 5033 1440 5074 sacramento
1488 5022 1816 5089 loqueretur,

250 5100 369 5142 att:
406 5088 551 5143 Unus
592 5092 767 5157 panis,
794 5106 954 5141 unum
981 5106 1166 5154 corpus
1211 5090 1359 5143 mulli
1390 5088 1570 5145 sumus
1600 5089 1653 5157 tl
1692 5092 1814 5146 Cor.

251 5173 309 5222 ι,
358 5160 500 5230 17);
551 5161 855 5230 intelligitq
894 5170 948 5212 et
992 5163 1251 5227 gaudete;
1314 5163 1525 5226 unitas,
1585 5162 1814 5228 veritas,

251 5227 460 5298 pietas,
502 5227 757 5283 charitas.
818 5227 964 5282 linus
996 5230 1148 5296 panis
1183 5248 1195 5283 :
1232 5230 1353 5297 quis
1402 5241 1485 5284 est
1536 5232 1637 5284 iste
1679 5227 1816 5286 unus

253 5300 455 5366 panis?
487 5298 658 5354 Unum
684 5314 879 5367 corpus
911 5300 1083 5351 multi.
1116 5300 1355 5353 Recohte
1381 5302 1503 5367 quia
1536 5300 1687 5368 panis
1709 5316 1814 5354 non

254 5370 327 5423 sit
354 5370 418 5423 de
456 5385 565 5422 uno
590 5384 776 5435 grano,
812 5371 905 5421 sed
936 5370 1000 5421 de
1047 5370 1246 5426 Inultis.
1277 5370 1503 5434 Quando
1538 5371 1816 5431 exorciza-

253 5439 475 5503 bamini,
503 5440 655 5506 quasi
705 5438 1063 5495 molebamini.
1111 5439 1333 5503 Quando
1379 5441 1628 5507 baptizati
1659 5443 1813 5502 estis.

253 5510 409 5576 quasi
432 5510 705 5576 conspersi
732 5509 882 5563 estis.
919 5511 1141 5572 Quando
1161 5508 1402 5577 Spiritus
1433 5510 1607 5563 sancti
1637 5510 1814 5577 ignem

255 5579 562 5646 accepistis,
590 5578 741 5646 quasi
777 5579 924 5648 cocti
942 5581 1093 5632 estis.
1126 5578 1312 5632 Estote
1337 5580 1479 5648 quod
1518 5580 1731 5645 videtis,
1760 5588 1815 5633 et

256 5649 483 5717 accipite
516 5650 656 5716 quod
696 5648 846 5701 estis.
888 5647 998 5702 lloc
1024 5648 1309 5715 Apostolus
1354 5647 1419 5703 de
1454 5665 1590 5717 pane
1636 5650 1809 5704 dixit:

257 5714 391 5782 lani
416 5720 482 5773 de
506 5714 673 5781 calice
706 5718 833 5793 quid
868 5714 1317 5797 intelligcreums,
1349 5714 1509 5775 etiam
1554 5735 1659 5779 non
1725 5720 1812 5779 di-

1926 3424 2093 3481 ctum,
2119 3413 2254 3469 satis
2278 3412 2533 3467 ostendit.
2564 3406 2710 3466 Sicut
2736 3406 2889 3466 'cnim
2922 3416 2979 3466 ιιι
3014 3405 3084 3466 sit
3116 3404 3326 3479 species
3358 3403 3492 3463 vi‘si-

1923 3484 2048 3539 bilis
2100 3485 2276 3553 panis,
2329 3483 2495 3553 multa
2538 3498 2705 3550 grana
2737 3481 2788 3535 iu
2840 3499 3000 3535 unum
3042 3492 3493 3549 consperguntur,

1925 3552 2181 3621 tanquam
2212 3554 2338 3606 illud
2374 3552 2488 3612 ﬁat,
2519 3553 2661 3621 quod
2707 3552 2773 3606 de
2814 3552 3060 3605 ﬁdelibus
3094 3553 3168 3605 ait
3208 3552 3491 3620 Scriptura

1923 3620 2110 3679 sancta
2161 3640 2177 3676 :
2226 3621 2356 3675 Erat
2409 3620 2741 3676 illis’anima
2797 3638 2922 3686 una,
2981 3633 3031 3676 et
3076 3638 3164 3674 cor
3228 3637 3389 3674 unum
3433 3622 3493 3675 iu

1921 3692 2091 3764 Deum
2118 3694 2275 3764 (Act.
2309 3705 2382 3764 tv,
2415 3691 2486 3746 52
2502 3692 2561 3764 )_:
2607 3692 2684 3745 sic
2723 3693 2865 3764 etde
2893 3692 3037 3764 vino.
3070 3691 3307 3764 Fratres,
3341 3705 3492 3745 reco-

1918 3762 2013 3817 lite
2032 3760 2174 3816 unde
2196 3763 2253 3816 lit
2282 3762 2485 3814 vinum.
2504 3760 2682 3817 Grana
2708 3761 2872 3813 multa
2899 3761 3134 3828 pendent
3154 3763 3220 3814 ad
3252 3762 3486 3823 botrum,

1918 3833 2012 3885 sed
2038 3832 2215 3901 liquor
2247 3846 2541 3899 granorum
2580 3831 2632 3883 in
2666 3831 2872 3883 unitate
2915 3832 3284 3884 confunditur.
3330 3830 3407 3882 lta
3434 3840 3489 3883 et

1919 3902 2182 3957 Dominus
2215 3901 2459 3955 Christus
2493 3915 2588 3952 nos
2615 3901 2974 3970 signiﬁcavit,
3025 3916 3121 3953 nos
3161 3906 3226 3953 ad
3266 3913 3325 3953 se
3365 3914 3489 3965 per-

1920 3974 2093 4028 tinere
2138 3972 2347 4037 voluit;
2392 3970 2706 4042 mysterium
2753 3971 2902 4042 pacis
2931 3982 2983 4024 et
3023 3971 3244 4024 unitatis
3274 3978 3489 4042 nostra:

1919 4042 1974 4096 in
2009 4057 2105 4096 sua
2151 4058 2337 4097 mensa
2386 4038 2782 4094 consecravit.s
2831 4038 2944 4102 Hoc
2991 4052 3195 4093 tantum
3234 4039 3489 4094 differunt

1918 4112 2252 4180 Augustinus
2308 4121 2361 4165 et
2410 4109 2695 4181 Origenes,
2750 4113 2890 4180 quod
2952 4110 3088 4164 alter
3129 4112 3484 4181 symbolicam

1920 4184 2159 4252 mysterii
2209 4182 2566 4237 Eucharistiei
2614 4180 3063 4248 signiﬁcationem
3102 4180 3167 4233 ad
3223 4182 3484 4237 unitatem

1923 4252 2156 4306 ﬁdelium
2183 4253 2235 4305 in
2264 4266 2370 4304 uno
2402 4253 2699 4318 eodemque
2726 4252 2928 4304 Christi
2960 4266 3187 4320 corpore
3230 4253 3486 4320 mystico.

1922 4322 2060 4376 alter
2086 4338 2211 4378 vero
2237 4322 2302 4374 ad
2324 4321 2541 4374 verbum
2574 4320 2665 4373 Dei
2710 4320 2973 4373 deﬂectat.
3035 4318 3483 4389 Uterque‘ipsam

1920 4393 2243 4447 sacratnenti
2296 4404 2543 4444 naturam
2588 4390 2832 4444 ﬁdelibus
2870 4392 3002 4445 satis
3047 4388 3227 4443 notam
3265 4388 3480 4443 nonnisi

1847 4446 1892 4500 Ῑ)
1922 4460 2113 4515 leviter
2135 4471 2188 4515 et
2222 4462 2373 4531 quasi
2407 4462 2457 4513 in
2500 4461 2724 4513 transitu
2773 4460 3201 4531 attingit,_unice
3244 4467 3483 4531 attentus

1922 4534 1989 4586 ad
2037 4528 2296 4602 mysticas
2339 4531 2578 4585 rationes
2631 4531 2967 4602 aperiendas.
3021 4528 3114 4583 llis
3165 4528 3481 4602 praauissis,

1918 4603 2050 4669 quid
2074 4597 2140 4655 ad
2165 4617 2381 4656 causam
2409 4616 2564 4653 suam
2595 4600 3022 4654 conﬁrmandam
3054 4614 3119 4653 ex
3157 4597 3257 4653 hac
3284 4597 3481 4667 Orige—

1922 4673 2007 4725 nis
2038 4672 2291 4742 allegoria
2334 4684 2524 4742 eruere
2564 4669 3118 4742 queanthheterodoxi
3151 4684 3254 4726 non
3305 4671 3479 4742 video,

1922 4742 1979 4794 Si
2002 4737 2263 4796 enim'hie
2292 4737 2612 4795 excludatur
2657 4740 2881 4806 quilibet
2914 4755 3104 4793 sensus
3130 4749 3325 4806 pra'ter
3358 4737 3485 4790 allee

1920 4812 2186 4880 goricum,
2221 4811 2523 4866 excluditur
2548 4810 2789 4878 profecto
2830 4809 3478 4880 Calvinianusdeﬁgura,

1921 4876 2068 4953 iypo,
2118 4882 2323 4953 virtute
2347 4890 2401 4934 et
2430 4876 2667 4934 ellicacia
2700 4882 2941 4953 corporis
2978 4878 3203 4933 Christi.
3235 4876 3481 4953 Δ’διῆγε-[ο

1920 4947 2057 5004 εἸίυε
2102 4951 2421 5020 supponitur
2467 4966 2695 5015 sensus,
2747 4951 2930 5018 utique
2995 4964 3185 5003 sensus
3222 4947 3481 5020 ulitteralis

1918 5019 2339 5082 CulllOliCOl‘tllll,
2372 5035 2530 5088 quem
2575 5023 2709 5074 satis
2732 5020 2877 5074 clare
2908 5021 3161 5087 exprimit
3206 5019 3480 5071 Adaman-

1920 5092 2029 5142 tius
2072 5091 2250 5145 verbis
2286 5096 2445 5143 modo
2494 5089 2711 5155 citatis;
2766 5106 2871 5143 non
2904 5105 3094 5145 sensus
3137 5089 3480 5143 Calvinianor

1919 5174 2065 5226 rum,
2123 5158 2277 5227 cujus
2328 5161 2400 5213 ibi
2443 5174 2510 5213 ne
2561 5162 2842 5215 minimum
2893 5162 3110 5231 quidem
3173 5159 3478 5228 vestigium.

1915 5231 2092 5287 Alium
2125 5246 2282 5300 porro
2311 5244 2524 5283 sensum
2572 5240 2765 5300 ιιι-αἰει-
2810 5231 3151 5300 allegoricum
3184 5232 3251 5300 de
3300 5231 3478 5300 Verbo

1918 5302 2014 5370 Diei
2067 5299 2350 5370 agnovisse
2408 5299 2692 5370 Origenem
2741 5299 3019 5368 ιίιιιιειεχ
3066 5299 3378 5370 homil.}ti
3424 5299 3476 5370 in

1918 5369 2085 5425 Num.
2107 5368 2142 5421 ἶ
2163 5371 2351 5424 Bibere
2380 5368 2633 5435 dicimur,
2666 5371 2835 5439 inquit
2860 5412 2875 5438 ,
2908 5372 3219 5439 sanguinem
3255 5368 3476 5430 Christi,

1916 5456 2021 5494 non
2058 5441 2229 5495 solum
2260 5452 2725 5497 sacramentorum
2776 5442 2903 5503 ritu,
2930 5443 3024 5495 sed
3052 5454 3107 5494 et
3132 5455 3254 5494 cum
3281 5454 3480 5491 serium

1916 5525 2013 5564 nes
2046 5511 2165 5578 ejus
2197 5512 2505 5580 recipimus,
2533 5512 2804 5580 inquibus
2842 5512 2949 5564 vita
2975 5511 3222 5563 consistit
3257 5508 3481 5580 sicutet

1917 5579 2031 5647 ipse
2062 5583 2192 5651 di_eit
2225 5600 2238 5635 :
2283 5578 2450 5651 Verbo
2478 5598 2596 5649 quae
2626 5578 2829 5638 locutus
2868 5597 3003 5651 sum,
3034 5582 3251 5649 spiritus
3285 5586 3335 5633 et
3376 5578 3480 5635 vita

1913 5666 2031 5704 sunt
2063 5647 2253 5720 (Imm.
2284 5668 2357 5719 v1,
2384 5647 2499 5722 64).
2530 5670 2549 5705 ι
