3834 6226
446 316 583 373 1083

1714 320 1776 375 P.
1817 315 2135 374 DANIELIS
2174 314 2409 371 HUETII
2506 296 2511 299 ’

3564 311 3688 363 ωδςδ

446 430 788 486 Christianos
823 430 1159 487 daemonibus
1204 440 1454 504 acceptos
1499 448 1602 488 non
1652 436 1895 498 referre,
1937 435 2028 488 sed
2058 439 2104 495 Α
2133 431 2214 484 da:
2241 446 2369 485 vero
2409 432 2474 485 ad
2519 429 3052 496 condemnationem;
3109 428 3178 482 ita
3218 435 3275 481 ut
3312 437 3435 496 post
3478 426 3685 479 oll’ulam

447 522 556 576 Deo
581 538 759 577 rerum
780 523 1074 590 conditori,
1101 540 1301 595 eosque
1328 542 1449 581 cum
1479 528 1772 596 gratiarum
1806 530 2018 582 actione

443 613 716 682 recipere;
780 629 845 669 ae
900 629 996 683 per
1050 618 1414 685 precationem
1488 634 1683 689 corpus
1750 621 2017 689 quoddam

440 688 691 758 sanctum
726 707 874 775 ipsos
905 706 1064 771 cﬂici,
1098 722 1316 765 sanctos
1347 711 1585 767 elliciens
1616 713 1921 782 quicunque
1953 730 2018 767 eo

440 810 563 848 cum
589 809 725 850 sano
752 802 1029 867 pr0posito
1063 812 1310 857 utuntur.
1359 803 1438 857 Ad
1473 805 1869 860 Eucharistiam
1912 806 2014 859 mi-

440 888 585 941 nime
612 887 725 941 hinc
761 888 1013 944 videntur
1045 893 1336 961 pertinere.
1365 894 1517 961 Quod
1561 906 1615 950 et
1662 897 1776 964 ipse
1814 897 2013 952 fatetur

436 978 771 1035 Albertinus.
820 981 972 1048 Quod
1020 984 1063 1038 si
1112 986 1236 1053 quis
1271 992 1450 1041 tamen
1500 989 1854 1054 contradicat,
1908 1004 2012 1044 non

438 1069 709 1122 assentiar
756 1071 935 1135 modo,
976 1072 1069 1125 sed
1110 1072 1360 1128 Ecclesiae
1394 1076 1555 1129 etiam
1587 1077 1887 1131 doctrinam
1931 1079 2014 1133 his

438 1156 752 1214 conﬁrmari
779 1162 1133 1229 pertendam;
1165 1179 1334 1232 panes
1358 1168 1559 1236 quippe
1591 1169 1667 1222 ait
1694 1185 1791 1238 per
1820 1186 2012 1235 preca-

438 1250 663 1316 tionem,
715 1267 814 1322 per
841 1256 1069 1325 mystica
1108 1258 1361 1313 nimirum
1410 1262 1606 1327 verba,
1637 1279 1834 1333 corpus
1875 1264 2011 1319 elIici

435 1352 707 1408 sanctum,
747 1354 800 1399 et
825 1357 1045 1401 sanctos
1075 1348 1330 1413 elliciens,
1363 1354 1451 1422 qui
1487 1370 1608 1409 cum
1653 1370 1786 1411 sano
1816 1372 2011 1427 propo-

432 1433 541 1487 sito
570 1448 638 1489 eo
671 1445 935 1504 utuntur;
961 1454 1155 1513 corpus
1181 1440 1428 1497 vide!icet
1463 1444 1686 1499 Christi.

429 1520 435 1600 ξ
508 1524 733 1597 Martyri
760 1531 1196 1587 succenturiatus
1228 1537 1405 1602 prodit
1442 1537 1492 1589 in
1536 1553 1770 1607 pugnam
1814 1540 2010 1594 Alher-

430 1608 579 1673 tinus
638 1618 713 1674 De
764 1634 1081 1683 sacrament.
1142 1626 1374 1681 Euchar.
1435 1628 1529 1683 lib.
1588 1644 1653 1693 tt,
1715 1630 1766 1685 in
1813 1633 2004 1688 Eram.

434 1710 636 1764 t‘estim.
680 1710 900 1781 Origen.
951 1719 1293 1789 recoctisque
1338 1720 1544 1789 aliquot
1589 1723 1912 1778 testimoniis
1941 1740 2004 1779 ex

427 1796 664 1868 Origene
706 1803 818 1868 jam
862 1815 990 1859 ante
1038 1820 1066 1859 a
1112 1806 1348 1879 Martyre
1383 1810 1735 1881 depromptis,
1772 1825 2008 1883 quatuor

430 1889 668 1945 indidem
714 1894 878 1961 petita
915 1898 981 1949 de
1008 1912 1106 1951 suo
1136 1899 1309 1963 addit,
1356 1901 1418 1953 ad
1464 1903 1721 1956 trutinam
1765 1915 2004 1961 nostram

433 1984 757 2037 revocanda.
826 1984 981 2039 Prius
1033 1988 1265 2043 habetttr
1327 2000 1456 2045 tom.
1509 2007 1656 2046 xxxii
1714 1994 1769 2048 in
1815 1994 2002 2063 Joan,

427 2087 581 2127 num.
612 2074 696 2137 16,
730 2075 819 2129 uhl
856 2075 923 2130 de
960 2077 1123 2133 oli‘ula
1152 2078 1301 2136 Judze
1340 2097 1369 2135 a
1398 2082 1524 2137 Jesu
1559 2096 1805 2154 porrecta
1834 2089 2003 2145 disse-

427 2177 577 2228 rens,
606 2164 713 2219 vim
748 2168 795 2219 ei
823 2170 1111 2237 quamdam
1155 2188 1219 2227 ac
1252 2174 1508 2229 virtutem
1546 2192 1575 2231 a
1609 2177 1828 2234 Christo
1866 2181 2003 2235 indi-

424 2263 535 2307 tam
579 2253 745 2312 l'uisse
780 2260 915 2324 vult,
970 2276 1091 2331 qua:
1145 2262 1296 2318 ludar
1346 2268 1494 2323 utilis
1546 2284 1666 2325 esse
1716 2275 1999 2341 potuisset,

422 2347 529 2401 nisi
556 2347 736 2403 oﬂ'ula:
764 2354 1130 2421 praevertisset
1154 2354 1406 2423 Satanas,
1432 2370 1487 2414 et
1514 2376 1581 2415 ne
1618 2362 1854 2418 benelica
1886 2365 2001 2433 ejus

422 2438 475 2492 vi
514 2439 785 2496 frueretur
815 2445 1082 2513 proditor,
1115 2458 1382 2518 occupato
1428 2451 1599 2521 ipsius
1636 2455 1801 2510 corde
1828 2457 1999 2526 impe-

421 2532 665 2587 divisset.
706 2534 842 2588 Tum
886 2538 936 2591 id
966 2540 1180 2606 gemino
1216 2542 1450 2597 illustrat
1490 2546 1775 2615 exemplo,
1816 2551 1999 2618 priore

419 2626 665 2693 corporis
689 2638 743 2681 et
769 2630 1051 2698 sanguinis
1077 2631 1301 2699 Christi,
1345 2650 1465 2705 qua:
1505 2651 1601 2706 pro
1637 2638 1751 2707 ejus
1798 2641 1998 2710 pietate

420 2714 505 2769 vel
543 2718 781 2787 nequitia
834 2724 927 2790 qui
980 2724 1243 2794 suscipit,
1296 2729 1445 2781 utilia
1500 2740 1629 2785 sunt
1670 2732 1754 2786 vel
1804 2736 1993 2802 noxia;

419 2806 594 2863 altero
646 2811 802 2879 panis
851 2812 996 2868 illius
1041 2818 1349 2874 communis
1380 2835 1487 2889 quo
1528 2823 1746 2889 alimur,
1798 2829 1997 2896 quique

417 2914 518 2974 pro
541 2904 879 2959 comedentis
900 2905 1084 2961 habitu
1113 2910 1194 2963 vel
1220 2912 1509 2967 sanitatem
1540 2914 1836 2972 confertae
1858 2919 1999 2989 vigo-

419 3007 557 3059 rem,
598 2994 643 3047 si
677 2997 871 3051 valenti
913 3013 1177 3067 corpore;
1216 3003 1298 3057 vel
1344 3005 1623 3072 morbum,
1665 3010 1708 3062 si
1755 3009 1993 3066 febricu-

415 3083 532 3138 loso
573 3099 637 3139 ac
673 3086 888 3141 inlirmo
932 3103 1191 3161 exceptus
1225 3096 1315 3149 sit.
1364 3096 1540 3151 Locus
1587 3101 1657 3153 ita
1696 3114 1990 3173 conceptus
2022 3139 2065 3196 ο

420 3175 673 3196 -..μυηκ
758 3178 781 3196 η
916 3182 1029 3196 ....
1160 3188 1171 3196 .
1280 3188 1429 3196 .-.
1618 3194 1627 3196 _
1730 3194 1738 3196 μ
1882 3195 1886 3196 ,

415 3182 497 3227 est
530 3195 543 3230 :
571 3175 680 3229 Καὶ
724 3178 866 3233 οὕτω
911 3182 956 3234 δ’
1002 3183 1069 3237 ἂν
1120 3188 1220 3239 οὐκ
1268 3188 1545 3254 ἀπιθάνως
1584 3194 1661 3256 είς
1694 3194 1783 3246 τὸν
1832 3195 1996 3252 τόπον

413 3264 642 3335 λέγοιτο,
666 3269 853 3339 ὥσπερ
873 3276 906 3326 d
926 3274 1185 3343 ἀναξίως
1205 3278 1424 3334 ἐσθίων
1438 3281 1544 3334 τὸν
1559 3281 1738 3349 ἄρτον
1760 3287 1864 3340 τοῦ
1884 3292 1999 3343 Κυ-

406 3354 566 3427 ρίου,
588 3358 626 3425 ἣ
647 3360 837 3412 πίνων
862 3363 1048 3417 αὑτοῦ
1070 3364 1137 3417 τὸ
1172 3366 1478 3435 ποτήριον,
1503 3373 1589 3437 είς
1613 3372 1788 3441 κρῖμα
1811 3373 1998 3427 ἐσθίει

414 3447 512 3500 καὶ
532 3448 712 3512 πίνει,
737 3449 839 3521 τῆς
873 3455 1000 3522 μιᾶς
1025 3456 1081 3507 ἐν
1100 3455 1175 3526 τῷ
1198 3458 1347 3529 ἄρτῳ
1367 3461 1672 3530 κρείττονος
1693 3464 1995 3535 δυνάμεως,

411 3542 507 3599 καὶ
548 3544 606 3596 ὲν
633 3542 710 3613 τῷ
741 3547 1006 3617 ποτηρίῳ,
1040 3549 1373 3625 ὑποκειμένῃ
1409 3555 1505 3623 μὲν
1547 3557 1782 3611 διαθέσει
1814 3562 1996 3631 κρείτ-

410 3650 545 3698 τονι,
570 3637 1001 3711 ὲνεργαζομένης
1021 3642 1081 3694 τὸ
1104 3643 1308 3713 βέλτιον
1328 3662 1340 3674 ·
1361 3648 1560 3718 χείρονι
1584 3650 1640 3702 δὲ
1666 3652 1997 3724 ἐμποιούσης

409 3724 472 3777 τὸ
496 3730 668 3798 κρῖμα
691 3746 703 3759 ο
740 3730 881 3783 οὔτω
910 3733 970 3785 τὸ
1002 3734 1110 3790 ἀπὸ
1135 3735 1228 3788 τοῦ
1266 3738 1441 3808 Ἰησοῦ
1476 3740 1686 3810 ψωμίον
1733 3744 1996 3813 ὁμογενὲς

406 3813 478 3888 ἦν
522 3818 600 3889 τῷ
640 3821 845 3876 δοθέντι
889 3825 982 3877 καὶ
1024 3828 1137 3889 τοῖς
1185 3828 1391 3893 λοιποῖς
1440 3832 1761 3897 ἀποστόλοις
1790 3836 1845 3885 ἐν
1879 3834 1989 3904 τῷ·

411 3905 651 3973 Λάϐετε,
686 3910 920 3981 φάγετε,
944 3914 1059 3968 ἀλλ’
1083 3916 1310 3977 ἐκείνοις
1347 3920 1445 3990 μὲν
1479 3924 1558 3987 είς
1594 3925 1886 3994 σωτηρίαν,
1916 3925 1994 3996 τῷ

408 3996 467 4090 ss
511 3999 683 4070 Ἰούδᾳ
725 4005 805 4066 είς
843 4008 1037 4075 κρῖμα,
1073 4008 1149 4070 ὡς
1186 4010 1327 4063 κατὰ
1367 4012 1427 4064 τὸ
1459 4012 1672 4085 ψωμίον
1714 4015 1993 4090 εἰσεληλυ-

409 4089 560 4145 θέναι
593 4095 673 4157 εἰς
704 4096 865 4149 αὐτὸν
900 4098 990 4155 τὸν
1019 4100 1281 4155 Σατανᾶν.
1314 4104 1559 4161 Νοείσθω
1579 4106 1679 4159 δὲὸ
1707 4109 1868 4181 ἄρτος
1902 4089 1995 4169 καὶ

404 4184 470 4236 τὸ
502 4189 760 4259 ποτήριον
794 4194 905 4254 τοῖς
948 4192 1045 4263 μὲν
1080 4196 1469 4268 ἁπλουστέροις
1510 4200 1652 4252 κατὰ
1693 4202 1791 4272 τὴν
1821 4221 1994 4257 κοινο-

405 4277 573 4347 ’πέραν
609 4281 855 4355 περὶτῆς
887 4286 1248 4357 Εὐχαριστίας
1285 4290 1543 4361 ὲκδοχήν·
1578 4294 1692 4356 τοῖς
1728 4294 1785 4346 δὲ
1826 4295 1991 4365 βαθύ-

405 4380 565 4438 τερον
594 4371 811 4426 ἀκούειν
842 4376 1205 4447 μεμαθηκόσι,
1252 4381 1391 4432 κατὰ
1426 4381 1523 4453 τὴν
1557 4382 1851 4455 οειοτέραν,
1900 4386 1991 4438 καὶ

2121 521 2497 589 ingrederetur
2527 521 2578 576 in
2608 522 2753 575 illum
2785 520 3030 575 Satanas.
3076 519 3341 573 Czeterum
3380 518 3688 573 considere-

2122 620 2208 665 tur
2239 612 2327 667 hic
2349 614 2502 681 panis
2535 623 2588 669 et
2619 614 2720 668 hoc
2747 615 2993 682 poculum
3025 628 3054 665 a
3084 610 3510 680 simplicioribus
3545 611 3685 681 juna

2120 706 2545 758 communiorem
2604 704 3016 774 intelligentiam
3074 705 3137 758 de
3191 703 3588 767 Eucharistia,
3643 704 3687 757 id

2116 806 2222 860 est,
2249 796 2315 850 de
2342 796 2636 866 gratiarum
2672 796 2885 851 actione
2920 815 2931 849 :
2971 807 3025 849 at
3054 794 3145 865 qui
3180 794 3340 849 altius
3370 795 3496 849 hzee
3536 795 3685 848 intel-

2117 885 2284 955 ligere
2331 886 2639 951 didicerint,
2697 886 3041 942 considerent
3100 886 3203 941 hoc
3269 887 3480 942 dictum
3535 886 3688 942 fuisse

2110 981 2261 1048 juxta
2307 980 2627 1036 diviniorem
2664 980 3083 1047 promissionem
3118 981 3279 1033 etiam
3319 980 3390 1034 de
3422 980 3613 1049 Λόγῳ,
3643 992 3690 1034 et

2119 1069 2297 1126 Verbo
2347 1073 2594 1127 veritatis
2629 1072 2945 1127 alimentum
2981 1072 3199 1127 uberius
3226 1080 3553 1141 praestante,
3584 1083 3690 1124 tan-

2114 1179 2276 1233 quam
2310 1166 2355 1219 si
2382 1165 2628 1235 exemplo
2668 1165 2902 1219 dicerem
2933 1179 3146 1234 panem,
3196 1165 3336 1233 quod
3382 1164 3452 1217 ad
3504 1178 3691 1231 corpus

2113 1256 2328 1322 attinet,
2376 1256 2690 1310 alimentum
2723 1257 3053 1311 uberrimum
3084 1266 3466 1325 praestantem,
3505 1256 3687 1313 febrim

2112 1348 2411 1416 subjectum
2462 1364 2695 1419 augere,
2749 1365 2869 1403 cum
2933 1359 3121 1404 contra
3174 1350 3371 1404 bonam
3443 1357 3690 1422 corporis

2111 1442 2484 1496 habitudinem
2534 1442 2601 1496 ad
2662 1444 2950 1497 sanitatem
3005 1442 3291 1496 redueat.»
3346 1442 3429 1495 Ex
3478 1442 3573 1497 his
3622 1445 3693 1500 sic

2111 1534 2466 1588 ratiocinatur
2538 1534 2853 1588 Albertinus
2916 1556 2928 1591 :
2989 1532 3157 1589 Olfula
3215 1532 3368 1587 Judae
3435 1548 3692 1602 porrecta

2108 1625 2346 1694 ejusdem
2379 1636 2495 1679 erat
2520 1628 2732 1696 generis
2771 1642 2835 1681 ac
2877 1627 3271 1681 eucharisticus
3325 1629 3513 1696 panis,
3544 1629 3692 1697 juxta

2110 1719 2392 1786 Origenem
2417 1738 2429 1773 :
2454 1720 2683 1790 Ψωμίον
2710 1721 2969 1790 ὁμογενὲς
3001 1716 3068 1791 ἦν
3098 1720 3177 1791 τῷ
3203 1718 3410 1773 δοθέντι
3452 1721 3555 1773 καὶ
3586 1722 3693 1783 τοῖς

2041 1780 2464 1874 Βὰποστόλοις·
2520 1780 2670 1881 atqui
2723 1780 2884 1867 (inuia
2939 1780 3036 1866 illa
3092 1780 3274 1867 merus
3326 1812 3431 1866 fuit
3491 1780 3690 1880 panis}

2109 1919 2289 1957 merus
2351 1904 2513 1973 igitur
2552 1914 2606 1958 et
2644 1904 2752 1958 ille.
2795 1904 3130 1959 Attendisset
3173 1919 3302 1960 vero
3344 1905 3573 1960 subtilis
3610 1905 3694 1960 ille

2106 1996 2409 2065 disputator
2450 2012 2569 2065 quae
2622 1998 2674 2051 in
2727 1996 3031 2066 exemplum
3083 2008 3456 2060 assumuntur,
3524 2000 3580 2053 in
3630 2014 3693 2055 eo

2108 2087 2303 2142 debere
2340 2088 2632 2143 convenire
2680 2088 2833 2155 cujus
2877 2104 3038 2143 causa
3073 2090 3377 2144 instituitur
3406 2106 3691 2161 compara-

2108 2179 2201 2241 tio,
2235 2180 2544 2248 discrepare
2573 2194 2733 2249 posse
2775 2183 2827 2233 in
2868 2180 2990 2234 aliis
3012 2221 3028 2244 ,
3081 2181 3185 2236 hoc
3209 2191 3297 2236 est
3327 2182 3537 2251 partim
3574 2196 3690 2236 esse

2105 2270 2363 2339 ὁμογενῆ,
2403 2271 2598 2339 partim
2650 2271 2978 2342 ἑτερογενῆ·
3008 2270 3098 2324 hic
3139 2281 3315 2325 autem
3356 2271 3580 2325 institui
3625 2274 3689 2325 ab

2109 2360 2343 2432 Origene
2388 2363 2849 2430 comparationem
2894 2362 3073 2417 ntiula:
3115 2360 3266 2418 Juda‘.
3317 2363 3522 2417 oblata:
3569 2379 3687 2417 cum

2104 2470 2242 2525 pane
2266 2456 2650 2520 eueharistico,
2686 2471 2790 2510 non
2832 2458 2897 2509 ad
2939 2456 3312 2524 explicandam
3353 2458 3517 2527 panis
3543 2456 3690 2511 ludas

2102 2548 2335 2617 porrecti
2383 2558 2655 2613 naturam,
2692 2549 2786 2603 sed
2837 2550 2901 2602 ad
2949 2548 3333 2604 declarandum
3376 2549 3501 2618 ejus
3562 2549 3689 2605 etle-

2102 2650 2273 2703 ctum,
2312 2655 2376 2693 ac
2405 2641 2511 2693 vim
2536 2640 2756 2710 juvandi
2796 2640 2879 2693 vel
2907 2641 3129 2694 nocendi
3177 2656 3274 2711 pro
3294 2643 3569 2697 sumentis
3598 2644 3688 2697 ha-

2100 2733 2213 2786 bitu
2246 2752 2259 2786 :
2297 2742 2456 2801 atque
2489 2733 2559 2786 ita
2599 2746 2720 2787 esse
2766 2733 3025 2803 ὁμογενῆ,
3054 2734 3228 2801 quoad
3266 2732 3416 2786 illam
3447 2734 3687 2788 eﬂicien-

2102 2828 2254 2892 tiam,
2301 2828 2369 2881 de
2420 2841 2524 2895 qua
2568 2825 2667 2879 ltoc
2698 2824 2816 2880 loco
2858 2826 3153 2894 quaeritur;
3205 2827 3502 2896 ἑτερογενῆ
3564 2842 3687 2880 vero

2098 2920 2273 2987 quoad
2316 2926 2597 2981 naturam,
2647 2917 2712 2970 de
2748 2932 2851 2985 qua
2910 2916 3051 2969 nulla
3105 2916 3315 2985 penitus
3366 2917 3456 2971 hic
3504 2919 3684 2971 habita

2099 3019 2183 3064 est
2200 3009 2505 3078 disputatio.
2527 3007 2764 3061 Fimbria
2786 3008 2950 3062 vestis
2971 3005 3173 3061 Christi
3197 3022 3317 3076 qua:
3343 3008 3684 3080 αἱμορῤοοῦ-

2100 3117 2199 3155 σαν
2250 3100 2483 3162 sanavit,
2538 3114 2605 3153 ex
2658 3107 2910 3152 contactu
2968 3098 3109 3153 sacri
3163 3100 3413 3168 corporis
3468 3100 3681 3154 Christi

2100 3193 2355 3247 virtutem
2381 3198 2749 3255 contraxerat,
2788 3190 2972 3244 itidem
3008 3199 3068 3244 ut
3096 3190 3253 3244 oﬂula
3296 3206 3325 3244 a
3351 3189 3482 3245 Jesu
3526 3190 3685 3246 lude

2099 3293 2368 3352 porrecta.
2408 3280 2660 3335 Fimbriae
2682 3289 2985 3344 contactus,
3028 3295 3127 3351 pro
3169 3282 3437 3351 tangentis
3475 3283 3684 3351 pietate

2098 3375 2183 3428 vel
2226 3373 2497 3443 nequitia,
2534 3373 2679 3427 utilis
2714 3387 2835 3427 esse
2867 3380 3111 3443 poterat,
3159 3375 3244 3427 vel
3286 3374 3501 3427 noxius.
3555 3372 3680 3428 Pari

2098 3481 2228 3537 ergo
2262 3466 2383 3533 jure
2406 3464 2632 3519 ﬁmbriae
2662 3473 2969 3519 contactum
2988 3479 3108 3518 cum
3141 3465 3297 3533 panis
3323 3464 3683 3519 eucharistici

2098 3577 2191 3615 esu
2220 3574 2537 3628 comparare
2562 3558 2827 3629 Origenes
2854 3559 3026 3626 potuit
3050 3574 3065 3621 ;
3093 3564 3318 3624 utraque
3345 3556 3493 3609 enim
3528 3556 3584 3608 in
3616 3571 3685 3609 eo

2097 3652 2516 3715 conveniebant,
2546 3650 2686 3719 quod
2719 3666 2817 3718 pro
2849 3651 3118 3717 tangentis
3150 3658 3203 3701 et
3232 3649 3443 3702 edentis
3484 3648 3682 3701 habitu

2098 3745 2329 3799 salubris
2356 3744 2438 3797 vel
2470 3745 2725 3797 damnosa
2759 3756 2880 3794 esse
2909 3749 3189 3809 poterant;
3235 3740 3287 3791 in
3313 3739 3436 3792 aliis
3462 3739 3683 3793 discre-

2098 3832 2317 3900 pabant.
2349 3829 2406 3884 ιιι
2438 3831 2482 3885 si
2512 3830 2749 3893 fecisset,
2780 3839 3012 3897 utraque
3033 3843 3163 3883 sane
3197 3829 3376 3881 dicere
3410 3828 3688 3896 potuisset

2096 3923 2357 3994 ὁμογενῆ,
2408 3937 2601 3991 nempe
2644 3921 2820 3990 quoad
2867 3920 3009 3974 illam
3052 3921 3158 3973 vim
3198 3931 3253 3973 et
3290 3918 3682 3986 ellicientiam;

2098 4031 2205 4069 non
2245 4014 2421 4084 quoad
2470 4022 2743 4070 naturam.
2793 4013 2937 4067 Idem
2984 4012 3135 4066 dicas
3170 4012 3235 4065 de
3267 4009 3428 4064 oﬂ‘ula
3466 4011 3683 4064 eueha-

2097 4108 2282 4163 ristico
2311 4106 2433 4175 pani
2472 4105 2793 4160 assimilata.
2838 4104 3050 4171 Alioqui
3096 4120 3217 4157 eum
3262 4102 3484 4160 ollulam
3526 4102 3687 4159 Iuda:

2094 4210 2399 4270 porrectam
2435 4200 2559 4268 pani
2593 4199 2667 4253 illi
2704 4214 2811 4269 quo
2848 4200 3015 4253 vitam
3048 4198 3411 4260 sustinemus;
3440 4197 3687 4252 similem

2095 4308 2216 4348 esse
2249 4292 2388 4347 dixit
2428 4291 2713 4361 Origenes,
2745 4292 2849 4344 hoc
2883 4299 2969 4344 est
2991 4290 3247 4360 ὁμογενῆ,
3298 4290 3351 4341 in
3383 4303 3450 4342 eo
3482 4304 3690 4358 nempe

2096 4384 2235 4452 quod
2264 4394 2321 4437 ut
2346 4383 2431 4436 illa
2458 4385 2649 4437 anima:
2669 4421 2684 4445 ,
2715 4383 2794 4436 sic
2825 4382 2913 4436 ille
2954 4382 3164 4450 corpori
3196 4395 3293 4450 pro
3337 4381 3688 4435 comedentis

405 4464 536 4535 περὶ
563 4463 658 4517 τοῦ
692 4468 961 4538 τροφίμου
1002 4471 1099 4540 τῆς
1140 4472 1397 4542 ἀληθείας
1426 4475 1597 4542 Λόγου
1621 4477 1953 4546 ἐπαγγελίαν
1972 4498 1984 4510 ·

2104 4476 2285 4529 habitu
2327 4475 2492 4529 robur
2525 4473 2816 4528 conciliare
2849 4484 3046 4541 potest,
3080 4473 3159 4527 vel
3208 4472 3498 4537 morbum;
3552 4487 3687 4526 con-

403 4553 483 4616 ὠς
514 4555 561 4606 εἰ
586 4557 643 4608 ὲν
671 4558 1070 4633 παραδείγματι
1098 4561 1303 4630 ἔλεγον,
1332 4565 1410 4616 ὁτι
1445 4568 1536 4617 καί
1564 4567 1592 4617 ὁ
1615 4568 1754 4618 κατὰ
1785 4568 1845 4619 τὸ
1878 4586 1983 4622 σω-

409 4646 636 4714 ματικὸν
678 4652 1089 4722 τροφιμώτατος
1130 4655 1293 4725 ἄρτος
1337 4658 1570 4728 πυρετὸν
1620 4659 1718 4729 μὲν
1764 4660 1984 4713 ὑποκεί-

410 4755 567 4807 μενον
620 4740 809 4806 αὔξει,
869 4747 948 4808 εἰς
997 4746 1182 4814 ὑγείαν
1244 4748 1299 4801 δὲ
1358 4750 1453 4820 τὴν
1508 4750 1718 4817 εὐεξίαν
1769 4753 1981 4820 ἀνάγει.

412 4848 431 4879 ι
457 4828 688 4887 Proinde
712 4834 853 4887 haud
900 4836 1191 4891 absurdum
1227 4840 1277 4891 iu
1316 4843 1564 4907 prmsenti
1620 4843 1737 4898 loco
1773 4844 1983 4899 dicere-

408 4931 515 4985 tur,
564 4926 704 4991 quod
755 4936 832 4987 ιιι,
856 4928 945 4996 qui
979 4930 1195 4998 indigne
1232 4949 1417 4999 panem
1462 4932 1673 4987 Domini
1727 4937 1980 5004 comedit,

406 5013 483 5065 εει
542 5015 755 5069 calicem
816 5019 931 5088 ejus
980 5020 1142 5086 bibit,
1198 5023 1254 5077 in
1289 5024 1555 5093 judicium
1606 5031 1888 5085 manduca:
1933 5041 1985 5085 et

406 5103 531 5157 bibit
562 5105 642 5170 ⁹⁷;
676 5107 727 5160 in
754 5122 894 5176 pane
928 5120 983 5165 et
1029 5113 1200 5169 calice
1246 5130 1348 5170 una
1385 5119 1583 5173 virtute
1623 5121 1981 5188 przestantiori

404 5205 665 5262 operante
689 5198 889 5254 bonum
916 5202 967 5255 in
994 5201 1135 5259 bono
1156 5206 1692 5271 allectu'constituto,
1711 5211 1765 5263 in
1789 5210 1978 5265 all’ectu

405 5301 536 5341 vero
582 5289 722 5343 malo
753 5303 1015 5359 operante
1056 5301 1596 5366 condemnationem;
1647 5302 1725 5356 sic
1760 5300 1978 5356 ollulam

402 5396 432 5433 a
459 5379 585 5435 Jesu
612 5383 792 5437 datam
825 5385 1070 5456 ejusdem
1099 5392 1310 5460 generis
1336 5390 1503 5447 fuisse
1531 5408 1652 5447 cum
1679 5407 1775 5458 ea,
1816 5409 1977 5463 quam

400 5470 557 5527 .lesus
602 5475 750 5530 dedit
779 5480 990 5535 caeteris
1037 5483 1317 5549 apostolis,
1372 5482 1498 5537 dmn
1546 5484 1751 5538 diceret
1780 5502 1793 5540 :
1827 5487 1979 5538 Acci-

402 5565 529 5633 pite,
564 5569 818 5624 comedite
852 5570 934 5636 ";
969 5573 1060 5626 sed
1099 5572 1206 5629 illis
1237 5574 1453 5644 quidem
1498 5575 1565 5631 ad
1601 5576 1847 5647 salutem,
1884 5577 1976 5634 Ju-

475 5768 519 5800 "
562 5766 733 5824 lCor.
769 5787 843 5837 χι,
870 5770 960 5825 ‘29.
1038 5771 1079 5801 π
1115 5771 1301 5829 Matth.
1336 5791 1482 5839 sxw,
1519 5777 1605 5832 ‘26.

2096 4570 2309 4622 cludam
2335 4569 2521 4637 utique
2545 4568 2735 4623 eadem
2759 4569 2958 4622 virtute
2984 4565 3183 4635 poilere
3212 4579 3408 4633 partem
3426 4575 3686 4619 nostrum

2095 4676 2201 4729 quo
2237 4661 2529 4727 vescimur,
2563 4677 2627 4714 ac
2654 4660 2873 4714 oli'ulam
2906 4658 3071 4723 illam,
3102 4658 3185 4711 cui
3209 4655 3540 4726 peculiarem
3572 4658 3684 4711 vim

2094 4764 2344 4808 contactu
2383 4769 2481 4809 suo
2507 4753 2758 4808 Christus
2796 4752 2988 4805 indidit
3022 4767 3034 4804 :
3068 4750 3207 4819 quod
3244 4756 3329 4803 est
3352 4748 3680 4804 absurdum.

2093 4844 2231 4910 Quid
2274 4846 2317 4898 si
2356 4853 2611 4913 praeterea
2644 4842 2861 4897 oﬂ‘ulam
2891 4842 3035 4896 illam
3074 4840 3239 4895 fuisse
3268 4852 3465 4908 panem
3499 4839 3680 4907 ipsum

2092 4934 2513 4987 eucharisticum
2577 4930 2728 4987 Judae
2774 4943 3085 5000 porrectum
3142 4928 3433 4998 Origenem
3482 4930 3680 4983 existi-

2092 5042 2268 5080 masse
2319 5026 2598 5079 dicamus?
2653 5025 2901 5080 Profecto
2960 5025 3106 5108 locus
3166 5024 3265 5078 iste
3331 5024 3679 5076 contrarium

2090 5122 2218 5175 nihii
2287 5120 2448 5174 habet
2501 5120 2628 5173 huic
2689 5119 3007 5179 sententia}.
3070 5134 3231 5189 quam
3296 5125 3351 5171 et
3432 5116 3679 5187 Cyrillus

2086 5212 2140 5265 in
2166 5211 2327 5265 Joan.
2372 5225 2447 5274 vr,
2478 5219 2529 5264 et
2563 5210 2887 5264 Anastasius
2915 5209 3123 5263 Sinaita
3158 5206 3309 5263 Orat.
3358 5206 3436 5260 De
3474 5208 3678 5276 synaxi

2087 5300 2319 5369 amplexi
2384 5309 2530 5353 sunt.
2575 5301 2629 5354 Id
2666 5301 2710 5355 si
2773 5300 2878 5365 sit,
2926 5300 3083 5369 plane
3129 5300 3415 5369 ὁμογενεῖς
3466 5297 3679 5351 iuerint

2088 5392 2489 5447 eucharisticus
2561 5394 2715 5463 panis
2770 5403 2827 5448 et
2879 5391 3041 5448 oll‘ula
3087 5390 3238 5446 Juda:
3285 5399 3570 5460 porrecta,
3619 5398 3678 5443 et

2085 5483 2262 5554 quoad
2297 5481 2639 5538 eilicientiam
2660 5524 2675 5548 ,
2709 5494 2763 5538 et
2792 5482 2968 5553 quoad
3003 5490 3274 5537 naturam.

2156 5576 2346 5636 Parem
2390 5579 2779 5649 propemodum
2829 5574 3203 5632 adhibebimus
3241 5570 3675 5642 explicationem
