3834 6226
173 296 310 369 i085

1008 284 1579 370 οιῑιςΕΝιΑῡέοΒυΜ
1618 314 1745 371 LIB.
1787 316 1853 380 II,
1894 314 2045 371 CAP.
2087 315 2148 382 ll,
2190 315 2469 383 QUAEST.
2510 315 2652 371 XIV.

3266 309 3402 366 1086

171 427 276 481 loci
301 424 603 482 alteriusex
634 426 818 483 homil.
841 428 873 481 7
896 429 950 483 in
977 428 1162 493 Levit.,
1190 432 1536 500 num.i,quo
1561 433 1735 498 agitur
1762 437 1807 493 Α
1843 431 2008 485 fuisse
2052 433 2231 485 vinum
2282 448 2388 502 quo
2436 430 2683 486 Christus
2726 430 2987 485 abstinuit
3033 446 3084 483 in
3133 438 3406 498 postrema

164 517 235 571 de
275 528 539 588 praecepto
562 520 785 587 Aaroni,
812 531 868 576 et
901 520 1275 576 sacerdotibus
1317 523 1534 587 tradito,
1569 537 1637 576 ne
1665 522 1730 575 ad

166 607 339 662 altare
373 612 646 664 accessuri
690 612 875 666 vinum
921 611 1185 670 biberent.
1234 614 1500 680 Quoniam
1553 624 1732 667 autem

164 698 254 753 lex
279 710 361 755 est
387 704 576 755 umbra
624 704 924 758 futurorum
962 705 1223 760 bonorum
1241 706 1458 774 9’,quid
1494 706 1593 759 hac
1620 705 1735 774 lege

164 793 503 863 significetur
550 806 909 864 perscrutans
961 794 1230 865 Origenes
1270 796 1541 851 Christum
1594 796 1736 850 hunc

162 900 288 940 esse
329 884 645 939 Pontilieem
676 887 890 940 censuit
922 926 937 951 ,
980 890 1291 942 sacerdotes
1331 887 1636 957 apostolos,
1681 896 1737 942 et

162 977 440 1031 Christum
478 978 694 1047 quidem
730 993 854 1032 cum
902 979 967 1032 ad
1019 978 1219 1043 altare,
1269 994 1491 1035 crucem
1543 994 1734 1049 nempe

160 1079 309 1122 esset
339 1083 688 1133 accessurus,
732 1069 785 1122 in
818 1084 1067 1143 suprema
1101 1084 1255 1127 ccena
1285 1072 1469 1125 vinum
1516 1072 1731 1140 quidem

163 1174 273 1213 non
318 1158 523 1214 bibisse
550 1159 787 1229 putavit,
818 1158 901 1213 his
929 1160 1178 1215 inductus
1209 1160 1388 1216 verbis
1419 1161 1585 1217 Marci
1619 1178 1729 1227 xtv,

160 1248 235 1305 25
266 1270 278 1305 :
306 1251 469 1309 Amen
498 1253 614 1304 dico
641 1251 803 1315 vobis,
855 1252 978 1324 quia
1004 1252 1118 1327 jam
1167 1270 1271 1307 non
1321 1254 1494 1315 bibam
1541 1257 1605 1308 de
1636 1257 1732 1317 hoc

160 1345 419 1414 genimine
450 1344 591 1408 vitis,
625 1361 784 1413 usque
805 1345 859 1397 in
881 1346 1016 1399 diem
1046 1346 1219 1411 illum,
1244 1363 1363 1399 cum
1393 1348 1525 1401 illud
1559 1350 1729 1401 bibam

160 1450 352 1489 novum
392 1436 444 1488 in
476 1451 631 1505 regno
658 1433 836 1490 Patris
866 1438 963 1489 mei
1000 1454 1018 1491 :
1049 1438 1322 1506 apostolos
1368 1455 1493 1494 vero
1518 1441 1724 1498 bibisse

161 1529 371 1594 vinum,
388 1528 513 1595 quia
535 1529 770 1583 nondum
789 1530 855 1581 ad
876 1528 1045 1584 altare
1065 1531 1244 1585 crucis
1260 1540 1415 1585 erant
1433 1534 1726 1588 accessuri.

158 1622 240 1675 En
271 1623 363 1676 tibi
388 1624 501 1691 ipsa
521 1624 684 1677 verba
711 1640 724 1676 :
747 1621 1067 1679 «Videamus
1088 1625 1355 1695 quomodo
1376 1627 1426 1680 id
1449 1641 1574 1680 vero
1595 1626 1727 1681 Pon-

162 1712 294 1767 titici
321 1713 538 1768 Christo
566 1713 792 1769 Domino
813 1725 1000 1770 nostro
1018 1756 1033 1781 ,
1056 1726 1111 1770 et
1131 1717 1502 1773 sacerdotibus
1524 1719 1642 1788 ejus
1668 1735 1731 1774 ac

1836 539 2011 588 creua,
2055 525 2181 578 vino
2222 525 2366 595 quod
2411 539 2531 579 cum
2575 522 2876 592 publicanis
2929 530 2984 576 et
3030 522 3403 592 peccatoribus

1837 615 1992 669 bibit.
2024 615 2347 686 Respondeo
2376 616 2509 670 satis
2538 614 2703 669 fuisse
2749 614 2987 685 Origeni,
3020 624 3166 669 recte
3196 614 3403 668 institui

1836 722 1992 774 posse
2023 710 2480 776 comparationem
2499 706 2681 759 vinum
2702 707 2842 763 inter
2862 708 3116 772 Aaronis,
3140 716 3195 762 et
3220 707 3403 761 vinum

1835 812 1863 850 a
1898 799 2115 853 Christo
2141 801 2255 855 sive
2284 808 2499 869 epotum
2534 801 2586 855 in
2612 800 2735 854 vita:
2764 802 2992 855 decursu
3018 816 3138 855 cum
3167 800 3408 870 publica-

1835 890 1920 944 nis
1958 900 2013 943 et
2042 893 2443 960 peccatoribus,
2479 893 2593 948 sive
2625 908 2729 947 non
2762 903 2971 961 potum,
3004 892 3098 946 sed
3130 892 3405 962 discipulis

1840 981 2095 1035 traditum
2128 983 2179 1035 in
2213 982 2401 1036 ultima
2431 998 2607 1038 creua.
2645 982 2779 1037 Nam
2815 984 3062 1053 quamvis
3095 985 3198 1038 hoc
3224 984 3407 1052 specie

1838 1081 2046 1126 tantum
2081 1081 2223 1128 esset
2268 1075 2476 1140 vinum,
2514 1090 2702 1131 revera
2735 1085 2880 1130 esset
2908 1075 3109 1129 Christi
3148 1075 3402 1144 sanguis;

1839 1162 1968 1217 illud
1994 1179 2125 1219 vero
2153 1174 2208 1221 et
2235 1167 2418 1236 specie
2448 1176 2504 1222 et
2527 1182 2587 1221 re
2619 1169 2802 1221 vinum
2832 1175 2994 1232 esset,
3029 1181 3132 1220 non
3157 1166 3211 1220 in
3241 1180 3306 1220 eo
3334 1168 3408 1221 si-

1834 1255 2194 1311 militudinem
2221 1258 2493 1328 quaesivit,
2520 1259 2606 1313 vel
2637 1274 2877 1329 quaerere
2911 1260 3097 1313 debuit
3122 1259 3403 1329 Origenes,

1835 1347 1975 1417 quod
2007 1357 2317 1418 utrumque,
2347 1352 2533 1404 vinum
2559 1358 2704 1405 esset
2731 1350 2815 1404 vel
2849 1365 2926 1415 re,
2960 1350 3042 1403 vel
3074 1353 3276 1420 specie,
3306 1351 3405 1405 sed

1836 1439 1889 1493 in
1918 1454 1982 1495 eo
2017 1444 2158 1511 quod
2191 1442 2281 1496 illo
2313 1457 2632 1497 accessurus
2661 1441 2726 1495 ad
2753 1441 2924 1496 altare
2950 1441 3198 1496 Christus
3237 1442 3406 1496 absti-

1834 1532 2034 1597 nuerit,
2060 1532 2187 1586 illud
2212 1548 2316 1587 non
2342 1548 2660 1588 accessurus
2685 1535 2752 1589 ad
2774 1535 2944 1587 altare
2970 1534 3197 1588 biberit:
3222 1550 3408 1604 quem-

1832 1624 2117 1678 admodum
2146 1623 2356 1679 Veteris
2374 1624 2706 1680 Tcstamenti
2734 1627 2859 1679 vino
2893 1626 3241 1681 abstinebant
3270 1642 3408 1697 putt-

1834 1716 2010 1771 tifices
2043 1726 2099 1771 et
2126 1717 2433 1772 sacerdoms
2461 1717 2732 1772 accessuri
2766 1717 2832 1771 ad
2866 1716 3059 1780 altare,
3106 1718 3245 1773 idem
3278 1734 3408 1774 vero

160 1804 307 1869 filiis,
328 1806 527 1861 nostris
547 1821 674 1861 vero
691 1808 946 1878 apostolis
967 1808 1230 1877 possimus
1246 1811 1729 1877 aptare,etc.Quae-
1835 1825 1938 1865 non
1969 1810 2240 1864 accessuri
2273 1809 2340 1863 ad
2374 1809 2545 1863 altare
2575 1810 2851 1869 bibebant.

160 1902 330 1954 rimus
363 1914 491 1970 ergo
528 1903 795 1970 quomodo
831 1903 1089 1959 Dominus
1131 1912 1186 1958 et
1230 1904 1476 1958 Salvator
1521 1917 1725 1973 noster,

154 1996 251 2065 qui
275 2003 355 2047 est
376 2008 537 2047 verus
565 1993 835 2062 Pontifex,
860 2011 984 2049 cum
1011 1995 1291 2064 discipulis
1320 1996 1452 2059 suis,
1485 1997 1575 2065 qui
1607 2006 1733 2051 sunt

158 2084 274 2138 veri
316 2085 620 2138 sacerdotes
649 2124 665 2148 ,
705 2095 996 2154 antequam
1028 2087 1247 2141 accedat
1297 2087 1361 2140 ad
1393 2088 1566 2141 altare
1597 2088 1729 2158 illei,

158 2172 511 2229 bibatvinum
534 2190 548 2239 ;
578 2189 701 2227 cum
724 2189 851 2229 vero
874 2176 1133 2229 accedere
1155 2175 1400 2244 cmperit,
1432 2192 1537 2231 non
1564 2176 1730 2230 bibat.

162 2266 397 2323 Venerat
426 2270 476 2322 in
504 2269 649 2324 hunc
682 2272 938 2324 mundum
975 2269 1245 2342 Salvator,
1280 2280 1335 2322 ut
1365 2286 1461 2339 pro
1493 2271 1732 2335 peccatis

158 2363 361 2420 nostris
398 2376 619 2415 carnem
666 2377 817 2415 suam
852 2361 1073 2417 offerret
1126 2361 1362 2416 hostiam
1409 2362 1537 2417 Deo.
1581 2361 1731 2417 Hanc

155 2451 470 2521 priusquam
499 2450 736 2517 offerret,
770 2453 911 2507 inter
942 2453 1404 2522 dispensationnrn
1440 2469 1620 2509 moras
1648 2455 1731 2508 vi-

154 2559 289 2605 num
326 2544 539 2600 bibebat
582 2563 595 2599 :
636 2545 871 2615 denique
916 2547 1201 2601 dicebatur
1236 2546 1395 2600 homo
1442 2561 1630 2611 vorax,
1676 2556 1732 2600 et

156 2636 272 2688 vini
301 2646 536 2705 potator,
564 2638 773 2692 amicus
802 2637 1210 2707 publicanorum
1237 2647 1291 2691 et
1313 2647 1659 2708 peccatorum
1686 2638 1726 2692 ¹.

156 2723 260 2781 Ubi
294 2741 422 2780 vero
453 2738 664 2804 tempus
699 2729 915 2783 advenit
955 2730 1135 2783 crucis
1165 2744 1297 2796 suae,
1325 2739 1381 2784 et
1411 2744 1731 2785 accessurus

154 2825 276 2868 erat
316 2818 381 2869 ad
420 2816 594 2871 altare
633 2819 721 2871 ubi
762 2816 1068 2872 immolaret
1105 2818 1334 2871 hostiam
1382 2818 1563 2873 carnis
1601 2833 1730 2882 suae,

152 2907 453 2977 Accipiens,
485 2908 681 2982 inquit,
727 2908 965 2978 calicem,
997 2908 1255 2971 benedixit
1296 2918 1342 2961 et
1390 2908 1531 2962 dedit
1564 2910 1729 2963 disci-

148 3000 298 3072 pulis
346 3001 475 3064 suis,
515 3000 691 3053 dicem
726 3016 743 3053 :
778 2999 1010 3069 Accipite
1039 3009 1087 3061 et
1127 2999 1282 3053 bibite
1314 3015 1378 3053 ex
1399 3001 1494 3054 hoc
1516 3003 1560 3056 ³.
1597 2999 1727 3068 Vos,

1904 1901 2087 1955 Tenue
2133 1915 2262 1954 vero
2306 1909 2361 1954 et
2405 1899 2677 1953 infirmum
2715 1902 2859 1955 tertii
2896 1901 2998 1956 loci
3028 1901 3212 1968 robur,
3244 1916 3407 1971 quem

1834 2008 1863 2047 e
1904 1993 2132 2064 Prologo
2181 1995 2235 2047 iu
2289 1991 2563 2046 Canticum
2608 1991 2812 2061 profert
2862 1994 3194 2049 Albertinus.
3244 1992 3302 2048 ln
3345 2010 3410 2050 co

1836 2088 2068 2142 hominis
2126 2087 2439 2151 exterioris,
2496 2086 2743 2154 corporis
2806 2086 3061 2141 nimirum
3131 2088 3405 2157 proprium

1834 2178 2118 2249 quemdam
2159 2193 2279 2233 esse
2313 2178 2490 2232 cibum
2526 2176 2721 2232 scribit
2752 2176 3035 2249 Origenes,
3084 2194 3407 2249 corporeum

1834 2271 2041 2324 scilicet
2090 2278 2143 2324 et
2187 2280 2459 2324 terrenum
2508 2286 2522 2322 :
2574 2271 2853 2325 interioris
2895 2287 3024 2327 vero
3073 2272 3306 2328 hominis
3351 2284 3409 2329 et

1834 2360 2131 2434 spiritualis
2178 2363 2454 2430 proprium
2504 2376 2719 2430 quoque
2774 2377 2895 2416 esse
2940 2364 3158 2423 cibum;
3214 2381 3407 2433 panem

1836 2465 2031 2519 nempe
2061 2452 2236 2504 vivum
2269 2452 2359 2520 qui
2405 2452 2471 2505 de
2504 2452 2642 2504 caelo
2675 2451 2976 2507 descendit.
3023 2452 3127 2508 Sed
3169 2456 3281 2523 ipsa
3317 2471 3407 2509 re-

1834 2553 2076 2611 petamus
2104 2544 2267 2597 verba
2299 2558 2418 2612 qua:
2439 2552 2654 2597 exstant
2680 2557 2798 2612 pag.
2836 2543 2941 2598 ἣδε
2974 2562 2992 2595 ‹
3026 2546 3121 2600 Est
3154 2550 3413 2600 materia.

1834 2634 1900 2687 lis
1929 2634 2085 2702 hujus
2120 2635 2377 2701 hominis,
2412 2634 2503 2704 qui
2532 2642 2587 2687 et
2612 2637 2851 2689 exterior
2882 2636 3204 2707 appellatur,
3226 2638 3405 2703 cibus,

1832 2734 2097 2803 potusque
2124 2735 2334 2779 naturae
2355 2741 2463 2779 sua:
2487 2734 2747 2795 cognatus
2764 2741 3057 2795 corporeus
3076 2729 3177 2783 iste
3200 2730 3409 2784 scilicet

1832 2827 1888 2871 et
1936 2827 2205 2871 terrenus.
2258 2818 2518 2891 Similiter
2558 2828 2736 2873 autem
2778 2828 2833 2873 et
2873 2820 3132 2891 spiritalis
3174 2822 3409 2879 hominis

1836 2908 2024 2978 ipsius,
2064 2909 2155 2976 qui
2204 2920 2259 2963 et
2303 2909 2531 2965 interior
2572 2913 2792 2975 dicitur,
2831 2919 2914 2967 est
2946 2914 3197 2982 proprius
3232 2914 3407 2981 cibus,

1834 3002 1891 3046 ιιι
1922 2993 2075 3060 panis
2107 2992 2191 3046 illc
2229 2994 2382 3049 vivus
2418 2996 2506 3063 qui
2542 2995 2609 3050 de
2649 2997 2788 3052 coelo
2822 2996 3168 3051 descendit‘.
3216 2998 3322 3053 Sed
3359 3009 3412 3055 et

151 3090 352 3161 inquit,
391 3092 578 3157 bibite,
612 3093 703 3160 qui
733 3092 895 3146 modo
930 3094 1202 3147 accessuri
1245 3107 1349 3147 non
1377 3093 1509 3148 estis
1543 3094 1609 3148 ad
1643 3097 1722 3147 al-
1760 3124 1801 3181 ο
1835 3096 1994 3153 Ροιυε
2044 3084 2131 3137 me
2169 3095 2247 3139 εει
2292 3100 2359 3139 εκ
2407 3087 2497 3140 illa
2527 3102 2669 3156 ml"a
2712 3103 2875 3156 quam
2926 3088 3193 3158 Ρνοπιίῑιίι
3226 3088 3405 3154 JCSUS.

152 3195 292 3238 tare.
333 3184 450 3252 Ipse
475 3193 652 3238 autem
683 3194 938 3254 tanquam
969 3199 1293 3239 accessurus
1322 3186 1389 3239 ad
1422 3185 1613 3251 altare,
1646 3187 1727 3240 di-

151 3277 234 3335 cit
260 3275 324 3329 de
348 3290 407 3329 se
432 3293 447 3329 :
476 3275 639 3328 Amen
665 3276 784 3329 dico
813 3276 977 3342 vobis,
1010 3277 1133 3345 quia
1162 3292 1262 3328 non
1288 3274 1458 3328 bibam
1488 3276 1551 3329 de
1575 3291 1728 3349 gene-

151 3368 360 3421 ratione
402 3369 521 3421 vitis
566 3368 747 3437 hujus,
782 3384 1046 3443 usquequo
1092 3369 1264 3421 bibam
1296 3367 1429 3420 illud
1468 3370 1728 3423 vobiscum

154 3474 344 3515 novum
377 3460 431 3513 in
452 3476 608 3529 regno
631 3460 807 3515 Putris
846 3460 1036 3514 mei’.)
1079 3460 1215 3515 Hinc
1249 3463 1559 3517 Alhertinus
1591 3463 1727 3515 eilici

154 3558 312 3625 putat
352 3550 552 3605 Christi
605 3550 897 3620 discipulos
944 3566 1151 3606 merum
1198 3553 1383 3606 vinum
1434 3553 1487 3608 in
1543 3553 1731 3606 ultima

155 3657 314 3698 coena
364 3643 585 3708 bibisse,
622 3644 1070 3713 quemadmodum
1122 3646 1303 3699 Aaron
1339 3654 1391 3699 et
1421 3647 1731 3700 sacerdotes

156 3736 231 3788 ad
260 3733 429 3789 altare
453 3752 556 3789 non
583 3736 855 3796 accessuri
879 3750 1084 3797 merum
1106 3736 1287 3793 vinum
1311 3737 1596 3803 bibebant;
1632 3751 1730 3790 nec

156 3841 358 3897 capere
386 3843 443 3882 se
476 3827 606 3881 dicit
639 3828 766 3895 quid
791 3839 978 3883 contra
1005 3843 1277 3902 opponere
1303 3829 1593 3898 possimus.
1624 3828 1731 3884 Re-

153 3920 397 3995 spondeo
423 3936 555 3974 vero
578 3920 888 3989 Origenem,
914 3935 1035 3974 cum
1062 3920 1393 3975 existimavit
1418 3929 1571 3974 vetus
1599 3920 1729 3975 illud

154 4010 386 4065 Levitici
424 4020 772 4080 praeceptum,
813 4025 921 4080 quo
963 4011 1204 4083 pontifici
1253 4021 1309 4065 et
1355 4010 1729 4066 sacerdotibus

158 4102 232 4163 ad
267 4101 437 4157 altare
478 4103 777 4158 accessuris
826 4104 951 4157 vino
994 4103 1441 4166 interdicebatur,
1482 4103 1730 4155 umbram

154 4210 347 4255 eorum
386 4193 553 4249 fuisse
590 4211 707 4263 qua:
737 4194 952 4249 Christo
991 4203 1044 4249 et
1077 4194 1334 4264 apostolis
1359 4195 1725 4263 contigerunt,

155 4286 379 4362 quando
423 4287 511 4341 ille
544 4289 610 4339 ad
645 4287 815 4340 altare
843 4286 1020 4341 crucis
1051 4301 1372 4341 accessurus
1402 4286 1530 4340 vino
1562 4286 1729 4339 absti-

154 4379 303 4445 nuit,
334 4378 390 4432 hi
418 4393 549 4432 vero
582 4379 816 4432 nondum
848 4377 914 4431 ad
943 4376 1122 4431 crucis
1151 4375 1319 4429 altare
1346 4376 1612 4430 accessuri
1652 4375 1730 4428 vi-

1835 3177 2059 3231 dicens:
2101 3178 2416 3247 Quicunque
2460 3180 2647 3233 biberit
2691 3197 2755 3234 ea:
2796 3186 2895 3234 hac
2935 3198 3075 3250 aqua
3121 3199 3279 3252 quam
3316 3201 3408 3253 ego

1833 3269 1901 3323 do
1932 3270 1999 3335 ci,
2037 3286 2141 3323 non
2178 3272 2317 3324 sitiet
2343 3272 2395 3325 in
2427 3286 2680 3325 wternum
2708 3273 2750 3326 '.
2797 3273 2888 3327 Sic
2919 3289 3047 3343 ergo
3094 3290 3189 3345 per
3227 3280 3408 3330 omnia

1834 3360 2130 3416 similitudo
2153 3362 2370 3431 quidem
2395 3364 2777 3419 vocabulorum
2803 3366 3096 3420 secundum
3120 3376 3410 3437 utrumque

1832 3450 2102 3506 hominem
2138 3453 2386 3522 ponitur;
2415 3469 2593 3507 rerum
2625 3468 2753 3508 vero
2784 3456 3086 3526 proprietas
3117 3458 3407 3527 unicuique

1831 3540 2063 3596 discreta
2092 3555 2364 3611 versatur,
2398 3554 2453 3599 et
2494 3547 2826 3613 corruptibili
2858 3548 3233 3616 corruptibilia
3268 3565 3407 3619 pra:-

1832 3634 2067 3703 bentur;
2119 3636 2516 3711 incorruptibili
2562 3654 2691 3692 vero
2737 3640 3167 3708 incorruptibilia
3212 3655 3410 3709 prepo-

1835 3736 2051 3781 nuntur.
2079 3727 2231 3784 Unde
2255 3732 2451 3784 accidit
2469 3740 2525 3784 ut
2545 3732 2901 3801 simpliciores
2921 3732 3137 3800 quidam
3163 3733 3409 3786 nescicno

1836 3824 1913 3870 les
1942 3817 2270 3888 distinguere
2295 3834 2359 3873 ac
2381 3834 2663 3876 secernere
2688 3836 2807 3891 quae
2831 3822 2943 3876 sint
2981 3836 3101 3889 quae
3159 3821 3210 3875 in
3253 3821 3407 3876 Scri-

1836 3909 2009 3978 pturis
2062 3910 2258 3965 divinis
2295 3911 2542 3967 interiori
2574 3913 2796 3977 homini,
2833 3927 2951 3982 qua:
2985 3927 3113 3967 vero
3152 3914 3405 3971 exteriori

1832 4003 2131 4070 deputanda
2179 4003 2308 4069 sint,
2363 4004 2745 4059 vocabulorum
2791 4004 3233 4060 similitudinibus
3283 4005 3407 4060 falsi

1831 4094 1897 4146 ad
1945 4094 2150 4162 ineptas
2192 4097 2451 4163 quasdam
2483 4095 2690 4151 fabulas
2736 4109 2791 4151 et
2821 4098 3075 4167 figmenta
3124 4082 3304 4153 inania
3347 4114 3408 4154 se

1831 4186 2180 4251 contulerint,
2214 4200 2271 4240 ut
2301 4188 2463 4242 etiam
2492 4201 2610 4257 post
2638 4192 3090 4245 resurrectionem
3122 4193 3259 4247 cibis
3284 4207 3408 4246 cor-

1832 4278 2104 4346 poralibus
2136 4279 2390 4333 utendum
2423 4280 2726 4347 crederent,
2757 4290 3048 4350 potumque
3081 4285 3402 4339 sumendum

1833 4385 1937 4423 non
1983 4369 2154 4423 solum
2186 4384 2252 4423 ex
2287 4369 2374 4422 illa
2407 4370 2513 4423 vite
2551 4386 2676 4424 vera
2726 4382 2781 4425 et
2832 4374 3044 4428 vivente
3083 4374 3136 4427 in
3187 4374 3404 4439 saecula,

154 4487 289 4527 num
321 4471 590 4536 biberunt,
616 4471 667 4524 id
692 4471 792 4525 sibi
815 4470 1063 4533 voluisse,
1092 4469 1271 4521 vinum
1295 4467 1527 4521 Aaronis
1561 4477 1615 4522 et
1645 4482 1730 4522 sa-
1762 4464 1806 4519 D
1838 4476 2021 4515 verum
2054 4468 2110 4514 et
2137 4474 2204 4514 ex
2235 4461 2317 4514 his
2347 4460 2542 4514 vitibus
2559 4472 2610 4514 et
2632 4460 2895 4517 fructibus
2927 4461 3078 4530 ligni.
3117 4482 3136 4515 ι
3169 4464 3404 4524 Tantum

154 4568 440 4623 cerdotum
485 4567 538 4620 in
589 4579 654 4618 eo
694 4564 927 4634 ὁμογενῆ
975 4562 1138 4615 fuisse
1189 4560 1556 4614 eucharistico
1601 4560 1728 4613 vino

155 4660 363 4717 Christi
413 4668 468 4714 et
509 4657 896 4731 apostolorum,
940 4655 1085 4723 quod
1130 4664 1358 4721 utroque
1390 4652 1732 4706 abstinerent

152 4755 253 4825 qui
301 4750 576 4806 accessuri
616 4757 770 4804 erant
800 4749 867 4801 ad
902 4748 1095 4808 altare,
1138 4748 1206 4800 ab
1239 4748 1305 4801 iis
1338 4761 1468 4801 vero
1498 4747 1587 4816 qtti
1625 4760 1729 4799 non

154 4852 342 4900 essent
368 4842 640 4902 accessuri
671 4841 737 4895 ad
762 4840 931 4894 altare
960 4852 1249 4908 utrumque
1279 4840 1588 4905 biberetur;
1622 4852 1729 4909 qua

156 4942 227 4992 de
266 4951 325 4991 re
363 4935 571 4994 scilicet
612 4934 715 4989 hoc
758 4932 876 4987 loco
920 4933 1228 5001 agebatur:
1282 4932 1335 4984 in
1389 4930 1513 4984 aliis
1549 4938 1727 4983 autem

158 5028 330 5082 fuisse
354 5026 662 5103 ἑτερογενῆ,
685 5040 748 5080 ac
779 5025 833 5078 in
865 5038 928 5077 eo
958 5024 1226 5092 prrecipue
1249 5022 1391 5089 quod
1419 5019 1648 5074 Aaronis
1675 5025 1730 5072 et

158 5121 505 5175 sacerdotum
564 5119 771 5183 viuum,
820 5130 1023 5169 merum
1064 5124 1207 5169 esset
1252 5114 1479 5179 vinum;
1528 5110 1728 5165 Christi

156 5227 293 5268 vero
321 5220 375 5267 et
400 5211 809 5278 discipulorum,
839 5207 1015 5277 specie
1042 5207 1322 5258 duntaxat.
1354 5202 1577 5271 Urgebit
1603 5216 1729 5254 vero

156 5302 355 5373 aliquis
389 5302 573 5355 dicens
618 5299 764 5353 nulla
801 5298 886 5355 hic
927 5305 1051 5351 nota
1087 5294 1342 5363 distingui
1381 5293 1562 5345 vinum
1597 5291 1724 5345 illud
1740 5281 1775 5317 τ’

154 5397 304 5469 quod
336 5410 455 5449 cum
487 5392 785 5462 publicanis
814 5402 866 5445 et
895 5388 1267 5458 peccatoribus
1319 5384 1536 5439 bibebat
1568 5382 1729 5437 Chri-

155 5498 301 5551 stus,
333 5485 399 5539 ab
431 5499 496 5539 eo
527 5484 652 5536 vino
682 5496 790 5551 quo
830 5480 883 5534 in
904 5479 1089 5533 ultima
1130 5490 1284 5531 caena
1316 5473 1596 5535 abstinuit,
1633 5471 1727 5525 sed

155 5591 449 5648 utrumque
479 5575 674 5647 Opponi
719 5574 849 5629 vino
895 5571 1148 5635 Aaronis,
1182 5583 1245 5623 ac
1286 5565 1513 5638 proinde
1550 5563 1726 5619 sitniie

226 5702 271 5731 ’ν
302 5699 463 5755 llebr.
494 5716 546 5764 x,
580 5701 628 5754 i.
741 5703 753 5730 '
798 5698 981 5755 Matth.
1022 5712 1099 5760 χι,
1134 5693 1219 5749 19.

158 5809 238 5865 tv,
290 5793 375 5857 15-

1300 5692 1313 5723 ³
1345 5689 1531 5749 Matth.
1564 5705 1705 5753 xxvi,
1736 5687 1826 5742 “23':
1874 5687 1891 5719 ⁸
1921 5686 2086 5747 Marc.
2126 5704 2240 5754 xw,
2278 5687 2367 5747 2.3.

1838 4554 1988 4607 abest
2024 4563 2078 4607 ut
2117 4555 2241 4608 hinc
2279 4554 2476 4623 aliquid
2505 4570 2600 4624 pro
2631 4570 2728 4610 sua
2762 4570 2922 4610 causa
2955 4557 3210 4628 colligere
3237 4561 3407 4628 possit

1835 4643 2170 4709 Albertinus,
2202 4655 2260 4698 ut
2289 4646 2370 4700 vel
2403 4646 2567 4715 ipsius
2594 4645 2835 4716 opinioni
2863 4649 3194 4702 contrarium
3224 4650 3275 4704 id
3313 4665 3406 4716 po-

1838 4736 1943 4789 tius
1974 4745 2027 4789 et
2057 4736 2423 4790 adversarium
2465 4738 2569 4802 sit;
2603 4738 2685 4792 vel
2716 4747 2863 4792 certe
2905 4754 3001 4808 pro
3033 4751 3219 4795 neutra
3256 4752 3408 4811 parte

1834 4836 2052 4897 pugnet.
2091 4827 2293 4898 Duplex
2318 4829 2580 4898 siquidem
2609 4832 2779 4895 cibus,
2812 4832 3006 4900 duplex
3030 4846 3156 4887 esus
3182 4834 3404 4890 interiov

1837 4923 1912 4976 ris
1940 4921 2175 4977 hominis
2204 4922 2421 4992 intelligi
2454 4934 2629 4991 potest
2659 4940 2673 4977 :
2705 4925 2786 4979 vel
2817 4940 2942 4979 esus
2972 4927 3404 4991 sacramentalis,

1836 5029 1958 5068 cum
1990 5014 2190 5069 Christi
2227 5029 2421 5082 corpus
2454 5030 2548 5070 ore
2592 5016 2914 5085 recipimus;
2946 5017 3029 5070 vel
3077 5016 3234 5083 alter,
3282 5033 3404 5075 curn

1836 5105 2070 5160 Verbum
2104 5121 2320 5159 carnem
2341 5105 2540 5160 factum
2571 5106 2673 5161 fide
2693 5107 3142 5176 apprehenditnus
3171 5116 3224 5162 et
3255 5123 3407 5162 com-

1832 5199 2064 5263 edimus,
2108 5213 2335 5267 quorum
2380 5207 2604 5266 uterque
2652 5200 2827 5268 capite
2877 5197 3101 5254 Joannis
3133 5212 3286 5254 sexto
3312 5216 3405 5254 ex-

1835 5294 2083 5363 ponitur;
2117 5294 2203 5348 hic
2231 5292 2445 5361 quidem
2484 5307 2513 5344 a
2544 5308 2701 5347 versu
2737 5293 2799 5350 51
2846 5296 2911 5348 ad
2946 5297 3059 5350 haec
3089 5298 3249 5351 verba
3280 5310 3403 5349 ver-

1837 5398 1929 5436 sus
1956 5381 2066 5436 52:
2101 5382 2167 5435 Et
2190 5386 2342 5451 panis
2380 5398 2530 5450 quem
2560 5397 2652 5449 ego
2693 5385 2867 5449 dabo;
2912 5384 3001 5438 ille
3041 5398 3168 5438 vero
3210 5384 3277 5437 ab
3322 5384 3407 5436 his

1835 5471 2015 5525 verbis
2054 5472 2120 5526 ad
2162 5487 2378 5526 versum
2421 5471 2511 5526 59.
2559 5472 2614 5526 Si
2643 5486 2767 5526 esus
2792 5473 2883 5527 ille
2927 5472 3266 5541 intelligitur,
3296 5485 3405 5540 quo

1834 5560 2069 5618 Verbum
2100 5578 2318 5619 carnem
2358 5565 2558 5620 factum
2592 5566 2697 5620 fide
2725 5565 3077 5632 comedimus,
3120 5563 3246 5635 quid
3280 5563 3407 5618 inde

2496 5688 2513 5718 ⁵
2554 5687 2706 5745 loau.
2758 5702 2834 5755 vt,
2862 5684 3057 5750 41,51.
3183 5684 3204 5714 '
3245 5680 3402 5741 Joan.
