3860 6226
456 285 597 344 1087

1729 285 1791 343 Ρ.
1830 277 2149 337 DANIELIS
2182 276 2414 333 HUETII

3573 271 3707 327 £088

452 402 670 461 efﬁcere
700 402 872 471 possit
897 400 1234 465 Albertinus,
1266 416 1368 455 non
1400 401 1575 459 video.
1611 401 1866 456 Fatemur
1885 402 2027 456 enim
2058 403 2105 458 Α
2134 408 2216 453 est
2250 397 2495 467 corporis
2526 404 2707 467 typum
2736 407 2799 447 ac
2829 390 3153 463 symbolum.
3182 389 3315 458 Quis
3353 397 3544 444 autem
3586 404 3707 443 eum

453 495 688 551 Verbum
724 509 944 549 carnem
973 492 1199 559 factum,
1230 504 1495 564 quatenus
1529 495 1631 550 fide
1679 496 2034 565 apprehendi-

453 597 543 643 tur
568 596 623 642 et
655 586 978 652 comeditur,
1014 588 1209 641 animae
1240 587 1515 657 proprium
1540 602 1663 643 esse
1693 589 1892 651 cibum,
1926 603 2031 641 non

451 682 717 747 corporis.
766 676 833 730 Et
883 693 949 732 ne
992 676 1119 746 quid
1171 676 1531 742 dissimulem,
1582 679 1726 732 hunc
1776 691 1898 732 esse
1928 676 2031 731 loci

452 768 784 823 intellectum
814 783 1029 823 censeo.
1064 768 1158 822 bin
1188 782 1318 822 vero
1351 783 1478 823 esus
1514 768 1919 823 sacramentalis
1946 768 2033 822 hic

452 858 807 927 significatur,
849 871 949 912 suo
993 857 1099 912 sibi
1143 857 1324 927 gladio
1351 857 1634 929 jugulatur
1682 860 2030 925 Albertinus;

452 964 576 1003 nam
606 947 785 1002 cibum
816 947 964 1003 illum
992 946 1253 1002 vocabulo
1278 957 1481 1003 tantum
1506 964 1627 1003 cum
1654 949 1790 1003 cibis
1813 947 2033 1017 reliquis

452 1041 741 1095 convenire
786 1040 863 1094 ait
902 1024 1185 1109 Origenes,
1224 1056 1375 1095 suam
1417 1056 1547 1095 vero
1598 1054 2033 1110 unumquemque

453 1130 839 1200 preprietatem
885 1143 1142 1195 servare;
1190 1130 1313 1186 illos
1361 1132 1657 1201 corrumpi,
1710 1132 1853 1186 hunc
1898 1132 2035 1187 inte-

453 1238 607 1291 grum
644 1234 904 1276 manere:
949 1222 1029 1276 sic
1068 1237 1166 1276 nos
1210 1236 1402 1291 panem
1451 1223 1865 1277 eucharisticum
1909 1238 2031 1277 cutn

452 1314 577 1368 aliis
623 1314 853 1381 panibus
896 1313 1160 1368 vocabulo
1207 1313 1500 1370 convenire
1547 1315 1799 1380 dicimus,
1853 1316 2033 1385 reipsa

453 1407 798 1476 discrepare;
828 1405 925 1461 hos
954 1407 1251 1477 corrumpi,
1280 1422 1479 1478 corpus
1506 1422 1637 1464 vero
1656 1408 1883 1474 Christi,
1912 1425 2032 1464 cor-

452 1500 631 1569 ruptis
657 1499 1049 1567 accidentibus,
1076 1500 1448 1569 incorruptum
1482 1517 1702 1557 manere
1727 1521 1739 1558 :
1768 1511 1822 1557 et
1843 1518 2035 1573 quam-

452 1592 538 1646 vis
572 1605 825 1660 corpore,
860 1590 1047 1645 itidem
1094 1601 1153 1646 ut
1194 1590 1285 1645 alii
1326 1606 1494 1660 panes
1534 1593 1863 1663 excipiatur,
1910 1595 2031 1650 illos

458 1692 637 1736 tamen
672 1685 724 1736 in
768 1682 1083 1737 alimentum
1124 1683 1371 1753 corporis
1402 1684 1635 1751 mutari;
1672 1685 1772 1741 hoc
1812 1687 2030 1754 animas,

456 1770 701 1825 interiori
726 1771 933 1825 scilicet
960 1770 1166 1825 homini
1191 1786 1256 1826 ac
1282 1771 1535 1842 spiritali,
1565 1773 1877 1829 alimoniam
1904 1779 2032 1832 sub-
2064 1746 2108 1801 Β

459 1859 791 1925 ministrare,
824 1861 1197 1917 accidentibus
1228 1862 1489 1917 duntaxat
1517 1877 1712 1932 corpus
1739 1864 2029 1932 alentibus,

453 1963 741 2025 postquam
770 1953 823 2009 in
856 1969 1047 2008 novam
1080 1954 1436 2010 substantiam
1461 1970 1723 2012 conversa
1753 1966 1895 2012 sunt.
1928 1958 2030 2025 Qui

456 2060 587 2102 vero
610 2048 725 2103 haec
752 2048 1032 2103 sententia1
1052 2064 1163 2104 sua:
1185 2048 1670 2104 accommodabunt
1692 2051 2029 2116 heterodoxi,

454 2153 579 2194 cum
614 2154 807 2209 panem
835 2140 1254 2195 eucharisticum
1287 2139 1505 2195 nomine
1543 2148 1753 2195 tantum
1782 2158 1903 2198 cum
1931 2159 2029 2214 pa-

458 2228 619 2284 nibus
660 2229 881 2300 reliquis
908 2234 1199 2287 convenire
1230 2242 1441 2287 asserat
1474 2232 1773 2303 Origenes;
1803 2233 1876 2288 illi
1920 2251 2029 2290 non

456 2323 675 2378 nomine
701 2324 899 2385 solum.
924 2324 1019 2379 sed
1047 2326 1221 2395 reipsa
1248 2325 1465 2394 penitus
1489 2326 1778 2381 convenire
1806 2327 1986 2382 dicant
2014 2346 2028 2383 ε

457 2414 601 2469 hunc
634 2416 847 2481 animae,
877 2414 1115 2471 hominis
1143 2431 1337 2485 nempe
1363 2417 1623 2487 spiritalis
1652 2430 1704 2473 et
1735 2419 2029 2486 interioris,

456 2505 714 2575 pabulum
760 2521 880 2563 esse
930 2506 1110 2562 tradat
1160 2507 1460 2579 Origenes;
1508 2510 1626 2565 illos
1662 2526 1859 2580 corpus
1889 2511 2033 2567 alere

456 2597 777 2653 heterodoxi
817 2608 1049 2668 putent:
1087 2600 1188 2655 hos
1219 2614 1508 2668 corporeos
1546 2610 1599 2655 et
1646 2611 1887 2657 terrenos
1934 2618 2031 2672 ap-

455 2688 621 2758 pellet
655 2687 936 2759 Origenes,
979 2699 1038 2744 ut
1071 2690 1138 2745 ab
1170 2689 1262 2745 illo
1296 2691 1593 2759 distinguat
1641 2694 1732 2762 qui
1773 2694 2032 2763 spiritalis

456 2788 564 2846 est,
609 2780 871 2852 mysticus
902 2790 957 2837 et
992 2783 1440 2850 sacramentalis;
1476 2785 1794 2841 lteterodoxi
1822 2802 1951 2842 vero
1980 2796 2033 2842 et

456 2871 603 2927 hunc
632 2880 689 2926 et
723 2872 842 2929 illos
873 2872 1029 2945 plane
1067 2889 1363 2945 corporeus
1409 2887 1462 2931 et
1492 2885 1737 2935 terrenos
1768 2893 1891 2935 esse
1937 2880 2033 2935 de-

457 2966 726 3020 cernant?

531 3054 790 3111 Ultimum
816 3055 1015 3121 locum,
1034 3057 1290 3129 quoniam
1313 3072 1377 3113 ex
1410 3057 1633 3131 Dialogo
1654 3062 1718 3115 de
1740 3064 2031 3118 orthodoxa

455 3146 584 3225 ﬁde,
631 3148 819 3215 spurio
850 3147 1048 3217 quippe
1080 3146 1251 3215 libro,
1289 3159 1344 3203 et
1374 3149 1621 3220 Origenis
1664 3168 1859 3207 nomen
1899 3155 2037 3211 falso

460 3252 572 3306 prae
608 3252 666 3292 se
692 3237 900 3293 ferente
938 3238 1140 3310 petitus
1164 3250 1269 3307 est,
1298 3256 1398 3297 nec
1429 3244 1497 3297 ad
1528 3243 1633 3299 hoc
1678 3246 1912 3316 pertinet
1949 3249 2037 3303 in-

459 3329 728 3396 stitutum,
760 3330 1139 3400 praetermitto.

529 3420 766 3491 Lepidus
810 3436 941 3476 vero
971 3432 1054 3477 est
1103 3423 1441 3493 Albertinus,
1476 3442 1598 3482 cum
1632 3428 1895 3486 adversus
1926 3429 2038 3486 Bu-

460 3512 736 3582 lengerum
788 3513 1067 3584 disputat,
1122 3517 1215 3586 qui
1266 3528 1434 3574 contr.
1490 3518 1717 3576 Casaub.
1774 3531 1915 3591 part.
1972 3537 2036 3589 ιι,

457 3602 619 3658 diatr.
645 3604 697 3668 '5,
728 3618 850 3674 pag.
885 3604 1009 3673 167,
1040 3608 1363 3663 catholicum
1391 3610 1458 3666 de
1480 3611 1818 3667 Eucliaristia
1843 3614 2037 3684 dogma

459 3693 784 3752 defendebat
808 3698 907 3752 hoc
934 3696 1183 3769 Origenis
1215 3703 1526 3758 testimonio
1556 3722 1569 3758 :
1613 3706 1725 3759 Καὶ
1748 3705 1857 3779 γὰρ
1885 3709 1912 3761 ὁ
1936 3708 2037 3778 ἄρ⁹

458 3804 553 3840 του
591 3788 854 3859 μετέχων,
883 3789 978 3844 τοῦ
1011 3788 1259 3864 σώματος
1284 3794 1492 3866 Κυρίου
1521 3797 1946 3871 μεταλαμϐάνει·
1977 3801 2036 3856 οὐ

458 3879 569 3954 γὰρ
604 3880 945 3952 προσέχομεν
974 3885 1039 3954 τῇ
1076 3883 1235 3953 φύσει
1268 3902 1376 3938 των
1421 3886 1694 3958 αἰσθητῶς
1745 3890 2041 3962 προκειμέ-

458 3987 588 4035 νων,
644 3970 757 4025 ἀλλ’
808 3972 1083 4043 ἀνάγομεν
1131 3976 1228 4048 τὴν
1274 3975 1453 4048 ψυχὴν
1506 3979 1594 4033 διὰ
1642 3981 1877 4046 πίστεως
1945 3983 2039 4039 ἐπὶ

459 4059 636 4119 τὸτοῦ
659 4061 833 4131 Λόγου
873 4064 1051 4135 σῶμα.
1101 4066 1174 4118 Oi»
1217 4066 1322 4134 γὰρ
1368 4063 1507 4120 εἶπε⁸
1546 4068 1715 4123 Τοῦτό
1740 4072 1855 4123 ἐστι
1899 4071 2039 4141 σύμ-

458 4150 631 4206 ϐολονο
662 4154 821 4223 ἀλλὰ,
854 4157 1035 4211 Τοῦτό
1053 4157 1186 4214 ἐστι
1207 4158 1276 4212 τὸ
1308 4158 1501 4229 σῶμα,
1526 4161 1827 4227 δεικτικῶς,
1858 4164 1945 4217 ἵνα
1964 4164 2039 4237 μὴ

458 4244 659 4317 νομίσῃ
676 4263 761 4310 τις
780 4246 948 4303 τύπον
975 4245 1135 4302 εἶναι.
1166 4267 1186 4302 t
1216 4248 1349 4304 Nam
1377 4253 1468 4321 qui
1493 4252 1550 4306 fit
1570 4253 1725 4323 panis
1748 4255 2037 4325 particeps,

457 4349 655 4405 Corpus
682 4337 881 4395 Christi
922 4342 1253 4411 participat:
1293 4356 1392 4398 nec
1421 4345 1569 4398 enim
1606 4347 1939 4403 attendimus
1972 4348 2039 4403 ad

2140 489 2439 543 crediderit
2482 495 2589 540 tam
2637 483 2928 554 pugnantia
2977 480 3304 549 scripsisse?
3347 479 3507 534 Absit
3550 479 3708 550 igitur

2134 592 2164 631 a
2211 577 2366 632 nobis
2401 583 2552 629 tanta
2579 573 2868 644 supinitas,
2916 580 2977 626 ut
3005 571 3169 625 verba
3209 570 3323 625 haec
3355 569 3545 625 nescio
3576 569 3706 625 unde

2135 682 2374 740 sumpta,
2420 677 2679 735 tanquam
2719 665 2969 735 Origenis
3002 665 3231 735 genuina
3280 664 3699 734 suscipiamus.»

2132 763 2274 818 Alibi
2326 770 2506 817 tamen
2548 759 2860 814 Albertinus
2906 758 3069 813 citata
3109 757 3353 827 quaedam
3411 756 3483 811 ab
3524 756 3705 811 eodem

2134 854 2438 923 Bulengero
2485 853 2603 906 loca
2644 850 2916 921 Origenis,
2958 864 3077 919 qua:
3121 862 3298 902 causa:
3326 863 3439 902 sua:
3481 848 3707 902 credidit

2132 956 2459 1015 Opportuna,
2507 959 2607 1014 pro
2653 942 2926 1012 germanis
2973 940 3232 995 admisit:
3280 958 3298 990 ι
3358 938 3452 994 Sic
3483 939 3631 993 enim
3661 949 3708 993 et

2135 1038 2419 1107 Origenes,
2457 1055 2476 1088 ι
2529 1034 2705 1105 inquit
2747 1034 2841 1089 lib.
2891 1048 2953 1098 ιι,
2993 1048 3115 1103 cap.
3158 1032 3214 1097 5,
3271 1050 3290 1084 ι
3331 1047 3362 1085 a
3408 1030 3709 1100 Bulengero

2134 1129 2336 1184 relatus
2365 1128 2442 1182 ait
2480 1136 2661 1181 contra
2688 1124 3059 1179 Casaubonum
3089 1124 3224 1179 Diat.
3268 1124 3322 1187 3,
3363 1139 3415 1193 p.
3454 1123 3557 1177 166
3592 1142 3604 1175 :
3637 1123 3707 1175 Τὰ

2133 1222 2225 1274 ἐπὶ
2273 1219 2367 1273 τοῦ
2410 1218 2629 1289 λογικοῦ
2675 1218 2831 1289 ἡμῶν
2872 1215 3255 1288 Θυσιαστηρίου
3320 1214 3709 1285 ἐπιτελούμενα

2132 1311 2352 1381 ἁγιάζει
2375 1311 2471 1383 τὴν
2496 1309 2796 1383 τράπεζαν,
2826 1311 2920 1363 καὶ
2942 1310 3010 1364 τὰ
3041 1312 3098 1363 ὲν
3126 1309 3261 1380 αὐτῇ
3302 1307 3495 1381 σκεύη.
3542 1309 3710 1362 Ἄντί-

2133 1425 2281 1463 τυπα
2300 1408 2409 1481 γάρ
2433 1409 2538 1461 εἰσι
2568 1404 2663 1460 τοῦ
2694 1404 3021 1460 Δεσποτικοῦ
3046 1403 3315 1475 σώματος.
3348 1423 3367 1455 ί
3396 1404 3528 1471 Quae
3557 1419 3716 1474 super

2134 1500 2384 1554 rationali
2450 1499 2609 1553 altari
2679 1509 2871 1553 nostro
2936 1496 3314 1569 perficiuntur,
3368 1492 3717 1550 sanctiﬁcant

2133 1608 2401 1660 mensam,
2443 1603 2498 1647 et
2530 1606 2655 1647 vasa
2688 1591 2817 1662 qua!
2844 1590 2899 1644 in
2929 1590 3046 1659 ipsa
3077 1597 3224 1643 sunt.
3270 1587 3529 1657 Antitypa
3572 1586 3716 1640 enim

2136 1695 2262 1741 sunt
2293 1684 2559 1752 Dominici
2598 1682 2865 1754 corporis.
2898 1700 2917 1734 ι
2949 1681 3244 1736 Commoda
3278 1694 3411 1735 sane
3456 1688 3511 1733 et
3539 1677 3720 1733 facilis

2140 1777 2450 1847 disputandi
2486 1776 2653 1842 ratio;
2686 1775 2733 1830 si
2762 1789 2883 1846 quae
2911 1772 3236 1828 catholicam
3268 1788 3491 1828 causam
3520 1770 3724 1840 juvant

2141 1865 2471 1931 testimonia,
2496 1880 2598 1936 pro
2621 1864 2774 1919 falsis
2795 1879 2881 1930 ea,
2908 1863 3102 1932 spuriis
3140 1877 3203 1916 ac
3245 1860 3453 1917 fictitiis
3476 1860 3719 1917 habere:

2139 1957 2183 2013 si
2231 1970 2351 2027 quae
2395 1956 2649 2011 videntur
2692 1954 2867 2009 eidem
2910 1953 3207 2017 contraria,
3256 1952 3343 2009 his
3370 1951 3515 2007 haud
3560 1966 3725 2007 secus

2139 2066 2203 2106 ac
2228 2050 2485 2122 legitimis
2508 2059 2562 2105 et
2591 2049 2840 2121 genuinis
2869 2050 2968 2102 uti.
3007 2046 3105 2103 Vel
3138 2046 3287 2116 prior
3312 2060 3445 2101 sane
3473 2045 3725 2100 solvatur

2138 2144 2311 2209 locus,
2337 2142 2421 2197 vel
2451 2150 2755 2213 postremus
2782 2156 2888 2197 non
2938 2141 3271 2206 intentetur;
3306 2154 3470 2211 quem
3502 2154 3605 2192 nos
3634 2148 3722 2192 ta-

2139 2250 2263 2291 men
2291 2235 2476 2291 itidem
2500 2233 2804 2303 excipimus
2825 2243 2883 2288 ut
2906 2234 3094 2300 alium,
3117 2233 3170 2286 in
3188 2246 3296 2303 quo
3321 2231 3724 2287 eucharisticus

2143 2327 2299 2399 panis
2337 2341 2539 2398 corpus
2581 2326 2817 2399 typicum
2850 2333 2905 2380 et
2950 2323 3310 2396 symbolicum
3352 2321 3660 2393 appellatur
3708 2342 3719 2375 :

2141 2437 2262 2476 nam
2287 2420 2575 2475 ἀντίτυπον
2617 2416 2949 2473 Δεσποτικοῦ
2984 2415 3253 2488 σώματος,
3284 2414 3427 2469 idem
3460 2423 3546 2468 est
3582 2428 3645 2467 ac
3676 2414 3724 2467 si

2139 2523 2540 2569 sacramentum
2585 2513 2833 2582 corporis
2880 2510 3087 2567 Christi
3135 2508 3394 2581 appellet.
3444 2507 3725 2562 Przeterea

2140 2622 2247 2661 non
2275 2607 2406 2662 satis
2435 2615 2658 2676 apparet
2685 2621 2756 2661 an
2804 2605 2870 2660 de
2912 2617 3052 2675 pane
3090 2613 3146 2658 et
3182 2603 3312 2657 vino
3352 2601 3723 2657 eucharistico

2140 2700 2250 2756 illic
2275 2709 2401 2771 agat
2428 2698 2711 2771 Origenes,
2734 2707 2796 2753 ut
2822 2696 2935 2753 vult
2960 2696 3293 2752 Albertinus.
3316 2696 3405 2751 Ait
3427 2694 3574 2750 enim
3600 2708 3723 2764 qua

2146 2809 2167 2845 ι
2200 2792 2556 2863 perficiuntur
2600 2805 2768 2861 super
2804 2789 2966 2845 altari
3007 2798 3196 2844 nostro
3239 2788 3513 2853 rationali,
3549 2806 3570 2840 ι
3620 2788 3723 2842 hoc

2141 2889 2225 2937 est
2276 2881 2332 2935 in
2360 2880 2541 2936 animo
2568 2888 2776 2944 nostro,
2813 2897 2834 2933 ι
2868 2893 3111 2934 mensam
3140 2888 3195 2933 et
3219 2892 3352 2932 vasa
3378 2892 3497 2946 quae
3524 2878 3580 2931 in
3608 2880 3721 2948 ipsa

2140 2981 2265 3028 sunt
2290 2972 2652 3039 sanctificare,
2688 2991 2707 3024 ›
2741 2973 2840 3027 hoc
2864 2979 2947 3026 est.
2973 2970 3211 3024 animum
3245 2978 3302 3023 et
3355 2968 3522 3023 animi
3557 2968 3722 3024 facul-

2144 3074 2299 3120 tates.
2330 3063 2446 3119 Non
2475 3064 2632 3119 video
2660 3078 2757 3118 cur
2790 3063 2905 3117 hrec
2930 3061 2997 3116 ad
3024 3076 3175 3118 esum
3203 3060 3381 3131 potius
3406 3075 3722 3115 sacramen-

2146 3155 2303 3212 talem
2353 3155 2635 3210 referenda
2681 3155 2814 3220 sint,
2862 3169 3025 3224 quam
3061 3155 3127 3207 ad
3176 3166 3297 3207 eum
3330 3167 3439 3221 quo
3488 3150 3723 3206 Verbum

2141 3264 2364 3305 carnem
2399 3249 2601 3303 factum
2636 3248 2740 3303 fide
2783 3245 3133 3302 comedimus.
3170 3245 3347 3313 Atque
3385 3253 3445 3297 ut
3477 3243 3571 3298 hic
3600 3258 3727 3297 esus

2140 3349 2224 3397 est
2250 3340 2545 3396 ἀντίτυπον
2584 3338 2994 3397 sacramentalis
3020 3352 3166 3404 esus,
3210 3339 3284 3392 ita
3332 3337 3577 3393 Verbum
3622 3337 3727 3391 fide

2141 3433 2561 3503 apprehensum,
2597 3442 2653 3488 et
2680 3440 2738 3488 ut
2763 3433 2837 3487 ita
2867 3432 3042 3487 dicam
3077 3429 3483 3497 manducatum,
3506 3431 3727 3486 ἀντίτυ-

2138 3542 2244 3579 ⁴ιτον
2283 3534 2368 3580 est
2410 3524 2672 3579 Dominici
2718 3523 2985 3594 corporis.
3024 3520 3213 3577 Priore
3252 3537 3383 3577 vero
3434 3522 3558 3579 loco
3601 3539 3727 3578 cum

2140 3632 2338 3688 corpus
2363 3616 2567 3674 Christi
2594 3618 2671 3672 ait
2690 3633 2795 3673 non
2823 3630 2943 3672 esse
2976 3625 3182 3686 typum,
3211 3616 3291 3671 sic
3319 3616 3588 3686 iutellige,
3622 3631 3727 3670 non

2141 3725 2261 3767 esse
2292 3724 2499 3765 merum
2526 3718 2711 3782 typum
2741 3718 2796 3763 et
2838 3709 3050 3781 signum
3086 3708 3202 3764 sine
3234 3722 3295 3762 re
3333 3708 3575 3778 signata,
3607 3723 3731 3778 qua:

2142 3802 2379 3872 vulgaris
2417 3808 2503 3856 est
2538 3800 2648 3872 typi
2685 3800 2870 3867 notio;
2915 3800 3010 3856 sed
3040 3815 3144 3855 non
3190 3811 3351 3871 negat
3383 3814 3507 3854 esse
3540 3809 3729 3871 typum

2141 3908 2206 3949 ac
2253 3894 2467 3964 signum
2516 3892 2737 3948 alterius
2786 3893 3021 3962 generis,
3072 3907 3263 3961 nempe
3308 3906 3367 3945 re
3417 3892 3731 3962 significata

2142 3985 2512 4054 conjunctum.
2543 3985 2719 4055 Atque
2748 3984 2865 4041 haec
2895 3984 2947 4039 in
2976 3985 3263 4055 prmsentia
3291 3982 3595 4039 sufﬁciant.
3626 3986 3731 4051 Qui

2142 4078 2295 4148 plura
2363 4077 2523 4147 volet,
2562 4077 2943 4133 Bellarminum
3004 4077 3247 4132 consulat
3282 4077 3376 4130 lib.
3419 4093 3461 4132 ιι
3497 4077 3577 4132 De
3616 4078 3732 4132 Eu-

2142 4171 2361 4225 citat-ist.
2390 4185 2511 4241 cap.
2540 4170 2597 4234 8,
2629 4170 2719 4225 ubi
2750 4184 2855 4225 non
2886 4170 3047 4224 allata
3077 4170 3250 4225 solum
3276 4185 3303 4223 a
3332 4168 3579 4241 Martyre
3609 4171 3735 4227 Ori-

2142 4262 2297 4333 genis
2323 4263 2545 4333 exponit
2579 4263 2908 4329 testimonia,
2943 4263 3037 4319 sed
3070 4263 3301 4334 plurima
3326 4279 3551 4333 quoque
3586 4265 3735 4333 ejus-

2142 4356 2265 4410 dem
2295 4356 2510 4421 recitat,
2545 4355 2740 4426 quibus
2770 4365 2919 4412 recte
2950 4356 3016 4412 de
3070 4366 3409 4411 sacramento
3461 4356 3735 4412 Euchario

458 4433 709 4481 naturam
756 4442 938 4483 rerum
974 4431 1307 4489 sensibiliter
1347 4435 1770 4503 propositarum,
1805 4439 1896 4492 sed
1929 4439 2032 4494 eri.
2066 4452 2111 4507 ι)
2138 4447 2258 4502 sum
2292 4448 2530 4503 sensisse
2576 4448 2814 4503 creditus
2845 4457 2927 4503 est
2965 4465 2979 4502 τ
3011 4457 3065 4503 et
3092 4462 3188 4502 nos
3223 4462 3439 4518 quoque
3473 4449 3733 4503 ηοηιιυιιι

457 4519 636 4592 gimus
656 4520 895 4577 animam
922 4537 1019 4593 per
1044 4523 1206 4579 ﬁdem
1237 4525 1305 4579 ad
1333 4542 1527 4596 corpus
1558 4527 1741 4585 Verbi.
1770 4528 1903 4585 Nam
1932 4546 2036 4586 non

459 4612 650 4669 dixit:
685 4611 799 4670 lloc
849 4626 933 4671 est
981 4614 1324 4688 Symbolum,
1376 4621 1491 4688 sed,
1538 4620 1654 4676 Hoc
1698 4632 1772 4676 est
1826 4609 2071 4692 corpus,’

458 4703 913 4772 ostensive,utne
939 4708 1061 4778 quis
1098 4718 1248 4778 putet
1270 4720 1451 4782 typum
1490 4726 1663 4768 esse.»
1693 4712 1809 4767 Non
1841 4714 2038 4769 nodum

459 4795 621 4855 solvit
646 4798 963 4855 Albertinus
1008 4802 1147 4873 (42),
1185 4804 1278 4858 sed
1310 4816 1460 4860 secat
1489 4805 1592 4860 hac
1634 4807 2027 4875 responsione:

467 4907 487 4939 c
520 4888 771 4948 Fictitius
804 4893 954 4949 locus
992 4905 1095 4959 est,
1143 4910 1209 4951 ac
1251 4896 1482 4953 Graeculi
1520 4898 1660 4954 forte
1690 4898 1919 4969 alicujus
1948 4914 2036 4953 re-

460 4984 737 5049 centioris,
785 4984 1003 5056 Origeni
1046 4987 1181 5042 falso
1211 4988 1420 5044 aﬂictus
1463 5007 1478 5044 :
1524 4987 1855 5059 Bulengerus
1892 4990 2035 5043 enim

462 5074 688 5143 ipsemet
735 5076 905 5131 alium
956 5079 1181 5136 adduxit
1224 5096 1288 5136 ex
1333 5081 1521 5136 eodem
1555 5079 1785 5150 Origene
1834 5079 2035 5146 locum,

462 5167 552 5221 ubi
585 5168 742 5237 plane
771 5170 822 5223 in
855 5175 1187 5228 contrarium
1220 5174 1297 5228 ait
1328 5175 1394 5229 de
1424 5187 1562 5244 pane
1591 5183 1646 5228 et
1676 5174 1801 5228 vino
1829 5174 2039 5228 Eucha-

463 5259 652 5314 ristico
672 5259 759 5316 illa
786 5263 1027 5334 antitypa
1056 5280 1176 5320 esse
1203 5264 1746 5336 Dominicijcorporis,
1771 5265 2041 5323 ἀντίτυπά

463 5353 571 5407 εἰσι
602 5353 697 5407 τοῦ
737 5356 1069 5410 Δεσποτικοῦ
1102 5356 1372 5429 σώματος.
1410 5356 1874 5424 Quemadmodum
1906 5368 1959 5413 et
1988 5360 2039 5415 iu

465 5446 584 5501 loco
631 5462 697 5502 ex
748 5448 1142 5505 Commentario
1188 5452 1241 5503 in
1294 5449 1606 5505 Matt/tantm
1650 5465 1809 5520 supra
1852 5452 2041 5520 citato,

464 5554 658 5609 panem
691 5552 851 5596 vocat
881 5555 1077 5610 corpus
1128 5541 1364 5613 typicum
1412 5551 1469 5598 et
1510 5542 1891 5612 symbolicum,
1941 5545 2042 5602 hoc

536 5635 559 5666 ⁸
590 5635 937 5706 Matth.xxvr,
963 5638 1054 5693 26.

540 5727 653 5795 (42)
696 5729 960 5787 Albertin.
992 5730 1066 5789 De
1098 5749 1324 5788 sacram.
1356 5730 1525 5789 Each.
1558 5732 1649 5791 lib.
1676 5749 1734 5802 ιι,
1776 5750 1887 5805 cap.
1919 5733 1974 5793 2.

2144 4540 2212 4594 ad
2241 4549 2370 4595 tom.
2393 4556 2447 4599 ιι
2501 4539 2723 4612 Origen.
2744 4541 2801 4594 in
2820 4540 3040 4608 Matth.,
3066 4556 3215 4596 num.
3239 4540 3328 4606 14,
3348 4555 3520 4611 super
3537 4542 3734 4598 eodem

2146 4641 2469 4700 argumento
2496 4632 2867 4687 observamus.

2217 4721 2303 4779 Ill.
2346 4723 2429 4779 Ab
2460 4723 2819 4779 Eucharistize
2847 4731 3188 4780 sacramento
3220 4723 3647 4795 progrediamur
3670 4728 3733 4780 ad

2147 4823 2547 4868 sacramentum
2580 4813 2932 4878 matrimonii,
2966 4813 3109 4868 circa
3144 4815 3285 4882 quod
3314 4829 3345 4866 a
3386 4816 3735 4869 communio-

2146 4903 2297 4959 ribus
2352 4903 2609 4960 Ecclesiae
2662 4905 2926 4972 dogmatis
2979 4902 3239 4975 Origenes
3288 4904 3343 4958 in
3396 4907 3732 4975 quibusdam

2141 4997 2342 5052 abiisse
2365 4996 2596 5052 videtur.
2621 4995 2859 5051 Primum
2887 4996 3034 5051 hom.
3069 4996 3128 5052 ll
3164 4998 3218 5049 in
3240 4994 3468 5062 Jerem.,
3500 5014 3657 5052 num.
3683 4998 3734 5062 5,

2143 5103 2198 5158 p.
2232 5088 2361 5155 191,
2403 5104 2733 5159 quaecunque
2771 5105 2842 5144 ex
2898 5089 3042 5144 coitu
3086 5097 3140 5142 et
3176 5087 3451 5160 voluptate
3516 5092 3739 5161 pmtici—

2139 5189 2385 5248 sountur,
2427 5182 2746 5252 purgatione
2788 5182 3029 5252 indigere
3081 5184 3156 5236 ait
3191 5199 3206 5236 :
3242 5194 3297 5236 et
3332 5193 3469 5237 tom.
3530 5199 3652 5237 ιτιι
3686 5185 3739 5236 in

2149 5272 2372 5340 Malth.,
2408 5291 2555 5329 num.
2599 5275 2690 5343 35,
2742 5289 2863 5347 pag.
2905 5276 3031 5341 827,
3065 5276 3469 5345 quodammodo
3501 5277 3742 5347 pollutos

2149 5380 2270 5421 esse
2296 5366 2427 5431 vult,
2461 5368 2769 5437 quicunque
2811 5367 3057 5423 venereis
3084 5377 3302 5421 utuntur
3330 5382 3346 5420 :
3393 5382 3466 5422 ne
3494 5382 3595 5423 eas
3625 5370 3743 5438 qui-

2151 5459 2273 5514 dem
2326 5459 2632 5531 voluptates
2686 5460 2983 5531 excipiens,
3039 5475 3273 5530 quarum
3317 5460 3741 5515 matrimonium

2149 5549 2419 5611 licentiam
2457 5552 2605 5609 facit.
2643 5552 2844 5609 Deinde
2902 5552 3042 5611 libro
3077 5566 3116 5609 ιι
3148 5551 3202 5607 in
3239 5549 3415 5623 Epist.
3446 5552 3522 5608 ad
3553 5549 3738 5615 Rom,
