3834 6226
208 316 344 371 1089

1049 315 1617 372 ΟΜΟΕΝΙΛΝΟΙΠΙΜ
1656 317 1784 373 LIB.
1827 316 1892 383 ll,
1933 315 2083 372 CAP.
2121 315 2187 380 ll,
2225 315 2502 382 QUAEST.
2543 315 2685 372 XIV.

3315 321 3450 386 £099

211 447 360 484 num.
400 430 487 495 i5,
535 443 654 498 pag.
704 426 809 482 494
840 471 854 492 ,
902 429 1338 484 incircumcisum
1383 431 1633 499 appellat,
1686 432 1777 501 qui
1807 435 1855 491 Α
1883 445 1986 482 non
2019 437 2236 498 propter
2266 429 2632 496 generationis
2673 428 2939 495 ordinem,
2976 429 3286 498 nuptiarum
3323 434 3449 487 ado‘

202 522 472 575 concessis
500 518 977 586 matrimoniijure
1009 520 1375 588 voluptatibus
1410 523 1772 592 intemperan-

202 611 308 665 tius
339 611 613 676 abutitur;
649 610 1031 665 circumcisum
1071 626 1222 678 vero,
1276 629 1295 663 ι
1330 613 1374 666 si
1420 614 1544 681 quis
1577 614 1629 666 in
1667 614 1770 668 hu-

198 701 492 768 juscemodi
527 700 742 769 negotio
770 700 1045 770 legitimis,
1075 709 1129 756 et
1160 711 1422 770 quantum
1467 704 1769 773 posteritati

198 793 392 848 sullicit
434 800 619 846 utatur
667 791 879 848 ciliciis.
917 811 936 843 ι
988 792 1044 845 1ιι
1088 808 1194 861 quo
1229 803 1586 864 praeterquam
1633 811 1768 866 que-

198 887 378 939 renda;
422 884 618 938 sobolis
653 885 844 953 gratia,
879 899 1225 953 congressum
1266 900 1480 940 onmem
1514 887 1772 957 conjuga-

198 978 303 1028 lem
339 976 548 1029 videtur
595 989 868 1043 respuere,
914 975 1077 1030 etiam
1112 977 1260 1029 illum
1297 976 1386 1044 qui
1431 985 1488 1030 ιιι
1527 981 1766 1032 debitum

199 1065 458 1130 redditur,
498 1065 580 1118 vel
609 1067 835 1120 vitanda:
864 1066 1174 1120 tentationis
1207 1082 1367 1121 causa
1402 1079 1765 1137 perpetratur.

198 1155 305 1209 Sed
334 1154 450 1210 haec
473 1170 684 1224 quoque
713 1156 765 1210 in
797 1171 925 1211 voce
957 1173 976 1206 ι
1015 1157 1266 1225 legitimis
1302 1176 1320 1209 ι
1351 1159 1617 1212 contineri
1649 1175 1768 1228 pos:

197 1263 387 1302 sumus
434 1251 796 1316 respondere;
848 1248 932 1301 vel
977 1249 1352 1303 circumcisum
1379 1252 1594 1318 quidem
1644 1267 1765 1305 eum

202 1358 328 1396 esse
373 1342 464 1411 qui
508 1342 853 1409 procreandae
885 1351 1090 1394 tantum
1132 1342 1197 1395 ad
1240 1342 1436 1396 cultum
1469 1344 1558 1398 Dei
1600 1345 1768 1413 prolis

203 1447 366 1486 causa
397 1441 576 1485 actum
611 1432 943 1501 conjugalem
971 1442 1220 1499 exercet;
1261 1444 1314 1487 at
1337 1449 1442 1487 non
1471 1434 1765 1489 incircum-

195 1524 388 1585 cisum,
419 1521 507 1590 qui
539 1521 672 1575 alios
702 1529 958 1590 praeterea
1007 1523 1143 1576 lines
1170 1533 1396 1592 spectat,
1425 1525 1518 1576 sed
1558 1524 1648 1592 qui
1685 1525 1766 1578 in-

196 1622 565 1682 temperanter
599 1626 657 1664 se
693 1613 849 1680 gerit.
901 1610 1264 1682 Hieronymus
1291 1623 1436 1667 certe
1467 1613 1562 1667 lib.
1615 1630 1655 1668 ιι
1707 1617 1762 1668 in

195 1700 370 1769 Epist.
396 1703 482 1756 ad
526 1702 745 1769 Ephes.,
783 1717 902 1771 cap.
933 1702 1003 1766 5,
1048 1704 1284 1772 reliquos
1323 1719 1508 1758 omnes
1552 1707 1760 1760 videtur

1877 519 2189 574 lescentulis
2215 519 2391 573 vincla
2421 520 2750 575 tribuantur.
2789 540 2808 574 ι

1947 610 2060 665 lloc
2087 610 2338 680 amplius,
2380 611 2570 665 scribit
2601 610 2861 682 Origenes
2894 613 3080 668 homil.
3114 613 3146 668 6
3175 614 3229 668 in
3255 613 3398 668 Num
3428 655 3446 682 ,

1876 718 2029 756 num.
2058 703 2113 766 5,
2154 703 2362 756 actibus
2391 702 2758 773 conjngalibus
2783 703 3041 771 Spiritum
3069 715 3314 760 sanctum
3341 722 3446 760 non

1875 792 2086 847 adesse.
2121 792 2293 847 Verba
2325 791 2440 846 lucc
2475 801 2633 846 sunt:
2689 811 2708 844 ι
2751 792 3027 848 Connubia
3063 795 3279 864 quidem
3311 795 3445 864 legi-

1874 885 2003 936 tima
2053 893 2240 938 carent
2279 884 2492 953 quidem
2531 895 2786 953 peccato;
2833 900 2932 938 nec
2986 895 3162 938 tamen
3206 895 3446 953 tempore

1873 974 1963 1027 illo
1987 989 2093 1043 quo
2125 974 2436 1043 conjugales
2477 983 2631 1029 actus
2665 985 2924 1044 geruntur
2954 977 3236 1046 przesentia
3268 976 3438 1031 sancti

1865 1065 2110 1132 Spiritus
2155 1066 2391 1133 dabitur,
2440 1069 2650 1121 etiamsi
2697 1067 2959 1135 prepheta
3005 1084 3130 1122 esse
3175 1068 3440 1137 videatur,

1868 1157 1959 1225 qui
2005 1157 2179 1212 cilicio
2226 1159 2597 1227 generationis
2641 1159 2980 1227 obsequitur.
3040 1179 3058 1211 ι
3109 1161 3180 1215 At
3227 1171 3440 1216 constat

1871 1257 2048 1302 tamen
2077 1256 2254 1301 actum
2279 1247 2440 1314 hunc,
2468 1249 2511 1302 si
2538 1249 2892 1319 suscipiendae
2917 1249 3080 1320 prolis
3096 1265 3258 1305 causa
3285 1267 3439 1307 exer-

1867 1347 2078 1402 ceatur,
2108 1337 2190 1391 vel
2219 1339 2382 1392 debiti
2409 1340 2837 1410 reddendi,vquia
2873 1341 3020 1396 aliud
3049 1352 3132 1396 est
3163 1343 3437 1412 religionis

1866 1442 2021 1495 opus,
2089 1427 2232 1480 aliud
2280 1426 2529 1494 justitiae,
2577 1438 2819 1483 sanctum
2873 1445 2990 1484 esse
3044 1443 3099 1484 et
3157 1433 3324 1501 pium,
3375 1449 3439 1488 ac

1866 1520 2093 1587 proinde
2147 1518 2380 1585 Spiritus
2425 1520 2594 1572 sancti
2647 1521 2888 1574 subsidio
2928 1530 2981 1575 et
3019 1537 3121 1589 ope
3166 1525 3434 1577 exerceri.

1865 1609 2201 1662 Contradicit
2229 1610 2578 1664 nihilominus
2611 1611 2815 1667 Auctor
2845 1611 3034 1680 Operis
3059 1615 3349 1683 imperfecti
3382 1617 3438 1671 in

1867 1698 2058 1753 Matth.
2111 1715 2150 1762 ι,
2204 1700 2288 1762 18,
2343 1701 2525 1769 aitque
2569 1703 2966 1756 matrimonium
3014 1705 3110 1757 etsi
3163 1708 3443 1760 utentibus-

193 1795 499 1862 improbare
530 1796 684 1859 lines,
712 1811 879 1848 unum
911 1796 1051 1849 hunc.
1083 1796 1387 1858 admittere,
1417 1811 1522 1865 quo
1547 1797 1758 1852 soboles
1792 1772 1832 1830 Β
1861 1805 2075 1856 poenam
2122 1806 2225 1844 non
2272 1790 2484 1856 inferat,
2533 1794 2833 1846 mercedem
2897 1803 3074 1848 tamen
3131 1810 3235 1849 non
3298 1811 3442 1864 praes

191 1888 554 1956 comparanda
611 1889 942 1958 proponitur.
999 1906 1018 1938 ι
1075 1887 1164 1951 Si,
1236 1888 1448 1957 inquit,
1503 1891 1574 1943 ita
1623 1905 1759 1944 uxor

190 1977 520 2046 subjicienda
557 1979 672 2030 viro
698 1988 799 2044 est,
830 1987 887 2032 ut
918 1978 1133 2032 Christo
1177 1978 1454 2046 Ecclesia;
1494 1981 1636 2035 inter
1672 1982 1755 2035 vi-

189 2083 310 2122 rum
341 2078 394 2122 et
439 2083 658 2122 uxorem
685 2071 790 2122 erit
829 2078 1011 2130 sancta
1043 2068 1367 2137 conjunctio,
1399 2079 1453 2124 et.
1483 2087 1754 2140 nunquam

189 2159 433 2228 corporis
463 2161 697 2213 servient
725 2161 1103 2230 passionibus:
1138 2179 1156 2212 ι
1191 2159 1486 2216 Corinthiis
1516 2178 1666 2227 vero,
1699 2173 1758 2216 ut

188 2253 440 2317 inﬁrmis,
481 2254 709 2307 necdum
742 2254 908 2307 solida
958 2255 1157 2324 pietate
1203 2256 1469 2310 roboratis
1514 2268 1754 2311 mutuam

188 2344 355 2398 debiti
386 2343 704 2397 solutionem
732 2359 826 2412 per
854 2345 1262 2412 συγκατάὸασιν
1287 2357 1342 2400 et
1372 2345 1753 2415 indulgentiam

187 2434 415 2488 Paulum
448 2436 779 2490 concessisse
824 2437 988 2500 dicit;
1041 2445 1099 2490 at
1131 2437 1404 2505 Ephesiis,
1443 2447 1503 2492 ut
1546 2450 1668 2506 pote
1702 2439 1753 2492 in

187 2527 388 2582 Christi
420 2527 660 2580 doctrina
691 2529 1116 2596 provectioribus
1141 2529 1756 2599 ademisse;uuicuique

190 2629 370 2674 tamen
393 2620 473 2672 vel
499 2621 775 2689 Ephesios,
811 2620 888 2673 vel
910 2620 1216 2676 Corinthios
1244 2622 1481 2676 aemulari
1507 2621 1587 2676 fas
1614 2638 1750 2677 esse.

188 2713 257 2766 Et
296 2712 452 2781 paulo
503 2721 665 2782 posti:
707 2731 725 2763 ι
768 2711 1083 2768 Liberorum
1124 2727 1271 2781 ergo,
1303 2721 1361 2766 ut
1391 2714 1646 2777 diximus,
1699 2715 1749 2768 in

189 2806 532 2860 matrimonio
560 2821 720 2874 Opera
750 2819 1002 2858 concessa
1030 2814 1173 2858 sunt.
1205 2804 1520 2874 Voluptates
1547 2815 1750 2869 autem,

185 2913 308 2964 qua:
335 2899 398 2950 de
436 2898 776 2951 meretricum
799 2896 1084 2966 capiuntur
1109 2896 1464 2964 amplexibus,
1501 2896 1554 2949 in
1588 2911 1754 2950 uxore

186 2991 478 3043 damnata.
513 2988 621 3042 Hoc
648 2989 836 3058 legens
873 2988 1049 3041 omnis
1073 2989 1158 3040 vir
1187 2997 1240 3041 et
1266 3002 1421 3053 uxor,
1457 2988 1756 3057 intelligant

189 3079 293 3133 sibi
329 3091 448 3148 post
486 3089 800 3149 conceptum
831 3080 1000 3149 magis
1028 3079 1261 3133 orationi
1293 3095 1452 3148 quam
1485 3080 1754 3134 commbio

185 3141 550 3224 serviendum.
593 3141 667 3222 Et.
687 3170 828 3238 quod
865 3141 1273 3224 invanimalihus
1309 3141 1367 3223 et
1409 3169 1597 3223 bestiis
1638 3170 1756 3240 ipso
1780 3141 1822 3198 θ

186 3271 397 3314 natura:
444 3259 564 3328 jure
612 3261 979 3329 praescriptum
1030 3270 1144 3324 est,
1201 3269 1260 3313 ut
1306 3269 1643 3329 prtcgnantes
1689 3262 1754 3315 ad

185 3361 397 3419 partum
429 3366 594 3418 usque
627 3366 732 3404 non
773 3359 986 3413 coeant,
1019 3352 1123 3404 hoc
1157 3351 1208 3404 in
1245 3351 1549 3404 hominibus
1578 3351 1755 3406 sciant

185 3442 414 3494 arbitrio
449 3442 787 3504 derelictum,
822 3453 879 3494 ut
912 3456 1117 3495 merces
1148 3451 1291 3494 esset
1318 3457 1384 3494 ex
1427 3442 1752 3495 abstinentia

186 3533 542 3602 voluptatum.
580 3553 600 3585 ι
640 3534 716 3588 Eo
752 3533 1014 3587 accedunt
1054 3535 1152 3588 ista
1187 3532 1463 3600 Epiphanii
1499 3533 1627 3586 haar.
1661 3535 1751 3597 65,

187 3641 309 3694 cap.
333 3627 384 3692 4,
416 3627 472 3679 '0
497 3627 687 3697 σεμνὸς
704 3627 760 3679 δὲ
787 3627 960 3698 γάμος
984 3626 1319 3680 παιδοποιίαν
1342 3627 1440 3678 οὐκ
1466 3628 1543 3688 εἰς
1566 3627 1755 3696 αἰσχύ-

185 3736 282 3787 νην
328 3718 394 3770 τὰ
425 3720 486 3771 ἐκ
519 3718 650 3770 Θεοῦ
695 3718 870 3781 καλῶς
893 3718 1218 3786 κεκτισμένα
1257 3716 1606 3787 ἀπαγορεύει·
1638 3717 1751 3768 ἀλλ’

185 3809 310 3862 οὔτε
339 3811 510 3873 ἄλλως
549 3811 976 3880 μεταχειρίζεται
1007 3811 1105 3880 τῆς
1141 3808 1234 3861 τοῦ
1256 3809 1432 3879 γάμον
1473 3811 1752 3874 κοινωνίας

186 3902 285 3973 τὴν
317 3903 377 3954 ἐκ
416 3900 548 3953 Θεοῦ
582 3901 918 3971 τεταγμένην
953 3902 1195 3972 ἀγωγήν.
1246 3920 1265 3952 ι
1303 3900 1618 3970 Neutiquam
1658 3902 1753 3956 ho-

187 3991 462 4046 norabiles
502 3993 698 4060 nuptis:
745 3993 812 4045 ad
859 3993 1203 4061 ignominiam
1243 3995 1518 4047 trahentes
1566 4009 1684 4062 quae
1722 4009 1751 4047 a

190 4085 299 4137 Deo
333 4085 550 4137 condita
587 4092 732 4148 sunt,
772 4083 1061 4138 liberorum
1098 4084 1526 4152 procreationem
1566 4085 1749 4153 prohi-

188 4175 316 4227 bent
346 4192 359 4240 ;
396 4176 487 4229 sed
516 4189 614 4229 nec
643 4174 797 4228 aliter
829 4185 1088 4244 usurpant
1117 4175 1370 4244 nuptialis
1420 4175 1754 4242 conjunctio-

189 4266 273 4318 nis
325 4267 541 4320 modum
590 4280 620 4318 a
669 4265 779 4319 Deo
817 4266 1140 4319 institutum.
1181 4285 1206 4317 ι
1264 4266 1595 4334 Astipulatur
1637 4267 1750 4319 Au—

188 4356 433 4427 gustinus
459 4356 594 4412 libro
630 4356 707 4411 De
732 4358 861 4412 bona
885 4357 1170 4426 conjugali,
1196 4371 1314 4425 cap.
1344 4357 1398 4409 7.
1441 4376 1458 4408 ι
1485 4356 1746 4421 Reddere,

1863 1892 2027 1936 stare.

1933 1993 2212 2050 Postremo
2260 1995 2481 2050 iteratas
2527 1998 2762 2066 nuptias,
2805 2013 2910 2052 non
2954 1999 3105 2067 quasi
3146 1998 3442 2056 damnosas

1862 2085 2076 2154 penitus
2105 2100 2168 2138 ac
2206 2088 2425 2153 noxias,
2461 2088 2554 2141 sed
2591 2087 2742 2156 quasi
2789 2091 2875 2157 pio
2903 2099 2956 2142 et
2993 2090 3298 2146 Christiano
3331 2093 3438 2146 ho-'

1863 2175 2004 2229 mine
2047 2175 2292 2247 indignas
2333 2177 2684 2233 Adamantius
2724 2181 3010 2234 traduxit:
3052 2183 3192 2250 quod
3234 2185 3437 2238 merito

1862 2267 2130 2322 criminati
2172 2277 2298 2322 sunt
2343 2269 2852 2339 Magdeburgenses,
2888 2271 3042 2326 Cent.
3077 2274 3130 2338 5,
3166 2289 3285 2342 cap.
3338 2274 3425 2328 10.

1867 2376 1885 2409 ι
1919 2357 2070 2411 Nunc
2099 2373 2250 2423 vero,
2290 2377 2308 2410 ι
2365 2361 2537 2428 inquit
2571 2360 2760 2415 homil.
2805 2361 2872 2415 17
2900 2361 2954 2415 in
3002 2359 3160 2429 Luc.,
3187 2381 3205 2413 ι
3255 2372 3308 2416 et
3341 2377 3429 2417 sc-

1861 2449 2071 2513 cundaz,
2099 2457 2152 2502 et
2187 2449 2380 2513 tertiae,
2413 2458 2465 2504 et
2492 2459 2698 2520 quarta:
2730 2452 2950 2520 nuptiae,
2989 2461 3048 2504 ut
3083 2452 3149 2506 de
3185 2452 3439 2521 pluribus

1865 2549 2090 2604 taceam,
2140 2541 2504 2611 reperiuntur,
2549 2551 2603 2596 et
2635 2558 2742 2597 non
2788 2545 3097 2612 ignoramus
3139 2544 3280 2614 quod
3322 2544 3428 2600 tale

1860 2627 2169 2697 conjugium
2204 2629 2382 2696 ejiciet
2419 2646 2516 2683 nos
2550 2631 2614 2684 de
2649 2645 2812 2701 regno
2844 2631 2958 2685 Dei.
2995 2649 3014 2684 ι
3073 2631 3139 2686 Ει
3185 2633 3425 2688 deinde:

1866 2738 1885 2770 ι
1925 2719 1996 2772 De
2021 2729 2163 2773 caatu
2191 2719 2582 2788 primitivormn
2635 2722 3212 2792 immaculatorumque
3244 2723 3431 2778 Eccle-

1861 2812 1971 2871 sice,
2012 2827 2130 2881 quae
2160 2829 2262 2866 non
2295 2812 2453 2866 habet
2497 2813 2782 2877 maculam,
2815 2828 2988 2882 neque
3019 2829 3202 2883 rugam
3235 2815 3293 2849 ⁶¹
3321 2813 3428 2882 eji-

1861 2903 2033 2957 cietur
2054 2903 2317 2971 digamus,
2340 2918 2444 2957 non
2477 2918 2583 2972 quo
2613 2903 2662 2956 in
2689 2913 2945 2958 aeternum
2977 2908 3217 2959 mittatur
3244 2905 3435 2959 incert--

1861 2992 2033 3058 dium,
2067 2993 2161 3046 sed
2207 3006 2315 3061 quo
2364 3003 2575 3061 partem
2614 3009 2716 3047 non
2748 2993 2941 3047 habeat
2973 2994 3026 3047 in
3059 3009 3223 3063 regno
3256 2995 3370 3050 Dei.
3403 3014 3420 3047 ι

1863 3081 1995 3137 Tum
2021 3099 2143 3136 mox
2170 3101 2182 3136 :
2218 3101 2237 3135 ι
2271 3083 2405 3137 Puto
2431 3083 2572 3137 enim
2609 3098 3010 3154 monogamnm,
3053 3095 3105 3140 et
3134 3085 3422 3155 virginem,

1856 3183 1908 3227 et
1937 3188 2057 3226 eum
2099 3172 2191 3242 qui
2220 3172 2272 3225 in
2298 3171 2615 3226 castimonia
2646 3181 2977 3240 perseverat,
3004 3187 3124 3226 esse
3146 3173 3211 3226 de
3239 3173 3427 3226 Eccle~

1855 3264 1933 3318 sia
1964 3263 2093 3329 Dei;
2125 3278 2247 3317 eum
2283 3278 2408 3316 vero
2436 3262 2527 3332 qui
2557 3264 2628 3316 sit
2658 3263 2920 3333 digamus,
2951 3263 3073 3317 licet
3101 3263 3293 3317 bonam
3331 3263 3424 3316 ha-

1853 3355 1979 3409 beat
2012 3354 2498 3418 cooversationem,
2545 3363 2600 3407 et
2641 3354 2851 3408 eteteris
2884 3354 3173 3408 virtutibus
3201 3353 3423 3422 polleat,

1855 3454 2032 3499 tamen
2055 3461 2158 3499 non
2185 3459 2302 3499 esse
2326 3445 2391 3498 de
2409 3444 2670 3510 Ecclesia,
2702 3453 2757 3499 et
2777 3446 2840 3498 de
2858 3458 2920 3498 eo
2943 3459 3168 3498 numero
3200 3445 3290 3513 qui
3310 3460 3416 3497 non

1855 3536 2015 3590 habet
2035 3551 2217 3606 rugam
2236 3544 2324 3588 aut
2345 3535 2629 3600 maculam,
2649 3543 2739 3589 aut
2761 3534 2959 3602 aliquid
2982 3536 3283 3590 istiusmodi
3301 3551 3314 3599 ;
3331 3535 3424 3588 sed

1852 3642 1970 3682 esse
1992 3628 2056 3681 de
2085 3627 2320 3681 secundo
2346 3627 2536 3695 gradu,
2559 3635 2612 3679 et
2640 3626 2704 3680 de
2726 3627 2811 3680 his
2834 3631 2922 3694 qui
2952 3627 3203 3682 invocant
3229 3644 3422 3681 nomen

1855 3718 2086 3781 Domini,
2133 3727 2186 3771 et
2230 3719 2318 3786 qui
2375 3716 2650 3770 salvantur
2698 3717 2913 3787 quidem
2958 3718 3008 3770 in
3051 3719 3268 3772 nomine
3296 3716 3422 3771 Jcsu

1853 3809 2080 3876 Christi;
2123 3823 2460 3876 nequaquam
2515 3817 2689 3861 tamen
2749 3819 3077 3862 coronantur
3131 3809 3198 3862 ab
3250 3824 3334 3862 eo.
3399 3827 3423 3860 ι

1853 3899 1986 3954 llinc
2027 3900 2243 3954 homilia
2289 3899 2354 3953 19
2397 3899 2452 3951 in
2487 3896 2708 3962 Jerem.,
2773 3915 2923 3951 num.
2969 3898 3024 3964 4,
3073 3914 3176 3953 non
3222 3908 3426 3955 aeterno

1852 3993 2066 4061 quidem
2111 3989 2464 4044 addicendum
2502 3990 2664 4042 tradit
2697 3990 2959 4059 supplicio
2985 3991 3292 4059 digamum,
3329 3997 3421 4045 sed

1851 4083 2164 4152 participem
2187 4082 2374 4136 salutis
2397 4080 2622 4146 alicujus
2646 4079 2906 4144 futurum,
2932 4096 3033 4134 non
3061 4091 3235 4136 tamen
3264 4090 3423 4136 tanta:

1851 4174 2140 4239 felicitatis,
2187 4181 2400 4241 quantae
2455 4172 2542 4240 qui
2596 4186 2762 4240 purus
2814 4171 3027 4227 vixerit.
3075 4171 3243 4226 Tomo
3290 4187 3423 4240 quo-

1850 4279 1954 4333 que
1982 4279 2053 4317 xx
2106 4265 2160 4316 in
2195 4261 2382 4329 Ιοαιιη
2425 4277 2570 4315 num.
2608 4261 2696 4326 10,
2745 4262 2796 4315 in
2834 4277 2898 4316 eo
2945 4264 3252 4332 neutiquam
3304 4264 3424 4317 imi-

1853 4352 2068 4406 tandum
2101 4351 2468 4405 Abrahamum
2505 4350 2846 4419 pronuntiat,
2873 4350 3016 4419 quod
3061 4351 3268 4406 ancilla:
3295 4367 3423 4406 con-

188 4450 385 4519 inquit,
451 4450 686 4505 debitum
747 4449 1025 4519 conjugale
1079 4449 1276 4502 nullius
1333 4459 1417 4501 est
1478 4448 1747 4514 criminis;
1782 4479 1826 4532 Β
1854 4442 2134 4507 cubuerit,
2164 4450 2218 4496 et
2264 4441 2525 4496 defunctae
2553 4442 2706 4495 uxori
2738 4441 2895 4494 aliam
2936 4442 2986 4494 iu
3031 4452 3307 4498 senectute
3334 4459 3424 4496 su-

189 4543 408 4609 exigere
437 4552 614 4595 autem
647 4541 785 4594 nltra
818 4541 1107 4611 generandi
1150 4541 1548 4603 necessitatem,
1581 4538 1752 4607 culpze

188 4634 411 4687 vcnialis
442 4651 455 4686 :
495 4652 512 4683 ι
545 4633 688 4701 quod
732 4633 889 4686 iterat
924 4645 1044 4698 cap.
1095 4630 1164 4684 10
1187 4640 1237 4682 et
1266 4629 1355 4692 11,
1389 4638 1441 4682 et
1465 4629 1559 4683 lib.
1612 4643 1628 4681 ι
1682 4627 1753 4681 De

189 4736 336 4794 nupt.
367 4736 413 4778 et
444 4725 767 4792 concupisc.,
799 4738 917 4792 cap.
957 4722 1044 4774 14.
1079 4721 1414 4788 Astipnlatur
1453 4731 1505 4774 et
1541 4720 1753 4788 supple-

189 4829 426 4871 mentum
463 4817 694 4871 Summa
714 4816 774 4870 S.
810 4814 1018 4867 Thomas
1063 4824 1252 4881 qmest.
1290 4814 1380 4875 49,
1423 4828 1472 4866 a.
1506 4813 1558 4867 5.
1599 4812 1750 4879 Quod

190 4921 367 4964 autem
397 4910 561 4979 jactat
601 4907 927 4977 Theophilus
967 4905 1162 4959 Pasch.
1203 4907 1238 4958 2
1281 4917 1334 4959 et
1381 4907 1436 4970 ὅ,
1467 4906 1748 4974 Origenem

194 5022 216 5055 ι
253 5003 597 5058 honorabiles
620 5001 1005 5055 condemnasse
1027 5002 1262 5069 nuptias,
1297 5018 1314 5051 ι
1352 5015 1456 5054 ιιοιι
1487 5001 1534 5052 id
1557 5014 1619 5051 ex
1640 4999 1753 5068 ejus

189 5094 394 5157 verbis,
422 5091 514 5146 sed
547 5107 611 5146 cx
643 5091 896 5145 doctrina:
925 5089 1088 5158 ipsius
1118 5088 1500 5157 consequentia
1531 5089 1705 5157 arguit
1738 5108 1750 5143 :

189 5187 267 5239 sic
297 5186 438 5238 enim
473 5183 856 5236 ratiocinatur:
887 5181 940 5234 Si
967 5183 1017 5233 in
1047 5194 1292 5247 corpora,
1319 5179 1397 5234 sic
1421 5186 1670 5247 tanquam
1697 5180 1748 5231 in

189 5275 479 5344 ergastula,
509 5273 862 5327 detruduntur
893 5272 1088 5324 animae
1120 5270 1313 5333 noxiae,
1338 5283 1440 5321 non
1473 5283 1593 5322 esse
1623 5268 1751 5322 illud

195 5387 213 5420 ι
239 5366 412 5419 cubile
439 5363 860 5426 immaculatum,
885 5381 903 5413 ι
934 5376 1030 5415 nec
1055 5378 1072 5411 ι
1100 5358 1442 5413 honorabiles
1467 5358 1700 5426 nuptias,
1727 5376 1745 5408 ι

189 5473 309 5528 quae
369 5455 663 5509 formandis
717 5451 1053 5522 corporibus,
1106 5465 1170 5504 ac
1222 5449 1413 5502 animis
1465 5447 1750 5515 puniendis

189 5561 407 5618 operam
443 5545 593 5608 dant,
632 5559 780 5610 cum
811 5559 828 5592 ι
861 5550 1080 5610 propter
1116 5552 1303 5608 pinnas
1334 5536 1659 5600 animarum,
1697 5543 1750 5588 et

260 5775 282 5805 ⁶
323 5776 337 5793 ⁸
370 5774 567 5838 Ephes.
609 5787 658 5831 v,
689 5769 776 5822 27.

1854 4531 2243 4602 perindnxerit.
2291 4531 2540 4586 Profecto
2570 4547 2672 4584 non
2710 4530 3046 4584 Montanistm
3067 4571 3082 4596 ,
3122 4533 3261 4584 inter
3287 4546 3429 4600 quos

1856 4622 2234 4688 Tertullianus,
2263 4636 2363 4675 nec
2402 4620 2685 4674 Novatiani
2718 4618 2889 4673 solum
2922 4619 3023 4672 hac
3053 4619 3302 4688 opinione
3343 4623 3424 4673 in-

1855 4715 1979 4770 fecti
2007 4723 2148 4776 sunt,
2173 4714 2265 4768 sed
2298 4712 2550 4766 nonnulla
2578 4712 2739 4766 etiam
2766 4710 2921 4780 hujus
2942 4712 3119 4765 ab‘inia
3148 4727 3214 4764 ex
3237 4715 3425 4767 ortho-

1857 4807 2007 4860 doxis
2036 4806 2386 4872 scriptoribus
2413 4804 2590 4857 atlerri
2622 4802 2814 4868 solent,
2844 4819 2961 4872 qua:
2992 4804 3042 4856 in
3075 4804 3422 4860 Decretorum

1855 4908 2006 4966 parte
2033 4913 2090 4962 ll,
2121 4912 2268 4951 caus.
2301 4898 2391 4959 51,
2424 4905 2614 4965 quaest.
2647 4895 2697 4961 1,
2726 4910 2846 4948 can.
2880 4893 2934 4959 8,
2977 4896 3009 4949 9
3033 4905 3088 4949 et
3120 4896 3206 4961 10,
3246 4897 3429 4950 retulit

1857 4990 2161 5043 Gratianus.
2193 4986 2346 5040 Prior
2386 4988 2534 5041 locus
2566 4994 2650 5039 est
2692 5001 2755 5039 ex
2791 4983 3210 5040 Neocaesariensi
3238 4989 3426 5042 conci-

1856 5079 1944 5145 lio,
1985 5094 2089 5146 quo
2125 5096 2142 5128 (
2182 5077 2534 5132 secundarum
2569 5077 2874 5145 nuptiarum
2933 5079 3202 5132 connubio
3239 5096 3258 5129 ›
3302 5094 3426 5147 pre-

1857 5172 2039 5242 sbyter
2071 5170 2330 5222 interesse
2365 5167 2704 5236 prohibetur,
2739 5184 2858 5222 cum
2906 5169 3202 5235 praesertim
3227 5171 3434 5238 nuptiis

1854 5262 2113 5332 ejusmodi
2145 5261 2456 5329 pmnitentia
2489 5260 2685 5328 imponi
2721 5261 2907 5314 soleat.
2949 5257 3051 5314 Ubi
3084 5275 3202 5328 pro,
3236 5277 3255 5310 ι
3296 5275 3426 5313 con-

1857 5353 2038 5415 nubio,
2072 5369 2090 5400 ι
2125 5351 2405 5414 legendum
2435 5357 2537 5412 est,
2571 5367 2589 5398 ‹
2620 5349 2898 5413 convivio;
2937 5366 2956 5398 ι
2989 5350 3066 5402 sic
3089 5348 3231 5403 enim
3269 5350 3427 5416 paulo

1859 5452 1976 5512 post
2029 5441 2300 5495 habetur:
2352 5459 2368 5489 c
2409 5440 2540 5506 Quis
2575 5440 2679 5493 erit
2724 5441 3027 5510 presbyter,
3075 5437 3162 5506 qui
3206 5448 3428 5505 propter

1856 5534 2160 5591 conviviqu
2207 5532 2309 5587 illis
2351 5532 2652 5587 consentiat
2702 5531 2940 5601 nuptiis?
2974 5549 2992 5582 ι
3034 5528 3108 5583 lta
3149 5528 3342 5598 legitur
3370 5527 3425 5583 in
