3860 6226
405 317 537 373 1091

1685 313 1748 370 Ρ.
1784 312 2101 369 DANIELIS
2140 313 2374 369 ItUETlI

3546 314 3697 370 1093

405 433 539 501 ipsis
570 429 781 486 concilii
805 429 1224 498 exemplaribus,
1253 445 1319 485 ex
1351 430 1540 486 Graeco
1576 430 1993 503 εΠρεσϐύ-εερον
2022 437 2066 492 Α
2099 433 2273 500 patria
2315 433 2526 485 illorum
2553 430 2783 486 dialecto
2810 429 3076 500 significat
3104 430 3312 501 Magos.
3345 451 3369 483 1
3404 430 3688 502 Praecipni

404 527 486 588 εἰς
531 523 747 595 γάμους
798 523 1173 593 διγαμούντων
1222 524 1295 595 μὴ
1351 524 1651 578 ἑστιᾶσθαι.
1712 524 1863 590 Quod
1911 526 1989 579 sic

406 616 581 669 reddit
628 615 917 686 Dionysius
950 614 1189 684 Exiguus
1235 633 1249 668 :
1297 634 1314 665 ι
1361 615 1658 686 Presbyter
1687 615 1741 668 in
1792 616 1989 684 nuptiis

404 707 525 775 ejus
555 708 646 777 qui
683 708 817 761 duas
860 721 1060 759 uxores
1086 706 1263 769 ducit,
1311 721 1403 760 seu
1448 707 1695 777 digamus
1740 707 1986 772 efficitur,

407 816 474 853 nc
505 800 846 854 convivctur.
889 818 907 849 ι
944 797 1094 851 Alter
1135 797 1289 852 locus
1325 806 1406 851 est
1441 814 1508 851 ex
1549 808 1771 853 auctore
1803 799 1991 867 Operi:

408 891 724 959 imperfecti,
758 891 946 945 homil.
995 890 1064 943 5'5
1089 891 1141 943 in
1179 888 1391 953 Matth.,
1424 890 1512 955 f9,
1545 907 1650 958 quo
1683 892 1991 945 decernitur

409 984 617 1038 licitum
663 999 783 1039 esse
825 984 1120 1039 secundum
1161 982 1402 1052 Apostoli
1436 994 1760 1052 praeceptum
1792 1000 1991 1037 secun-

406 1077 503 1131 das
537 1078 687 1132 adire
734 1077 969 1145 nuptias,
1014 1094 1031 1126 t
1077 1074 1370 1129 secundum
1413 1084 1591 1128 autem
1631 1074 1874 1128 veritatis
1906 1090 1992 1128 ra-

408 1170 635 1231 tionem,
681 1184 808 1222 vere
837 1168 1251 1221 fornicationem
1296 1180 1414 1221 esse
1447 1185 1460 1219 :
1491 1166 1583 1220 sed
1619 1181 1739 1220 cum
1770 1166 1993 1234 permit-

325 1325 329 1329 ν
411 1266 559 1311 tente
611 1256 721 1311 Deo
775 1256 987 1325 publice
1055 1265 1110 1311 et
1167 1256 1389 1310 licenter
1439 1256 1821 1320 committitur,
1876 1256 1990 1311 fieri

410 1348 692 1403 honeSIatn
749 1351 1183 1404 fornicationem.
1223 1369 1239 1401 ι
1273 1350 1513 1403 Tertium
1551 1351 1765 1404 demunt
1805 1360 1995 1421 suppe'o

408 1441 545 1495 ditat
586 1442 953 1513 llieronymns
1012 1442 1107 1496 lib.
1140 1458 1154 1495 ι
1208 1442 1262 1495 in
1299 1441 1597 1506 Jovinian.,
1628 1458 1750 1512 cap.
1798 1443 1852 1508 8,
1888 1458 1993 1511 quo

409 1535 676 1589 secundas
722 1536 936 1603 nuptias
972 1534 1054 1588 vix
1088 1534 1392 1603 nuptiarum
1437 1536 1657 1590 nomine
1689 1537 1990 1602 donandus,

408 1637 465 1682 et
494 1628 582 1681 vix
610 1630 945 1682 excusandas
975 1628 1181 1682 definit.
1215 1628 1284 1680 At
1318 1628 1369 1681 id
1412 1645 1517 1683 non
1552 1636 1660 1681 tam
1695 1630 1757 1681 ad
1792 1644 1883 1682 eas
1908 1645 1993 1683 re-

409 1720 734 1789 pudiandas,
764 1734 921 1789 quam
955 1720 1018 1772 ad
1055 1719 1415 1774 extollendam
1454 1720 1736 1773 viduarum
1769 1721 1993 1774 castita-

408 1816 518 1862 tem
553 1808 755 1861 dictum
810 1808 1097 1876 respondet
1151 1806 1462 1869 Gratianus,
1512 1815 1567 1860 et
1618 1820 1685 1860 ex
1723 1805 1842 1859 aliis
1875 1805 1991 1875 ejus

411 1897 739 1951 testimoniis
793 1898 1077 1966 approbat.
1133 1897 1239 1951 Tot
1294 1913 1423 1952 vero
1484 1908 1656 1953 scatet
1712 1900 1992 1954 erroribus

410 1987 599 2055 Operis
639 1990 931 2058 imperfecti
969 1991 1227 2059 scriptor,
1260 2001 1316 2044 ut
1356 1991 1408 2044 in
1446 1991 1769 2059 dogmaticis
1803 1992 1989 2060 dispu-

409 2081 705 2135 tationibus
754 2081 976 2135 minime
1024 2082 1095 2135 sit
1138 2082 1456 2137 audiendus.
1501 2081 1991 2137 Neo’cmsariensem

410 2181 592 2225 autem
625 2172 883 2242 synodum
935 2172 1001 2225 de
1034 2172 1276 2241 pluribus
1319 2170 1478 2225 simul
1512 2170 1692 2225 ductis
1732 2170 1992 2223 uxoribus

410 2278 572 2333 agere
615 2262 858 2317 nonnulli
908 2262 1233 2330 respondent
1291 2279 1304 2315 :
1362 2276 1522 2330 quam
1581 2260 1992 2330 responsionem

410 2353 643 2424 probare
679 2368 781 2406 non
820 2368 1058 2421 possum.
1092 2351 1269 2405 Malim
1306 2350 1463 2404 fateri
1514 2351 1673 2405 talem
1711 2350 1877 2407 fuisse
1923 2366 1985 2405 ea

411 2454 570 2499 :ctate
614 2443 871 2499 Ecclesiae
922 2444 1267 2498 severitatem
1309 2452 1365 2497 et
1403 2443 1658 2511 rigorem,
1714 2454 1772 2497 ut
1820 2444 1993 2498 licitas

417 2535 562 2602 licet,
606 2536 839 2606 aliquam
878 2544 1056 2599 tamen
1084 2534 1492 2588 incontinentiae
1528 2534 1764 2601 speciem
1796 2548 1907 2602 pra:
1935 2550 1994 2589 se

412 2626 650 2681 ferentes
699 2627 912 2695 nuptias
963 2622 1252 2689 secundas,
1308 2639 1412 2676 non
1460 2623 1773 2678 celebritate
1817 2624 1993 2679 solum

412 2731 622 2781 carere,
661 2717 819 2787 eique
864 2718 1237 2786 presbyterum
1287 2717 1507 2770 omnino
1550 2732 1656 2770 non
1706 2717 1991 2783 interesse,

411 2810 505 2864 sed
532 2808 863 2880 ptenitentize
889 2808 1050 2862 etiam
1077 2808 1417 2878 itnpositione
1444 2809 1676 2878 quodam
1702 2811 1861 2863 modo
1894 2824 1992 2864 no-

414 2911 580 2956 tatam
613 2916 732 2955 esse
766 2901 945 2954 vellet.-

489 2992 580 3051 lV.
634 2992 963 3061 Theophilus
1021 2991 1436 3055 Alexandrinus,
1479 2989 1674 3045 Pasch.
1732 2992 1768 3045 2
1837 2993 1994 3061 epist.

415 3084 704 3154 Origcnem
734 3092 993 3137 causatur
1018 3083 1239 3152 magicis
1270 3083 1477 3136 artibus
1501 3084 1859 3151 patrocinium
1892 3086 1988 3139 tri-

2092 534 2268 579 autem
2313 526 2452 578 inter
2493 524 2848 592 philosophia:
2879 534 3131 591 parentes
3166 524 3301 596 Magi
3335 539 3690 579 commemo-

2090 626 2280 667 rantur
2323 631 2351 667 a
2388 613 2603 668 thertio
2639 615 2688 666 in
2736 614 2971 668 Protem.
3016 614 3244 685 Magiam
3288 622 3419 684 ergo
3466 614 3516 667 si
3571 629 3686 666 rem

2084 715 2198 754 non
2249 701 2441 753 malam
2474 716 2593 755 esse
2639 702 2776 755 dixit
2816 701 3102 771 Origenes,
3131 704 3357 772 perinde
3402 712 3488 756 est
3532 719 3599 756 ac
3640 705 3687 756 si

2094 796 2494 866 philosophiam
2536 814 2647 852 rem
2698 814 2803 851 non
2847 798 3040 851 malam
3085 796 3301 852 dixerit.
3354 796 3479 849 Pari
3524 796 3689 849 modo

2093 888 2467 956 accipiendum
2515 898 2597 943 est
2655 889 2795 959 quod
2852 890 2923 942 ait
2990 890 3085 943 lih.
3134 905 3208 943 νιι
3270 900 3458 941 contra
3515 886 3687 947 Cela,

2095 995 2242 1032 num.
2278 979 2331 1043 5,
2372 992 2542 1033 artem
2583 980 3004 1052 προγνωστικὴν
3038 981 3269 1034 medium
3309 977 3521 1048 aliquid
3565 993 3688 1031 05st:

2093 1082 2147 1125 et
2191 1071 2501 1125 indifferens
2547 1093 2559 1126 :
2610 1090 2731 1126 nam
2778 1075 2822 1128 si
2869 1091 2933 1128 ex
3002 1089 3286 1127 causarum
3345 1071 3687 1126 naturalium

2094 1164 2429 1233 inspectione
2459 1165 2857 1230 proficiscatur,
2892 1166 3175 1219 laudabilis
3206 1175 3320 1228 est;
3348 1167 3434 1218 sin
3470 1180 3538 1218 ex
3574 1163 3691 1217 dte-

2097 1273 2314 1311 tuonum
2360 1260 2585 1323 technis,
2614 1261 2982 1327 vituperanda.
3021 1261 3076 1312 Ὀ
3104 1260 3272 1327 Λόγος
3294 1259 3357 1329 δὴ
3394 1260 3569 1328 αἱρεῖ,
3607 1258 3682 1311 in-

2094 1352 2229 1419 quit,
2257 1350 2414 1420 φαῦλ’
2440 1352 2573 1405 ἄττα
2597 1353 2836 1422 νομίζειν
2858 1348 2993 1421 εἶναι
3017 1352 3319 1406 τὰτοιαῦτα
3343 1352 3691 1423 (πνεύματα)

2094 1443 2159 1512 τῇ
2190 1446 2568 1513 προγνωστικῇ
2596 1442 2843 1513 δυνάμει,
2881 1443 3021 1516 μέσῃ
3053 1441 3394 1513 τυγχανούσῃ
3426 1444 3508 1503 εἰς
3544 1441 3696 1494 ἀπά-

2094 1540 2193 1601 την
2236 1530 2537 1603 ἀνθρώπων
2581 1534 2867 1603 χρώμενα,
2910 1532 3003 1585 καὶ
3054 1532 3187 1603 πρὸς
3232 1530 3293 1583 τὸ
3338 1532 3698 1602 περισπᾶσαι

2095 1622 2290 1684 αὐτοὺς
2331 1620 2439 1674 ἀπὸ
2486 1621 2578 1674 τοῦ
2637 1621 2793 1686 Θεοῦ,
2832 1622 2926 1673 καὶ
2966 1622 3065 1693 τῆς
3106 1620 3351 1691 καθαρᾶς
3394 1622 3476 1684 εἰς
3524 1618 3700 1674 cocta:

2096 1711 2396 1775 εὐσεϐείας.
2432 1712 2664 1781 Magicas
2691 1728 2819 1781 ergo
2863 1722 3010 1767 artes
3032 1753 3046 1774 ,
3080 1725 3199 1781 quae
3230 1714 3542 1765 dtetnOnnm
3584 1710 3699 1764 fal-

2025 1779 2067 1840 B
2098 1802 2251 1857 laciis
2277 1779 2739 1867 administrantur,
2760 1779 3041 1872 improbat
3065 1779 3119 1856 et
3149 1794 3318 1869 reficit
3345 1809 3362 1857 ε’
3392 1804 3488 1857 sed
3518 1802 3702 1856 multo

2099 1884 2263 1950 etiam
2302 1894 2555 1948 disertius
2598 1896 2697 1948 sub
2742 1893 2902 1948 finem
2945 1895 3315 1949 antecodentis
3346 1894 3493 1959 libri,
3531 1911 3697 1952 num.

2100 1987 2203 2050 80;
2238 1988 2306 2041 ibi
2337 1988 2531 2055 quippe
2556 1986 2768 2040 Celsum
2795 1985 3055 2056 coarguit,
3088 1986 3176 2055 qui
3209 1985 3388 2056 Magos
3416 1981 3700 2039 ἐνθεωτᾶ-

2098 2096 2225 2142 τους
2260 2079 2638 2147 appellaverat,
2694 2078 2785 2147 ἀφ’
2817 2072 2911 2141 ὧν,
2949 2080 3137 2147 inquit,
3171 2079 3204 2147 ή
3230 2079 3567 2150 παρώνυμος
3595 2080 3697 2132 τοῦ

2100 2171 2285 2235 ἔθνους
2331 2170 2507 2223 αὐτῶν
2560 2170 2759 2241 μαγεῖαι
2799 2170 2889 2222 καὶ
2934 2173 3046 2233 τοῖς
3085 2168 3289 2233 λοιποῖς
3318 2171 3553 2233 ἔθνεσιν,
3598 2172 3697 2224 ἐπὶ

2099 2261 2363 2332 διαφθορᾷ
2402 2262 2495 2313 καὶ
2527 2259 2729 2331 ὀλέθρῳ
2767 2260 2874 2313 τῶν
2908 2262 3204 2332 χρωμένων
3237 2262 3395 2333 αὐτῇ,
3433 2262 3693 2334 ἐπιδεδὴ-

2105 2370 2304 2425 μηκεν·
2330 2364 2384 2407 et
2412 2353 2594 2408 homil.
2637 2353 2697 2405 f3
2743 2354 2799 2405 in
2841 2351 3034 2415 Νιιηι..
3072 2369 3221 2406 ιιιιιιι.
3255 2354 3287 2407 5
3323 2371 3335 2405 :
3374 2373 3392 2405 ι
3436 2353 3547 2408 Nec
3581 2356 3691 2407 mi-

2102 2448 2257 2513 reris,
2303 2446 2346 2498 si
2379 2454 2463 2499 est
2496 2444 2549 2498 in
2590 2445 2795 2515 magica
2827 2453 2943 2499 arte
2974 2444 3077 2497 tale
3111 2444 3309 2513 aliquid
3342 2462 3354 2498 :
3384 2459 3503 2499 esse
3534 2446 3689 2498 enim

2102 2538 2245 2591 hanc
2293 2546 2463 2590 artem
2500 2536 2747 2606 designat
2793 2537 2955 2590 etiam
3001 2534 3304 2605 Scriptura,
3349 2535 3442 2590 sed
3494 2536 3574 2590 uti
3617 2550 3686 2590 ea

2104 2628 2371 2696 prohibet.
2404 2627 2539 2681 Nam
2566 2637 2621 2682 et
2654 2629 2922 2682 daemones
2955 2625 3232 2697 Scriptura
3262 2642 3381 2682 esse
3408 2628 3687 2700 designat,

2104 2719 2197 2773 sed
2237 2719 2341 2772 coli
2376 2734 2468 2774 eos
2497 2729 2550 2772 et
2575 2720 2790 2773 exorari
2822 2730 2987 2775 vetat.
3017 2717 3187 2776 Recte
3215 2735 3345 2789 ergo
3371 2722 3540 2773 etiam
3571 2734 3689 2775 ma-

2106 2811 2221 2880 gica
2271 2811 2346 2864 uti
2397 2812 2665 2880 prohibet,
2722 2812 2846 2880 quia
2896 2810 3171 2880 Magorum
3223 2811 3461 2867 ministri
3502 2810 3685 2882 angefi

2106 2909 2230 2955 sunt
2274 2902 2507 2972 refugae,
2540 2912 2594 2957 et
2628 2903 2852 2974 spiritus
2897 2903 3137 2974 maligni,
3173 2912 3228 2958 et
3274 2904 3544 2958 daemonia
3580 2907 3683 2958 imi

2106 2994 2326 3050 munda.
2361 3013 2379 3046 ι
2421 2994 2649 3063 Reliqua
2682 3004 2789 3048 non
2825 2996 3001 3049 minus
3052 2995 3283 3049 dilucida
3323 2996 3558 3050 vitandae
3600 3012 3689 3050 sa-

2113 3087 2309 3141 tietatis
2343 3103 2502 3141 causa
2535 3086 2903 3157 praetermitto.
2932 3086 3192 3141 Tractatu
3214 3088 3375 3142 etiam
3405 3090 3464 3141 in
3487 3086 3684 3142 Matth.

413 3150 615 3233 bttisse.
666 3175 836 3229 Verba
887 3176 999 3228 hare
1047 3150 1265 3228 adducit
1321 3191 1351 3229 e
1403 3150 1621 3244 scriptis
1677 3175 1928 3247 Origenis
1979 3150 2073 3232 :C
2111 3178 2383 3232 tricesimo
2425 3150 2636 3246 quinto,
2690 3195 2840 3233 num.
2890 3178 3011 3245 llO,
3056 3194 3176 3249 pag.
3227 3178 3351 3247 9ft),
3402 3179 3685 3235 Judaicum

421 3288 442 3322 ί
482 3270 587 3323 Ars
639 3268 845 3336 magica
888 3282 992 3320 non
1045 3268 1173 3320 mihi
1211 3267 1425 3321 videtur
1471 3268 1699 3335 alicujus
1750 3270 1825 3322 rei
1868 3268 1997 3323 sub-

417 3360 665 3416 sistentis
709 3358 1025 3413 vocabulum
1078 3376 1092 3409 :
1135 3359 1227 3412 sed
1267 3360 1370 3413 etsi
1404 3360 1498 3424 sit,
1542 3376 1648 3414 non
1693 3370 1773 3414 est
1817 3363 1998 3430 operis

418 3451 568 3517 ntali,
615 3465 682 3505 ne
735 3449 862 3518 quid
914 3450 1115 3504 habere
1166 3450 1336 3517 possit
1375 3455 1727 3521 contemptui.
1792 3472 1810 3505 ι
1862 3453 1997 3508 Τιιιιι

420 3544 587 3600 multa
633 3542 893 3596 adversus
925 3557 1047 3594 eum
1081 3542 1316 3597 oratorie
1346 3556 1666 3613 exaggerat;
1706 3558 1791 3598 res
1827 3555 2000 3598 atten-

419 3637 528 3690 tius
601 3636 956 3704 intrdspicere
1030 3638 1250 3704 insuper
1315 3636 1496 3689 habet.
1568 3637 1857 3706 Origenetn
1925 3639 1999 3690 ait

416 3727 639 3799 Elymze,
667 3725 871 3782 lamna:
898 3737 949 3781 et
1003 3727 1256 3781 Mambrae
1286 3729 1548 3782 fautorem
1585 3744 1740 3797 esse;
1770 3730 1997 3784 deletam

417 3819 586 3873 fuisse
634 3818 866 3873 adventu
914 3818 1122 3873 Christi
1170 3820 1564 3884 idololatriam,
1605 3837 1724 3890 quae
1769 3836 1837 3875 ex
1884 3834 2002 3877 arte

417 3911 628 3980 magica
684 3910 927 3979 profecta
982 3921 1058 3974 et,
1116 3927 1177 3965 ac
1221 3908 1450 3966 deleta'tn
1502 3913 1727 3981 proinde
1771 3915 1999 3984 magiam

419 4002 595 4071 ipsum
619 4017 635 4067 ;
665 4001 877 4071 aliaque
904 4001 1167 4071 ejusmodi
1192 4002 1419 4072 plurima
1443 4004 1701 4075 congerit.
1733 4003 1997 4071 Quocirca

420 4108 723 4166 anonymus
751 4096 889 4163 apud
920 4092 1186 4161 Photinm,
1223 4096 1341 4151 cod.
1368 4108 1536 4163 exvit,
1575 4098 1714 4152 inter
1745 4099 2003 4154 crimina-

421 4185 597 4239 tiones
644 4184 696 4237 in
732 4183 1022 4255 Origenem
1068 4184 1136 4237 ab
1176 4186 1505 4242 adversariis
1554 4187 1818 4242 conflatos
1862 4189 2003 4245 hanc

421 4291 565 4330 nono
594 4275 710 4331 loco
741 4287 982 4331 recenset
1026 4293 1040 4328 :
1075 4277 1155 4329 ὅτι
1197 4278 1257 4330 οὐ
1288 4272 1455 4332 κακὸν
1484 4282 1517 4351 ἡ
1551 4280 1756 4350 μαγία”
1805 4282 2002 4336 malam

424 4384 528 4422 non
560 4385 669 4421 esse
708 4369 960 4437 mugiunt.
1006 4369 1383 4426 Meminissent
1412 4382 1759 4428 accusatores
1799 4373 1874 4427 illi
1906 4374 2004 4429 du-

422 4460 621 4529 plicem
678 4474 797 4514 esse
848 4461 1101 4530 magiam,
1159 4471 1211 4515 ιιι
1263 4474 1413 4518 recte
1461 4479 1524 4518 ex
1565 4464 1916 4536 Hieronymo,
1950 4478 2003 4522 et

421 4549 635 4607 Iustino
698 4554 925 4621 probant
962 4553 1147 4608 Sixtus
1186 4553 1279 4611 lib.
1331 4571 1406 4619 vr,
1446 4567 1629 4613 annot.
1660 4558 1715 4624 8,
1747 4568 1800 4613 et
1826 4558 2002 4614 Gene-

425 4642 653 4698 brartlus
673 4643 891 4697 Collecl.
920 4660 1037 4713 cap.
1074 4647 1128 4711 6,
1161 4646 1406 4709 alteram,
1432 4663 1549 4717 quae
1575 4665 1639 4703 cx
1668 4651 2004 4705 naturalibus

427 4734 606 4789 causis
652 4744 706 4788 et
755 4736 1033 4805 principiis
1085 4752 1171 4790 res
1222 4738 1479 4807 praevidet
1531 4750 1585 4793 et
1631 4742 1898 4809 praedicit,
1949 4751 2003 4795 et

430 4842 812 4895 nonnunquam
839 4829 998 4881 etiam
1038 4826 1221 4895 efficit,
1257 4845 1375 4898 quae
1408 4832 1622 4900 pr0prie
1661 4833 2002 4902 philosophia

430 4926 545 4982 est;
580 4918 829 4983 atteram,
863 4930 983 4989 quae
1010 4919 1311 4973 daunonum
1344 4936 1445 4991 Ope
1473 4931 1528 4975 et
1556 4924 1796 4978 subsidio
1822 4933 2001 4989 utens,

434 5009 720 5080 prastigiis
762 5010 1007 5065 homines
1048 5010 1189 5066 fallit
1224 5020 1278 5067 et
1321 5014 1543 5069 deludit.
1581 5014 1765 5086 Magos
1802 5016 1947 5085 illos,
1972 5032 2003 5070 a

432 5100 625 5169 quibus
670 5102 844 5171 magia
882 5102 1023 5158 dicta
1071 5112 1184 5168 est,
1238 5107 1467 5161 deorum
1520 5106 1871 5178 religionibus
1908 5108 2007 5163 ad-

430 5193 632 5258 dictos,
672 5208 865 5248 nomen
898 5195 1021 5250 inde
1048 5212 1076 5248 a
1110 5199 1283 5266 patria
1313 5199 1544 5254 dialecto
1575 5200 1797 5254 sortitos
1838 5200 2007 5254 refert

428 5284 763 5357 Porphyrius
796 5287 890 5343 lib.
926 5305 1008 5353 tu,
1044 5290 1181 5359 Περὶ
1220 5287 1507 5361 ἐμψύχων
1535 5286 1801 5359 ἀποχῆς·
1844 5289 2004 5361 Παρὰ

433 5378 535 5450 μέν
570 5396 634 5448 γε
663 5382 776 5444 τοῖς
808 5381 1066 5452 Πέρσαις,
1102 5385 1294 5453 inquit,
1326 5386 1373 5436 oi
1405 5384 1533 5456 περὶ
1562 5380 1622 5436 τὸ
1648 5383 1802 5436 Θεῖον
1827 5384 2000 5453 σοφοὶ,

429 5471 526 5524 καὶ
579 5471 743 5524 αὑτοῦ
812 5472 1174 5544 θεράποντες,
1231 5476 1409 5544 Μάγοι
1469 5476 1566 5545 μὲν
1617 5474 2005 5547 ὀνομάζονται·

429 5564 585 5617 τοῦτο
616 5565 724 5636 γὰρ
759 5565 899 5618 κατὰ
928 5566 1026 5637 τὴν
1055 5566 1349 5639 ἐπιχώριον
1387 5567 1662 5621 διάλεκτον
1694 5564 1945 5639 σημαίνει
1983 5566 2012 5619 ὁ

428 5657 637 5725 Μάγος.
673 5676 690 5709 ι
725 5658 880 5726 Apud
914 5656 1128 5726 Persas,
1157 5661 1247 5728 qui
1295 5676 1472 5714 rerum
1506 5660 1807 5715 divinarum
1848 5659 2008 5730 periti

430 5759 576 5817 sunt,
609 5751 846 5835 deosque
868 5750 1087 5821 colunt,
1129 5751 1265 5826 Magi
1301 5762 1678 5826 nuncupantur
1726 5754 1819 5812 :id
1864 5754 2010 5810 enim

2108 3284 2228 3325 esse
2259 3269 2388 3323 dicit
2431 3269 2680 3337 adjurare
2708 3270 2966 3323 dzemonia
2988 3309 3002 3335 ,
3044 3282 3217 3339 neque
3246 3272 3541 3324 secundum
3589 3285 3683 3339 po-

2109 3371 2361 3416 testatem
2414 3376 2444 3413 a
2510 3360 2725 3416 Christo
2800 3376 3145 3426 concessam;
3218 3377 3324 3430 quo
3388 3362 3685 3431 significari

2107 3452 2220 3505 vttlt
2248 3452 2308 3507 S.
2352 3450 2590 3506 Thomas
2630 3450 2750 3518 2-2,
2787 3462 2978 3521 qutest.
3008 3451 3097 3518 90,
3132 3468 3182 3504 a.
3219 3451 3273 3516 ἓ,
3308 3453 3359 3505 id
3389 3452 3687 3520 adjuratio-

2108 3544 2191 3597 nis
2222 3559 2412 3614 genus,
2448 3545 2591 3613 quod
2623 3543 2693 3614 ﬁt
2713 3559 2807 3612 per
2839 3559 3045 3613 preces,
3076 3544 3375 3609 sacrificia,
3406 3555 3463 3599 et
3495 3546 3688 3598 vetitas

2106 3634 2463 3688 caeremonias
2485 3650 2499 3696 ;
2530 3649 2635 3687 non
2658 3612 2883 3687 alterum
2923 3633 3068 3697 illud,
3095 3635 3236 3704 quod
3274 3634 3329 3687 fit
3355 3636 3683 3703 potestatiu,

2105 3733 2161 3777 ut
2198 3724 2434 3791 loquitur
2456 3723 2713 3787 Thomas,
2737 3734 2791 3777 et
2823 3740 2927 3794 quo
2962 3724 3197 3778 Ecclesia
3232 3725 3303 3777 uti
3332 3725 3488 3778 solet.
3523 3723 3689 3779 Libro

2107 3816 2266 3867 etiam
2301 3828 2360 3867 ιιι
2416 3812 2556 3884 Περὶ
2590 3812 2814 3884 ἀρχῶν,
2848 3829 2963 3885 cap.
3004 3814 3060 3879 3,
3096 3830 3244 3868 num.
3273 3815 3304 3866 5
3332 3825 3385 3868 et
3417 3814 3475 3880 4,
3523 3815 3595 3868 ita
3623 3815 3688 3869 de

2107 3907 2281 3975 magia
2311 3905 2549 3973 disserit,
2580 3917 2638 3960 ut
2674 3922 2772 3976 pro
2807 3909 2965 3963 noxia
2994 3917 3048 3963 et
3076 3907 3382 3978 perniciosa
3422 3909 3565 3964 hanc
3602 3911 3684 3980 ip-

2106 4015 2223 4054 sum
2253 3999 2504 4055 habuisse
2535 4007 2768 4054 constet.

2180 4092 2237 4145 ν.
2272 4091 2401 4159 Quae
2440 4107 2559 4146 cum
2598 4093 2668 4145 ita
2702 4106 2760 4146 se
2804 4091 3060 4155 habeant,
3112 4093 3278 4146 miror
3310 4092 3364 4146 id
3396 4094 3689 4163 scripsisse

2106 4187 2443 4241 Eustathiutn
2474 4186 2868 4239 Autiochenutn
2896 4204 2908 4238 :
2948 4184 3085 4237 Ἀλλ’
3111 4188 3139 4239 ὁ
3164 4185 3369 4256 κομψὸς
3403 4186 3690 4259 Ὡριγένης

2105 4276 2543 4347 εἰδωλολατρείας
2570 4276 2797 4348 ὄργανα,
2826 4275 2919 4328 καὶ
2946 4278 3370 4348 νεκρομαντείας
3399 4280 3691 4349 εὑρήματα

2105 4370 2182 4441 τῷ
2221 4370 2321 4441 τῆς
2363 4370 2683 4439 Ἐκκλησίας
2724 4369 2891 4423 θέλων
2935 4370 3357 4441 ὲπεισκυκλῆσαι
3398 4373 3550 4444 χορῷ
3598 4374 3688 4426 τοῦ

2108 4462 2253 4515 θείου
2280 4462 2674 4532 καταψεύδεται
2700 4463 3051 4534 Γράμματος.
3097 4482 3115 4514 ι
3152 4462 3254 4517 Sed
3281 4476 3549 4520 venustus
3573 4466 3692 4521 Ori-

2111 4572 2273 4625 genes
2308 4556 2626 4611 idololatria:
2658 4557 3015 4610 instrumenta
3040 4598 3054 4621 ,
3098 4566 3151 4611 et
3180 4560 3576 4614 necromantia:
3608 4562 3689 4614 in-

2112 4654 2267 4699 venta
2316 4645 2366 4698 in
2398 4645 2655 4699 Ecclesiae
2688 4645 2912 4699 chorum
2956 4646 3212 4701 inducere
3256 4647 3463 4713 volens,
3509 4650 3566 4703 in
3605 4666 3691 4705 sa-

2112 4753 2260 4790 cram
2282 4737 2619 4805 Scripturatn
2646 4736 2924 4790 mentitur.
2940 4755 2957 4788 ι
2980 4734 3155 4793 Locus
3184 4738 3412 4794 habetur
3435 4742 3495 4795 in
3514 4743 3691 4800 libello

2112 4826 2189 4880 De
2222 4828 2663 4897 engastrimytlto,
2696 4842 2855 4898 quem
2904 4828 3205 4884 lucubravit
3232 4831 3299 4885 ad
3340 4832 3395 4887 id
3432 4835 3685 4905 rejicieu-

2113 4926 2240 4980 dum
2271 4924 2525 4997 Origenis
2552 4927 2768 4994 dogma,
2805 4940 2911 4994 quo
2939 4928 3172 4982 animam
3208 4929 3376 5000 ipsam
3415 4930 3690 4989 Samuelis

2111 5034 2137 5071 a
2169 5017 2495 5089 Pythonissa
2536 5032 2633 5086 per
2667 5017 3069 5073 incantamenta
3108 5029 3387 5075 evocatam
3423 5024 3686 5080 decrevit.

2109 5110 2309 5164 Eadem
2359 5111 2423 5162 de
2470 5123 2631 5163 causa
2668 5108 2923 5177 peculiari
2965 5107 3103 5165 libro
3147 5111 3433 5182 Origenem
3484 5114 3691 5173 Metho-

2109 5204 2230 5256 dius
2268 5200 2464 5273 Tyrius
2514 5199 2729 5263 refellit,
2763 5207 2821 5253 ut
2863 5211 3050 5255 auctor
3082 5210 3166 5256 est
3200 5202 3562 5275 Hieronymus
3618 5209 3691 5263 De

2109 5296 2290 5359 script.
2322 5293 2529 5358 eccles.,
2572 5307 2695 5361 cap.
2744 5291 2831 5346 94.
2872 5291 3024 5349 Hunc
3046 5296 3209 5347 etiam
3241 5305 3391 5350 notat
3421 5314 3686 5361 errorem,

2113 5400 2404 5456 suppresso
2445 5385 2570 5439 licet
2610 5384 2861 5454 Origenis
2906 5385 3143 5450 nomine,
3169 5384 3462 5455 Gregorius
3489 5391 3687 5459 Nysse-

2116 5492 2220 5530 nus
2261 5477 2311 5528 in
2358 5472 2595 5545 Epistola
2637 5476 2703 5530 ad
2739 5472 3100 5529 Theodosium
3131 5475 3196 5529 de
3222 5475 3571 5548 Pythonissa.
3616 5485 3690 5536 Ac

2115 5562 2428 5622 Eustathius
2458 5568 2696 5637 quidem,
2732 5568 2884 5638 cujus
2923 5568 3119 5624 librum
3157 5569 3267 5626 Leo
3311 5571 3547 5628 Allatius
3574 5575 3688 5627 edi-

2115 5661 2211 5726 dit,
2252 5659 2416 5714 variis
2466 5659 2764 5714 rationibus
2824 5659 3111 5717 ostendere
3150 5672 3378 5717 conatur
3424 5677 3534 5719 non
3594 5666 3688 5721 Sa-

2117 5751 2372 5820 muclcm,
2411 5750 2749 5808 Samuelisvc
2773 5752 3005 5809 animam
3049 5753 3389 5824 Pythonissa:
3425 5760 3685 5817 carmini~
