3860 6226
264 268 401 323 I093

1366 277 1943 346 ORIGENIANORUM
1984 291 2114 345 LIB.
2154 288 2413 356 II,"CAP.
2453 288 2543 349 Ili.

3379 299 3517 355 {094

264 382 367 480 bus
398 380 560 438 fuisse
602 385 916 480 excitatam,
947 390 1043 446 sed
1078 392 1398 462 damonem,
1440 401 1522 455 vel
1562 405 1785 472 phasma
1808 424 1838 462 a
1868 416 1916 474 Α
1943 411 2049 465 Iam
2090 409 2396 480 refragatur
2427 410 2762 480 Augustinus
2807 410 2861 466 in
2910 411 3049 469 libro
3086 412 3165 469 De
3212 416 3511 479 mendacio,

264 472 511 528 daemone
556 477 868 533 conﬁctum.
921 481 1208 553 Sigillatim
1265 486 1379 543 haec
1427 496 1699 562 persequi,
1730 513 1834 554 non

262 575 349 617 est
387 567 486 621 otii
526 571 722 636 nostri,
750 588 849 627 nec
883 575 1117 631 instituti
1149 596 1163 631 :
1198 580 1331 633 satis
1380 582 1544 638 habet
1573 585 1834 657 Origenes

265 659 505 722 prasidii
540 662 593 715 in
628 660 848 718 Patrum
887 665 1093 736 aliquot
1122 684 1413 739 consensu,
1440 690 1577 743 quos
1601 676 1709 734 Leo
1745 682 1838 735 Al—

267 746 428 804 latius
466 750 519 804 in
561 762 903 824 syntagmate
930 756 1008 811 De
1036 762 1476 831 engastrimytho,
1506 781 1628 836 cap.
1655 770 1708 835 7,
1749 788 1837 827 re-

264 848 449 893 censet
480 860 494 894 :
521 840 719 899 Justini
767 846 820 899 in
850 847 934 902 his
967 850 1165 921 dialog.
1210 869 1325 907 cum
1360 858 1581 928 Tryph.;
1614 861 1835 931 Sulpicii

264 930 455 987 Severi
481 936 685 990 Histor.
718 955 881 1004 sacr.,
916 940 1015 995 lib.
1056 958 1097 1003 I.
1136 954 1190 999 et
1218 949 1491 1005 Anastasii
1544 930 1839 1010 Antioche-

265 1022 321 1116 ni
358 1023 412 1116 in
456 1025 700 1116 'qaﬂ‘ﬁgi,
735 1040 926 1098 quasst.
961 1033 1083 1099 “2,
1112 1046 1166 1089 et
1192 1053 1376 1093 eorum
1410 1053 1663 1111 praeterea
1701 1063 1837 1116 quos

264 1111 451 1167 laudat
497 1114 852 1175 Bellarmiuus
904 1122 998 1178 lib.
1050 1140 1103 1179 tv
1153 1127 1226 1181 De
1283 1129 1510 1197 Christo,
1578 1111 1833 1206 capdil.

266 1206 364 1262 His
397 1209 534 1264 adde
566 1211 1069 1281 antiquissimorum
1113 1219 1460 1276 rabbinorum
1498 1224 1830 1296 suffragium,

262 1300 357 1369 qui
409 1301 628 1356 tradunt
664 1314 998 1361 mortuorum
1055 1311 1290 1374 animas,
1323 1312 1368 1367 si
1410 1324 1535 1369 ante
1575 1333 1770 1372 annum
1803 1334 1832 1373 a

262 1402 436 1447 morte
481 1396 810 1462 praeteritum
860 1412 1177 1466 evocentur,
1225 1420 1332 1473 quo
1381 1416 1623 1478 tempore
1657 1412 1832 1466 excita

262 1482 367 1539 fuit
412 1484 685 1543 Samuelis
711 1491 913 1556 anima,
938 1494 1109 1548 videri
1138 1496 1352 1565 quidem
1386 1500 1453 1555 ab
1474 1504 1832 1574 engastrimy-

263 1579 381 1644 tho,
411 1594 516 1633 non
545 1582 753 1648 audiri;
793 1584 966 1639 audiri
1001 1585 1068 1639 ab
1102 1602 1165 1641 eo
1202 1590 1290 1657 qui
1322 1593 1540 1647 oracula
1581 1595 1830 1662 scitatur,

256 1685 365 1726 non
394 1672 563 1727 videri
590 1690 604 1739 ;
639 1674 706 1729 ab
745 1675 866 1731 aliis
895 1691 993 1732 nec
1019 1680 1215 1747 audiri,
1244 1698 1343 1737 nec
1367 1683 1558 1739 videri.

1940 503 2007 555 ad
2059 502 2428 566 Consentium,
2458 517 2576 571 cap.
2599 502 2657 567 2,
2688 512 2742 558 et
2789 503 2844 558 in
2881 503 3120 574 Epistola
3159 508 3394 576 quada'm
3445 510 3514 562 ad

1940 592 2351 665 Hieronymum,
2390 593 2549 663 eique
2603 595 2976 651 assentiuntur
3023 598 3253 669 theologi
3300 614 3508 664 omnes,

1941 684 2218 754 quodlibet
2294 687 2672 753 mendacium,
2743 688 3142 744 simulationem
3208 690 3507 761 quamlibet

1941 775 2281 842 damnantes,
2309 787 2364 830 et
2393 777 2601 845 peccati
2630 790 2758 832 nota
2798 778 3114 834 adicientes.

2010 933 2120 991 VII.
2143 935 2243 1003 Qui
2273 951 2404 993 vero
2428 939 2769 993 mendacium
2807 956 2911 994 non
2936 957 3317 1013 usquequaque
3357 943 3506 998 dam—

1939 1039 2032 1082 nat
2079 1029 2357 1099 Origenes,
2407 1032 2545 1085 idem
2583 1030 2934 1102 jurejurando
2976 1035 3191 1103 penitus
3232 1036 3505 1091 interdicit

1941 1132 2100 1179 tract.
2138 1124 2205 1177 55
2242 1126 2295 1179 in
2341 1125 2559 1191 Matth.,
2597 1144 2744 1181 num.
2784 1128 2903 1193 HO,
2936 1145 3059 1201 pag.
3097 1130 3232 1196 910,
3273 1133 3344 1185 ita
3392 1134 3505 1189 dis-

1938 1226 2130 1280 putans
2168 1234 2181 1268 :
2217 1234 2235 1266 ί
2282 1214 2469 1270 Simile
2498 1228 2587 1271 est
2629 1220 2770 1273 enim
2812 1223 2953 1290 quod
2997 1223 3128 1276 dicit
3171 1224 3223 1276 in
3264 1224 3503 1293 Evangeo

1938 1303 2009 1358 Iio
2041 1304 2299 1362 Dominus
2345 1308 2496 1377 ipse:
2536 1308 2646 1378 Ego
2678 1321 2852 1363 autem
2898 1311 3015 1364 dico
3052 1329 3155 1366 non
3176 1313 3365 1382 jurare
3391 1332 3507 1368 θυι-ι

1937 1401 2121 1462 nino',
2142 1412 2194 1454 et
2231 1417 2335 1456 non
2364 1404 2613 1472 adjurare
2645 1406 2885 1461 omnino.
2915 1408 2970 1461 Si
3020 1409 3162 1463 enim
3183 1408 3366 1477 jurare
3395 1427 3499 1465 non

1937 1491 2083 1556 licet,
2118 1503 2380 1561 quantum
2413 1495 2479 1549 ad
2513 1498 2879 1567 evangelicum
2930 1498 3130 1559 Christi
3165 1502 3506 1569 mandatum,

1936 1596 2124 1633 verum
2170 1590 2253 1636 est
2294 1584 2423 1651 quia
2474 1599 2574 1639 nec
2626 1584 2879 1654 adiurare
2922 1588 3151 1643 alterum
3210 1589 3396 1645 licet.»
3440 1590 3507 1647 In

1934 1673 2123 1727 eadem
2160 1673 2312 1729 fuere
2358 1677 2630 1730 sententia
2667 1677 3020 1745 Athanasius,
3053 1680 3499 1753 Chrysostomus,

327 1762 417 1818 Vl.
458 1763 817 1837 Hieronymus
851 1768 945 1823 lib_
974 1786 991 1824 ι
1016 1771 1235 1841 Αροιορ,
1275 1776 1332 1828 in
1391 1775 1599 1845 Ruﬁn"
1624 1794 1748 1851 cap.
1771 1782 1825 1847 4'
1862 1780 1905 1833 Β
1933 1761 2283 1851 Epiphanius,
2316 1764 2570 1831 Hilarius,
2599 1765 2794 1836 aliique
2827 1768 3155 1836 complures,
3191 1787 3327 1840 quos
3370 1772 3504 1828 citat

255 1852 509 1926 Origenis
550 1857 727 1914 locum
773 1860 931 1917 aliert
974 1877 1005 1917 e
1054 1864 1148 1920 lib.
1195 1882 1246 1921 vt
1315 1866 1600 1935 Stromat.,
1633 1873 1685 1926 in
1722 1889 1829 1943 quo

252 1944 403 2012 juxta
474 1944 711 2003 Platonis
770 1952 1092 2007 sententiam
1162 1958 1381 2011 mentiri
1443 1974 1828 2031 nonnunquam

255 2034 422 2088 licere
476 2034 739 2096 defendit.
792 2039 939 2094 Idem
990 2044 1165 2098 visum
1219 2055 1301 2101 est
1360 2050 1459 2117 ipsi
1504 2050 1828 2124 Ilicronymo

252 2124 347 2181 lib.
375 2142 388 2180 ι
414 2125 704 2184 Comment.
746 2132 800 2184 in
844 2132 1016 2202 Epist.
1060 2136 1131 2188 ad
1187 2134 1388 2205 Galat.,
1427 2156 1547 2211 cap.
1587 2144 1642 2208 ‘2,
1677 2161 1820 2200 vers.

252 2217 343 2281 il,
386 2218 677 2289 multisque
708 2224 1016 2293 opinionem
1058 2243 1210 2283 suam
1255 2231 1517 2291 defendit.
1550 2234 1737 2290 Visum
1770 2238 1823 2291 id

249 2323 466 2379 quoque
512 2311 899 2384 Chrysostomo
922 2318 1017 2373 lib.
1062 2336 1079 2373 ι
1122 2319 1198 2374 De
1240 2326 1556 2391 sacerdotio,
1582 2336 1636 2381 et
1681 2328 1816 2384 Cas-

249 2400 404 2456 siano
428 2403 523 2458 lib.
560 2421 671 2460 xvn
712 2406 931 2477 Collat.,
952 2425 1072 2482 cap.
1101 2411 1133 2466 8
1166 2422 1220 2467 et
1248 2414 1331 2478 I7,
1361 2426 1417 2470 et
1457 2432 1571 2486 seq.
1600 2417 1706 2473 Sed
1730 2434 1823 2489 pa-

1937 1850 2126 1905 Sixtus
2157 1852 2413 1907 Senensis
2442 1853 2539 1907 lib.
2574 1870 2649 1921 vi,
2681 1866 2864 1912 annot.
2894 1858 2985 1923 26,
3010 1874 3304 1931 eorumque
3343 1878 3502 1920 secu-

1935 1950 2020 1996 tus
2043 1950 2121 1996 est
2148 1943 2454 2011 opiniOnem
2494 1942 2772 2015 Pelagius,
2802 1956 2861 2000 ut
2907 1948 2974 2001 ab
3003 1950 3304 2019 Augustino
3333 1955 3502 2008 tradi-t

1934 2044 2019 2088 tur
2054 2036 2105 2089 in
2133 2037 2281 2090 calce
2311 2038 2475 2106 epist.
2499 2037 2588 2105 89,
2619 2049 2673 2092 et
2712 2041 3009 2096 recentium
3042 2044 3505 2102 heterodoxorum

1933 2142 2126 2196 magna
2183 2142 2354 2195 pars:
2389 2144 2509 2182 cum
2565 2145 2596 2185 e
2662 2133 2937 2186 contrario
2988 2144 3234 2190 sanctum
3287 2152 3404 2192 esse
3446 2150 3502 2194 et

1934 2218 2062 2272 utile
2100 2218 2489 2286 jurameutum,
2519 2220 2604 2291 pie
2636 2224 2794 2277 modo
2824 2234 2881 2280 et
2910 2228 3223 2296 prudenter,
3264 2240 3319 2283 et
3347 2228 3507 2299 ﬂagia

1933 2319 2080 2363 tante
2129 2312 2453 2366 necessitate
2516 2312 2869 2383 adhibeatur,
2928 2318 3195 2374 catholica
3253 2319 3504 2376 Ecclesia

1932 2402 2243 2458 constituat.

1559 2692 1934 2783 CAPUT
2008 2695 2191 2782 III.

1153 2881 1464 2945 Gcnerale
1505 2881 1911 2962 Origeniante
1951 2885 2257 2949 doctrina;
2298 2904 2590 2953 examen.

256 3133 302 3186 I.
337 3132 533 3207 iniqua
566 3134 675 3203 fere
721 3150 815 3207 pro
863 3133 1109 3203 Origene,
1145 3136 1222 3190 vel
1269 3149 1451 3190 contra
1494 3136 1766 3207 Origenem
1804 3138 2037 3207 judicia.
2067 3138 2128 3192 II.
2173 3138 2525 3193 Recensentur
2546 3140 2708 3205 ipsius
2738 3137 3059 3206 defensores.
3093 3137 3177 3193 III.
3211 3139 3383 3195 Multa
3421 3143 3494 3194 ad

321 3203 630 3282 Origen'ian’i
672 3206 894 3282 nominis
935 3219 1325 3282 oppugnatores
1362 3203 1709 3282 confutandos
1756 3203 2039 3282 genergtim
2074 3222 2453 3282 proponuntur.
2492 3203 2676 3282 Mutua
2726 3203 3151 3282 c‘irintinatimtttnt
3194 3224 3501 3282 repugnari“

316 3276 427 3347 tia,“
461 3272 547 3327 IV.
587 3274 1012 3342 Origenistarum
1057 3272 1503 3347 eirrores__(i)rigeni
1535 3272 1844 3346 afﬁctifV.
1894 3272 2083 3342 Ruﬁni
2114 3272 2414 3341 interpretis
2451 3280 2711 3347 perﬁdia;
2750 3280 2831 3335 Vl.
2872 3278 3091 3332 Patrum
3125 3272 3275 3346 falsis
3318 3272 3500 3334 crimi-

316 3341 467 3397 nibus
502 3341 853 3418 ‘appetitotjum
884 3346 1211 3418 exemplum;
1253 3345 1361 3400 VII.
1387 3341 1683 3405 Philocalia
1712 3341 1743 3401 tt
1766 3341 2015 3418 Gregorio
2064 3348 2341 3417 Theologo,
2385 3362 2429 3402 et
2451 3341 2662 3401 'Basilio
2696 3366 2760 3403 ea:
2795 3348 3034 3418 Origenis
3066 3341 3272 3417 scriptis
3310 3368 3494 3404 excer-

315 3424 438 3488 pta;
502 3413 627 3468 Vlll.
692 3415 1217 3488 Allegorifteuipsius
1263 3419 1740 3481 interpretationes.
1796 3413 1887 3472 IX:
1938 3417 2163 3472 Frustra
2221 3413 2483 3472 haereseon
2537 3420 2655 3485 fons
2690 3413 2949 3488 qpellatus
2978 3428 3074 3471 est.
3114 3413 3181 3473 X.
3214 3420 3495 3474 Librorum

314 3483 477 3556 ipsius
521 3480 845 3552 depravatio.
880 3480 968 3536 XI.
1006 3482 1180 3538 Multa
1214 3480 1413 3555 quoque
1441 3490 1508 3539 ad
1542 3489 1709 3554 ipsum
1761 3490 2117 3542 excusandum
2165 3490 2218 3539 in
2272 3480 2571 3541 universum
2628 3480 2966 3542 adducuntur
3003 3505 3021 3541 :
3047 3501 3294 3554 perpetua
3329 3493 3501 3556 ipsine

315 3555 368 3625 in
396 3558 758 3625 proponendis
805 3558 1073 3607 sententiis
1118 3558 1414 3621 Itwsitatia;
1464 3557 1699 3625 ejusdem
1746 3559 2037 3622 modestia;
2083 3556 2198 3610 XII.
2252 3557 2514 3610 Constans
2571 3563 2833 3612 hwreseon
2884 3560 3175 3611 insectandi
3218 3555 3496 3624 studium;

314 3621 450 3675 XIII.
492 3623 674 3678 Nimia
732 3626 787 3677 in
851 3625 1126 3696 scribendo
1179 3626 1447 3693 festinatio
1466 3621 1658 3691 ;’Χιν.
1701 3626 2024 3695 Theologicte
2051 3630 2360 3696 quwstianes
2398 3629 2562 3694 ipsius
2597 3629 2926 3696 temporibus
2965 3632 3195 3681 nondum
3226 3632 3357 3682 satis
3396 3621 3489 3683 ex;

314 3709 519 3765 cussw,
567 3711 659 3748 nec
695 3710 786 3762 per
842 3690 1401 3765 Ecclesiantdeﬁmtte.
1447 3690 1562 3752 XV.
1613 3696 1749 3750 Eum
1798 3690 2007 3750 tandem
2047 3690 2236 3749 temere
2294 3690 2554 3750 dictorum
2604 3690 2866 3765 paenituit.
2902 3690 3041 3752 XVI.
3077 3697 3345 3751 Immerito
3384 3699 3503 3752 Ru-r

309 3763 476 3836 linum
522 3764 873 3836 reprehendit“
895 3762 1282 3836 Hieronymus,
1338 3782 1544 3835 propter
1621 3767 1929 3836 inscriptum
1982 3766 2235 3836 Origenis
2292 3767 2559 3835 Apologia:
2605 3762 2895 3833 'Pampltili
2939 3782 3143 3819 nomen.
3202 3766 3361 3822 XVII.
3421 3768 3496 3821 In

312 3832 1114 3906 m_uitis_peccasse_0rigenem
1167 3832 1443 3903 fatendum‘
1478 3844 1573 3889 est.
1634 3832 1822 3891 XVIII.
1869 3837 1985 3901 Quo
2018 3832 2235 3891 numero
2276 3832 2396 3889 libri
2446 3832 2688 3905 Origenis
2719 3832 2942 3889 habendi
2985 3838 3112 3899 sint,
3166 3836 3498 3906 disputatur.-

332 3901 470 3956 XlX.
499 3903 568 3957 Et
598 3916 774 3957 utrum
798 3901 1234 3958 interhwreticos
1260 3910 1524 3975 ponendus
1553 3908 1664 3975 ipse
1685 3915 1775 3960 stt.

310 4214 351 4273 I.
389 4217 541 4286 Quod
581 4220 645 4274 de
684 4218 919 4290 Origene
966 4217 1325 4288 Origenisque
1392 4218 1660 4288 dogmatis
1712 4217 1801 4288 ja-
1830 4227 1872 4285 c
1909 4228 2162 4290 tanquam
2193 4220 2261 4276 de
2290 4218 2548 4275 Ecclesiae
2582 4220 2846 4290 propudio
2880 4236 2943 4277 ac
2970 4221 3163 4286 vibice,
3198 4220 3277 4277 sic
3324 4221 3394 4277 de
3420 4236 3499 4279 ea

232 4315 486 4365 ctabatur
513 4310 638 4365 olim
667 4327 679 4362 :
708 4309 813 4366 Ubi
866 4309 1024 4374 bene,
1054 4323 1212 4364 nemo
1255 4308 1477 4374 melius;
1518 4310 1606 4364 ubi
1650 4311 1811 4376 male,

241 4417 404 4457 nemo
433 4403 621 4473 pejus;
652 4403 792 4457 idem
828 4401 1210 4472 propemodum
1243 4416 1390 4456 nunc
1424 4402 1489 4457 de
1513 4416 1599 4467 eo,
1637 4402 1809 4472 iisque

240 4497 438 4551 merito
478 4497 583 4551 dici
622 4503 818 4565 potest,
850 4495 941 4564 qui
988 4495 1054 4549 de
1089 4492 1257 4563 ipsius
1299 4495 1542 4549 doctrina
1587 4504 1809 4549 senten-

232 4592 367 4643 tiam
416 4588 583 4642 tulere
629 4605 644 4644 :
678 4586 780 4642 Ubi
822 4588 958 4642 bene
998 4586 1281 4657 accipitur,
1325 4587 1593 4642 neminem
1618 4588 1807 4657 ~accipi

234 4681 450 4747 melius,
494 4681 765 4735 neminem
812 4678 1104 4747 majoribus
1146 4678 1327 4733 extolli
1369 4679 1677 4747 praeconiis,
1718 4694 1804 4734 ne-

235 4774 399 4827 minis
438 4772 738 4827 doctrinam
807 4771 1112 4832 acrioribus
1154 4770 1349 4825 studiis
1409 4768 1665 4837 defendi;
1709 4772 1798 4826 ubi

236 4866 402 4928 male,
431 4864 634 4919 duriori
678 4864 946 4917 neminem
982 4870 1036 4916 et
1068 4861 1334 4931 asperiori
1382 4877 1609 4917 censura
1647 4862 1808 4916 defri-

229 4959 367 5012 cari.
408 4956 558 5012 Adeo
599 4966 840 5011 extrema
867 4958 1069 5019 omnia,
1100 4971 1205 5010 non
1236 4955 1288 5009 in
1335 4955 1445 5008 vita
1485 4955 1681 5019 solum,
1705 4955 1799 5008 sed

231 5058 356 5117 post
403 5056 628 5103 mortem
680 5048 840 5102 etiam
888 5049 971 5102 vir
1012 5048 1100 5102 ille
1139 5057 1396 5115 expertus
1445 5056 1563 5113 est;
1618 5046 1801 5101 nescio

235 5155 342 5210 qua
402 5139 497 5192 fati
558 5149 784 5209 urgente
828 5138 1148 5208 pertinacia,
1214 5148 1269 5190 et
1318 5151 1617 5206 perpaucos
1657 5136 1802 5188 Ada—

232 5232 494 5286 mantium
531 5231 670 5285 inter
718 5232 994 5300 ipsiusque
1025 5229 1365 5284 adversarios
1396 5228 1597 5282 medias
1626 5236 1801 5281 secta-
1860 5292 1865 5301 ‘

228 5329 275 5382 ri
308 5337 489 5397 partes
530 5328 785 5397 patiente.
830 5326 977 5380 Alios
1027 5325 1243 5393 quidem
1298 5335 1406 5376 tam
1447 5322 1627 5390 inique
1669 5335 1796 5389 erga

229 5420 403 5486 ipsum
447 5420 713 5473 animatos
748 5418 951 5484 videas,
984 5425 1043 5470 ut
1078 5417 1131 5471 in
1164 5414 1493 5469 nefariorum
1540 5427 1604 5466 ac
1634 5413 1798 5481 pesti-

234 5514 475 5565 ferorum
528 5510 902 5566 hereticorum
956 5523 1120 5563 censu
1167 5505 1453 5576 Origcnctn
1487 5513 1711 5575 ponant,
1741 5513 1796 5558 et

1919 4311 2263 4364 statuendum
2311 4324 2432 4365 esse
2466 4310 2629 4365 velint
2670 4328 2683 4365 :
2721 4311 2808 4364 alii
2861 4321 3045 4365 contra
3094 4321 3203 4365 tam
3247 4326 3393 4366 caaco
3433 4322 3491 4367 et

1918 4396 2104 4453 effreni
2165 4399 2341 4454 studio
2385 4400 2438 4453 in
2497 4413 2621 4453 eum
2675 4398 2947 4465 feruntur,
2996 4406 3055 4452 ut
3099 4399 3281 4453 omnia
3319 4399 3492 4468 ipsius

1920 4489 2057 4544 iacta
2101 4506 2163 4544 ac
2187 4492 2333 4545 dicta
2380 4492 2517 4546 tueri
2541 4492 2715 4561 parati
2750 4491 2882 4556 sint,
2911 4505 3011 4546 nec
3046 4490 3204 4545 aliter
3235 4492 3496 4561 dogmata

1916 4582 2055 4653 ejus,
2084 4598 2244 4653 quam
2279 4593 2337 4638 ut
2362 4583 2557 4654 κυρίας
2593 4582 2753 4649 δόξας
2779 4583 3196 4653 amplectantur.

2445 4694 2592 4750 Unus
2618 4698 2823 4766 utrique

2200 4763 2385 4831 Error,
2417 4772 2506 4819 sed
2538 4768 2700 4820 variis
2727 4763 2902 4819 illudit
2928 4766 3160 4835 partibus
3192 4766 3237 4820 ⁸.

1914 4856 2174 4927 Equidem
2204 4868 2446 4913 extrema
2472 4858 2586 4913 haec
2620 4860 2781 4923 inter,
2818 4859 3052 4912 medium
3081 4858 3357 4928 quoddam
3381 4864 3487 4915 iter

1915 4952 2202 5003 tenendum
2250 4961 2399 5016 puto,
2431 4949 2475 5003 si
2520 4950 2643 5019 quis
2686 4963 2872 5019 aequus
2902 4964 3041 5017 esse,
3072 4965 3173 5006 nec
3210 4966 3331 5006 sese
3369 4952 3486 5022 ipso

1907 5040 2097 5096 fallere
2137 5040 2284 5095 velit.
2334 5040 2635 5096 Fatendum
2671 5050 2754 5095 est
2802 5056 2944 5109 saepe
2988 5056 3247 5110 peccasse
3292 5042 3482 5114 Orige-

1905 5148 2049 5199 nem,
2081 5142 2134 5187 et
2174 5133 2224 5186 in
2271 5133 2561 5189 damnosos
2601 5147 2813 5189 errores
2860 5134 3149 5200 incidisse;
3196 5135 3249 5188 in
3294 5134 3477 5190 multis

1903 5226 2039 5280 falso
2069 5235 2123 5279 et
2165 5225 2436 5280 immerito
2484 5225 2651 5280 luisse
2697 5237 3010 5282 accusatum
3049 5228 3093 5282 si
3140 5231 3262 5297 quis
3292 5237 3474 5298 neget,

1905 5317 2170 5389 proﬂigati
2215 5318 2365 5371 illum
2410 5318 2631 5388 pudoris
2658 5332 2796 5385 esse,
2837 5327 2891 5373 et
2912 5334 3069 5387 supra
3090 5317 3200 5386 jam
3230 5319 3484 5387 probavi-

1904 5432 2047 5482 mus,
2074 5424 2129 5469 et
2154 5415 2410 5485 deinceps
2445 5414 2606 5471 etiam
2636 5416 3006 5471 ostendemus.
3035 5414 3301 5471 Prwclare
3321 5415 3482 5470 Pam-

1900 5505 2077 5576 philus
2118 5504 2173 5561 in
2218 5504 2545 5563 Praefatione
2589 5504 2899 5578 Apologia:
2930 5508 3325 5577 «Consequens
3357 5516 3481 5563 erat

299 5713 528 5766 7Matth.
560 5730 608 5778 v,
648 5712 735 5765 3L
813 5710 833 5742 ⁸
861 5711 1040 5765 limat
1102 5711 1197 5764 lii).
1225 5725 1288 5778 n,
1340 5707 1523 5779 Satyr.
1561 5702 1617 5774 3,
1646 5720 1784 5760 vers.
1821 5703 1910 5769 50,
1939 5703 2026 5758 δι.
