  <div class='ocr_page' id='page_1' title='image "/cluster/home/n/w/nwhite01/storage/ocr_20150623/17/nnc1.0046978615/557.png"; bbox 0 0 3860 6226; ppageno 0'>
   <div class='ocr_carea' id='block_1_1' title="bbox 427 312 566 369">
    <p class='ocr_par' dir='ltr' id='par_1_1' title="bbox 427 312 566 369">
     <span class='ocr_line' id='line_1_1' title="bbox 427 312 566 369; baseline 0.014 -2"><span class='ocrx_word' id='word_1_1' title='bbox 427 312 566 369; x_wconf 72' lang='lat'><strong>1095</strong></span> 
     </span>
    </p>
   </div>
   <div class='ocr_carea' id='block_1_2' title="bbox 422 520 1996 602">
    <p class='ocr_par' dir='ltr' id='par_1_2' title="bbox 422 520 1996 602">
     <span class='ocr_line' id='line_1_2' title="bbox 422 520 1996 602; baseline 0.008 -27"><span class='ocrx_word' id='word_1_2' title='bbox 422 520 690 575; x_wconf 69' lang='lat' dir='ltr'><strong>stimoniis</strong></span> <span class='ocrx_word' id='word_1_3' title='bbox 718 520 967 590; x_wconf 80' lang='lat' dir='ltr'><strong>amplecti</strong></span> <span class='ocrx_word' id='word_1_4' title='bbox 1033 522 1198 577; x_wconf 98' lang='lat' dir='ltr'><strong>talem</strong></span> <span class='ocrx_word' id='word_1_5' title='bbox 1234 525 1408 578; x_wconf 88' lang='lat' dir='ltr'><strong>virum</strong></span> <span class='ocrx_word' id='word_1_6' title='bbox 1452 524 1790 602; x_wconf 86' lang='lat' dir='ltr'><strong>(Origenem)</strong></span> <span class='ocrx_word' id='word_1_7' title='bbox 1819 541 1875 586; x_wconf 90' lang='lat' dir='ltr'><strong>et</strong></span> <span class='ocrx_word' id='word_1_8' title='bbox 1900 547 1996 587; x_wconf 84' lang='lat' dir='ltr'><strong>ne-</strong></span> 
     </span>
    </p>
   </div>
   <div class='ocr_carea' id='block_1_3' title="bbox 422 610 1996 693">
    <p class='ocr_par' dir='ltr' id='par_1_3' title="bbox 422 610 1996 693">
     <span class='ocr_line' id='line_1_3' title="bbox 422 610 1996 693; baseline 0.008 -27"><span class='ocrx_word' id='word_1_9' title='bbox 422 627 525 682; x_wconf 87' lang='lat' dir='ltr'><strong>que</strong></span> <span class='ocrx_word' id='word_1_10' title='bbox 570 610 903 668; x_wconf 71' lang='lat' dir='ltr'><strong>defensionis</strong></span> <span class='ocrx_word' id='word_1_11' title='bbox 946 614 1127 668; x_wconf 88' lang='lat' dir='ltr'><strong>studio</strong></span> <span class='ocrx_word' id='word_1_12' title='bbox 1173 616 1292 685; x_wconf 85' lang='lat' dir='ltr'><strong>plus</strong></span> <span class='ocrx_word' id='word_1_13' title='bbox 1340 618 1468 673; x_wconf 90' lang='lat' dir='ltr'><strong>dare</strong></span> <span class='ocrx_word' id='word_1_14' title='bbox 1500 621 1548 674; x_wconf 92' lang='lat' dir='ltr'><strong>ei</strong></span> <span class='ocrx_word' id='word_1_15' title='bbox 1604 624 1804 688; x_wconf 89' lang='lat' dir='ltr'><strong>meriti,</strong></span> <span class='ocrx_word' id='word_1_16' title='bbox 1834 638 1996 693; x_wconf 90' lang='lat' dir='ltr'><strong>quam</strong></span> 
     </span>
    </p>
   </div>
   <div class='ocr_carea' id='block_1_4' title="bbox 420 705 1999 775">
    <p class='ocr_par' dir='ltr' id='par_1_4' title="bbox 420 705 1999 775">
     <span class='ocr_line' id='line_1_4' title="bbox 420 705 1999 775; baseline 0.01 -19"><span class='ocrx_word' id='word_1_17' title='bbox 420 718 675 759; x_wconf 83' lang='lat' dir='ltr'><strong>mensura</strong></span> <span class='ocrx_word' id='word_1_18' title='bbox 713 705 990 773; x_wconf 86' lang='lat' dir='ltr'><strong>deposcit;</strong></span> <span class='ocrx_word' id='word_1_19' title='bbox 1033 720 1209 775; x_wconf 85' lang='lat' dir='ltr'><strong>neque</strong></span> <span class='ocrx_word' id='word_1_20' title='bbox 1250 724 1439 765; x_wconf 85' lang='lat' dir='ltr'><strong>rursus</strong></span> <span class='ocrx_word' id='word_1_21' title='bbox 1486 712 1828 769; x_wconf 84' lang='lat' dir='ltr'><strong>obtrectandi</strong></span> <span class='ocrx_word' id='word_1_22' title='bbox 1870 717 1999 773; x_wconf 90' lang='lat' dir='ltr'><strong>vitio</strong></span> 
     </span>
    </p>
   </div>
   <div class='ocr_carea' id='block_1_5' title="bbox 421 793 1994 863">
    <p class='ocr_par' dir='ltr' id='par_1_5' title="bbox 421 793 1994 863">
     <span class='ocr_line' id='line_1_5' title="bbox 421 793 1994 863; baseline 0.011 -17"><span class='ocrx_word' id='word_1_23' title='bbox 421 793 580 848; x_wconf 72' lang='lat' dir='ltr'><strong>facile</strong></span> <span class='ocrx_word' id='word_1_24' title='bbox 612 794 995 859; x_wconf 89' lang='lat' dir='ltr'><strong>condemnare,</strong></span> <span class='ocrx_word' id='word_1_25' title='bbox 1029 806 1084 852; x_wconf 90' lang='lat' dir='ltr'><strong>et</strong></span> <span class='ocrx_word' id='word_1_26' title='bbox 1107 797 1343 853; x_wconf 88' lang='lat' dir='ltr'><strong>alienum</strong></span> <span class='ocrx_word' id='word_1_27' title='bbox 1376 801 1443 855; x_wconf 88' lang='lat' dir='ltr'><strong>ab</strong></span> <span class='ocrx_word' id='word_1_28' title='bbox 1492 803 1859 862; x_wconf 83' lang='lat' dir='ltr'><strong>ecclesiastica</strong></span> <span class='ocrx_word' id='word_1_29' title='bbox 1896 808 1994 863; x_wconf 87' lang='lat' dir='ltr'><strong>do-</strong></span> 
     </span>
    </p>
   </div>
   <div class='ocr_carea' id='block_1_6' title="bbox 421 888 1996 966">
    <p class='ocr_par' dir='ltr' id='par_1_6' title="bbox 421 888 1996 966">
     <span class='ocr_line' id='line_1_6' title="bbox 421 888 1996 966; baseline 0.01 -27"><span class='ocrx_word' id='word_1_30' title='bbox 421 888 597 940; x_wconf 89' lang='lat' dir='ltr'><strong>ctrina</strong></span> <span class='ocrx_word' id='word_1_31' title='bbox 646 899 852 942; x_wconf 90' lang='lat' dir='ltr'><strong>temere</strong></span> <span class='ocrx_word' id='word_1_32' title='bbox 904 890 1300 957; x_wconf 74' lang='lat' dir='ltr'><strong>pronuntiare:</strong></span> <span class='ocrx_word' id='word_1_33' title='bbox 1334 907 1455 946; x_wconf 93' lang='lat' dir='ltr'><strong>cum</strong></span> <span class='ocrx_word' id='word_1_34' title='bbox 1502 904 1793 966; x_wconf 89' lang='lat' dir='ltr'><strong>utrumque</strong></span> <span class='ocrx_word' id='word_1_35' title='bbox 1854 899 1996 956; x_wconf 92' lang='lat' dir='ltr'><strong>istud</strong></span> 
     </span>
    </p>
   </div>
   <div class='ocr_carea' id='block_1_7' title="bbox 419 979 1999 1060">
    <p class='ocr_par' dir='ltr' id='par_1_7' title="bbox 419 979 1999 1060">
     <span class='ocr_line' id='line_1_7' title="bbox 419 979 1999 1060; baseline 0.011 -30"><span class='ocrx_word' id='word_1_36' title='bbox 419 979 774 1048; x_wconf 67' lang='lat' dir='ltr'><strong>praecipitium</strong></span> <span class='ocrx_word' id='word_1_37' title='bbox 825 981 1112 1049; x_wconf 87' lang='lat' dir='ltr'><strong>providens</strong></span> <span class='ocrx_word' id='word_1_38' title='bbox 1150 993 1273 1039; x_wconf 89' lang='lat' dir='ltr'><strong>ante</strong></span> <span class='ocrx_word' id='word_1_39' title='bbox 1318 986 1531 1042; x_wconf 90' lang='lat' dir='ltr'><strong>divinus</strong></span> <span class='ocrx_word' id='word_1_40' title='bbox 1609 1005 1789 1045; x_wconf 88' lang='lat' dir='ltr'><strong>sermo</strong></span> <span class='ocrx_word' id='word_1_41' title='bbox 1815 993 1999 1060; x_wconf 83' lang='lat' dir='ltr'><strong>prohi-</strong></span> 
     </span>
    </p>
   </div>
   <div class='ocr_carea' id='block_1_8' title="bbox 374 1070 1997 1155">
    <p class='ocr_par' dir='ltr' id='par_1_8' title="bbox 374 1070 1997 1155">
     <span class='ocr_line' id='line_1_8' title="bbox 374 1070 1997 1155; baseline 0.01 -34"><span class='ocrx_word' id='word_1_42' title='bbox 374 1142 380 1155; x_wconf 26' lang='grc' dir='ltr'><strong>η</strong></span> <span class='ocrx_word' id='word_1_43' title='bbox 418 1070 597 1123; x_wconf 90' lang='lat' dir='ltr'><strong>buerit</strong></span> <span class='ocrx_word' id='word_1_44' title='bbox 623 1070 846 1124; x_wconf 90' lang='lat' dir='ltr'><strong>dicens:</strong></span> <span class='ocrx_word' id='word_1_45' title='bbox 884 1070 1006 1124; x_wconf 84' lang='lat' dir='ltr'><strong>Non</strong></span> <span class='ocrx_word' id='word_1_46' title='bbox 1045 1074 1109 1126; x_wconf 76' lang='lat' dir='ltr'><strong>sit</strong></span> <span class='ocrx_word' id='word_1_47' title='bbox 1144 1075 1199 1126; x_wconf 88' lang='lat' dir='ltr'><strong>in</strong></span> <span class='ocrx_word' id='word_1_48' title='bbox 1238 1086 1287 1128; x_wconf 84' lang='lat' dir='ltr'><strong>te</strong></span> <span class='ocrx_word' id='word_1_49' title='bbox 1320 1092 1568 1132; x_wconf 76' lang='lat' dir='ltr'><strong>mensura</strong></span> <span class='ocrx_word' id='word_1_50' title='bbox 1604 1084 1795 1150; x_wconf 86' lang='lat' dir='ltr'><strong>major,</strong></span> <span class='ocrx_word' id='word_1_51' title='bbox 1837 1099 1997 1153; x_wconf 77' lang='lat' dir='ltr'><strong>neque</strong></span> 
     </span>
    </p>
   </div>
   <div class='ocr_carea' id='block_1_9' title="bbox 362 1160 1998 1234">
    <p class='ocr_par' dir='ltr' id='par_1_9' title="bbox 362 1160 1998 1234">
     <span class='ocr_line' id='line_1_9' title="bbox 362 1160 1998 1234; baseline 0.012 -24"><span class='ocrx_word' id='word_1_52' title='bbox 362 1162 380 1199; x_wconf 63' lang='grc' dir='ltr'><strong>ς’</strong></span> <span class='ocrx_word' id='word_1_53' title='bbox 416 1160 1006 1217; x_wconf 63' lang='lat' dir='ltr'><strong>minenabomiuabile</strong></span> <span class='ocrx_word' id='word_1_54' title='bbox 1041 1173 1118 1217; x_wconf 79' lang='lat' dir='ltr'><strong>est</strong></span> <span class='ocrx_word' id='word_1_55' title='bbox 1160 1166 1299 1219; x_wconf 81' lang='lat' dir='ltr'><strong>enim</strong></span> <span class='ocrx_word' id='word_1_56' title='bbox 1363 1168 1419 1222; x_wconf 84' lang='lat' dir='ltr'><strong>in</strong></span> <span class='ocrx_word' id='word_1_57' title='bbox 1463 1182 1739 1234; x_wconf 74' lang='lat' dir='ltr'><strong>conspectu</strong></span> <span class='ocrx_word' id='word_1_58' title='bbox 1786 1173 1998 1230; x_wconf 80' lang='lat' dir='ltr'><strong>Domini</strong></span> 
     </span>
    </p>
   </div>
   <div class='ocr_carea' id='block_1_10' title="bbox 417 1252 2000 1333">
    <p class='ocr_par' dir='ltr' id='par_1_10' title="bbox 417 1252 2000 1333">
     <span class='ocr_line' id='line_1_10' title="bbox 417 1252 2000 1333; baseline 0.011 -31"><span class='ocrx_word' id='word_1_59' title='bbox 417 1252 748 1319; x_wconf 65' lang='lat' dir='ltr'><strong>utrumque”.</strong></span> <span class='ocrx_word' id='word_1_60' title='bbox 782 1252 1082 1324; x_wconf 88' lang='lat' dir='ltr'><strong>Unicuique</strong></span> <span class='ocrx_word' id='word_1_61' title='bbox 1120 1258 1289 1321; x_wconf 79' lang='lat' dir='ltr'><strong>enim,</strong></span> <span class='ocrx_word' id='word_1_62' title='bbox 1324 1269 1482 1327; x_wconf 92' lang='lat' dir='ltr'><strong>prout</strong></span> <span class='ocrx_word' id='word_1_63' title='bbox 1520 1262 1737 1333; x_wconf 82' lang='lat' dir='ltr'><strong>dignum</strong></span> <span class='ocrx_word' id='word_1_64' title='bbox 1782 1274 1864 1319; x_wconf 90' lang='lat' dir='ltr'><strong>est</strong></span> <span class='ocrx_word' id='word_1_65' title='bbox 1909 1267 2000 1320; x_wconf 87' lang='lat' dir='ltr'><strong>tri-</strong></span> 
     </span>
    </p>
   </div>
   <div class='ocr_carea' id='block_1_11' title="bbox 423 1343 1998 1427">
    <p class='ocr_par' dir='ltr' id='par_1_11' title="bbox 423 1343 1998 1427">
     <span class='ocr_line' id='line_1_11' title="bbox 423 1343 1998 1427; baseline 0.013 -34"><span class='ocrx_word' id='word_1_66' title='bbox 423 1343 604 1410; x_wconf 85' lang='lat' dir='ltr'><strong>buere,</strong></span> <span class='ocrx_word' id='word_1_67' title='bbox 644 1343 871 1411; x_wconf 69' lang='lat' dir='ltr'><strong>iustitiae</strong></span> <span class='ocrx_word' id='word_1_68' title='bbox 922 1347 1023 1402; x_wconf 86' lang='lat' dir='ltr'><strong>hoc</strong></span> <span class='ocrx_word' id='word_1_69' title='bbox 1064 1350 1343 1417; x_wconf 86' lang='lat' dir='ltr'><strong>pr0prium</strong></span> <span class='ocrx_word' id='word_1_70' title='bbox 1372 1364 1473 1407; x_wconf 90' lang='lat' dir='ltr'><strong>est.</strong></span> <span class='ocrx_word' id='word_1_71' title='bbox 1511 1353 1745 1425; x_wconf 86' lang='lat' dir='ltr'><strong>Propter</strong></span> <span class='ocrx_word' id='word_1_72' title='bbox 1766 1359 1908 1427; x_wconf 89' lang='lat' dir='ltr'><strong>quod</strong></span> <span class='ocrx_word' id='word_1_73' title='bbox 1942 1368 1998 1415; x_wconf 84' lang='lat' dir='ltr'><strong>et</strong></span> 
     </span>
    </p>
   </div>
   <div class='ocr_carea' id='block_1_12' title="bbox 420 1437 1998 1517">
    <p class='ocr_par' dir='ltr' id='par_1_12' title="bbox 420 1437 1998 1517">
     <span class='ocr_line' id='line_1_12' title="bbox 420 1437 1998 1517; baseline 0.013 -29"><span class='ocrx_word' id='word_1_74' title='bbox 420 1450 675 1490; x_wconf 90' lang='lat' dir='ltr'><strong>mensura</strong></span> <span class='ocrx_word' id='word_1_75' title='bbox 712 1437 943 1507; x_wconf 86' lang='lat' dir='ltr'><strong>integra,</strong></span> <span class='ocrx_word' id='word_1_76' title='bbox 976 1450 1030 1495; x_wconf 91' lang='lat' dir='ltr'><strong>et</strong></span> <span class='ocrx_word' id='word_1_77' title='bbox 1062 1444 1269 1511; x_wconf 85' lang='lat' dir='ltr'><strong>pondus</strong></span> <span class='ocrx_word' id='word_1_78' title='bbox 1302 1454 1511 1514; x_wconf 65' lang='lat' dir='ltr'><strong>aequate</strong></span> <span class='ocrx_word' id='word_1_79' title='bbox 1553 1450 1881 1517; x_wconf 89' lang='lat' dir='ltr'><strong>acceptabile</strong></span> <span class='ocrx_word' id='word_1_80' title='bbox 1914 1460 1998 1507; x_wconf 87' lang='lat' dir='ltr'><strong>est</strong></span> 
     </span>
    </p>
   </div>
   <div class='ocr_carea' id='block_1_13' title="bbox 415 1526 1995 1611">
    <p class='ocr_par' dir='ltr' id='par_1_13' title="bbox 415 1526 1995 1611">
     <span class='ocr_line' id='line_1_13' title="bbox 415 1526 1995 1611; baseline 0.011 -33"><span class='ocrx_word' id='word_1_81' title='bbox 415 1527 558 1595; x_wconf 89' lang='lat' dir='ltr'><strong>apud</strong></span> <span class='ocrx_word' id='word_1_82' title='bbox 602 1526 801 1593; x_wconf 89' lang='lat' dir='ltr'><strong>Deum;</strong></span> <span class='ocrx_word' id='word_1_83' title='bbox 835 1545 938 1583; x_wconf 90' lang='lat' dir='ltr'><strong>non</strong></span> <span class='ocrx_word' id='word_1_84' title='bbox 971 1531 1071 1585; x_wconf 93' lang='lat' dir='ltr'><strong>hoc</strong></span> <span class='ocrx_word' id='word_1_85' title='bbox 1091 1533 1238 1601; x_wconf 93' lang='lat' dir='ltr'><strong>quod</strong></span> <span class='ocrx_word' id='word_1_86' title='bbox 1267 1536 1524 1589; x_wconf 89' lang='lat' dir='ltr'><strong>mentitur</strong></span> <span class='ocrx_word' id='word_1_87' title='bbox 1556 1538 1864 1600; x_wconf 90' lang='lat' dir='ltr'><strong>veritatem,</strong></span> <span class='ocrx_word' id='word_1_88' title='bbox 1896 1555 1995 1611; x_wconf 87' lang='lat' dir='ltr'><strong>per</strong></span> 
     </span>
    </p>
   </div>
   <div class='ocr_carea' id='block_1_14' title="bbox 416 1615 1991 1699">
    <p class='ocr_par' dir='ltr' id='par_1_14' title="bbox 416 1615 1991 1699">
     <span class='ocr_line' id='line_1_14' title="bbox 416 1615 1991 1699; baseline 0.011 -32"><span class='ocrx_word' id='word_1_89' title='bbox 416 1615 556 1686; x_wconf 90' lang='lat' dir='ltr'><strong>quod</strong></span> <span class='ocrx_word' id='word_1_90' title='bbox 589 1617 674 1671; x_wconf 90' lang='lat' dir='ltr'><strong>vel</strong></span> <span class='ocrx_word' id='word_1_91' title='bbox 723 1619 840 1688; x_wconf 93' lang='lat' dir='ltr'><strong>plus</strong></span> <span class='ocrx_word' id='word_1_92' title='bbox 888 1619 1126 1675; x_wconf 89' lang='lat' dir='ltr'><strong>donatur</strong></span> <span class='ocrx_word' id='word_1_93' title='bbox 1169 1625 1349 1687; x_wconf 87' lang='lat' dir='ltr'><strong>rebus,</strong></span> <span class='ocrx_word' id='word_1_94' title='bbox 1390 1639 1551 1694; x_wconf 79' lang='lat' dir='ltr'><strong>quam</strong></span> <span class='ocrx_word' id='word_1_95' title='bbox 1605 1629 1796 1682; x_wconf 89' lang='lat' dir='ltr'><strong>merita</strong></span> <span class='ocrx_word' id='word_1_96' title='bbox 1823 1631 1991 1699; x_wconf 87' lang='lat' dir='ltr'><strong>depo-</strong></span> 
     </span>
    </p>
   </div>
   <div class='ocr_carea' id='block_1_15' title="bbox 417 1712 1994 1793">
    <p class='ocr_par' dir='ltr' id='par_1_15' title="bbox 417 1712 1994 1793">
     <span class='ocr_line' id='line_1_15' title="bbox 417 1712 1994 1793; baseline 0.008 -28"><span class='ocrx_word' id='word_1_97' title='bbox 417 1719 593 1773; x_wconf 84' lang='lat' dir='ltr'><strong>scunt,</strong></span> <span class='ocrx_word' id='word_1_98' title='bbox 623 1712 703 1765; x_wconf 85' lang='lat' dir='ltr'><strong>vel</strong></span> <span class='ocrx_word' id='word_1_99' title='bbox 733 1713 1068 1769; x_wconf 82' lang='lat' dir='ltr'><strong>subtrahitur</strong></span> <span class='ocrx_word' id='word_1_100' title='bbox 1112 1717 1324 1771; x_wconf 90' lang='lat' dir='ltr'><strong>meritis</strong></span> <span class='ocrx_word' id='word_1_101' title='bbox 1353 1719 1497 1788; x_wconf 89' lang='lat' dir='ltr'><strong>quod</strong></span> <span class='ocrx_word' id='word_1_102' title='bbox 1551 1720 1796 1775; x_wconf 80' lang='lat' dir='ltr'><strong>debetur.</strong></span> <span class='ocrx_word' id='word_1_103' title='bbox 1831 1740 1853 1775; x_wconf 75' lang='grc' dir='ltr'><strong>ι</strong></span> <span class='ocrx_word' id='word_1_104' title='bbox 1890 1722 1994 1793; x_wconf 79' lang='lat' dir='ltr'><strong>lgi-</strong></span> 
     </span>
    </p>
   </div>
   <div class='ocr_carea' id='block_1_16' title="bbox 1704 317 2399 381">
    <p class='ocr_par' dir='ltr' id='par_1_16' title="bbox 1704 317 2399 381">
     <span class='ocr_line' id='line_1_16' title="bbox 1704 317 2399 381; baseline 0.01 -7"><span class='ocrx_word' id='word_1_105' title='bbox 1704 317 1767 376; x_wconf 83' lang='lat' dir='ltr'><strong>P.</strong></span> <span class='ocrx_word' id='word_1_106' title='bbox 1805 320 2126 377; x_wconf 77' lang='lat' dir='ltr'><strong>DANIELIS</strong></span> <span class='ocrx_word' id='word_1_107' title='bbox 2164 322 2399 381; x_wconf 85' lang='lat' dir='ltr'><strong>HUETII</strong></span> 
     </span>
    </p>
   </div>
   <div class='ocr_carea' id='block_1_17' title="bbox 322 425 3689 512">
    <p class='ocr_par' dir='ltr' id='par_1_17' title="bbox 322 425 3689 512">
     <span class='ocr_line' id='line_1_17' title="bbox 322 425 3689 512; baseline 0.005 -30"><span class='ocrx_word' id='word_1_108' title='bbox 322 502 327 510; x_wconf 35' lang='lat'>.</span> <span class='ocrx_word' id='word_1_109' title='bbox 423 440 488 483; x_wconf 84' lang='lat' dir='ltr'><strong>ex</strong></span> <span class='ocrx_word' id='word_1_110' title='bbox 524 428 613 483; x_wconf 82' lang='lat' dir='ltr'><strong>his</strong></span> <span class='ocrx_word' id='word_1_111' title='bbox 657 425 912 484; x_wconf 89' lang='lat' dir='ltr'><strong>omnibus</strong></span> <span class='ocrx_word' id='word_1_112' title='bbox 947 427 1192 485; x_wconf 87' lang='lat' dir='ltr'><strong>laborum</strong></span> <span class='ocrx_word' id='word_1_113' title='bbox 1223 440 1277 484; x_wconf 90' lang='lat' dir='ltr'><strong>et</strong></span> <span class='ocrx_word' id='word_1_114' title='bbox 1307 433 1610 490; x_wconf 87' lang='lat' dir='ltr'><strong>studiorum</strong></span> <span class='ocrx_word' id='word_1_115' title='bbox 1649 451 1874 492; x_wconf 89' lang='lat' dir='ltr'><strong>suorum</strong></span> <span class='ocrx_word' id='word_1_116' title='bbox 1918 447 1999 492; x_wconf 89' lang='lat' dir='ltr'><strong>te-</strong></span> <span class='ocrx_word' id='word_1_117' title='bbox 2025 444 2073 501; x_wconf 79' lang='grc' dir='ltr'>Α</span> <span class='ocrx_word' id='word_1_118' title='bbox 2104 440 2397 494; x_wconf 87' lang='lat' dir='ltr'><strong>tationibus</strong></span> <span class='ocrx_word' id='word_1_119' title='bbox 2426 438 2788 497; x_wconf 79' lang='lat' dir='ltr'><strong>conﬂictatos.</strong></span> <span class='ocrx_word' id='word_1_120' title='bbox 2823 440 3094 512; x_wconf 82' lang='lat' dir='ltr'><strong>Anonymi</strong></span> <span class='ocrx_word' id='word_1_121' title='bbox 3133 439 3413 510; x_wconf 85' lang='lat' dir='ltr'><strong>cujusdam</strong></span> <span class='ocrx_word' id='word_1_122' title='bbox 3445 443 3615 497; x_wconf 83' lang='lat' dir='ltr'><strong>toties</strong></span> <span class='ocrx_word' id='word_1_123' title='bbox 3658 462 3689 499; x_wconf 72' lang='grc' dir='ltr'><strong>ε</strong></span> 
     </span>
    </p>
   </div>
   <div class='ocr_carea' id='block_1_18' title="bbox 3544 325 3697 381">
    <p class='ocr_par' dir='ltr' id='par_1_18' title="bbox 3544 325 3697 381">
     <span class='ocr_line' id='line_1_18' title="bbox 3544 325 3697 381; baseline 0.013 -1"><span class='ocrx_word' id='word_1_124' title='bbox 3544 325 3697 381; x_wconf 73' lang='grc'><strong>1096</strong></span> 
     </span>
    </p>
   </div>
   <div class='ocr_carea' id='block_1_19' title="bbox 2098 534 3688 610">
    <p class='ocr_par' dir='ltr' id='par_1_19' title="bbox 2098 534 3688 610">
     <span class='ocr_line' id='line_1_19' title="bbox 2098 534 3688 610; baseline 0.005 -24"><span class='ocrx_word' id='word_1_125' title='bbox 2098 534 2255 586; x_wconf 86' lang='lat' dir='ltr'><strong>nobis</strong></span> <span class='ocrx_word' id='word_1_126' title='bbox 2296 534 2407 603; x_wconf 86' lang='lat' dir='ltr'><strong>jam</strong></span> <span class='ocrx_word' id='word_1_127' title='bbox 2450 549 2613 603; x_wconf 82' lang='lat' dir='ltr'><strong>supra</strong></span> <span class='ocrx_word' id='word_1_128' title='bbox 2672 534 2875 588; x_wconf 82' lang='lat' dir='ltr'><strong>laudati</strong></span> <span class='ocrx_word' id='word_1_129' title='bbox 2929 537 3241 604; x_wconf 81' lang='lat' dir='ltr'><strong>Apologiam</strong></span> <span class='ocrx_word' id='word_1_130' title='bbox 3307 554 3402 606; x_wconf 82' lang='lat' dir='ltr'><strong>pro</strong></span> <span class='ocrx_word' id='word_1_131' title='bbox 3451 537 3688 610; x_wconf 76' lang='lat' dir='ltr'><strong>Origene</strong></span> 
     </span>
    </p>
   </div>
   <div class='ocr_carea' id='block_1_20' title="bbox 2098 623 3690 692">
    <p class='ocr_par' dir='ltr' id='par_1_20' title="bbox 2098 623 3690 692">
     <span class='ocr_line' id='line_1_20' title="bbox 2098 623 3690 692; baseline 0.006 -15"><span class='ocrx_word' id='word_1_132' title='bbox 2098 623 2291 692; x_wconf 79' lang='lat' dir='ltr'><strong>legisse</strong></span> <span class='ocrx_word' id='word_1_133' title='bbox 2315 640 2373 679; x_wconf 87' lang='lat' dir='ltr'><strong>se</strong></span> <span class='ocrx_word' id='word_1_134' title='bbox 2406 634 2640 679; x_wconf 85' lang='lat' dir='ltr'><strong>testatur</strong></span> <span class='ocrx_word' id='word_1_135' title='bbox 2676 625 2925 691; x_wconf 86' lang='lat' dir='ltr'><strong>Photius,</strong></span> <span class='ocrx_word' id='word_1_136' title='bbox 2956 630 3079 684; x_wconf 91' lang='lat' dir='ltr'><strong>cod.</strong></span> <span class='ocrx_word' id='word_1_137' title='bbox 3109 642 3277 687; x_wconf 77' lang='lat' dir='ltr'><strong>crxit.</strong></span> <span class='ocrx_word' id='word_1_138' title='bbox 3306 631 3548 685; x_wconf 87' lang='lat' dir='ltr'><strong>auctoris</strong></span> <span class='ocrx_word' id='word_1_139' title='bbox 3584 647 3690 686; x_wconf 86' lang='lat' dir='ltr'><strong>no—</strong></span> 
     </span>
    </p>
   </div>
   <div class='ocr_carea' id='block_1_21' title="bbox 2098 719 3688 789">
    <p class='ocr_par' dir='ltr' id='par_1_21' title="bbox 2098 719 3688 789">
     <span class='ocr_line' id='line_1_21' title="bbox 2098 719 3688 789; baseline 0.004 -18"><span class='ocrx_word' id='word_1_140' title='bbox 2098 733 2224 773; x_wconf 89' lang='lat' dir='ltr'><strong>men</strong></span> <span class='ocrx_word' id='word_1_141' title='bbox 2259 726 2316 771; x_wconf 89' lang='lat' dir='ltr'><strong>et</strong></span> <span class='ocrx_word' id='word_1_142' title='bbox 2353 727 2566 772; x_wconf 68' lang='lat' dir='ltr'><strong>artateiu</strong></span> <span class='ocrx_word' id='word_1_143' title='bbox 2594 719 2811 773; x_wconf 86' lang='lat' dir='ltr'><strong>silentio</strong></span> <span class='ocrx_word' id='word_1_144' title='bbox 2841 720 3060 789; x_wconf 88' lang='lat' dir='ltr'><strong>pressit.</strong></span> <span class='ocrx_word' id='word_1_145' title='bbox 3092 720 3229 787; x_wconf 84' lang='lat' dir='ltr'><strong>Quid</strong></span> <span class='ocrx_word' id='word_1_146' title='bbox 3259 719 3368 787; x_wconf 81' lang='lat' dir='ltr'><strong>jam</strong></span> <span class='ocrx_word' id='word_1_147' title='bbox 3407 724 3688 778; x_wconf 87' lang='lat' dir='ltr'><strong>recentio-</strong></span> 
     </span>
    </p>
   </div>
   <div class='ocr_carea' id='block_1_22' title="bbox 2099 810 3686 877">
    <p class='ocr_par' dir='ltr' id='par_1_22' title="bbox 2099 810 3686 877">
     <span class='ocr_line' id='line_1_22' title="bbox 2099 810 3686 877; baseline 0.002 -14"><span class='ocrx_word' id='word_1_148' title='bbox 2099 826 2186 865; x_wconf 87' lang='lat' dir='ltr'><strong>res</strong></span> <span class='ocrx_word' id='word_1_149' title='bbox 2222 826 2670 876; x_wconf 83' lang='lat' dir='ltr'><strong>commemorem,</strong></span> <span class='ocrx_word' id='word_1_150' title='bbox 2695 810 2959 866; x_wconf 83' lang='lat' dir='ltr'><strong>Joannem</strong></span> <span class='ocrx_word' id='word_1_151' title='bbox 3002 811 3187 865; x_wconf 89' lang='lat' dir='ltr'><strong>Picum</strong></span> <span class='ocrx_word' id='word_1_152' title='bbox 3220 811 3686 877; x_wconf 77' lang='lat' dir='ltr'><strong>Mirandulannm,</strong></span> 
     </span>
    </p>
   </div>
   <div class='ocr_carea' id='block_1_23' title="bbox 2096 900 3684 968">
    <p class='ocr_par' dir='ltr' id='par_1_23' title="bbox 2096 900 3684 968">
     <span class='ocr_line' id='line_1_23' title="bbox 2096 900 3684 968; baseline 0.001 -11"><span class='ocrx_word' id='word_1_153' title='bbox 2096 900 2357 958; x_wconf 83' lang='lat' dir='ltr'><strong>Jacobum</strong></span> <span class='ocrx_word' id='word_1_154' title='bbox 2422 903 2709 959; x_wconf 83' lang='lat' dir='ltr'><strong>Merlinum</strong></span> <span class='ocrx_word' id='word_1_155' title='bbox 2787 903 3272 968; x_wconf 86' lang='lat' dir='ltr'><strong>Victurniensem,</strong></span> <span class='ocrx_word' id='word_1_156' title='bbox 3338 904 3684 959; x_wconf 80' lang='lat' dir='ltr'><strong>Desiderium</strong></span> 
     </span>
    </p>
   </div>
   <div class='ocr_carea' id='block_1_24' title="bbox 2098 996 3684 1063">
    <p class='ocr_par' dir='ltr' id='par_1_24' title="bbox 2098 996 3684 1063">
     <span class='ocr_line' id='line_1_24' title="bbox 2098 996 3684 1063; baseline 0.001 -13"><span class='ocrx_word' id='word_1_157' title='bbox 2098 996 2381 1051; x_wconf 83' lang='lat' dir='ltr'><strong>Erasmuin</strong></span> <span class='ocrx_word' id='word_1_158' title='bbox 2431 997 2882 1060; x_wconf 84' lang='lat' dir='ltr'><strong>Roterodamnm,</strong></span> <span class='ocrx_word' id='word_1_159' title='bbox 2913 998 3126 1051; x_wconf 78' lang='lat' dir='ltr'><strong>Sixtum</strong></span> <span class='ocrx_word' id='word_1_160' title='bbox 3152 996 3478 1063; x_wconf 87' lang='lat' dir='ltr'><strong>Senensem,</strong></span> <span class='ocrx_word' id='word_1_161' title='bbox 3509 998 3684 1053; x_wconf 62' lang='lat' dir='ltr'><strong>Clario</strong></span> 
     </span>
    </p>
   </div>
   <div class='ocr_carea' id='block_1_25' title="bbox 2099 1087 3683 1156">
    <p class='ocr_par' dir='ltr' id='par_1_25' title="bbox 2099 1087 3683 1156">
     <span class='ocr_line' id='line_1_25' title="bbox 2099 1087 3683 1156; baseline 0.001 -15"><span class='ocrx_word' id='word_1_162' title='bbox 2099 1088 2247 1141; x_wconf 91' lang='lat' dir='ltr'><strong>dium</strong></span> <span class='ocrx_word' id='word_1_163' title='bbox 2278 1089 2651 1156; x_wconf 64' lang='lat' dir='ltr'><strong>Espencaium,</strong></span> <span class='ocrx_word' id='word_1_164' title='bbox 2683 1087 2988 1143; x_wconf 86' lang='lat' dir='ltr'><strong>Gilbertum</strong></span> <span class='ocrx_word' id='word_1_165' title='bbox 3021 1087 3452 1154; x_wconf 80' lang='lat' dir='ltr'><strong>Genebrardum,</strong></span> <span class='ocrx_word' id='word_1_166' title='bbox 3488 1099 3546 1142; x_wconf 88' lang='lat' dir='ltr'><strong>et</strong></span> <span class='ocrx_word' id='word_1_167' title='bbox 3576 1104 3683 1143; x_wconf 83' lang='lat' dir='ltr'><strong>no-</strong></span> 
     </span>
    </p>
   </div>
   <div class='ocr_carea' id='block_1_26' title="bbox 2099 1174 3685 1248">
    <p class='ocr_par' dir='ltr' id='par_1_26' title="bbox 2099 1174 3685 1248">
     <span class='ocr_line' id='line_1_26' title="bbox 2099 1174 3685 1248; baseline 0.002 -17"><span class='ocrx_word' id='word_1_168' title='bbox 2099 1179 2319 1233; x_wconf 76' lang='lat' dir='ltr'><strong>vissime</strong></span> <span class='ocrx_word' id='word_1_169' title='bbox 2348 1178 2566 1232; x_wconf 86' lang='lat' dir='ltr'><strong>Petrum</strong></span> <span class='ocrx_word' id='word_1_170' title='bbox 2590 1174 2929 1241; x_wconf 47' lang='lat' dir='ltr'><strong>‘llalloxium,</strong></span> <span class='ocrx_word' id='word_1_171' title='bbox 2968 1193 3197 1248; x_wconf 92' lang='lat' dir='ltr'><strong>quorum</strong></span> <span class='ocrx_word' id='word_1_172' title='bbox 3250 1177 3536 1235; x_wconf 74' lang='lat' dir='ltr'><strong>luculenta:</strong></span> <span class='ocrx_word' id='word_1_173' title='bbox 3578 1194 3685 1234; x_wconf 81' lang='lat' dir='ltr'><strong>ex-</strong></span> 
     </span>
    </p>
   </div>
   <div class='ocr_carea' id='block_1_27' title="bbox 2099 1269 3496 1339">
    <p class='ocr_par' dir='ltr' id='par_1_27' title="bbox 2099 1269 3496 1339">
     <span class='ocr_line' id='line_1_27' title="bbox 2099 1269 3496 1339; baseline 0.001 -15"><span class='ocrx_word' id='word_1_174' title='bbox 2099 1279 2248 1324; x_wconf 88' lang='lat' dir='ltr'><strong>stant</strong></span> <span class='ocrx_word' id='word_1_175' title='bbox 2276 1272 2325 1323; x_wconf 92' lang='lat' dir='ltr'><strong>in</strong></span> <span class='ocrx_word' id='word_1_176' title='bbox 2358 1269 2610 1339; x_wconf 87' lang='lat' dir='ltr'><strong>Origenis</strong></span> <span class='ocrx_word' id='word_1_177' title='bbox 2642 1270 3011 1324; x_wconf 82' lang='lat' dir='ltr'><strong>defensionem</strong></span> <span class='ocrx_word' id='word_1_178' title='bbox 3042 1270 3496 1325; x_wconf 77' lang='lat' dir='ltr'><strong>dissertationes?</strong></span> 
     </span>
    </p>
   </div>
   <div class='ocr_carea' id='block_1_28' title="bbox 2168 1360 3681 1431">
    <p class='ocr_par' dir='ltr' id='par_1_28' title="bbox 2168 1360 3681 1431">
     <span class='ocr_line' id='line_1_28' title="bbox 2168 1360 3681 1431; baseline 0.001 -16"><span class='ocrx_word' id='word_1_179' title='bbox 2168 1360 2251 1415; x_wconf 92' lang='lat' dir='ltr'><strong>Ill.</strong></span> <span class='ocrx_word' id='word_1_180' title='bbox 2286 1362 2486 1416; x_wconf 85' lang='lat' dir='ltr'><strong>ilorum</strong></span> <span class='ocrx_word' id='word_1_181' title='bbox 2516 1361 2733 1431; x_wconf 85' lang='lat' dir='ltr'><strong>quidem</strong></span> <span class='ocrx_word' id='word_1_182' title='bbox 2759 1360 3062 1430; x_wconf 67' lang='lat' dir='ltr'><strong>exempium</strong></span> <span class='ocrx_word' id='word_1_183' title='bbox 3090 1361 3209 1415; x_wconf 87' lang='lat' dir='ltr'><strong>sine</strong></span> <span class='ocrx_word' id='word_1_184' title='bbox 3242 1362 3681 1430; x_wconf 76' lang='lat' dir='ltr'><strong>reprehensione</strong></span> 
     </span>
    </p>
   </div>
   <div class='ocr_carea' id='block_1_29' title="bbox 2097 1454 3687 1523">
    <p class='ocr_par' dir='ltr' id='par_1_29' title="bbox 2097 1454 3687 1523">
     <span class='ocr_line' id='line_1_29' title="bbox 2097 1454 3687 1523; baseline 0.003 -18"><span class='ocrx_word' id='word_1_185' title='bbox 2097 1454 2293 1507; x_wconf 89' lang='lat' dir='ltr'><strong>sectari</strong></span> <span class='ocrx_word' id='word_1_186' title='bbox 2333 1468 2418 1507; x_wconf 90' lang='lat' dir='ltr'><strong>me</strong></span> <span class='ocrx_word' id='word_1_187' title='bbox 2462 1455 2703 1521; x_wconf 90' lang='lat' dir='ltr'><strong>potuisse</strong></span> <span class='ocrx_word' id='word_1_188' title='bbox 2738 1461 2907 1520; x_wconf 88' lang='lat' dir='ltr'><strong>puto;</strong></span> <span class='ocrx_word' id='word_1_189' title='bbox 2962 1470 3134 1523; x_wconf 90' lang='lat' dir='ltr'><strong>neque</strong></span> <span class='ocrx_word' id='word_1_190' title='bbox 3192 1454 3295 1510; x_wconf 85' lang='lat' dir='ltr'><strong>feci</strong></span> <span class='ocrx_word' id='word_1_191' title='bbox 3337 1467 3543 1519; x_wconf 89' lang='lat' dir='ltr'><strong>tamen,</strong></span> <span class='ocrx_word' id='word_1_192' title='bbox 3578 1464 3687 1510; x_wconf 84' lang='lat' dir='ltr'><strong>nec</strong></span> 
     </span>
    </p>
   </div>
   <div class='ocr_carea' id='block_1_30' title="bbox 2096 1547 3691 1619">
    <p class='ocr_par' dir='ltr' id='par_1_30' title="bbox 2096 1547 3691 1619">
     <span class='ocr_line' id='line_1_30' title="bbox 2096 1547 3691 1619; baseline 0.003 -18"><span class='ocrx_word' id='word_1_193' title='bbox 2096 1562 2255 1619; x_wconf 89' lang='lat' dir='ltr'><strong>porro</strong></span> <span class='ocrx_word' id='word_1_194' title='bbox 2292 1548 2487 1601; x_wconf 86' lang='lat' dir='ltr'><strong>faciam</strong></span> <span class='ocrx_word' id='word_1_195' title='bbox 2526 1565 2539 1601; x_wconf 91' lang='lat'>:</span> <span class='ocrx_word' id='word_1_196' title='bbox 2583 1547 2635 1599; x_wconf 91' lang='lat' dir='ltr'><strong>in</strong></span> <span class='ocrx_word' id='word_1_197' title='bbox 2669 1556 2917 1600; x_wconf 88' lang='lat' dir='ltr'><strong>neutram</strong></span> <span class='ocrx_word' id='word_1_198' title='bbox 2944 1549 3091 1601; x_wconf 90' lang='lat' dir='ltr'><strong>enim</strong></span> <span class='ocrx_word' id='word_1_199' title='bbox 3137 1560 3342 1617; x_wconf 88' lang='lat' dir='ltr'><strong>partem</strong></span> <span class='ocrx_word' id='word_1_200' title='bbox 3374 1550 3537 1605; x_wconf 89' lang='lat' dir='ltr'><strong>nimis</strong></span> <span class='ocrx_word' id='word_1_201' title='bbox 3561 1565 3691 1605; x_wconf 82' lang='lat' dir='ltr'><strong>con-</strong></span> 
     </span>
    </p>
   </div>
   <div class='ocr_carea' id='block_1_31' title="bbox 2096 1638 3691 1709">
    <p class='ocr_par' dir='ltr' id='par_1_31' title="bbox 2096 1638 3691 1709">
     <span class='ocr_line' id='line_1_31' title="bbox 2096 1638 3691 1709; baseline 0.001 -15"><span class='ocrx_word' id='word_1_202' title='bbox 2096 1639 2230 1709; x_wconf 91' lang='lat' dir='ltr'><strong>spici</strong></span> <span class='ocrx_word' id='word_1_203' title='bbox 2259 1639 2416 1693; x_wconf 86' lang='lat' dir='ltr'><strong>velim</strong></span> <span class='ocrx_word' id='word_1_204' title='bbox 2454 1656 2467 1693; x_wconf 91' lang='lat'><strong>:</strong></span> <span class='ocrx_word' id='word_1_205' title='bbox 2519 1647 2723 1691; x_wconf 89' lang='lat' dir='ltr'><strong>tantum</strong></span> <span class='ocrx_word' id='word_1_206' title='bbox 2764 1638 2890 1706; x_wconf 91' lang='lat' dir='ltr'><strong>quid</strong></span> <span class='ocrx_word' id='word_1_207' title='bbox 2936 1640 3189 1709; x_wconf 89' lang='lat' dir='ltr'><strong>utrinque</strong></span> <span class='ocrx_word' id='word_1_208' title='bbox 3223 1640 3401 1695; x_wconf 80' lang='lat' dir='ltr'><strong>afferri</strong></span> <span class='ocrx_word' id='word_1_209' title='bbox 3452 1642 3508 1694; x_wconf 91' lang='lat' dir='ltr'><strong>in</strong></span> <span class='ocrx_word' id='word_1_210' title='bbox 3560 1645 3691 1696; x_wconf 80' lang='lat' dir='ltr'><strong>uni-</strong></span> 
     </span>
    </p>
   </div>
   <div class='ocr_carea' id='block_1_32' title="bbox 2094 1729 3691 1804">
    <p class='ocr_par' dir='ltr' id='par_1_32' title="bbox 2094 1729 3691 1804">
     <span class='ocr_line' id='line_1_32' title="bbox 2094 1729 3691 1804; baseline 0.004 -22"><span class='ocrx_word' id='word_1_211' title='bbox 2094 1745 2312 1784; x_wconf 87' lang='lat' dir='ltr'><strong>versum</strong></span> <span class='ocrx_word' id='word_1_212' title='bbox 2343 1729 2534 1801; x_wconf 89' lang='lat' dir='ltr'><strong>possit,</strong></span> <span class='ocrx_word' id='word_1_213' title='bbox 2590 1729 2901 1798; x_wconf 83' lang='lat' dir='ltr'><strong>disputabo.</strong></span> <span class='ocrx_word' id='word_1_214' title='bbox 2959 1730 3217 1799; x_wconf 86' lang='lat' dir='ltr'><strong>Primum,</strong></span> <span class='ocrx_word' id='word_1_215' title='bbox 3272 1731 3399 1801; x_wconf 90' lang='lat' dir='ltr'><strong>quid</strong></span> <span class='ocrx_word' id='word_1_216' title='bbox 3427 1730 3691 1804; x_wconf 79' lang='lat' dir='ltr'><strong>Origenis</strong></span> 
     </span>
    </p>
   </div>
   <div class='ocr_carea' id='block_1_33' title="bbox 419 1804 3689 1896">
    <p class='ocr_par' dir='ltr' id='par_1_33' title="bbox 419 1804 3689 1896">
     <span class='ocr_line' id='line_1_33' title="bbox 419 1804 3689 1896; baseline 0.005 -41"><span class='ocrx_word' id='word_1_217' title='bbox 419 1813 506 1855; x_wconf 90' lang='lat' dir='ltr'><strong>tnr</strong></span> <span class='ocrx_word' id='word_1_218' title='bbox 543 1814 899 1874; x_wconf 89' lang='lat' dir='ltr'><strong>utrorumque</strong></span> <span class='ocrx_word' id='word_1_219' title='bbox 951 1807 1083 1861; x_wconf 92' lang='lat' dir='ltr'><strong>mihi</strong></span> <span class='ocrx_word' id='word_1_220' title='bbox 1143 1810 1479 1878; x_wconf 77' lang='lat' dir='ltr'><strong>improbatur</strong></span> <span class='ocrx_word' id='word_1_221' title='bbox 1525 1814 1691 1879; x_wconf 86' lang='lat' dir='ltr'><strong>ratio,</strong></span> <span class='ocrx_word' id='word_1_222' title='bbox 1747 1824 1856 1869; x_wconf 93' lang='lat' dir='ltr'><strong>tum</strong></span> <span class='ocrx_word' id='word_1_223' title='bbox 1900 1816 1992 1886; x_wconf 89' lang='lat' dir='ltr'><strong>qui</strong></span> <span class='ocrx_word' id='word_1_224' title='bbox 2024 1804 2067 1858; x_wconf 80' lang='grc' dir='ltr'><strong>Β</strong></span> <span class='ocrx_word' id='word_1_225' title='bbox 2096 1838 2270 1877; x_wconf 62' lang='lat' dir='ltr'><strong>causa}</strong></span> <span class='ocrx_word' id='word_1_226' title='bbox 2304 1826 2539 1879; x_wconf 75' lang='lat' dir='ltr'><strong>maxime</strong></span> <span class='ocrx_word' id='word_1_227' title='bbox 2572 1824 2768 1889; x_wconf 67' lang='lat' dir='ltr'><strong>faveat,</strong></span> <span class='ocrx_word' id='word_1_228' title='bbox 2803 1825 3090 1880; x_wconf 78' lang='lat' dir='ltr'><strong>videndum</strong></span> <span class='ocrx_word' id='word_1_229' title='bbox 3138 1837 3254 1892; x_wconf 65' lang='lat' dir='ltr'><strong>est;</strong></span> <span class='ocrx_word' id='word_1_230' title='bbox 3285 1826 3438 1893; x_wconf 74' lang='lat' dir='ltr'><strong>cujus</strong></span> <span class='ocrx_word' id='word_1_231' title='bbox 3485 1827 3689 1896; x_wconf 62' lang='lat' dir='ltr'><strong>duplex</strong></span> 
     </span>
    </p>
   </div>
   <div class='ocr_carea' id='block_1_34' title="bbox 417 1896 1988 1977">
    <p class='ocr_par' dir='ltr' id='par_1_34' title="bbox 417 1896 1988 1977">
     <span class='ocr_line' id='line_1_34' title="bbox 417 1896 1988 1977; baseline 0.009 -29"><span class='ocrx_word' id='word_1_232' title='bbox 417 1896 678 1966; x_wconf 85' lang='lat' dir='ltr'><strong>apologiis</strong></span> <span class='ocrx_word' id='word_1_233' title='bbox 707 1899 820 1953; x_wconf 88' lang='lat' dir='ltr'><strong>suis</strong></span> <span class='ocrx_word' id='word_1_234' title='bbox 854 1900 1000 1954; x_wconf 89' lang='lat' dir='ltr'><strong>omni</strong></span> <span class='ocrx_word' id='word_1_235' title='bbox 1032 1900 1151 1956; x_wconf 81' lang='lat' dir='ltr'><strong>labe</strong></span> <span class='ocrx_word' id='word_1_236' title='bbox 1177 1918 1406 1972; x_wconf 80' lang='lat' dir='ltr'><strong>purgare</strong></span> <span class='ocrx_word' id='word_1_237' title='bbox 1430 1905 1719 1976; x_wconf 83' lang='lat' dir='ltr'><strong>Origenem</strong></span> <span class='ocrx_word' id='word_1_238' title='bbox 1747 1909 1988 1977; x_wconf 87' lang='lat' dir='ltr'><strong>student,</strong></span> 
     </span>
    </p>
   </div>
   <div class='ocr_carea' id='block_1_35' title="bbox 417 1992 1994 2070">
    <p class='ocr_par' dir='ltr' id='par_1_35' title="bbox 417 1992 1994 2070">
     <span class='ocr_line' id='line_1_35' title="bbox 417 1992 1994 2070; baseline 0.011 -26"><span class='ocrx_word' id='word_1_239' title='bbox 417 1999 528 2045; x_wconf 90' lang='lat' dir='ltr'><strong>tum</strong></span> <span class='ocrx_word' id='word_1_240' title='bbox 565 1993 653 2061; x_wconf 89' lang='lat' dir='ltr'><strong>qui</strong></span> <span class='ocrx_word' id='word_1_241' title='bbox 688 1992 804 2061; x_wconf 90' lang='lat' dir='ltr'><strong>ejus</strong></span> <span class='ocrx_word' id='word_1_242' title='bbox 838 2010 1035 2051; x_wconf 89' lang='lat' dir='ltr'><strong>nomen</strong></span> <span class='ocrx_word' id='word_1_243' title='bbox 1084 1998 1151 2051; x_wconf 89' lang='lat' dir='ltr'><strong>ab</strong></span> <span class='ocrx_word' id='word_1_244' title='bbox 1184 1998 1431 2054; x_wconf 84' lang='lat' dir='ltr'><strong>Ecclesia</strong></span> <span class='ocrx_word' id='word_1_245' title='bbox 1468 2002 1686 2070; x_wconf 85' lang='lat' dir='ltr'><strong>penitus</strong></span> <span class='ocrx_word' id='word_1_246' title='bbox 1720 2004 1994 2060; x_wconf 80' lang='lat' dir='ltr'><strong>detestan-</strong></span> 
     </span>
    </p>
   </div>
   <div class='ocr_carea' id='block_1_36' title="bbox 415 2087 1993 2165">
    <p class='ocr_par' dir='ltr' id='par_1_36' title="bbox 415 2087 1993 2165">
     <span class='ocr_line' id='line_1_36' title="bbox 415 2087 1993 2165; baseline 0.011 -29"><span class='ocrx_word' id='word_1_247' title='bbox 415 2092 502 2137; x_wconf 93' lang='lat' dir='ltr'><strong>tur</strong></span> <span class='ocrx_word' id='word_1_248' title='bbox 536 2101 550 2137; x_wconf 92' lang='lat'><strong>:</strong></span> <span class='ocrx_word' id='word_1_249' title='bbox 582 2087 675 2140; x_wconf 90' lang='lat' dir='ltr'><strong>sed</strong></span> <span class='ocrx_word' id='word_1_250' title='bbox 714 2087 779 2140; x_wconf 92' lang='lat' dir='ltr'><strong>iis</strong></span> <span class='ocrx_word' id='word_1_251' title='bbox 815 2096 997 2143; x_wconf 90' lang='lat' dir='ltr'><strong>tamen</strong></span> <span class='ocrx_word' id='word_1_252' title='bbox 1057 2090 1149 2160; x_wconf 90' lang='lat' dir='ltr'><strong>qui</strong></span> <span class='ocrx_word' id='word_1_253' title='bbox 1196 2092 1365 2160; x_wconf 87' lang='lat' dir='ltr'><strong>ipsius</strong></span> <span class='ocrx_word' id='word_1_254' title='bbox 1419 2096 1857 2165; x_wconf 84' lang='lat' dir='ltr'><strong>propugnandam</strong></span> <span class='ocrx_word' id='word_1_255' title='bbox 1901 2114 1993 2153; x_wconf 91' lang='lat' dir='ltr'><strong>su-</strong></span> 
     </span>
    </p>
   </div>
   <div class='ocr_carea' id='block_1_37' title="bbox 413 2182 1990 2256">
    <p class='ocr_par' dir='ltr' id='par_1_37' title="bbox 413 2182 1990 2256">
     <span class='ocr_line' id='line_1_37' title="bbox 413 2182 1990 2256; baseline 0.009 -26"><span class='ocrx_word' id='word_1_256' title='bbox 413 2189 699 2244; x_wconf 89' lang='lat' dir='ltr'><strong>sceperunt</strong></span> <span class='ocrx_word' id='word_1_257' title='bbox 724 2195 941 2234; x_wconf 87' lang='lat' dir='ltr'><strong>causam</strong></span> <span class='ocrx_word' id='word_1_258' title='bbox 973 2182 1092 2252; x_wconf 89' lang='lat' dir='ltr'><strong>plus</strong></span> <span class='ocrx_word' id='word_1_259' title='bbox 1123 2182 1308 2239; x_wconf 78' lang='lat' dir='ltr'><strong>favere</strong></span> <span class='ocrx_word' id='word_1_260' title='bbox 1339 2202 1423 2240; x_wconf 90' lang='lat' dir='ltr'><strong>me</strong></span> <span class='ocrx_word' id='word_1_261' title='bbox 1458 2188 1718 2256; x_wconf 89' lang='lat' dir='ltr'><strong>proliteor</strong></span> <span class='ocrx_word' id='word_1_262' title='bbox 1744 2204 1759 2254; x_wconf 87' lang='lat'><strong>;</strong></span> <span class='ocrx_word' id='word_1_263' title='bbox 1795 2190 1990 2244; x_wconf 89' lang='lat' dir='ltr'><strong>scitum</strong></span> 
     </span>
    </p>
   </div>
   <div class='ocr_carea' id='block_1_38' title="bbox 412 2269 1910 2349">
    <p class='ocr_par' dir='ltr' id='par_1_38' title="bbox 412 2269 1910 2349">
     <span class='ocr_line' id='line_1_38' title="bbox 412 2269 1910 2349; baseline 0.01 -27"><span class='ocrx_word' id='word_1_264' title='bbox 412 2269 608 2338; x_wconf 88' lang='lat' dir='ltr'><strong>quippe</strong></span> <span class='ocrx_word' id='word_1_265' title='bbox 632 2280 717 2325; x_wconf 85' lang='lat' dir='ltr'><strong>ost</strong></span> <span class='ocrx_word' id='word_1_266' title='bbox 742 2272 860 2341; x_wconf 92' lang='lat' dir='ltr'><strong>plus</strong></span> <span class='ocrx_word' id='word_1_267' title='bbox 904 2289 996 2329; x_wconf 89' lang='lat' dir='ltr'><strong>reo</strong></span> <span class='ocrx_word' id='word_1_268' title='bbox 1028 2273 1318 2330; x_wconf 85' lang='lat' dir='ltr'><strong>favendum</strong></span> <span class='ocrx_word' id='word_1_269' title='bbox 1342 2292 1482 2341; x_wconf 89' lang='lat' dir='ltr'><strong>esse,</strong></span> <span class='ocrx_word' id='word_1_270' title='bbox 1515 2295 1677 2349; x_wconf 89' lang='lat' dir='ltr'><strong>quam</strong></span> <span class='ocrx_word' id='word_1_271' title='bbox 1710 2281 1910 2337; x_wconf 88' lang='lat' dir='ltr'><strong>actori.</strong></span> 
     </span>
    </p>
   </div>
   <div class='ocr_carea' id='block_1_39' title="bbox 484 2359 1992 2434">
    <p class='ocr_par' dir='ltr' id='par_1_39' title="bbox 484 2359 1992 2434">
     <span class='ocr_line' id='line_1_39' title="bbox 484 2359 1992 2434; baseline 0.01 -22"><span class='ocrx_word' id='word_1_272' title='bbox 484 2359 544 2414; x_wconf 92' lang='lat' dir='ltr'><strong>ll.</strong></span> <span class='ocrx_word' id='word_1_273' title='bbox 589 2360 695 2417; x_wconf 83' lang='lat' dir='ltr'><strong>Nec</strong></span> <span class='ocrx_word' id='word_1_274' title='bbox 740 2379 826 2417; x_wconf 91' lang='lat' dir='ltr'><strong>me</strong></span> <span class='ocrx_word' id='word_1_275' title='bbox 868 2366 1224 2434; x_wconf 87' lang='lat' dir='ltr'><strong>quorumdam</strong></span> <span class='ocrx_word' id='word_1_276' title='bbox 1274 2367 1553 2422; x_wconf 85' lang='lat' dir='ltr'><strong>hominum</strong></span> <span class='ocrx_word' id='word_1_277' title='bbox 1608 2382 1827 2425; x_wconf 85' lang='lat' dir='ltr'><strong>movent</strong></span> <span class='ocrx_word' id='word_1_278' title='bbox 1856 2386 1992 2427; x_wconf 86' lang='lat' dir='ltr'><strong>con-</strong></span> 
     </span>
    </p>
   </div>
   <div class='ocr_carea' id='block_1_40' title="bbox 411 2451 1993 2527">
    <p class='ocr_par' dir='ltr' id='par_1_40' title="bbox 411 2451 1993 2527">
     <span class='ocr_line' id='line_1_40' title="bbox 411 2451 1993 2527; baseline 0.011 -27"><span class='ocrx_word' id='word_1_279' title='bbox 411 2451 576 2515; x_wconf 81' lang='lat' dir='ltr'><strong>vicia,</strong></span> <span class='ocrx_word' id='word_1_280' title='bbox 600 2452 693 2519; x_wconf 92' lang='lat' dir='ltr'><strong>qui</strong></span> <span class='ocrx_word' id='word_1_281' title='bbox 742 2470 848 2507; x_wconf 86' lang='lat' dir='ltr'><strong>non</strong></span> <span class='ocrx_word' id='word_1_282' title='bbox 879 2470 975 2509; x_wconf 88' lang='lat' dir='ltr'><strong>sua</strong></span> <span class='ocrx_word' id='word_1_283' title='bbox 1007 2455 1165 2509; x_wconf 90' lang='lat' dir='ltr'><strong>modo</strong></span> <span class='ocrx_word' id='word_1_284' title='bbox 1199 2456 1512 2512; x_wconf 82' lang='lat' dir='ltr'><strong>defensione</strong></span> <span class='ocrx_word' id='word_1_285' title='bbox 1556 2460 1831 2527; x_wconf 89' lang='lat' dir='ltr'><strong>indignum</strong></span> <span class='ocrx_word' id='word_1_286' title='bbox 1870 2461 1993 2517; x_wconf 89' lang='lat' dir='ltr'><strong>Ori-</strong></span> 
     </span>
    </p>
   </div>
   <div class='ocr_carea' id='block_1_41' title="bbox 412 2547 1988 2611">
    <p class='ocr_par' dir='ltr' id='par_1_41' title="bbox 412 2547 1988 2611">
     <span class='ocr_line' id='line_1_41' title="bbox 412 2547 1988 2611; baseline 0.005 -12"><span class='ocrx_word' id='word_1_287' title='bbox 412 2560 603 2611; x_wconf 72' lang='lat' dir='ltr'><strong>genem</strong></span> <span class='ocrx_word' id='word_1_288' title='bbox 638 2547 973 2611; x_wconf 86' lang='lat' dir='ltr'><strong>existimant,</strong></span> <span class='ocrx_word' id='word_1_289' title='bbox 1011 2547 1103 2601; x_wconf 90' lang='lat' dir='ltr'><strong>sed</strong></span> <span class='ocrx_word' id='word_1_290' title='bbox 1144 2548 1209 2602; x_wconf 91' lang='lat' dir='ltr'><strong>iis</strong></span> <span class='ocrx_word' id='word_1_291' title='bbox 1243 2551 1406 2603; x_wconf 90' lang='lat' dir='ltr'><strong>etiam</strong></span> <span class='ocrx_word' id='word_1_292' title='bbox 1443 2550 1764 2605; x_wconf 87' lang='lat' dir='ltr'><strong>temeritatis</strong></span> <span class='ocrx_word' id='word_1_293' title='bbox 1804 2562 1988 2607; x_wconf 77' lang='lat' dir='ltr'><strong>natam</strong></span> 
     </span>
    </p>
   </div>
   <div class='ocr_carea' id='block_1_42' title="bbox 411 2635 1992 2714">
    <p class='ocr_par' dir='ltr' id='par_1_42' title="bbox 411 2635 1992 2714">
     <span class='ocr_line' id='line_1_42' title="bbox 411 2635 1992 2714; baseline 0.007 -25"><span class='ocrx_word' id='word_1_294' title='bbox 411 2635 654 2699; x_wconf 88' lang='lat' dir='ltr'><strong>inurunt,</strong></span> <span class='ocrx_word' id='word_1_295' title='bbox 719 2638 1028 2706; x_wconf 85' lang='lat' dir='ltr'><strong>quicunque</strong></span> <span class='ocrx_word' id='word_1_296' title='bbox 1072 2638 1289 2708; x_wconf 89' lang='lat' dir='ltr'><strong>aliquod</strong></span> <span class='ocrx_word' id='word_1_297' title='bbox 1332 2640 1380 2693; x_wconf 94' lang='lat' dir='ltr'><strong>ci</strong></span> <span class='ocrx_word' id='word_1_298' title='bbox 1432 2643 1797 2699; x_wconf 75' lang='lat' dir='ltr'><strong>excusationis</strong></span> <span class='ocrx_word' id='word_1_299' title='bbox 1850 2661 1992 2714; x_wconf 68' lang='lat' dir='ltr'><strong>pra:-</strong></span> 
     </span>
    </p>
   </div>
   <div class='ocr_carea' id='block_1_43' title="bbox 410 2727 1978 2803">
    <p class='ocr_par' dir='ltr' id='par_1_43' title="bbox 410 2727 1978 2803">
     <span class='ocr_line' id='line_1_43' title="bbox 410 2727 1978 2803; baseline 0.006 -20"><span class='ocrx_word' id='word_1_300' title='bbox 410 2738 557 2783; x_wconf 77' lang='lat' dir='ltr'><strong>stant</strong></span> <span class='ocrx_word' id='word_1_301' title='bbox 592 2727 848 2782; x_wconf 78' lang='lat' dir='ltr'><strong>ofﬁcium.</strong></span> <span class='ocrx_word' id='word_1_302' title='bbox 901 2729 1019 2797; x_wconf 85' lang='lat' dir='ltr'><strong>Quo</strong></span> <span class='ocrx_word' id='word_1_303' title='bbox 1066 2745 1163 2783; x_wconf 92' lang='lat' dir='ltr'><strong>suo</strong></span> <span class='ocrx_word' id='word_1_304' title='bbox 1206 2730 1445 2797; x_wconf 90' lang='lat' dir='ltr'><strong>decreto,</strong></span> <span class='ocrx_word' id='word_1_305' title='bbox 1478 2747 1583 2785; x_wconf 93' lang='lat' dir='ltr'><strong>non</strong></span> <span class='ocrx_word' id='word_1_306' title='bbox 1616 2736 1876 2803; x_wconf 90' lang='lat' dir='ltr'><strong>quosdam</strong></span> <span class='ocrx_word' id='word_1_307' title='bbox 1912 2737 1978 2792; x_wconf 89' lang='lat' dir='ltr'><strong>de</strong></span> 
     </span>
    </p>
   </div>
   <div class='ocr_carea' id='block_1_44' title="bbox 412 2821 1991 2899">
    <p class='ocr_par' dir='ltr' id='par_1_44' title="bbox 412 2821 1991 2899">
     <span class='ocr_line' id='line_1_44' title="bbox 412 2821 1991 2899; baseline 0.007 -26"><span class='ocrx_word' id='word_1_308' title='bbox 412 2821 575 2875; x_wconf 84' lang='lat' dir='ltr'><strong>trivio</strong></span> <span class='ocrx_word' id='word_1_309' title='bbox 618 2822 980 2892; x_wconf 74' lang='lat' dir='ltr'><strong>inagistellus,</strong></span> <span class='ocrx_word' id='word_1_310' title='bbox 1008 2824 1101 2876; x_wconf 89' lang='lat' dir='ltr'><strong>sed</strong></span> <span class='ocrx_word' id='word_1_311' title='bbox 1142 2824 1415 2893; x_wconf 84' lang='lat' dir='ltr'><strong>principes</strong></span> <span class='ocrx_word' id='word_1_312' title='bbox 1452 2826 1504 2878; x_wconf 89' lang='lat' dir='ltr'><strong>in</strong></span> <span class='ocrx_word' id='word_1_313' title='bbox 1543 2825 1738 2882; x_wconf 89' lang='lat' dir='ltr'><strong>litteris</strong></span> <span class='ocrx_word' id='word_1_314' title='bbox 1782 2840 1837 2882; x_wconf 93' lang='lat' dir='ltr'><strong>et</strong></span> <span class='ocrx_word' id='word_1_315' title='bbox 1876 2830 1991 2899; x_wconf 90' lang='lat' dir='ltr'><strong>pie-</strong></span> 
     </span>
    </p>
   </div>
   <div class='ocr_carea' id='block_1_45' title="bbox 413 2913 1987 2984">
    <p class='ocr_par' dir='ltr' id='par_1_45' title="bbox 413 2913 1987 2984">
     <span class='ocr_line' id='line_1_45' title="bbox 413 2913 1987 2984; baseline 0.004 -18"><span class='ocrx_word' id='word_1_316' title='bbox 413 2922 524 2968; x_wconf 88' lang='lat' dir='ltr'><strong>tate</strong></span> <span class='ocrx_word' id='word_1_317' title='bbox 549 2913 788 2984; x_wconf 81' lang='lat' dir='ltr'><strong>insignes</strong></span> <span class='ocrx_word' id='word_1_318' title='bbox 817 2916 965 2969; x_wconf 87' lang='lat' dir='ltr'><strong>viros</strong></span> <span class='ocrx_word' id='word_1_319' title='bbox 998 2914 1317 2982; x_wconf 86' lang='lat' dir='ltr'><strong>percellnnt.</strong></span> <span class='ocrx_word' id='word_1_320' title='bbox 1351 2915 1484 2968; x_wconf 83' lang='lat' dir='ltr'><strong>Nam</strong></span> <span class='ocrx_word' id='word_1_321' title='bbox 1526 2924 1585 2971; x_wconf 84' lang='lat' dir='ltr'><strong>ut</strong></span> <span class='ocrx_word' id='word_1_322' title='bbox 1621 2917 1987 2973; x_wconf 88' lang='lat' dir='ltr'><strong>Alexandrum</strong></span> 
     </span>
    </p>
   </div>
   <div class='ocr_carea' id='block_1_46' title="bbox 410 3006 1986 3078">
    <p class='ocr_par' dir='ltr' id='par_1_46' title="bbox 410 3006 1986 3078">
     <span class='ocr_line' id='line_1_46' title="bbox 410 3006 1986 3078; baseline 0.004 -17"><span class='ocrx_word' id='word_1_323' title='bbox 410 3006 938 3078; x_wconf 81' lang='lat' dir='ltr'><strong>Jerosolymitanum,</strong></span> <span class='ocrx_word' id='word_1_324' title='bbox 985 3008 1358 3061; x_wconf 76' lang='lat' dir='ltr'><strong>Thcoctistnm</strong></span> <span class='ocrx_word' id='word_1_325' title='bbox 1394 3008 1809 3075; x_wconf 74' lang='lat' dir='ltr'><strong>Caesariensem,</strong></span> <span class='ocrx_word' id='word_1_326' title='bbox 1856 3012 1986 3067; x_wconf 89' lang='lat' dir='ltr'><strong>Dio-</strong></span> 
     </span>
    </p>
   </div>
   <div class='ocr_carea' id='block_1_47' title="bbox 2095 1915 3690 1981">
    <p class='ocr_par' dir='ltr' id='par_1_47' title="bbox 2095 1915 3690 1981">
     <span class='ocr_line' id='line_1_47' title="bbox 2095 1915 3690 1981; baseline 0.003 -12"><span class='ocrx_word' id='word_1_327' title='bbox 2095 1925 2180 1970; x_wconf 90' lang='lat' dir='ltr'><strong>est</strong></span> <span class='ocrx_word' id='word_1_328' title='bbox 2217 1917 2376 1981; x_wconf 85' lang='lat' dir='ltr'><strong>ratio,</strong></span> <span class='ocrx_word' id='word_1_329' title='bbox 2428 1917 2510 1972; x_wconf 78' lang='lat' dir='ltr'><strong>vel</strong></span> <span class='ocrx_word' id='word_1_330' title='bbox 2542 1915 2789 1973; x_wconf 82' lang='lat' dir='ltr'><strong>conﬂatis</strong></span> <span class='ocrx_word' id='word_1_331' title='bbox 2831 1917 2882 1971; x_wconf 91' lang='lat' dir='ltr'><strong>in</strong></span> <span class='ocrx_word' id='word_1_332' title='bbox 2930 1932 3050 1971; x_wconf 91' lang='lat' dir='ltr'><strong>eum</strong></span> <span class='ocrx_word' id='word_1_333' title='bbox 3097 1917 3572 1973; x_wconf 86' lang='lat' dir='ltr'><strong>criminationibus</strong></span> <span class='ocrx_word' id='word_1_334' title='bbox 3605 1921 3690 1974; x_wconf 92' lang='lat' dir='ltr'><strong>di-</strong></span> 
     </span>
    </p>
   </div>
   <div class='ocr_carea' id='block_1_48' title="bbox 2094 2008 3692 2080">
    <p class='ocr_par' dir='ltr' id='par_1_48' title="bbox 2094 2008 3692 2080">
     <span class='ocr_line' id='line_1_48' title="bbox 2094 2008 3692 2080; baseline 0 -17"><span class='ocrx_word' id='word_1_335' title='bbox 2094 2009 2327 2078; x_wconf 88' lang='lat' dir='ltr'><strong>lucndis,</strong></span> <span class='ocrx_word' id='word_1_336' title='bbox 2376 2010 2461 2065; x_wconf 86' lang='lat' dir='ltr'><strong>vel</strong></span> <span class='ocrx_word' id='word_1_337' title='bbox 2517 2012 2634 2079; x_wconf 89' lang='lat' dir='ltr'><strong>ipso</strong></span> <span class='ocrx_word' id='word_1_338' title='bbox 2673 2010 2907 2080; x_wconf 76' lang='lat' dir='ltr'><strong>Origene</strong></span> <span class='ocrx_word' id='word_1_339' title='bbox 2941 2011 3270 2065; x_wconf 86' lang='lat' dir='ltr'><strong>excusando.</strong></span> <span class='ocrx_word' id='word_1_340' title='bbox 3320 2008 3692 2065; x_wconf 83' lang='lat' dir='ltr'><strong>Confutantur</strong></span> 
     </span>
    </p>
   </div>
   <div class='ocr_carea' id='block_1_49' title="bbox 2094 2104 3689 2178">
    <p class='ocr_par' dir='ltr' id='par_1_49' title="bbox 2094 2104 3689 2178">
     <span class='ocr_line' id='line_1_49' title="bbox 2094 2104 3689 2178; baseline -0.001 -16"><span class='ocrx_word' id='word_1_341' title='bbox 2094 2108 2326 2178; x_wconf 88' lang='lat' dir='ltr'><strong>primum</strong></span> <span class='ocrx_word' id='word_1_342' title='bbox 2358 2108 2729 2163; x_wconf 87' lang='lat' dir='ltr'><strong>accusationes</strong></span> <span class='ocrx_word' id='word_1_343' title='bbox 2776 2109 2878 2162; x_wconf 85' lang='lat' dir='ltr'><strong>hoc</strong></span> <span class='ocrx_word' id='word_1_344' title='bbox 2926 2114 3261 2175; x_wconf 89' lang='lat' dir='ltr'><strong>argumento,</strong></span> <span class='ocrx_word' id='word_1_345' title='bbox 3292 2105 3436 2175; x_wconf 91' lang='lat' dir='ltr'><strong>quod</strong></span> <span class='ocrx_word' id='word_1_346' title='bbox 3485 2104 3689 2176; x_wconf 68' lang='lat' dir='ltr'><strong>plerae-</strong></span> 
     </span>
    </p>
   </div>
   <div class='ocr_carea' id='block_1_50' title="bbox 2093 2198 3694 2270">
    <p class='ocr_par' dir='ltr' id='par_1_50' title="bbox 2093 2198 3694 2270">
     <span class='ocr_line' id='line_1_50' title="bbox 2093 2198 3694 2270; baseline -0.004 -15"><span class='ocrx_word' id='word_1_347' title='bbox 2093 2215 2199 2270; x_wconf 87' lang='lat' dir='ltr'><strong>que</strong></span> <span class='ocrx_word' id='word_1_348' title='bbox 2225 2201 2328 2256; x_wconf 89' lang='lat' dir='ltr'><strong>sibi</strong></span> <span class='ocrx_word' id='word_1_349' title='bbox 2357 2209 2657 2270; x_wconf 76' lang='lat' dir='ltr'><strong>repugnant</strong></span> <span class='ocrx_word' id='word_1_350' title='bbox 2690 2199 2941 2264; x_wconf 85' lang='lat' dir='ltr'><strong>invicem,</strong></span> <span class='ocrx_word' id='word_1_351' title='bbox 2993 2210 3051 2252; x_wconf 89' lang='lat' dir='ltr'><strong>et</strong></span> <span class='ocrx_word' id='word_1_352' title='bbox 3095 2198 3148 2252; x_wconf 92' lang='lat' dir='ltr'><strong>in</strong></span> <span class='ocrx_word' id='word_1_353' title='bbox 3202 2208 3323 2252; x_wconf 85' lang='lat' dir='ltr'><strong>sese</strong></span> <span class='ocrx_word' id='word_1_354' title='bbox 3370 2198 3694 2252; x_wconf 87' lang='lat' dir='ltr'><strong>incurrunt.-</strong></span> 
     </span>
    </p>
   </div>
   <div class='ocr_carea' id='block_1_51' title="bbox 2095 2288 3686 2359">
    <p class='ocr_par' dir='ltr' id='par_1_51' title="bbox 2095 2288 3686 2359">
     <span class='ocr_line' id='line_1_51' title="bbox 2095 2288 3686 2359; baseline -0.003 -12"><span class='ocrx_word' id='word_1_355' title='bbox 2095 2291 2243 2347; x_wconf 89' lang='lat' dir='ltr'><strong>luter</strong></span> <span class='ocrx_word' id='word_1_356' title='bbox 2275 2306 2466 2347; x_wconf 89' lang='lat' dir='ltr'><strong>novem</strong></span> <span class='ocrx_word' id='word_1_357' title='bbox 2494 2291 2905 2345; x_wconf 89' lang='lat' dir='ltr'><strong>criminationes</strong></span> <span class='ocrx_word' id='word_1_358' title='bbox 2952 2305 2980 2343; x_wconf 91' lang='lat' dir='ltr'><strong>a</strong></span> <span class='ocrx_word' id='word_1_359' title='bbox 3012 2288 3314 2359; x_wconf 73' lang='lat' dir='ltr'><strong>Pamphilio</strong></span> <span class='ocrx_word' id='word_1_360' title='bbox 3340 2303 3686 2343; x_wconf 88' lang='lat' dir='ltr'><strong>commemo-</strong></span> 
     </span>
    </p>
   </div>
   <div class='ocr_carea' id='block_1_52' title="bbox 2094 2381 3687 2452">
    <p class='ocr_par' dir='ltr' id='par_1_52' title="bbox 2094 2381 3687 2452">
     <span class='ocr_line' id='line_1_52' title="bbox 2094 2381 3687 2452; baseline -0.004 -13"><span class='ocrx_word' id='word_1_361' title='bbox 2094 2396 2264 2448; x_wconf 88' lang='lat' dir='ltr'><strong>ratas,</strong></span> <span class='ocrx_word' id='word_1_362' title='bbox 2296 2385 2582 2439; x_wconf 76' lang='lat' dir='ltr'><strong>contraria:</strong></span> <span class='ocrx_word' id='word_1_363' title='bbox 2615 2383 2715 2438; x_wconf 87' lang='lat' dir='ltr'><strong>sibi</strong></span> <span class='ocrx_word' id='word_1_364' title='bbox 2762 2393 2888 2438; x_wconf 86' lang='lat' dir='ltr'><strong>sunt</strong></span> <span class='ocrx_word' id='word_1_365' title='bbox 2926 2381 3135 2452; x_wconf 88' lang='lat' dir='ltr'><strong>priores</strong></span> <span class='ocrx_word' id='word_1_366' title='bbox 3164 2390 3417 2451; x_wconf 88' lang='lat' dir='ltr'><strong>quatuor,</strong></span> <span class='ocrx_word' id='word_1_367' title='bbox 3448 2395 3574 2450; x_wconf 75' lang='lat' dir='ltr'><strong>quae</strong></span> <span class='ocrx_word' id='word_1_368' title='bbox 3616 2382 3687 2433; x_wconf 88' lang='lat' dir='ltr'><strong>ad</strong></span> 
     </span>
    </p>
   </div>
   <div class='ocr_carea' id='block_1_53' title="bbox 2094 2472 3685 2547">
    <p class='ocr_par' dir='ltr' id='par_1_53' title="bbox 2094 2472 3685 2547">
     <span class='ocr_line' id='line_1_53' title="bbox 2094 2472 3685 2547; baseline -0.006 -14"><span class='ocrx_word' id='word_1_369' title='bbox 2094 2476 2367 2533; x_wconf 82' lang='lat' dir='ltr'><strong>Christum</strong></span> <span class='ocrx_word' id='word_1_370' title='bbox 2389 2477 2683 2547; x_wconf 89' lang='lat' dir='ltr'><strong>pertinent,</strong></span> <span class='ocrx_word' id='word_1_371' title='bbox 2716 2484 2775 2528; x_wconf 94' lang='lat' dir='ltr'><strong>ut</strong></span> <span class='ocrx_word' id='word_1_372' title='bbox 2802 2474 2884 2529; x_wconf 84' lang='lat' dir='ltr'><strong>vel</strong></span> <span class='ocrx_word' id='word_1_373' title='bbox 2906 2474 3098 2528; x_wconf 89' lang='lat' dir='ltr'><strong>silente</strong></span> <span class='ocrx_word' id='word_1_374' title='bbox 3131 2473 3253 2541; x_wconf 86' lang='lat' dir='ltr'><strong>ipso</strong></span> <span class='ocrx_word' id='word_1_375' title='bbox 3274 2472 3530 2542; x_wconf 78' lang='lat' dir='ltr'><strong>Origene,</strong></span> <span class='ocrx_word' id='word_1_376' title='bbox 3568 2486 3685 2525; x_wconf 83' lang='lat' dir='ltr'><strong>mir-</strong></span> 
     </span>
    </p>
   </div>
   <div class='ocr_carea' id='block_1_54' title="bbox 2096 2564 3683 2634">
    <p class='ocr_par' dir='ltr' id='par_1_54' title="bbox 2096 2564 3683 2634">
     <span class='ocr_line' id='line_1_54' title="bbox 2096 2564 3683 2634; baseline -0.006 -11"><span class='ocrx_word' id='word_1_377' title='bbox 2096 2578 2187 2623; x_wconf 90' lang='lat' dir='ltr'><strong>tuo</strong></span> <span class='ocrx_word' id='word_1_378' title='bbox 2219 2582 2339 2623; x_wconf 84' lang='lat' dir='ltr'><strong>sese</strong></span> <span class='ocrx_word' id='word_1_379' title='bbox 2367 2568 2470 2621; x_wconf 71' lang='lat' dir='ltr'><strong>illae</strong></span> <span class='ocrx_word' id='word_1_380' title='bbox 2505 2567 2770 2622; x_wconf 86' lang='lat' dir='ltr'><strong>refellant.</strong></span> <span class='ocrx_word' id='word_1_381' title='bbox 2798 2564 2951 2632; x_wconf 86' lang='lat' dir='ltr'><strong>Quod</strong></span> <span class='ocrx_word' id='word_1_382' title='bbox 2982 2566 3025 2619; x_wconf 92' lang='lat' dir='ltr'><strong>si</strong></span> <span class='ocrx_word' id='word_1_383' title='bbox 3061 2564 3183 2634; x_wconf 90' lang='lat' dir='ltr'><strong>quis</strong></span> <span class='ocrx_word' id='word_1_384' title='bbox 3211 2564 3459 2631; x_wconf 71' lang='lat' dir='ltr'><strong>superius</strong></span> <span class='ocrx_word' id='word_1_385' title='bbox 3491 2570 3683 2631; x_wconf 84' lang='lat' dir='ltr'><strong>caput,</strong></span> 
     </span>
    </p>
   </div>
   <div class='ocr_carea' id='block_1_55' title="bbox 2093 2656 3687 2731">
    <p class='ocr_par' dir='ltr' id='par_1_55' title="bbox 2093 2656 3687 2731">
     <span class='ocr_line' id='line_1_55' title="bbox 2093 2656 3687 2731; baseline -0.006 -16"><span class='ocrx_word' id='word_1_386' title='bbox 2093 2663 2234 2731; x_wconf 94' lang='lat' dir='ltr'><strong>quod</strong></span> <span class='ocrx_word' id='word_1_387' title='bbox 2257 2660 2563 2715; x_wconf 85' lang='lat' dir='ltr'><strong>Adamantii</strong></span> <span class='ocrx_word' id='word_1_388' title='bbox 2592 2661 2842 2731; x_wconf 81' lang='lat' dir='ltr'><strong>dogmata</strong></span> <span class='ocrx_word' id='word_1_389' title='bbox 2867 2657 3266 2728; x_wconf 83' lang='lat' dir='ltr'><strong>complectitur,</strong></span> <span class='ocrx_word' id='word_1_390' title='bbox 3300 2656 3525 2709; x_wconf 83' lang='lat' dir='ltr'><strong>attentis</strong></span> <span class='ocrx_word' id='word_1_391' title='bbox 3551 2670 3687 2708; x_wconf 86' lang='lat' dir='ltr'><strong>ocn-</strong></span> 
     </span>
    </p>
   </div>
   <div class='ocr_carea' id='block_1_56' title="bbox 2093 2746 3692 2822">
    <p class='ocr_par' dir='ltr' id='par_1_56' title="bbox 2093 2746 3692 2822">
     <span class='ocr_line' id='line_1_56' title="bbox 2093 2746 3692 2822; baseline -0.005 -15"><span class='ocrx_word' id='word_1_392' title='bbox 2093 2752 2161 2808; x_wconf 88' lang='lat' dir='ltr'><strong>lis</strong></span> <span class='ocrx_word' id='word_1_393' title='bbox 2205 2752 2519 2822; x_wconf 87' lang='lat' dir='ltr'><strong>perlustret.</strong></span> <span class='ocrx_word' id='word_1_394' title='bbox 2564 2751 2733 2806; x_wconf 90' lang='lat' dir='ltr'><strong>multa</strong></span> <span class='ocrx_word' id='word_1_395' title='bbox 2782 2750 2892 2805; x_wconf 92' lang='lat' dir='ltr'><strong>illic</strong></span> <span class='ocrx_word' id='word_1_396' title='bbox 2941 2748 3150 2818; x_wconf 84' lang='lat' dir='ltr'><strong>objecta</strong></span> <span class='ocrx_word' id='word_1_397' title='bbox 3177 2746 3395 2816; x_wconf 74' lang='lat' dir='ltr'><strong>Origeui</strong></span> <span class='ocrx_word' id='word_1_398' title='bbox 3445 2746 3692 2801; x_wconf 80' lang='lat' dir='ltr'><strong>crimina&quot;</strong></span> 
     </span>
    </p>
   </div>
   <div class='ocr_carea' id='block_1_57' title="bbox 2092 2838 3183 2909">
    <p class='ocr_par' dir='ltr' id='par_1_57' title="bbox 2092 2838 3183 2909">
     <span class='ocr_line' id='line_1_57' title="bbox 2092 2838 3183 2909; baseline -0.007 -10"><span class='ocrx_word' id='word_1_399' title='bbox 2092 2843 2367 2899; x_wconf 88' lang='lat' dir='ltr'><strong>adversari</strong></span> <span class='ocrx_word' id='word_1_400' title='bbox 2400 2843 2501 2897; x_wconf 90' lang='lat' dir='ltr'><strong>sibi</strong></span> <span class='ocrx_word' id='word_1_401' title='bbox 2535 2842 2764 2896; x_wconf 85' lang='lat' dir='ltr'><strong>invicem</strong></span> <span class='ocrx_word' id='word_1_402' title='bbox 2795 2838 3183 2909; x_wconf 86' lang='lat' dir='ltr'><strong>deprehendet.</strong></span> 
     </span>
    </p>
   </div>
   <div class='ocr_carea' id='block_1_58' title="bbox 2163 2929 3681 2997">
    <p class='ocr_par' dir='ltr' id='par_1_58' title="bbox 2163 2929 3681 2997">
     <span class='ocr_line' id='line_1_58' title="bbox 2163 2929 3681 2997; baseline -0.008 -4"><span class='ocrx_word' id='word_1_403' title='bbox 2163 2936 2253 2994; x_wconf 82' lang='grc' dir='ltr'><strong>ιν.</strong></span> <span class='ocrx_word' id='word_1_404' title='bbox 2301 2936 2540 2990; x_wconf 91' lang='lat' dir='ltr'><strong>Alterum</strong></span> <span class='ocrx_word' id='word_1_405' title='bbox 2570 2932 2891 2989; x_wconf 80' lang='lat' dir='ltr'><strong>defendendi</strong></span> <span class='ocrx_word' id='word_1_406' title='bbox 2939 2929 3245 2987; x_wconf 87' lang='lat' dir='ltr'><strong>Adamantii</strong></span> <span class='ocrx_word' id='word_1_407' title='bbox 3300 2936 3681 2997; x_wconf 77' lang='lat' dir='ltr'><strong>argumentum</strong></span> 
     </span>
    </p>
   </div>
   <div class='ocr_carea' id='block_1_59' title="bbox 2092 3021 3681 3098">
    <p class='ocr_par' dir='ltr' id='par_1_59' title="bbox 2092 3021 3681 3098">
     <span class='ocr_line' id='line_1_59' title="bbox 2092 3021 3681 3098; baseline -0.009 -13"><span class='ocrx_word' id='word_1_408' title='bbox 2092 3045 2158 3085; x_wconf 85' lang='lat' dir='ltr'><strong>ex</strong></span> <span class='ocrx_word' id='word_1_409' title='bbox 2193 3042 2258 3083; x_wconf 93' lang='lat' dir='ltr'><strong>eo</strong></span> <span class='ocrx_word' id='word_1_410' title='bbox 2300 3028 2523 3098; x_wconf 87' lang='lat' dir='ltr'><strong>petitur,</strong></span> <span class='ocrx_word' id='word_1_411' title='bbox 2581 3025 2726 3096; x_wconf 88' lang='lat' dir='ltr'><strong>quod</strong></span> <span class='ocrx_word' id='word_1_412' title='bbox 2760 3023 3187 3093; x_wconf 86' lang='lat' dir='ltr'><strong>Origenistarum</strong></span> <span class='ocrx_word' id='word_1_413' title='bbox 3217 3021 3681 3075; x_wconf 85' lang='lat' dir='ltr'><strong>heterodoxorum</strong></span> 
     </span>
    </p>
   </div>
   <div class='ocr_carea' id='block_1_60' title="bbox 415 3098 3684 3204">
    <p class='ocr_par' dir='ltr' id='par_1_60' title="bbox 415 3098 3684 3204">
     <span class='ocr_line' id='line_1_60' title="bbox 415 3098 3684 3204; baseline 0.004 -51"><span class='ocrx_word' id='word_1_414' title='bbox 415 3103 629 3171; x_wconf 84' lang='lat' dir='ltr'><strong>nysium</strong></span> <span class='ocrx_word' id='word_1_415' title='bbox 670 3101 1117 3165; x_wconf 79' lang='lat' dir='ltr'><strong>Alexandrinum,</strong></span> <span class='ocrx_word' id='word_1_416' title='bbox 1157 3098 1533 3155; x_wconf 87' lang='lat' dir='ltr'><strong>Firmilianuni</strong></span> <span class='ocrx_word' id='word_1_417' title='bbox 1575 3102 1987 3172; x_wconf 70' lang='lat' dir='ltr'><strong>Caesariensem,</strong></span> <span class='ocrx_word' id='word_1_418' title='bbox 2019 3148 2060 3204; x_wconf 65' lang='grc' dir='ltr'>Ο</span> <span class='ocrx_word' id='word_1_419' title='bbox 2094 3136 2310 3177; x_wconf 63' lang='lat' dir='ltr'><strong>errores</strong></span> <span class='ocrx_word' id='word_1_420' title='bbox 2341 3117 2564 3189; x_wconf 65' lang='lat' dir='ltr'><strong>Origeui</strong></span> <span class='ocrx_word' id='word_1_421' title='bbox 2621 3131 2762 3187; x_wconf 55' lang='lat' dir='ltr'><strong>saepe</strong></span> <span class='ocrx_word' id='word_1_422' title='bbox 2804 3116 2965 3170; x_wconf 62' lang='grc' dir='ltr'><strong>δαῖειί</strong></span> <span class='ocrx_word' id='word_1_423' title='bbox 3018 3123 3164 3180; x_wconf 78' lang='lat' dir='ltr'><strong>sunt,</strong></span> <span class='ocrx_word' id='word_1_424' title='bbox 3220 3120 3275 3167; x_wconf 91' lang='lat' dir='ltr'><strong>et</strong></span> <span class='ocrx_word' id='word_1_425' title='bbox 3307 3114 3474 3182; x_wconf 87' lang='lat' dir='ltr'><strong>quod,</strong></span> <span class='ocrx_word' id='word_1_426' title='bbox 3512 3122 3574 3165; x_wconf 88' lang='lat' dir='ltr'><strong>ut</strong></span> <span class='ocrx_word' id='word_1_427' title='bbox 3605 3112 3684 3164; x_wconf 85' lang='lat' dir='ltr'><strong>ait</strong></span> 
     </span>
    </p>
   </div>
   <div class='ocr_carea' id='block_1_61' title="bbox 411 3191 1991 3263">
    <p class='ocr_par' dir='ltr' id='par_1_61' title="bbox 411 3191 1991 3263">
     <span class='ocr_line' id='line_1_61' title="bbox 411 3191 1991 3263; baseline 0.006 -22"><span class='ocrx_word' id='word_1_428' title='bbox 411 3194 733 3262; x_wconf 76' lang='lat' dir='ltr'><strong>Gregorium</strong></span> <span class='ocrx_word' id='word_1_429' title='bbox 771 3191 1256 3263; x_wconf 87' lang='lat' dir='ltr'><strong>Thaumaturgum,</strong></span> <span class='ocrx_word' id='word_1_430' title='bbox 1285 3203 1339 3248; x_wconf 91' lang='lat' dir='ltr'><strong>et</strong></span> <span class='ocrx_word' id='word_1_431' title='bbox 1371 3194 1798 3261; x_wconf 82' lang='lat' dir='ltr'><strong>Athenodorum,</strong></span> <span class='ocrx_word' id='word_1_432' title='bbox 1825 3198 1991 3252; x_wconf 86' lang='lat' dir='ltr'><strong>alios-</strong></span> 
     </span>
    </p>
   </div>
   <div class='ocr_carea' id='block_1_62' title="bbox 409 3285 1991 3356">
    <p class='ocr_par' dir='ltr' id='par_1_62' title="bbox 409 3285 1991 3356">
     <span class='ocr_line' id='line_1_62' title="bbox 409 3285 1991 3356; baseline 0.006 -20"><span class='ocrx_word' id='word_1_433' title='bbox 409 3300 515 3355; x_wconf 90' lang='lat' dir='ltr'><strong>que</strong></span> <span class='ocrx_word' id='word_1_434' title='bbox 586 3285 803 3355; x_wconf 91' lang='lat' dir='ltr'><strong>Origeui</strong></span> <span class='ocrx_word' id='word_1_435' title='bbox 872 3300 1081 3341; x_wconf 71' lang='lat' dir='ltr'><strong>coaevos</strong></span> <span class='ocrx_word' id='word_1_436' title='bbox 1159 3290 1607 3356; x_wconf 48' lang='lat' dir='ltr'><strong>praetermittam;</strong></span> <span class='ocrx_word' id='word_1_437' title='bbox 1697 3299 1751 3344; x_wconf 90' lang='lat' dir='ltr'><strong>et</strong></span> <span class='ocrx_word' id='word_1_438' title='bbox 1826 3299 1991 3345; x_wconf 89' lang='lat' dir='ltr'><strong>totam</strong></span> 
     </span>
    </p>
   </div>
   <div class='ocr_carea' id='block_1_63' title="bbox 409 3378 1993 3448">
    <p class='ocr_par' dir='ltr' id='par_1_63' title="bbox 409 3378 1993 3448">
     <span class='ocr_line' id='line_1_63' title="bbox 409 3378 1993 3448; baseline 0.001 -15"><span class='ocrx_word' id='word_1_439' title='bbox 409 3379 644 3448; x_wconf 83' lang='lat' dir='ltr'><strong>denique</strong></span> <span class='ocrx_word' id='word_1_440' title='bbox 706 3378 1051 3432; x_wconf 65' lang='lat' dir='ltr'><strong>Palaestinam</strong></span> <span class='ocrx_word' id='word_1_441' title='bbox 1082 3410 1104 3445; x_wconf 86' lang='lat'><strong>,-</strong></span> <span class='ocrx_word' id='word_1_442' title='bbox 1167 3379 1461 3445; x_wconf 85' lang='lat' dir='ltr'><strong>Arabiam,</strong></span> <span class='ocrx_word' id='word_1_443' title='bbox 1514 3380 1847 3437; x_wconf 74' lang='lat' dir='ltr'><strong>Plimniciam</strong></span> <span class='ocrx_word' id='word_1_444' title='bbox 1936 3389 1993 3435; x_wconf 89' lang='lat' dir='ltr'><strong>et</strong></span> 
     </span>
    </p>
   </div>
   <div class='ocr_carea' id='block_1_64' title="bbox 408 3470 1989 3541">
    <p class='ocr_par' dir='ltr' id='par_1_64' title="bbox 408 3470 1989 3541">
     <span class='ocr_line' id='line_1_64' title="bbox 408 3470 1989 3541; baseline 0.002 -16"><span class='ocrx_word' id='word_1_445' title='bbox 408 3471 697 3538; x_wconf 81' lang='lat' dir='ltr'><strong>Achaiam,</strong></span> <span class='ocrx_word' id='word_1_446' title='bbox 732 3486 850 3540; x_wconf 73' lang='lat' dir='ltr'><strong>quae</strong></span> <span class='ocrx_word' id='word_1_447' title='bbox 880 3470 1128 3541; x_wconf 87' lang='lat' dir='ltr'><strong>Origenis</strong></span> <span class='ocrx_word' id='word_1_448' title='bbox 1159 3482 1340 3541; x_wconf 89' lang='lat' dir='ltr'><strong>partes</strong></span> <span class='ocrx_word' id='word_1_449' title='bbox 1375 3476 1634 3529; x_wconf 89' lang='lat' dir='ltr'><strong>adversus</strong></span> <span class='ocrx_word' id='word_1_450' title='bbox 1660 3473 1989 3529; x_wconf 87' lang='lat' dir='ltr'><strong>Demetrium</strong></span> 
     </span>
    </p>
   </div>
   <div class='ocr_carea' id='block_1_65' title="bbox 408 3564 1986 3633">
    <p class='ocr_par' dir='ltr' id='par_1_65' title="bbox 408 3564 1986 3633">
     <span class='ocr_line' id='line_1_65' title="bbox 408 3564 1986 3633; baseline 0.002 -16"><span class='ocrx_word' id='word_1_451' title='bbox 408 3564 837 3619; x_wconf 83' lang='lat' dir='ltr'><strong>Alexandrinum</strong></span> <span class='ocrx_word' id='word_1_452' title='bbox 866 3573 1057 3619; x_wconf 72' lang='lat' dir='ltr'><strong>tutatze</strong></span> <span class='ocrx_word' id='word_1_453' title='bbox 1097 3574 1249 3630; x_wconf 86' lang='lat' dir='ltr'><strong>sunt,</strong></span> <span class='ocrx_word' id='word_1_454' title='bbox 1276 3576 1464 3633; x_wconf 90' lang='lat' dir='ltr'><strong>aperte</strong></span> <span class='ocrx_word' id='word_1_455' title='bbox 1492 3568 1709 3622; x_wconf 89' lang='lat' dir='ltr'><strong>easdem</strong></span> <span class='ocrx_word' id='word_1_456' title='bbox 1750 3567 1986 3622; x_wconf 85' lang='lat' dir='ltr'><strong>luculen-</strong></span> 
     </span>
    </p>
   </div>
   <div class='ocr_carea' id='block_1_66' title="bbox 414 3656 1993 3729">
    <p class='ocr_par' dir='ltr' id='par_1_66' title="bbox 414 3656 1993 3729">
     <span class='ocr_line' id='line_1_66' title="bbox 414 3656 1993 3729; baseline 0.003 -21"><span class='ocrx_word' id='word_1_457' title='bbox 414 3656 483 3710; x_wconf 92' lang='lat' dir='ltr'><strong>tis</strong></span> <span class='ocrx_word' id='word_1_458' title='bbox 534 3656 752 3725; x_wconf 88' lang='lat' dir='ltr'><strong>scriptis</strong></span> <span class='ocrx_word' id='word_1_459' title='bbox 805 3657 1000 3711; x_wconf 90' lang='lat' dir='ltr'><strong>deinde</strong></span> <span class='ocrx_word' id='word_1_460' title='bbox 1063 3669 1538 3729; x_wconf 86' lang='lat' dir='ltr'><strong>propngnaverunt</strong></span> <span class='ocrx_word' id='word_1_461' title='bbox 1605 3659 1867 3712; x_wconf 85' lang='lat' dir='ltr'><strong>Eusebius</strong></span> <span class='ocrx_word' id='word_1_462' title='bbox 1936 3665 1993 3712; x_wconf 85' lang='lat' dir='ltr'><strong>et</strong></span> 
     </span>
    </p>
   </div>
   <div class='ocr_carea' id='block_1_67' title="bbox 410 3746 1988 3817">
    <p class='ocr_par' dir='ltr' id='par_1_67' title="bbox 410 3746 1988 3817">
     <span class='ocr_line' id='line_1_67' title="bbox 410 3746 1988 3817; baseline 0 -14"><span class='ocrx_word' id='word_1_463' title='bbox 410 3746 751 3817; x_wconf 86' lang='lat' dir='ltr'><strong>Pamphilus,</strong></span> <span class='ocrx_word' id='word_1_464' title='bbox 821 3763 947 3804; x_wconf 89' lang='lat' dir='ltr'><strong>cum</strong></span> <span class='ocrx_word' id='word_1_465' title='bbox 1007 3749 1060 3803; x_wconf 89' lang='lat' dir='ltr'><strong>in</strong></span> <span class='ocrx_word' id='word_1_466' title='bbox 1127 3748 1486 3802; x_wconf 79' lang='lat' dir='ltr'><strong>ecclesiastica</strong></span> <span class='ocrx_word' id='word_1_467' title='bbox 1544 3748 1806 3813; x_wconf 78' lang='lat' dir='ltr'><strong>Historia,</strong></span> <span class='ocrx_word' id='word_1_468' title='bbox 1878 3758 1988 3803; x_wconf 94' lang='lat' dir='ltr'><strong>tum</strong></span> 
     </span>
    </p>
   </div>
   <div class='ocr_carea' id='block_1_68' title="bbox 412 3840 1987 3910">
    <p class='ocr_par' dir='ltr' id='par_1_68' title="bbox 412 3840 1987 3910">
     <span class='ocr_line' id='line_1_68' title="bbox 412 3840 1987 3910; baseline -0.001 -16"><span class='ocrx_word' id='word_1_469' title='bbox 412 3840 581 3894; x_wconf 92' lang='lat' dir='ltr'><strong>multo</strong></span> <span class='ocrx_word' id='word_1_470' title='bbox 625 3840 798 3909; x_wconf 88' lang='lat' dir='ltr'><strong>magis</strong></span> <span class='ocrx_word' id='word_1_471' title='bbox 829 3855 923 3909; x_wconf 89' lang='lat' dir='ltr'><strong>per</strong></span> <span class='ocrx_word' id='word_1_472' title='bbox 952 3840 1263 3910; x_wconf 71' lang='lat' dir='ltr'><strong>Apologiam</strong></span> <span class='ocrx_word' id='word_1_473' title='bbox 1294 3854 1387 3894; x_wconf 88' lang='lat' dir='ltr'><strong>sex</strong></span> <span class='ocrx_word' id='word_1_474' title='bbox 1427 3840 1595 3894; x_wconf 86' lang='lat' dir='ltr'><strong>libros</strong></span> <span class='ocrx_word' id='word_1_475' title='bbox 1627 3840 1987 3910; x_wconf 77' lang='lat' dir='ltr'><strong>complexam,</strong></span> 
     </span>
    </p>
   </div>
   <div class='ocr_carea' id='block_1_69' title="bbox 410 3933 1988 4003">
    <p class='ocr_par' dir='ltr' id='par_1_69' title="bbox 410 3933 1988 4003">
     <span class='ocr_line' id='line_1_69' title="bbox 410 3933 1988 4003; baseline 0.001 -17"><span class='ocrx_word' id='word_1_476' title='bbox 410 3948 638 4002; x_wconf 88' lang='lat' dir='ltr'><strong>quorum</strong></span> <span class='ocrx_word' id='word_1_477' title='bbox 674 3934 865 3987; x_wconf 91' lang='lat' dir='ltr'><strong>unicus</strong></span> <span class='ocrx_word' id='word_1_478' title='bbox 916 3942 1189 4001; x_wconf 89' lang='lat' dir='ltr'><strong>superest.</strong></span> <span class='ocrx_word' id='word_1_479' title='bbox 1221 3933 1373 3987; x_wconf 72' lang='lat' dir='ltr'><strong>Alios</strong></span> <span class='ocrx_word' id='word_1_480' title='bbox 1404 3948 1620 4002; x_wconf 91' lang='lat' dir='ltr'><strong>quoque</strong></span> <span class='ocrx_word' id='word_1_481' title='bbox 1676 3934 1853 4003; x_wconf 79' lang='lat' dir='ltr'><strong>magni</strong></span> <span class='ocrx_word' id='word_1_482' title='bbox 1889 3948 1988 3987; x_wconf 91' lang='lat' dir='ltr'><strong>no-</strong></span> 
     </span>
    </p>
   </div>
   <div class='ocr_carea' id='block_1_70' title="bbox 408 4024 1987 4093">
    <p class='ocr_par' dir='ltr' id='par_1_70' title="bbox 408 4024 1987 4093">
     <span class='ocr_line' id='line_1_70' title="bbox 408 4024 1987 4093; baseline -0.001 -15"><span class='ocrx_word' id='word_1_483' title='bbox 408 4027 570 4078; x_wconf 85' lang='lat' dir='ltr'><strong>minis</strong></span> <span class='ocrx_word' id='word_1_484' title='bbox 599 4025 741 4077; x_wconf 90' lang='lat' dir='ltr'><strong>viros</strong></span> <span class='ocrx_word' id='word_1_485' title='bbox 764 4025 1071 4093; x_wconf 90' lang='lat' dir='ltr'><strong>complures</strong></span> <span class='ocrx_word' id='word_1_486' title='bbox 1094 4024 1309 4078; x_wconf 89' lang='lat' dir='ltr'><strong>Eusebii</strong></span> <span class='ocrx_word' id='word_1_487' title='bbox 1343 4024 1674 4091; x_wconf 84' lang='lat' dir='ltr'><strong>temporibus</strong></span> <span class='ocrx_word' id='word_1_488' title='bbox 1708 4024 1987 4093; x_wconf 87' lang='lat' dir='ltr'><strong>apologias</strong></span> 
     </span>
    </p>
   </div>
   <div class='ocr_carea' id='block_1_71' title="bbox 408 4112 1986 4182">
    <p class='ocr_par' dir='ltr' id='par_1_71' title="bbox 408 4112 1986 4182">
     <span class='ocr_line' id='line_1_71' title="bbox 408 4112 1986 4182; baseline 0.001 -16"><span class='ocrx_word' id='word_1_489' title='bbox 408 4128 506 4181; x_wconf 89' lang='lat' dir='ltr'><strong>pro</strong></span> <span class='ocrx_word' id='word_1_490' title='bbox 559 4112 792 4182; x_wconf 86' lang='lat' dir='ltr'><strong>Origene</strong></span> <span class='ocrx_word' id='word_1_491' title='bbox 834 4113 1118 4181; x_wconf 87' lang='lat' dir='ltr'><strong>scripsisse</strong></span> <span class='ocrx_word' id='word_1_492' title='bbox 1168 4114 1332 4167; x_wconf 85' lang='lat' dir='ltr'><strong>tradit</strong></span> <span class='ocrx_word' id='word_1_493' title='bbox 1373 4113 1599 4167; x_wconf 86' lang='lat' dir='ltr'><strong>Pbotius</strong></span> <span class='ocrx_word' id='word_1_494' title='bbox 1648 4115 1767 4168; x_wconf 91' lang='lat' dir='ltr'><strong>cod.</strong></span> <span class='ocrx_word' id='word_1_495' title='bbox 1800 4128 1986 4168; x_wconf 87' lang='lat' dir='ltr'><strong>cxvnt.</strong></span> 
     </span>
    </p>
   </div>
   <div class='ocr_carea' id='block_1_72' title="bbox 410 4202 1989 4277">
    <p class='ocr_par' dir='ltr' id='par_1_72' title="bbox 410 4202 1989 4277">
     <span class='ocr_line' id='line_1_72' title="bbox 410 4202 1989 4277; baseline 0.002 -19"><span class='ocrx_word' id='word_1_496' title='bbox 410 4204 555 4258; x_wconf 84' lang='lat' dir='ltr'><strong>inter</strong></span> <span class='ocrx_word' id='word_1_497' title='bbox 592 4202 903 4273; x_wconf 80' lang='lat' dir='ltr'><strong>Origeniani</strong></span> <span class='ocrx_word' id='word_1_498' title='bbox 944 4206 1179 4259; x_wconf 91' lang='lat' dir='ltr'><strong>nominis</strong></span> <span class='ocrx_word' id='word_1_499' title='bbox 1230 4205 1476 4260; x_wconf 82' lang='lat' dir='ltr'><strong>fautores</strong></span> <span class='ocrx_word' id='word_1_500' title='bbox 1504 4207 1858 4260; x_wconf 81' lang='lat' dir='ltr'><strong>Athanasium</strong></span> <span class='ocrx_word' id='word_1_501' title='bbox 1894 4223 1989 4277; x_wconf 91' lang='lat' dir='ltr'><strong>po-</strong></span> 
     </span>
    </p>
   </div>
   <div class='ocr_carea' id='block_1_73' title="bbox 409 4296 1980 4368">
    <p class='ocr_par' dir='ltr' id='par_1_73' title="bbox 409 4296 1980 4368">
     <span class='ocr_line' id='line_1_73' title="bbox 409 4296 1980 4368; baseline 0.003 -19"><span class='ocrx_word' id='word_1_502' title='bbox 409 4298 493 4350; x_wconf 90' lang='lat' dir='ltr'><strong>nit</strong></span> <span class='ocrx_word' id='word_1_503' title='bbox 546 4296 855 4366; x_wconf 87' lang='lat' dir='ltr'><strong>Stephanus</strong></span> <span class='ocrx_word' id='word_1_504' title='bbox 915 4296 1209 4361; x_wconf 88' lang='lat' dir='ltr'><strong>Tritheita,</strong></span> <span class='ocrx_word' id='word_1_505' title='bbox 1276 4313 1643 4368; x_wconf 85' lang='lat' dir='ltr'><strong>cognomento</strong></span> <span class='ocrx_word' id='word_1_506' title='bbox 1709 4299 1980 4365; x_wconf 87' lang='lat' dir='ltr'><strong>Gobarus,</strong></span> 
     </span>
    </p>
   </div>
   <div class='ocr_carea' id='block_1_74' title="bbox 407 4389 1988 4459">
    <p class='ocr_par' dir='ltr' id='par_1_74' title="bbox 407 4389 1988 4459">
     <span class='ocr_line' id='line_1_74' title="bbox 407 4389 1988 4459; baseline 0.001 -14"><span class='ocrx_word' id='word_1_507' title='bbox 407 4390 560 4459; x_wconf 85' lang='lat' dir='ltr'><strong>cujus</strong></span> <span class='ocrx_word' id='word_1_508' title='bbox 591 4398 847 4458; x_wconf 87' lang='lat' dir='ltr'><strong>excerpta</strong></span> <span class='ocrx_word' id='word_1_509' title='bbox 878 4389 1039 4445; x_wconf 88' lang='lat' dir='ltr'><strong>habet</strong></span> <span class='ocrx_word' id='word_1_510' title='bbox 1070 4390 1293 4447; x_wconf 83' lang='lat' dir='ltr'><strong>Pliotius</strong></span> <span class='ocrx_word' id='word_1_511' title='bbox 1332 4394 1454 4448; x_wconf 91' lang='lat' dir='ltr'><strong>cod.</strong></span> <span class='ocrx_word' id='word_1_512' title='bbox 1488 4406 1731 4447; x_wconf 80' lang='lat' dir='ltr'><strong>ccxxxii.</strong></span> <span class='ocrx_word' id='word_1_513' title='bbox 1759 4393 1855 4446; x_wconf 89' lang='lat' dir='ltr'><strong>llis</strong></span> <span class='ocrx_word' id='word_1_514' title='bbox 1895 4408 1988 4447; x_wconf 88' lang='lat' dir='ltr'><strong>ac-</strong></span> 
     </span>
    </p>
   </div>
   <div class='ocr_carea' id='block_1_75' title="bbox 2094 3204 3680 3275">
    <p class='ocr_par' dir='ltr' id='par_1_75' title="bbox 2094 3204 3680 3275">
     <span class='ocr_line' id='line_1_75' title="bbox 2094 3204 3680 3275; baseline -0.008 -8"><span class='ocrx_word' id='word_1_515' title='bbox 2094 3214 2236 3268; x_wconf 87' lang='lat' dir='ltr'><strong>Beda</strong></span> <span class='ocrx_word' id='word_1_516' title='bbox 2274 3212 2327 3266; x_wconf 93' lang='lat' dir='ltr'><strong>in</strong></span> <span class='ocrx_word' id='word_1_517' title='bbox 2363 3210 2705 3265; x_wconf 77' lang='lat' dir='ltr'><strong>Collectaneis</strong></span> <span class='ocrx_word' id='word_1_518' title='bbox 2745 3217 2798 3263; x_wconf 89' lang='lat' dir='ltr'><strong>et</strong></span> <span class='ocrx_word' id='word_1_519' title='bbox 2834 3206 3073 3273; x_wconf 85' lang='lat' dir='ltr'><strong>Florib.,</strong></span> <span class='ocrx_word' id='word_1_520' title='bbox 3106 3220 3224 3275; x_wconf 90' lang='lat' dir='ltr'><strong>cap.</strong></span> <span class='ocrx_word' id='word_1_521' title='bbox 3258 3204 3326 3259; x_wconf 92' lang='lat' dir='ltr'><strong>de</strong></span> <span class='ocrx_word' id='word_1_522' title='bbox 3361 3204 3680 3258; x_wconf 85' lang='lat' dir='ltr'><strong>lnminarib.</strong></span> 
     </span>
    </p>
   </div>
   <div class='ocr_carea' id='block_1_76' title="bbox 2094 3295 3685 3369">
    <p class='ocr_par' dir='ltr' id='par_1_76' title="bbox 2094 3295 3685 3369">
     <span class='ocr_line' id='line_1_76' title="bbox 2094 3295 3685 3369; baseline -0.005 -12"><span class='ocrx_word' id='word_1_523' title='bbox 2094 3304 2304 3357; x_wconf 89' lang='lat' dir='ltr'><strong>Eccles.</strong></span> <span class='ocrx_word' id='word_1_524' title='bbox 2340 3319 2400 3358; x_wconf 72' lang='grc' dir='ltr'><strong>ε(</strong></span> <span class='ocrx_word' id='word_1_525' title='bbox 2435 3300 2584 3355; x_wconf 80' lang='lat' dir='ltr'><strong>Multi</strong></span> <span class='ocrx_word' id='word_1_526' title='bbox 2617 3300 2733 3368; x_wconf 87' lang='lat' dir='ltr'><strong>ejus</strong></span> <span class='ocrx_word' id='word_1_527' title='bbox 2775 3299 2991 3369; x_wconf 87' lang='lat' dir='ltr'><strong>pessimi</strong></span> <span class='ocrx_word' id='word_1_528' title='bbox 3038 3296 3283 3366; x_wconf 89' lang='lat' dir='ltr'><strong>discipuli</strong></span> <span class='ocrx_word' id='word_1_529' title='bbox 3309 3295 3475 3350; x_wconf 89' lang='lat' dir='ltr'><strong>multa</strong></span> <span class='ocrx_word' id='word_1_530' title='bbox 3518 3311 3685 3349; x_wconf 77' lang='lat' dir='ltr'><strong>vene-</strong></span> 
     </span>
    </p>
   </div>
   <div class='ocr_carea' id='block_1_77' title="bbox 2094 3387 3680 3458">
    <p class='ocr_par' dir='ltr' id='par_1_77' title="bbox 2094 3387 3680 3458">
     <span class='ocr_line' id='line_1_77' title="bbox 2094 3387 3680 3458; baseline -0.006 -9"><span class='ocrx_word' id='word_1_531' title='bbox 2094 3409 2225 3450; x_wconf 82' lang='lat' dir='ltr'><strong>nosa</strong></span> <span class='ocrx_word' id='word_1_532' title='bbox 2274 3394 2373 3448; x_wconf 85' lang='lat' dir='ltr'><strong>sub</strong></span> <span class='ocrx_word' id='word_1_533' title='bbox 2428 3393 2647 3446; x_wconf 87' lang='lat' dir='ltr'><strong>nomine</strong></span> <span class='ocrx_word' id='word_1_534' title='bbox 2691 3391 2849 3458; x_wconf 90' lang='lat' dir='ltr'><strong>hujus</strong></span> <span class='ocrx_word' id='word_1_535' title='bbox 2897 3389 3131 3444; x_wconf 87' lang='lat' dir='ltr'><strong>edidisse</strong></span> <span class='ocrx_word' id='word_1_536' title='bbox 3168 3389 3437 3444; x_wconf 85' lang='lat' dir='ltr'><strong>videntur.</strong></span> <span class='ocrx_word' id='word_1_537' title='bbox 3472 3406 3491 3439; x_wconf 80' lang='lat' dir='ltr'><strong>i</strong></span> <span class='ocrx_word' id='word_1_538' title='bbox 3543 3387 3680 3442; x_wconf 86' lang='lat' dir='ltr'><strong>Cum</strong></span> 
     </span>
    </p>
   </div>
   <div class='ocr_carea' id='block_1_78' title="bbox 2094 3478 3685 3546">
    <p class='ocr_par' dir='ltr' id='par_1_78' title="bbox 2094 3478 3685 3546">
     <span class='ocr_line' id='line_1_78' title="bbox 2094 3478 3685 3546; baseline -0.007 -7"><span class='ocrx_word' id='word_1_539' title='bbox 2094 3486 2238 3539; x_wconf 88' lang='lat' dir='ltr'><strong>enim</strong></span> <span class='ocrx_word' id='word_1_540' title='bbox 2292 3484 2655 3539; x_wconf 85' lang='lat' dir='ltr'><strong>Christianum</strong></span> <span class='ocrx_word' id='word_1_541' title='bbox 2704 3482 2888 3535; x_wconf 89' lang='lat' dir='ltr'><strong>orbem</strong></span> <span class='ocrx_word' id='word_1_542' title='bbox 2938 3481 2993 3533; x_wconf 91' lang='lat' dir='ltr'><strong>in</strong></span> <span class='ocrx_word' id='word_1_543' title='bbox 3049 3479 3309 3533; x_wconf 85' lang='lat' dir='ltr'><strong>factiones</strong></span> <span class='ocrx_word' id='word_1_544' title='bbox 3361 3478 3685 3546; x_wconf 83' lang='lat' dir='ltr'><strong>dissipasset</strong></span> 
     </span>
    </p>
   </div>
   <div class='ocr_carea' id='block_1_79' title="bbox 2095 3568 3686 3644">
    <p class='ocr_par' dir='ltr' id='par_1_79' title="bbox 2095 3568 3686 3644">
     <span class='ocr_line' id='line_1_79' title="bbox 2095 3568 3686 3644; baseline -0.006 -15"><span class='ocrx_word' id='word_1_545' title='bbox 2095 3576 2264 3644; x_wconf 90' lang='lat' dir='ltr'><strong>ipsius</strong></span> <span class='ocrx_word' id='word_1_546' title='bbox 2293 3574 2560 3639; x_wconf 85' lang='lat' dir='ltr'><strong>doctrina,</strong></span> <span class='ocrx_word' id='word_1_547' title='bbox 2608 3580 2668 3625; x_wconf 92' lang='lat' dir='ltr'><strong>ut</strong></span> <span class='ocrx_word' id='word_1_548' title='bbox 2714 3570 2881 3625; x_wconf 90' lang='lat' dir='ltr'><strong>multa</strong></span> <span class='ocrx_word' id='word_1_549' title='bbox 2915 3569 3039 3625; x_wconf 89' lang='lat' dir='ltr'><strong>huic</strong></span> <span class='ocrx_word' id='word_1_550' title='bbox 3076 3569 3210 3623; x_wconf 86' lang='lat' dir='ltr'><strong>falso</strong></span> <span class='ocrx_word' id='word_1_551' title='bbox 3251 3570 3317 3622; x_wconf 86' lang='lat' dir='ltr'><strong>ab</strong></span> <span class='ocrx_word' id='word_1_552' title='bbox 3348 3568 3686 3621; x_wconf 77' lang='lat' dir='ltr'><strong>adversariis</strong></span> 
     </span>
    </p>
   </div>
   <div class='ocr_carea' id='block_1_80' title="bbox 2095 3660 3681 3734">
    <p class='ocr_par' dir='ltr' id='par_1_80' title="bbox 2095 3660 3681 3734">
     <span class='ocr_line' id='line_1_80' title="bbox 2095 3660 3681 3734; baseline -0.006 -13"><span class='ocrx_word' id='word_1_553' title='bbox 2095 3668 2325 3734; x_wconf 88' lang='lat' dir='ltr'><strong>impacta</strong></span> <span class='ocrx_word' id='word_1_554' title='bbox 2356 3673 2502 3730; x_wconf 90' lang='lat' dir='ltr'><strong>sunt,</strong></span> <span class='ocrx_word' id='word_1_555' title='bbox 2549 3664 2619 3717; x_wconf 91' lang='lat' dir='ltr'><strong>ita</strong></span> <span class='ocrx_word' id='word_1_556' title='bbox 2667 3679 2771 3717; x_wconf 92' lang='lat' dir='ltr'><strong>non</strong></span> <span class='ocrx_word' id='word_1_557' title='bbox 2810 3678 2980 3731; x_wconf 89' lang='lat' dir='ltr'><strong>pauca</strong></span> <span class='ocrx_word' id='word_1_558' title='bbox 3024 3672 3278 3731; x_wconf 88' lang='lat' dir='ltr'><strong>tanquam</strong></span> <span class='ocrx_word' id='word_1_559' title='bbox 3309 3660 3377 3714; x_wconf 89' lang='lat' dir='ltr'><strong>ab</strong></span> <span class='ocrx_word' id='word_1_560' title='bbox 3410 3661 3529 3729; x_wconf 90' lang='lat' dir='ltr'><strong>ipso</strong></span> <span class='ocrx_word' id='word_1_561' title='bbox 3566 3670 3681 3713; x_wconf 83' lang='lat' dir='ltr'><strong>tra-</strong></span> 
     </span>
    </p>
   </div>
   <div class='ocr_carea' id='block_1_81' title="bbox 2093 3752 3683 3826">
    <p class='ocr_par' dir='ltr' id='par_1_81' title="bbox 2093 3752 3683 3826">
     <span class='ocr_line' id='line_1_81' title="bbox 2093 3752 3683 3826; baseline -0.005 -15"><span class='ocrx_word' id='word_1_562' title='bbox 2093 3758 2202 3812; x_wconf 89' lang='lat' dir='ltr'><strong>dita</strong></span> <span class='ocrx_word' id='word_1_563' title='bbox 2234 3766 2643 3826; x_wconf 86' lang='lat' dir='ltr'><strong>propugnarunt</strong></span> <span class='ocrx_word' id='word_1_564' title='bbox 2674 3754 2843 3823; x_wconf 90' lang='lat' dir='ltr'><strong>ipsius</strong></span> <span class='ocrx_word' id='word_1_565' title='bbox 2894 3754 3151 3817; x_wconf 61' lang='lat' dir='ltr'><strong>asseclte;</strong></span> <span class='ocrx_word' id='word_1_566' title='bbox 3202 3752 3291 3806; x_wconf 82' lang='lat' dir='ltr'><strong>vel</strong></span> <span class='ocrx_word' id='word_1_567' title='bbox 3332 3768 3454 3822; x_wconf 75' lang='lat' dir='ltr'><strong>qua:</strong></span> <span class='ocrx_word' id='word_1_568' title='bbox 3499 3752 3683 3820; x_wconf 80' lang='lat' dir='ltr'><strong>reipsa</strong></span> 
     </span>
    </p>
   </div>
   <div class='ocr_carea' id='block_1_82' title="bbox 2092 3845 3681 3910">
    <p class='ocr_par' dir='ltr' id='par_1_82' title="bbox 2092 3845 3681 3910">
     <span class='ocr_line' id='line_1_82' title="bbox 2092 3845 3681 3910; baseline -0.003 -9"><span class='ocrx_word' id='word_1_569' title='bbox 2092 3846 2312 3902; x_wconf 87' lang='lat' dir='ltr'><strong>fuerant</strong></span> <span class='ocrx_word' id='word_1_570' title='bbox 2385 3847 2453 3901; x_wconf 87' lang='lat' dir='ltr'><strong>ab</strong></span> <span class='ocrx_word' id='word_1_571' title='bbox 2524 3846 2612 3900; x_wconf 89' lang='lat' dir='ltr'><strong>illo</strong></span> <span class='ocrx_word' id='word_1_572' title='bbox 2684 3845 2924 3910; x_wconf 85' lang='lat' dir='ltr'><strong>tradita,</strong></span> <span class='ocrx_word' id='word_1_573' title='bbox 2993 3847 3044 3900; x_wconf 93' lang='lat' dir='ltr'><strong>in</strong></span> <span class='ocrx_word' id='word_1_574' title='bbox 3116 3846 3273 3899; x_wconf 88' lang='lat' dir='ltr'><strong>aliam</strong></span> <span class='ocrx_word' id='word_1_575' title='bbox 3346 3846 3681 3898; x_wconf 87' lang='lat' dir='ltr'><strong>sententiam</strong></span> 
     </span>
    </p>
   </div>
   <div class='ocr_carea' id='block_1_83' title="bbox 2092 3936 3683 4009">
    <p class='ocr_par' dir='ltr' id='par_1_83' title="bbox 2092 3936 3683 4009">
     <span class='ocr_line' id='line_1_83' title="bbox 2092 3936 3683 4009; baseline -0.002 -16"><span class='ocrx_word' id='word_1_576' title='bbox 2092 3939 2502 3993; x_wconf 88' lang='lat' dir='ltr'><strong>detorserunt:</strong></span> <span class='ocrx_word' id='word_1_577' title='bbox 2552 3954 2782 4009; x_wconf 90' lang='lat' dir='ltr'><strong>quorum</strong></span> <span class='ocrx_word' id='word_1_578' title='bbox 2839 3952 3003 3992; x_wconf 90' lang='lat' dir='ltr'><strong>causa</strong></span> <span class='ocrx_word' id='word_1_579' title='bbox 3055 3938 3250 3991; x_wconf 90' lang='lat' dir='ltr'><strong>insonti</strong></span> <span class='ocrx_word' id='word_1_580' title='bbox 3301 3936 3525 4004; x_wconf 87' lang='lat' dir='ltr'><strong>Origeui</strong></span> <span class='ocrx_word' id='word_1_581' title='bbox 3584 3937 3683 3991; x_wconf 87' lang='lat' dir='ltr'><strong>de-</strong></span> 
     </span>
    </p>
   </div>
   <div class='ocr_carea' id='block_1_84' title="bbox 2093 4030 3679 4105">
    <p class='ocr_par' dir='ltr' id='par_1_84' title="bbox 2093 4030 3679 4105">
     <span class='ocr_line' id='line_1_84' title="bbox 2093 4030 3679 4105; baseline -0.002 -19"><span class='ocrx_word' id='word_1_582' title='bbox 2093 4033 2393 4105; x_wconf 85' lang='lat' dir='ltr'><strong>legabatur.</strong></span> <span class='ocrx_word' id='word_1_583' title='bbox 2462 4032 2631 4085; x_wconf 84' lang='lat' dir='ltr'><strong>Caute</strong></span> <span class='ocrx_word' id='word_1_584' title='bbox 2682 4046 2814 4098; x_wconf 81' lang='lat' dir='ltr'><strong>ergo</strong></span> <span class='ocrx_word' id='word_1_585' title='bbox 2868 4040 2923 4085; x_wconf 90' lang='lat' dir='ltr'><strong>et</strong></span> <span class='ocrx_word' id='word_1_586' title='bbox 2975 4031 3261 4101; x_wconf 83' lang='lat' dir='ltr'><strong>diligenter</strong></span> <span class='ocrx_word' id='word_1_587' title='bbox 3309 4030 3679 4097; x_wconf 80' lang='lat' dir='ltr'><strong>Origenistica</strong></span> 
     </span>
    </p>
   </div>
   <div class='ocr_carea' id='block_1_85' title="bbox 2093 4121 3683 4196">
    <p class='ocr_par' dir='ltr' id='par_1_85' title="bbox 2093 4121 3683 4196">
     <span class='ocr_line' id='line_1_85' title="bbox 2093 4121 3683 4196; baseline -0.003 -16"><span class='ocrx_word' id='word_1_588' title='bbox 2093 4127 2346 4196; x_wconf 81' lang='lat' dir='ltr'><strong>dogmata</strong></span> <span class='ocrx_word' id='word_1_589' title='bbox 2381 4124 2447 4179; x_wconf 89' lang='lat' dir='ltr'><strong>ab</strong></span> <span class='ocrx_word' id='word_1_590' title='bbox 2475 4122 2784 4193; x_wconf 79' lang='lat' dir='ltr'><strong>Origenicis</strong></span> <span class='ocrx_word' id='word_1_591' title='bbox 2809 4132 3058 4193; x_wconf 89' lang='lat' dir='ltr'><strong>seponat,</strong></span> <span class='ocrx_word' id='word_1_592' title='bbox 3091 4132 3145 4177; x_wconf 92' lang='lat' dir='ltr'><strong>et</strong></span> <span class='ocrx_word' id='word_1_593' title='bbox 3190 4123 3243 4176; x_wconf 88' lang='lat' dir='ltr'><strong>ih</strong></span> <span class='ocrx_word' id='word_1_594' title='bbox 3283 4121 3518 4175; x_wconf 87' lang='lat' dir='ltr'><strong>diversis</strong></span> <span class='ocrx_word' id='word_1_595' title='bbox 3549 4138 3683 4175; x_wconf 89' lang='lat' dir='ltr'><strong>cau-</strong></span> 
     </span>
    </p>
   </div>
   <div class='ocr_carea' id='block_1_86' title="bbox 2092 4213 3682 4287">
    <p class='ocr_par' dir='ltr' id='par_1_86' title="bbox 2092 4213 3682 4287">
     <span class='ocr_line' id='line_1_86' title="bbox 2092 4213 3682 4287; baseline -0.003 -15"><span class='ocrx_word' id='word_1_596' title='bbox 2092 4218 2167 4272; x_wconf 78' lang='lat' dir='ltr'><strong>sis</strong></span> <span class='ocrx_word' id='word_1_597' title='bbox 2194 4215 2482 4287; x_wconf 84' lang='lat' dir='ltr'><strong>Origenem</strong></span> <span class='ocrx_word' id='word_1_598' title='bbox 2531 4231 2597 4269; x_wconf 88' lang='lat' dir='ltr'><strong>ac</strong></span> <span class='ocrx_word' id='word_1_599' title='bbox 2628 4213 2963 4284; x_wconf 87' lang='lat' dir='ltr'><strong>Origenistas</strong></span> <span class='ocrx_word' id='word_1_600' title='bbox 2993 4215 3194 4266; x_wconf 82' lang='lat' dir='ltr'><strong>versari</strong></span> <span class='ocrx_word' id='word_1_601' title='bbox 3231 4214 3387 4277; x_wconf 88' lang='lat' dir='ltr'><strong>sciat,</strong></span> <span class='ocrx_word' id='word_1_602' title='bbox 3429 4215 3682 4282; x_wconf 88' lang='lat' dir='ltr'><strong>quisquis</strong></span> 
     </span>
    </p>
   </div>
   <div class='ocr_carea' id='block_1_87' title="bbox 2091 4300 3681 4375">
    <p class='ocr_par' dir='ltr' id='par_1_87' title="bbox 2091 4300 3681 4375">
     <span class='ocr_line' id='line_1_87' title="bbox 2091 4300 3681 4375; baseline -0.001 -13"><span class='ocrx_word' id='word_1_603' title='bbox 2091 4308 2373 4363; x_wconf 86' lang='lat' dir='ltr'><strong>historiam</strong></span> <span class='ocrx_word' id='word_1_604' title='bbox 2430 4308 2570 4363; x_wconf 88' lang='lat' dir='ltr'><strong>hanc</strong></span> <span class='ocrx_word' id='word_1_605' title='bbox 2602 4300 2854 4362; x_wconf 84' lang='lat' dir='ltr'><strong>accurate</strong></span> <span class='ocrx_word' id='word_1_606' title='bbox 2890 4306 3073 4360; x_wconf 87' lang='lat' dir='ltr'><strong>rimari</strong></span> <span class='ocrx_word' id='word_1_607' title='bbox 3104 4315 3159 4359; x_wconf 92' lang='lat' dir='ltr'><strong>ct</strong></span> <span class='ocrx_word' id='word_1_608' title='bbox 3200 4316 3539 4375; x_wconf 87' lang='lat' dir='ltr'><strong>perspectam</strong></span> <span class='ocrx_word' id='word_1_609' title='bbox 3579 4307 3681 4361; x_wconf 87' lang='lat' dir='ltr'><strong>ha-</strong></span> 
     </span>
    </p>
   </div>
   <div class='ocr_carea' id='block_1_88' title="bbox 2090 4400 2413 4455">
    <p class='ocr_par' dir='ltr' id='par_1_88' title="bbox 2090 4400 2413 4455">
     <span class='ocr_line' id='line_1_88' title="bbox 2090 4400 2413 4455; baseline -0.009 0"><span class='ocrx_word' id='word_1_610' title='bbox 2090 4401 2218 4455; x_wconf 88' lang='lat' dir='ltr'><strong>bere</strong></span> <span class='ocrx_word' id='word_1_611' title='bbox 2251 4400 2413 4453; x_wconf 89' lang='lat' dir='ltr'><strong>volet.</strong></span> 
     </span>
    </p>
   </div>
   <div class='ocr_carea' id='block_1_89' title="bbox 408 4485 3681 4562">
    <p class='ocr_par' dir='ltr' id='par_1_89' title="bbox 408 4485 3681 4562">
     <span class='ocr_line' id='line_1_89' title="bbox 408 4485 3681 4562; baseline 0.001 -21"><span class='ocrx_word' id='word_1_612' title='bbox 408 4486 710 4541; x_wconf 88' lang='lat' dir='ltr'><strong>censendus</strong></span> <span class='ocrx_word' id='word_1_613' title='bbox 751 4485 1007 4556; x_wconf 83' lang='lat' dir='ltr'><strong>Didymus</strong></span> <span class='ocrx_word' id='word_1_614' title='bbox 1052 4485 1470 4550; x_wconf 86' lang='lat' dir='ltr'><strong>Alexandrinus,</strong></span> <span class='ocrx_word' id='word_1_615' title='bbox 1500 4487 1592 4555; x_wconf 92' lang='lat' dir='ltr'><strong>qui</strong></span> <span class='ocrx_word' id='word_1_616' title='bbox 1628 4502 1724 4555; x_wconf 89' lang='lat' dir='ltr'><strong>pro</strong></span> <span class='ocrx_word' id='word_1_617' title='bbox 1755 4486 1984 4555; x_wconf 85' lang='lat' dir='ltr'><strong>Origene</strong></span> <span class='ocrx_word' id='word_1_618' title='bbox 2016 4485 2060 4540; x_wconf 91' lang='lat' dir='ltr'><strong>D</strong></span> <span class='ocrx_word' id='word_1_619' title='bbox 2165 4491 2225 4546; x_wconf 83' lang='lat' dir='ltr'><strong>V.</strong></span> <span class='ocrx_word' id='word_1_620' title='bbox 2262 4491 2375 4562; x_wconf 71' lang='grc'><strong>(45)</strong></span> <span class='ocrx_word' id='word_1_621' title='bbox 2410 4490 2605 4545; x_wconf 90' lang='lat' dir='ltr'><strong>Nocuit</strong></span> <span class='ocrx_word' id='word_1_622' title='bbox 2634 4499 2688 4545; x_wconf 88' lang='lat' dir='ltr'><strong>et</strong></span> <span class='ocrx_word' id='word_1_623' title='bbox 2723 4490 2851 4543; x_wconf 89' lang='lat' dir='ltr'><strong>illud</strong></span> <span class='ocrx_word' id='word_1_624' title='bbox 2879 4488 3098 4559; x_wconf 87' lang='lat' dir='ltr'><strong>Origeui</strong></span> <span class='ocrx_word' id='word_1_625' title='bbox 3126 4489 3267 4558; x_wconf 90' lang='lat' dir='ltr'><strong>quod</strong></span> <span class='ocrx_word' id='word_1_626' title='bbox 3307 4490 3563 4544; x_wconf 65' lang='lat' dir='ltr'><strong>maximae</strong></span> <span class='ocrx_word' id='word_1_627' title='bbox 3598 4491 3681 4545; x_wconf 91' lang='lat' dir='ltr'><strong>lu-</strong></span> 
     </span>
    </p>
   </div>
   <div class='ocr_carea' id='block_1_90' title="bbox 407 4576 1987 4647">
    <p class='ocr_par' dir='ltr' id='par_1_90' title="bbox 407 4576 1987 4647">
     <span class='ocr_line' id='line_1_90' title="bbox 407 4576 1987 4647; baseline -0.001 -14"><span class='ocrx_word' id='word_1_628' title='bbox 407 4580 815 4646; x_wconf 82' lang='lat' dir='ltr'><strong>Apologeticum</strong></span> <span class='ocrx_word' id='word_1_629' title='bbox 856 4580 1047 4644; x_wconf 89' lang='lat' dir='ltr'><strong>edidit,</strong></span> <span class='ocrx_word' id='word_1_630' title='bbox 1082 4580 1149 4647; x_wconf 33' lang='lat' dir='ltr'><strong>.‘et</strong></span> <span class='ocrx_word' id='word_1_631' title='bbox 1193 4576 1348 4632; x_wconf 88' lang='lat' dir='ltr'><strong>Titus</strong></span> <span class='ocrx_word' id='word_1_632' title='bbox 1403 4578 1734 4643; x_wconf 85' lang='lat' dir='ltr'><strong>Bostrensis,</strong></span> <span class='ocrx_word' id='word_1_633' title='bbox 1766 4592 1817 4631; x_wconf 88' lang='lat' dir='ltr'><strong>et</strong></span> <span class='ocrx_word' id='word_1_634' title='bbox 1848 4578 1987 4633; x_wconf 87' lang='lat' dir='ltr'><strong>Gre-</strong></span> 
     </span>
    </p>
   </div>
   <div class='ocr_carea' id='block_1_91' title="bbox 407 4670 1979 4743">
    <p class='ocr_par' dir='ltr' id='par_1_91' title="bbox 407 4670 1979 4743">
     <span class='ocr_line' id='line_1_91' title="bbox 407 4670 1979 4743; baseline -0.001 -18"><span class='ocrx_word' id='word_1_635' title='bbox 407 4674 544 4743; x_wconf 81' lang='lat' dir='ltr'><strong>gorii</strong></span> <span class='ocrx_word' id='word_1_636' title='bbox 577 4674 755 4733; x_wconf 85' lang='lat' dir='ltr'><strong>ambo,</strong></span> <span class='ocrx_word' id='word_1_637' title='bbox 793 4672 1194 4726; x_wconf 83' lang='lat' dir='ltr'><strong>Nazianzenum</strong></span> <span class='ocrx_word' id='word_1_638' title='bbox 1246 4673 1389 4735; x_wconf 88' lang='lat' dir='ltr'><strong>dico,</strong></span> <span class='ocrx_word' id='word_1_639' title='bbox 1431 4682 1486 4725; x_wconf 89' lang='lat' dir='ltr'><strong>ct</strong></span> <span class='ocrx_word' id='word_1_640' title='bbox 1528 4670 1856 4740; x_wconf 68' lang='lat' dir='ltr'><strong>bySsenuin,</strong></span> <span class='ocrx_word' id='word_1_641' title='bbox 1890 4671 1979 4739; x_wconf 93' lang='lat' dir='ltr'><strong>qui</strong></span> 
     </span>
    </p>
   </div>
   <div class='ocr_carea' id='block_1_92' title="bbox 409 4760 1981 4832">
    <p class='ocr_par' dir='ltr' id='par_1_92' title="bbox 409 4760 1981 4832">
     <span class='ocr_line' id='line_1_92' title="bbox 409 4760 1981 4832; baseline -0.001 -15"><span class='ocrx_word' id='word_1_642' title='bbox 409 4782 438 4817; x_wconf 88' lang='lat' dir='ltr'><strong>a</strong></span> <span class='ocrx_word' id='word_1_643' title='bbox 469 4763 684 4819; x_wconf 87' lang='lat' dir='ltr'><strong>Gobaro</strong></span> <span class='ocrx_word' id='word_1_644' title='bbox 718 4773 1238 4826; x_wconf 86' lang='lat' dir='ltr'><strong>commemorantur,</strong></span> <span class='ocrx_word' id='word_1_645' title='bbox 1269 4772 1323 4815; x_wconf 89' lang='lat' dir='ltr'><strong>et</strong></span> <span class='ocrx_word' id='word_1_646' title='bbox 1362 4760 1597 4816; x_wconf 85' lang='lat' dir='ltr'><strong>Joannes</strong></span> <span class='ocrx_word' id='word_1_647' title='bbox 1629 4761 1981 4832; x_wconf 79' lang='lat' dir='ltr'><strong>Jerosolynii-</strong></span> 
     </span>
    </p>
   </div>
   <div class='ocr_carea' id='block_1_93' title="bbox 411 4856 1971 4927">
    <p class='ocr_par' dir='ltr' id='par_1_93' title="bbox 411 4856 1971 4927">
     <span class='ocr_line' id='line_1_93' title="bbox 411 4856 1971 4927; baseline -0.001 -16"><span class='ocrx_word' id='word_1_648' title='bbox 411 4868 566 4912; x_wconf 90' lang='lat' dir='ltr'><strong>tanus</strong></span> <span class='ocrx_word' id='word_1_649' title='bbox 598 4858 829 4912; x_wconf 82' lang='lat' dir='ltr'><strong>assiduis</strong></span> <span class='ocrx_word' id='word_1_650' title='bbox 856 4874 974 4912; x_wconf 89' lang='lat' dir='ltr'><strong>eam</strong></span> <span class='ocrx_word' id='word_1_651' title='bbox 998 4858 1066 4911; x_wconf 88' lang='lat' dir='ltr'><strong>ob</strong></span> <span class='ocrx_word' id='word_1_652' title='bbox 1098 4872 1209 4912; x_wconf 90' lang='lat' dir='ltr'><strong>rem</strong></span> <span class='ocrx_word' id='word_1_653' title='bbox 1248 4857 1534 4927; x_wconf 81' lang='lat' dir='ltr'><strong>Epiplianii</strong></span> <span class='ocrx_word' id='word_1_654' title='bbox 1566 4868 1619 4910; x_wconf 89' lang='lat' dir='ltr'><strong>et</strong></span> <span class='ocrx_word' id='word_1_655' title='bbox 1657 4856 1971 4927; x_wconf 84' lang='lat' dir='ltr'><strong>Hieronymi</strong></span> 
     </span>
    </p>
   </div>
   <div class='ocr_carea' id='block_1_94' title="bbox 413 4949 1979 5021">
    <p class='ocr_par' dir='ltr' id='par_1_94' title="bbox 413 4949 1979 5021">
     <span class='ocr_line' id='line_1_94' title="bbox 413 4949 1979 5021; baseline -0.001 -18"><span class='ocrx_word' id='word_1_656' title='bbox 413 4950 622 5021; x_wconf 89' lang='lat' dir='ltr'><strong>probris</strong></span> <span class='ocrx_word' id='word_1_657' title='bbox 669 4951 975 5005; x_wconf 84' lang='lat' dir='ltr'><strong>lacessitus.</strong></span> <span class='ocrx_word' id='word_1_658' title='bbox 1020 4949 1349 5004; x_wconf 78' lang='lat' dir='ltr'><strong>Methodiutn</strong></span> <span class='ocrx_word' id='word_1_659' title='bbox 1414 4965 1654 5019; x_wconf 89' lang='lat' dir='ltr'><strong>quoque,</strong></span> <span class='ocrx_word' id='word_1_660' title='bbox 1707 4950 1979 5003; x_wconf 86' lang='lat' dir='ltr'><strong>infensum</strong></span> 
     </span>
    </p>
   </div>
   <div class='ocr_carea' id='block_1_95' title="bbox 415 5040 1985 5113">
    <p class='ocr_par' dir='ltr' id='par_1_95' title="bbox 415 5040 1985 5113">
     <span class='ocr_line' id='line_1_95' title="bbox 415 5040 1985 5113; baseline -0.004 -16"><span class='ocrx_word' id='word_1_661' title='bbox 415 5043 563 5097; x_wconf 82' lang='lat' dir='ltr'><strong>illum</strong></span> <span class='ocrx_word' id='word_1_662' title='bbox 596 5043 846 5113; x_wconf 78' lang='lat' dir='ltr'><strong>Origenis</strong></span> <span class='ocrx_word' id='word_1_663' title='bbox 870 5042 1265 5105; x_wconf 82' lang='lat' dir='ltr'><strong>adversarium,</strong></span> <span class='ocrx_word' id='word_1_664' title='bbox 1294 5042 1374 5095; x_wconf 90' lang='lat' dir='ltr'><strong>sui</strong></span> <span class='ocrx_word' id='word_1_665' title='bbox 1405 5040 1696 5109; x_wconf 88' lang='lat' dir='ltr'><strong>aliquando</strong></span> <span class='ocrx_word' id='word_1_666' title='bbox 1726 5040 1831 5092; x_wconf 90' lang='lat' dir='ltr'><strong>odii</strong></span> <span class='ocrx_word' id='word_1_667' title='bbox 1862 5053 1985 5108; x_wconf 78' lang='lat' dir='ltr'><strong>p03-</strong></span> 
     </span>
    </p>
   </div>
   <div class='ocr_carea' id='block_1_96' title="bbox 414 5132 1980 5203">
    <p class='ocr_par' dir='ltr' id='par_1_96' title="bbox 414 5132 1980 5203">
     <span class='ocr_line' id='line_1_96' title="bbox 414 5132 1980 5203; baseline -0.004 -14"><span class='ocrx_word' id='word_1_668' title='bbox 414 5136 589 5201; x_wconf 83' lang='lat' dir='ltr'><strong>nituit,</strong></span> <span class='ocrx_word' id='word_1_669' title='bbox 623 5144 677 5188; x_wconf 90' lang='lat' dir='ltr'><strong>ct</strong></span> <span class='ocrx_word' id='word_1_670' title='bbox 719 5136 860 5189; x_wconf 89' lang='lat' dir='ltr'><strong>inter</strong></span> <span class='ocrx_word' id='word_1_671' title='bbox 885 5135 1002 5203; x_wconf 89' lang='lat' dir='ltr'><strong>ejus</strong></span> <span class='ocrx_word' id='word_1_672' title='bbox 1027 5133 1386 5188; x_wconf 82' lang='lat' dir='ltr'><strong>admiratores</strong></span> <span class='ocrx_word' id='word_1_673' title='bbox 1423 5148 1487 5187; x_wconf 87' lang='lat' dir='ltr'><strong>ac</strong></span> <span class='ocrx_word' id='word_1_674' title='bbox 1528 5132 1842 5187; x_wconf 79' lang='lat' dir='ltr'><strong>defensores</strong></span> <span class='ocrx_word' id='word_1_675' title='bbox 1878 5146 1980 5183; x_wconf 85' lang='lat' dir='ltr'><strong>no-</strong></span> 
     </span>
    </p>
   </div>
   <div class='ocr_carea' id='block_1_97' title="bbox 412 5223 1974 5295">
    <p class='ocr_par' dir='ltr' id='par_1_97' title="bbox 412 5223 1974 5295">
     <span class='ocr_line' id='line_1_97' title="bbox 412 5223 1974 5295; baseline -0.006 -12"><span class='ocrx_word' id='word_1_676' title='bbox 412 5245 533 5283; x_wconf 91' lang='lat' dir='ltr'><strong>men</strong></span> <span class='ocrx_word' id='word_1_677' title='bbox 585 5243 737 5282; x_wconf 90' lang='lat' dir='ltr'><strong>suum</strong></span> <span class='ocrx_word' id='word_1_678' title='bbox 778 5227 1049 5295; x_wconf 86' lang='lat' dir='ltr'><strong>professus</strong></span> <span class='ocrx_word' id='word_1_679' title='bbox 1095 5236 1199 5280; x_wconf 89' lang='lat' dir='ltr'><strong>est.</strong></span> <span class='ocrx_word' id='word_1_680' title='bbox 1248 5226 1397 5279; x_wconf 91' lang='lat' dir='ltr'><strong>Tulit</strong></span> <span class='ocrx_word' id='word_1_681' title='bbox 1426 5226 1613 5280; x_wconf 86' lang='lat' dir='ltr'><strong>eadem</strong></span> <span class='ocrx_word' id='word_1_682' title='bbox 1657 5233 1787 5278; x_wconf 70' lang='lat' dir='ltr'><strong>tetas</strong></span> <span class='ocrx_word' id='word_1_683' title='bbox 1819 5223 1974 5275; x_wconf 84' lang='lat' dir='ltr'><strong>addi-</strong></span> 
     </span>
    </p>
   </div>
   <div class='ocr_carea' id='block_1_98' title="bbox 411 5317 1973 5391">
    <p class='ocr_par' dir='ltr' id='par_1_98' title="bbox 411 5317 1973 5391">
     <span class='ocr_line' id='line_1_98' title="bbox 411 5317 1973 5391; baseline -0.005 -14"><span class='ocrx_word' id='word_1_684' title='bbox 411 5324 709 5377; x_wconf 87' lang='lat' dir='ltr'><strong>ctissimum</strong></span> <span class='ocrx_word' id='word_1_685' title='bbox 741 5320 959 5391; x_wconf 78' lang='lat' dir='ltr'><strong>Origeui</strong></span> <span class='ocrx_word' id='word_1_686' title='bbox 1000 5320 1251 5374; x_wconf 82' lang='lat' dir='ltr'><strong>Ruﬁnum</strong></span> <span class='ocrx_word' id='word_1_687' title='bbox 1277 5320 1703 5390; x_wconf 84' lang='lat' dir='ltr'><strong>Aquileiensem,</strong></span> <span class='ocrx_word' id='word_1_688' title='bbox 1730 5326 1784 5372; x_wconf 86' lang='lat' dir='ltr'><strong>et</strong></span> <span class='ocrx_word' id='word_1_689' title='bbox 1814 5317 1973 5370; x_wconf 89' lang='lat' dir='ltr'><strong>innu-</strong></span> 
     </span>
    </p>
   </div>
   <div class='ocr_carea' id='block_1_99' title="bbox 409 5411 1981 5486">
    <p class='ocr_par' dir='ltr' id='par_1_99' title="bbox 409 5411 1981 5486">
     <span class='ocr_line' id='line_1_99' title="bbox 409 5411 1981 5486; baseline -0.004 -15"><span class='ocrx_word' id='word_1_690' title='bbox 409 5433 588 5471; x_wconf 91' lang='lat' dir='ltr'><strong>meros</strong></span> <span class='ocrx_word' id='word_1_691' title='bbox 619 5432 712 5486; x_wconf 89' lang='lat' dir='ltr'><strong>per</strong></span> <span class='ocrx_word' id='word_1_692' title='bbox 741 5414 1032 5486; x_wconf 68' lang='lat' dir='ltr'><strong>Aigyptuin</strong></span> <span class='ocrx_word' id='word_1_693' title='bbox 1072 5417 1345 5483; x_wconf 84' lang='lat' dir='ltr'><strong>dispersos</strong></span> <span class='ocrx_word' id='word_1_694' title='bbox 1381 5414 1696 5476; x_wconf 87' lang='lat' dir='ltr'><strong>monachos,</strong></span> <span class='ocrx_word' id='word_1_695' title='bbox 1726 5411 1981 5464; x_wconf 79' lang='lat' dir='ltr'><strong>maximis</strong></span> 
     </span>
    </p>
   </div>
   <div class='ocr_carea' id='block_1_100' title="bbox 410 5502 1983 5576">
    <p class='ocr_par' dir='ltr' id='par_1_100' title="bbox 410 5502 1983 5576">
     <span class='ocr_line' id='line_1_100' title="bbox 410 5502 1983 5576; baseline -0.006 -11"><span class='ocrx_word' id='word_1_696' title='bbox 410 5512 596 5565; x_wconf 84' lang='lat' dir='ltr'><strong>eadem</strong></span> <span class='ocrx_word' id='word_1_697' title='bbox 638 5511 704 5565; x_wconf 87' lang='lat' dir='ltr'><strong>de</strong></span> <span class='ocrx_word' id='word_1_698' title='bbox 734 5524 895 5564; x_wconf 87' lang='lat' dir='ltr'><strong>causa</strong></span> <span class='ocrx_word' id='word_1_699' title='bbox 933 5523 1053 5561; x_wconf 90' lang='lat' dir='ltr'><strong>cum</strong></span> <span class='ocrx_word' id='word_1_700' title='bbox 1104 5506 1405 5576; x_wconf 84' lang='lat' dir='ltr'><strong>Tlicopliilo</strong></span> <span class='ocrx_word' id='word_1_701' title='bbox 1441 5503 1811 5560; x_wconf 84' lang='lat' dir='ltr'><strong>Alexandrino</strong></span> <span class='ocrx_word' id='word_1_702' title='bbox 1850 5502 1983 5556; x_wconf 82' lang='lat' dir='ltr'><strong>veli-</strong></span> 
     </span>
    </p>
   </div>
   <div class='ocr_carea' id='block_1_101' title="bbox 488 5625 968 5694">
    <p class='ocr_par' dir='ltr' id='par_1_101' title="bbox 488 5625 968 5694">
     <span class='ocr_line' id='line_1_101' title="bbox 488 5625 968 5694; baseline 0.004 -15"><span class='ocrx_word' id='word_1_703' title='bbox 488 5628 511 5660; x_wconf 76' lang='lat'><strong><em>&#39;</em></strong></span> <span class='ocrx_word' id='word_1_704' title='bbox 542 5625 704 5680; x_wconf 85' lang='lat' dir='ltr'><strong>Prov.</strong></span> <span class='ocrx_word' id='word_1_705' title='bbox 749 5643 841 5694; x_wconf 83' lang='lat' dir='ltr'><strong>xx,</strong></span> <span class='ocrx_word' id='word_1_706' title='bbox 882 5626 968 5681; x_wconf 77' lang='grc'><strong>10.</strong></span> 
     </span>
    </p>
   </div>
   <div class='ocr_carea' id='block_1_102' title="bbox 482 5715 1977 5792">
    <p class='ocr_par' dir='ltr' id='par_1_102' title="bbox 482 5715 1977 5792">
     <span class='ocr_line' id='line_1_102' title="bbox 482 5715 1977 5792; baseline -0.003 -18"><span class='ocrx_word' id='word_1_707' title='bbox 482 5723 593 5790; x_wconf 74' lang='grc'><strong>(45)</strong></span> <span class='ocrx_word' id='word_1_708' title='bbox 621 5724 809 5777; x_wconf 83' lang='lat' dir='ltr'><strong>Nocuit</strong></span> <span class='ocrx_word' id='word_1_709' title='bbox 854 5734 901 5776; x_wconf 86' lang='lat' dir='ltr'><strong>et</strong></span> <span class='ocrx_word' id='word_1_710' title='bbox 950 5721 1085 5775; x_wconf 87' lang='lat' dir='ltr'><strong>illud</strong></span> <span class='ocrx_word' id='word_1_711' title='bbox 1116 5718 1352 5792; x_wconf 80' lang='lat' dir='ltr'><strong>Origeui,</strong></span> <span class='ocrx_word' id='word_1_712' title='bbox 1394 5720 1531 5785; x_wconf 84' lang='lat' dir='ltr'><strong>quod</strong></span> <span class='ocrx_word' id='word_1_713' title='bbox 1562 5720 1804 5773; x_wconf 70' lang='lat' dir='ltr'><strong>maxime:</strong></span> <span class='ocrx_word' id='word_1_714' title='bbox 1829 5715 1977 5770; x_wconf 85' lang='lat' dir='ltr'><strong>lucu-</strong></span> 
     </span>
    </p>
   </div>
   <div class='ocr_carea' id='block_1_103' title="bbox 412 5792 1980 5859">
    <p class='ocr_par' dir='ltr' id='par_1_103' title="bbox 412 5792 1980 5859">
     <span class='ocr_line' id='line_1_103' title="bbox 412 5792 1980 5859; baseline -0.003 -14"><span class='ocrx_word' id='word_1_715' title='bbox 412 5792 706 5846; x_wconf 78' lang='lat' dir='ltr'><strong>brationum</strong></span> <span class='ocrx_word' id='word_1_716' title='bbox 730 5809 943 5847; x_wconf 77' lang='lat' dir='ltr'><strong>suarum</strong></span> <span class='ocrx_word' id='word_1_717' title='bbox 972 5795 1131 5848; x_wconf 70' lang='lat' dir='ltr'><strong>partis</strong></span> <span class='ocrx_word' id='word_1_718' title='bbox 1162 5792 1414 5847; x_wconf 75' lang='lat' dir='ltr'><strong>Rufinum</strong></span> <span class='ocrx_word' id='word_1_719' title='bbox 1440 5794 1771 5859; x_wconf 67' lang='lat' dir='ltr'><strong>interpretem</strong></span> <span class='ocrx_word' id='word_1_720' title='bbox 1798 5798 1980 5842; x_wconf 70' lang='lat' dir='ltr'><strong>nactus</strong></span> 
     </span>
    </p>
   </div>
   <div class='ocr_carea' id='block_1_104' title="bbox 2092 4587 3677 4658">
    <p class='ocr_par' dir='ltr' id='par_1_104' title="bbox 2092 4587 3677 4658">
     <span class='ocr_line' id='line_1_104' title="bbox 2092 4587 3677 4658; baseline 0 -14"><span class='ocrx_word' id='word_1_721' title='bbox 2092 4590 2469 4644; x_wconf 87' lang='lat' dir='ltr'><strong>cubrationuui</strong></span> <span class='ocrx_word' id='word_1_722' title='bbox 2521 4605 2739 4643; x_wconf 89' lang='lat' dir='ltr'><strong>suarum</strong></span> <span class='ocrx_word' id='word_1_723' title='bbox 2794 4588 2967 4658; x_wconf 90' lang='lat' dir='ltr'><strong>partis</strong></span> <span class='ocrx_word' id='word_1_724' title='bbox 3016 4587 3265 4641; x_wconf 79' lang='lat' dir='ltr'><strong>Rufinum</strong></span> <span class='ocrx_word' id='word_1_725' title='bbox 3321 4587 3677 4657; x_wconf 86' lang='lat' dir='ltr'><strong>interpretem</strong></span> 
     </span>
    </p>
   </div>
   <div class='ocr_carea' id='block_1_105' title="bbox 2096 4678 3679 4749">
    <p class='ocr_par' dir='ltr' id='par_1_105' title="bbox 2096 4678 3679 4749">
     <span class='ocr_line' id='line_1_105' title="bbox 2096 4678 3679 4749; baseline 0.001 -15"><span class='ocrx_word' id='word_1_726' title='bbox 2096 4692 2288 4734; x_wconf 84' lang='lat' dir='ltr'><strong>nactus</strong></span> <span class='ocrx_word' id='word_1_727' title='bbox 2345 4688 2447 4736; x_wconf 91' lang='lat' dir='ltr'><strong>est.</strong></span> <span class='ocrx_word' id='word_1_728' title='bbox 2498 4680 2664 4749; x_wconf 84' lang='lat' dir='ltr'><strong>Cujus</strong></span> <span class='ocrx_word' id='word_1_729' title='bbox 2702 4691 2849 4733; x_wconf 89' lang='lat' dir='ltr'><strong>tanta</strong></span> <span class='ocrx_word' id='word_1_730' title='bbox 2902 4679 3001 4732; x_wconf 82' lang='lat' dir='ltr'><strong>fuit</strong></span> <span class='ocrx_word' id='word_1_731' title='bbox 3049 4679 3101 4731; x_wconf 92' lang='lat' dir='ltr'><strong>in</strong></span> <span class='ocrx_word' id='word_1_732' title='bbox 3141 4678 3332 4733; x_wconf 87' lang='lat' dir='ltr'><strong>Latine</strong></span> <span class='ocrx_word' id='word_1_733' title='bbox 3382 4680 3679 4736; x_wconf 84' lang='lat' dir='ltr'><strong>reddendis</strong></span> 
     </span>
    </p>
   </div>
   <div class='ocr_carea' id='block_1_106' title="bbox 2093 4772 3676 4843">
    <p class='ocr_par' dir='ltr' id='par_1_106' title="bbox 2093 4772 3676 4843">
     <span class='ocr_line' id='line_1_106' title="bbox 2093 4772 3676 4843; baseline 0.001 -17"><span class='ocrx_word' id='word_1_734' title='bbox 2093 4784 2336 4827; x_wconf 87' lang='lat' dir='ltr'><strong>veterum</strong></span> <span class='ocrx_word' id='word_1_735' title='bbox 2367 4774 2609 4843; x_wconf 86' lang='lat' dir='ltr'><strong>scriptis,</strong></span> <span class='ocrx_word' id='word_1_736' title='bbox 2639 4782 2693 4826; x_wconf 87' lang='lat' dir='ltr'><strong>et</strong></span> <span class='ocrx_word' id='word_1_737' title='bbox 2715 4783 2824 4825; x_wconf 91' lang='lat' dir='ltr'><strong>tam</strong></span> <span class='ocrx_word' id='word_1_738' title='bbox 2850 4772 3197 4826; x_wconf 85' lang='lat' dir='ltr'><strong>immoderata</strong></span> <span class='ocrx_word' id='word_1_739' title='bbox 3225 4772 3463 4835; x_wconf 89' lang='lat' dir='ltr'><strong>licentia,</strong></span> <span class='ocrx_word' id='word_1_740' title='bbox 3493 4788 3676 4841; x_wconf 86' lang='lat' dir='ltr'><strong>quem-</strong></span> 
     </span>
    </p>
   </div>
   <div class='ocr_carea' id='block_1_107' title="bbox 2093 4864 3673 4935">
    <p class='ocr_par' dir='ltr' id='par_1_107' title="bbox 2093 4864 3673 4935">
     <span class='ocr_line' id='line_1_107' title="bbox 2093 4864 3673 4935; baseline 0 -16"><span class='ocrx_word' id='word_1_741' title='bbox 2093 4866 2379 4919; x_wconf 90' lang='lat' dir='ltr'><strong>admodum</strong></span> <span class='ocrx_word' id='word_1_742' title='bbox 2412 4881 2554 4935; x_wconf 69' lang='lat' dir='ltr'><strong>szepe</strong></span> <span class='ocrx_word' id='word_1_743' title='bbox 2584 4868 2914 4929; x_wconf 85' lang='lat' dir='ltr'><strong>monuimus,</strong></span> <span class='ocrx_word' id='word_1_744' title='bbox 2950 4881 3069 4919; x_wconf 87' lang='lat' dir='ltr'><strong>cum</strong></span> <span class='ocrx_word' id='word_1_745' title='bbox 3103 4864 3269 4918; x_wconf 91' lang='lat' dir='ltr'><strong>multa</strong></span> <span class='ocrx_word' id='word_1_746' title='bbox 3311 4866 3673 4931; x_wconf 82' lang='lat' dir='ltr'><strong>detrahendo,</strong></span> 
     </span>
    </p>
   </div>
   <div class='ocr_carea' id='block_1_108' title="bbox 2092 4952 3672 5025">
    <p class='ocr_par' dir='ltr' id='par_1_108' title="bbox 2092 4952 3672 5025">
     <span class='ocr_line' id='line_1_108' title="bbox 2092 4952 3672 5025; baseline 0.003 -20"><span class='ocrx_word' id='word_1_747' title='bbox 2092 4954 2177 5009; x_wconf 80' lang='lat' dir='ltr'><strong>vel</strong></span> <span class='ocrx_word' id='word_1_748' title='bbox 2209 4954 2577 5022; x_wconf 83' lang='lat' dir='ltr'><strong>inferciendo,</strong></span> <span class='ocrx_word' id='word_1_749' title='bbox 2619 4966 2731 5008; x_wconf 90' lang='lat' dir='ltr'><strong>tum</strong></span> <span class='ocrx_word' id='word_1_750' title='bbox 2770 4954 3026 5025; x_wconf 90' lang='lat' dir='ltr'><strong>pleraque</strong></span> <span class='ocrx_word' id='word_1_751' title='bbox 3075 4952 3448 5024; x_wconf 89' lang='lat' dir='ltr'><strong>iuterpolando</strong></span> <span class='ocrx_word' id='word_1_752' title='bbox 3481 4964 3536 5009; x_wconf 92' lang='lat' dir='ltr'><strong>et</strong></span> <span class='ocrx_word' id='word_1_753' title='bbox 3584 4970 3672 5009; x_wconf 89' lang='lat' dir='ltr'><strong>re-</strong></span> 
     </span>
    </p>
   </div>
   <div class='ocr_carea' id='block_1_109' title="bbox 2093 5045 3674 5117">
    <p class='ocr_par' dir='ltr' id='par_1_109' title="bbox 2093 5045 3674 5117">
     <span class='ocr_line' id='line_1_109' title="bbox 2093 5045 3674 5117; baseline -0.002 -17"><span class='ocrx_word' id='word_1_754' title='bbox 2093 5046 2397 5114; x_wconf 80' lang='lat' dir='ltr'><strong>coquendo,</strong></span> <span class='ocrx_word' id='word_1_755' title='bbox 2429 5056 2483 5100; x_wconf 89' lang='lat' dir='ltr'><strong>ut</strong></span> <span class='ocrx_word' id='word_1_756' title='bbox 2518 5045 2816 5117; x_wconf 88' lang='lat' dir='ltr'><strong>intelligere</strong></span> <span class='ocrx_word' id='word_1_757' title='bbox 2861 5046 3054 5100; x_wconf 88' lang='lat' dir='ltr'><strong>debeat</strong></span> <span class='ocrx_word' id='word_1_758' title='bbox 3086 5045 3393 5114; x_wconf 89' lang='lat' dir='ltr'><strong>quicunque</strong></span> <span class='ocrx_word' id='word_1_759' title='bbox 3445 5059 3674 5099; x_wconf 75' lang='lat' dir='ltr'><strong>conver-</strong></span> 
     </span>
    </p>
   </div>
   <div class='ocr_carea' id='block_1_110' title="bbox 2091 5135 3673 5207">
    <p class='ocr_par' dir='ltr' id='par_1_110' title="bbox 2091 5135 3673 5207">
     <span class='ocr_line' id='line_1_110' title="bbox 2091 5135 3673 5207; baseline 0.001 -17"><span class='ocrx_word' id='word_1_760' title='bbox 2091 5152 2208 5191; x_wconf 86' lang='lat' dir='ltr'><strong>SUlli</strong></span> <span class='ocrx_word' id='word_1_761' title='bbox 2242 5152 2271 5190; x_wconf 91' lang='lat' dir='ltr'><strong>a</strong></span> <span class='ocrx_word' id='word_1_762' title='bbox 2298 5135 2492 5190; x_wconf 70' lang='lat' dir='ltr'><strong>ltutino</strong></span> <span class='ocrx_word' id='word_1_763' title='bbox 2519 5137 2842 5207; x_wconf 88' lang='lat' dir='ltr'><strong>scriptorem</strong></span> <span class='ocrx_word' id='word_1_764' title='bbox 2876 5135 3105 5205; x_wconf 85' lang='lat' dir='ltr'><strong>aliquem</strong></span> <span class='ocrx_word' id='word_1_765' title='bbox 3140 5136 3300 5205; x_wconf 84' lang='lat' dir='ltr'><strong>leget,</strong></span> <span class='ocrx_word' id='word_1_766' title='bbox 3336 5149 3443 5188; x_wconf 91' lang='lat' dir='ltr'><strong>non</strong></span> <span class='ocrx_word' id='word_1_767' title='bbox 3480 5144 3591 5188; x_wconf 86' lang='lat' dir='ltr'><strong>tam</strong></span> <span class='ocrx_word' id='word_1_768' title='bbox 3616 5151 3673 5191; x_wconf 73' lang='lat' dir='ltr'><strong>se</strong></span> 
     </span>
    </p>
   </div>
   <div class='ocr_carea' id='block_1_111' title="bbox 2092 5225 3673 5297">
    <p class='ocr_par' dir='ltr' id='par_1_111' title="bbox 2092 5225 3673 5297">
     <span class='ocr_line' id='line_1_111' title="bbox 2092 5225 3673 5297; baseline 0.001 -18"><span class='ocrx_word' id='word_1_769' title='bbox 2092 5227 2333 5281; x_wconf 89' lang='lat' dir='ltr'><strong>auctoris</strong></span> <span class='ocrx_word' id='word_1_770' title='bbox 2377 5226 2566 5297; x_wconf 82' lang='lat' dir='ltr'><strong>ipsius.</strong></span> <span class='ocrx_word' id='word_1_771' title='bbox 2624 5241 2787 5295; x_wconf 84' lang='lat' dir='ltr'><strong>quam</strong></span> <span class='ocrx_word' id='word_1_772' title='bbox 2838 5225 3020 5279; x_wconf 79' lang='lat' dir='ltr'><strong>Ruﬁni</strong></span> <span class='ocrx_word' id='word_1_773' title='bbox 3064 5226 3362 5280; x_wconf 86' lang='lat' dir='ltr'><strong>sententias</strong></span> <span class='ocrx_word' id='word_1_774' title='bbox 3402 5234 3458 5281; x_wconf 85' lang='lat' dir='ltr'><strong>et</strong></span> <span class='ocrx_word' id='word_1_775' title='bbox 3503 5226 3673 5281; x_wconf 80' lang='lat' dir='ltr'><strong>verba</strong></span> 
     </span>
    </p>
   </div>
   <div class='ocr_carea' id='block_1_112' title="bbox 2091 5317 3671 5389">
    <p class='ocr_par' dir='ltr' id='par_1_112' title="bbox 2091 5317 3671 5389">
     <span class='ocr_line' id='line_1_112' title="bbox 2091 5317 3671 5389; baseline 0 -18"><span class='ocrx_word' id='word_1_776' title='bbox 2091 5317 2289 5386; x_wconf 76' lang='lat' dir='ltr'><strong>legere.</strong></span> <span class='ocrx_word' id='word_1_777' title='bbox 2333 5318 2409 5372; x_wconf 83' lang='lat' dir='ltr'><strong>Eo</strong></span> <span class='ocrx_word' id='word_1_778' title='bbox 2458 5333 2587 5372; x_wconf 86' lang='lat' dir='ltr'><strong>vero</strong></span> <span class='ocrx_word' id='word_1_779' title='bbox 2630 5320 2790 5372; x_wconf 91' lang='lat' dir='ltr'><strong>latius</strong></span> <span class='ocrx_word' id='word_1_780' title='bbox 2832 5328 2981 5387; x_wconf 89' lang='lat' dir='ltr'><strong>patct</strong></span> <span class='ocrx_word' id='word_1_781' title='bbox 3029 5317 3081 5371; x_wconf 88' lang='lat' dir='ltr'><strong>id</strong></span> <span class='ocrx_word' id='word_1_782' title='bbox 3130 5318 3342 5382; x_wconf 89' lang='lat' dir='ltr'><strong>vitium,</strong></span> <span class='ocrx_word' id='word_1_783' title='bbox 3390 5319 3531 5386; x_wconf 89' lang='lat' dir='ltr'><strong>quod</strong></span> <span class='ocrx_word' id='word_1_784' title='bbox 3589 5318 3671 5389; x_wconf 85' lang='lat' dir='ltr'><strong>ip-</strong></span> 
     </span>
    </p>
   </div>
   <div class='ocr_carea' id='block_1_113' title="bbox 2092 5407 3670 5477">
    <p class='ocr_par' dir='ltr' id='par_1_113' title="bbox 2092 5407 3670 5477">
     <span class='ocr_line' id='line_1_113' title="bbox 2092 5407 3670 5477; baseline 0 -15"><span class='ocrx_word' id='word_1_785' title='bbox 2092 5422 2208 5462; x_wconf 90' lang='lat' dir='ltr'><strong>sum</strong></span> <span class='ocrx_word' id='word_1_786' title='bbox 2268 5407 2609 5477; x_wconf 72' lang='lat' dir='ltr'><strong>Origeniante</strong></span> <span class='ocrx_word' id='word_1_787' title='bbox 2666 5409 2929 5462; x_wconf 68' lang='lat' dir='ltr'><strong>doctrinae</strong></span> <span class='ocrx_word' id='word_1_788' title='bbox 2989 5407 3237 5470; x_wconf 87' lang='lat' dir='ltr'><strong>fontem,</strong></span> <span class='ocrx_word' id='word_1_789' title='bbox 3305 5407 3473 5462; x_wconf 89' lang='lat' dir='ltr'><strong>libros</strong></span> <span class='ocrx_word' id='word_1_790' title='bbox 3524 5410 3670 5474; x_wconf 63' lang='grc' dir='ltr'><strong>Περὶ</strong></span> 
     </span>
    </p>
   </div>
   <div class='ocr_carea' id='block_1_114' title="bbox 2090 5498 3671 5571">
    <p class='ocr_par' dir='ltr' id='par_1_114' title="bbox 2090 5498 3671 5571">
     <span class='ocr_line' id='line_1_114' title="bbox 2090 5498 3671 5571; baseline 0 -18"><span class='ocrx_word' id='word_1_791' title='bbox 2090 5498 2324 5569; x_wconf 81' lang='grc' dir='ltr'><strong>ἀρχῶν,</strong></span> <span class='ocrx_word' id='word_1_792' title='bbox 2357 5515 2495 5555; x_wconf 90' lang='lat' dir='ltr'><strong>unus</strong></span> <span class='ocrx_word' id='word_1_793' title='bbox 2528 5500 2616 5555; x_wconf 87' lang='lat' dir='ltr'><strong>ille</strong></span> <span class='ocrx_word' id='word_1_794' title='bbox 2647 5500 2712 5553; x_wconf 86' lang='lat' dir='ltr'><strong>ad</strong></span> <span class='ocrx_word' id='word_1_795' title='bbox 2748 5516 2855 5571; x_wconf 78' lang='lat' dir='ltr'><strong>nos</strong></span> <span class='ocrx_word' id='word_1_796' title='bbox 2883 5499 3174 5565; x_wconf 70' lang='lat' dir='ltr'><strong>derivat-it,</strong></span> <span class='ocrx_word' id='word_1_797' title='bbox 3211 5509 3265 5553; x_wconf 93' lang='lat' dir='ltr'><strong>et</strong></span> <span class='ocrx_word' id='word_1_798' title='bbox 3296 5498 3412 5553; x_wconf 91' lang='lat' dir='ltr'><strong>suis</strong></span> <span class='ocrx_word' id='word_1_799' title='bbox 3450 5500 3671 5568; x_wconf 83' lang='lat' dir='ltr'><strong>quidem</strong></span> 
     </span>
    </p>
   </div>
   <div class='ocr_carea' id='block_1_115' title="bbox 2087 5704 3664 5777">
    <p class='ocr_par' dir='ltr' id='par_1_115' title="bbox 2087 5704 3664 5777">
     <span class='ocr_line' id='line_1_115' title="bbox 2087 5704 3664 5777; baseline -0.005 -9"><span class='ocrx_word' id='word_1_800' title='bbox 2087 5722 2182 5768; x_wconf 79' lang='lat' dir='ltr'><strong>est.</strong></span> <span class='ocrx_word' id='word_1_801' title='bbox 2231 5712 2367 5768; x_wconf 73' lang='lat' dir='ltr'><strong>Vide</strong></span> <span class='ocrx_word' id='word_1_802' title='bbox 2395 5710 2777 5765; x_wconf 80' lang='lat' dir='ltr'><strong>Praefationem</strong></span> <span class='ocrx_word' id='word_1_803' title='bbox 2806 5716 3043 5765; x_wconf 80' lang='lat' dir='ltr'><strong>nostram</strong></span> <span class='ocrx_word' id='word_1_804' title='bbox 3080 5714 3224 5763; x_wconf 93' lang='lat' dir='ltr'><strong>tomo</strong></span> <span class='ocrx_word' id='word_1_805' title='bbox 3267 5705 3444 5777; x_wconf 85' lang='lat' dir='ltr'><strong>primo</strong></span> <span class='ocrx_word' id='word_1_806' title='bbox 3491 5704 3664 5777; x_wconf 51' lang='lat' dir='ltr'><strong>prati.</strong></span> 
     </span>
    </p>
   </div>
   <div class='ocr_carea' id='block_1_116' title="bbox 2092 5782 2679 5854">
    <p class='ocr_par' dir='ltr' id='par_1_116' title="bbox 2092 5782 2679 5854">
     <span class='ocr_line' id='line_1_116' title="bbox 2092 5782 2679 5854; baseline -0.003 -15"><span class='ocrx_word' id='word_1_807' title='bbox 2092 5799 2214 5839; x_wconf 82' lang='lat' dir='ltr'><strong>xum</strong></span> <span class='ocrx_word' id='word_1_808' title='bbox 2243 5799 2361 5854; x_wconf 83' lang='lat' dir='ltr'><strong>pag.</strong></span> <span class='ocrx_word' id='word_1_809' title='bbox 2391 5782 2448 5850; x_wconf 77' lang='lat'><strong>2,</strong></span> <span class='ocrx_word' id='word_1_810' title='bbox 2480 5784 2512 5837; x_wconf 81' lang='lat'><strong>5</strong></span> <span class='ocrx_word' id='word_1_811' title='bbox 2543 5794 2597 5837; x_wconf 86' lang='lat' dir='ltr'><strong>et</strong></span> <span class='ocrx_word' id='word_1_812' title='bbox 2624 5782 2679 5837; x_wconf 73' lang='grc'><strong>4.</strong></span> 
     </span>
    </p>
   </div>
  </div>
