3860 6226
169 323 312 379 1007

1222 323 1787 382 OBIGENIANORUM
1827 323 1952 379 LIB.
1996 322 2058 388 ll,
2097 323 2246 378 CAP.
2286 323 2374 378 Ill.

3271 327 3407 385 1098

172 444 429 498 sordibus
476 443 833 512 inquinatos;
887 443 1042 511 cujus
1089 453 1278 498 testem
1328 445 1556 498 citamns
1601 441 1744 494 Rnfi-
1776 446 1819 500 Α
1847 439 2164 509 dugmaticis
2201 439 2609 502 assertionibus,
2659 449 2715 492 et
2769 438 2847 492 sic
2898 439 2951 492 in
3004 453 3118 502 eas,
3156 447 3406 508 tanquam

171 551 302 588 num
358 536 530 604 ipsum
584 536 636 589 in
685 535 931 604 Prologo,
981 547 1032 590 et
1069 536 1119 590 in
1149 534 1468 590 Prmfatione
1500 535 1617 588 libri
1655 549 1739 587 ιιι.

170 625 344 680 Nemo
411 634 591 681 autem
679 630 970 696 superioris
1050 627 1242 696 capitis
1307 627 1740 681 dissertatiomnn

170 718 330 774 fidem
370 719 495 774 hinc
526 721 725 774 elevari
761 734 918 787 posse
962 729 1138 787 putet;
1191 735 1312 773 cum
1358 719 1502 773 enim
1551 733 1742 787 magna

168 809 617 864 criminationum
668 825 812 877 pars,
868 826 1002 880 quas
1045 811 1294 878 Origenis
1345 819 1743 879 oppugnatores

164 900 400 968 iactant,
435 901 558 954 inde
592 904 758 970 petita
789 902 902 968 sit;
949 903 1076 971 quid
1111 903 1287 971 aptius
1321 916 1479 970 quam
1521 915 1744 970 respon-

167 993 356 1047 siones
390 993 625 1045 indidem
659 994 996 1059 depromere,
1029 994 1168 1048 unde
1197 994 1603 1049 criminationes
1649 1009 1742 1062 pe-

171 1083 285 1134 tita:
324 1082 492 1134 sunt?
566 1080 620 1135 Si
674 1085 796 1150 quis
857 1099 986 1154 ergo
1038 1100 1068 1137 e
1123 1095 1379 1154 corrupto
1425 1085 1560 1140 libro
1614 1100 1740 1154 pro-

169 1171 311 1226 latas
361 1172 701 1227 defensiones
761 1186 1057 1237 causetnr,
1113 1176 1277 1228 cadat
1335 1176 1737 1230 accusationum

168 1279 235 1318 ex
292 1269 478 1318 eodem
531 1266 919 1319 accersitarum
976 1267 1108 1321 fides
1158 1283 1380 1322 necesse
1424 1276 1526 1323 est.
1587 1268 1738 1334 Quod

169 1354 218 1408 si
275 1369 429 1407 suum
479 1353 562 1409 his
606 1363 850 1410 servetur
876 1356 1062 1420 robur,
1093 1357 1258 1412 stabit
1287 1357 1499 1412 illarum
1525 1371 1740 1427 quoque

166 1447 488 1499 auctoritas.

155 1551 160 1578 ι
246 1532 332 1588 \‘l.
369 1533 588 1587 Multum
636 1535 797 1589 etiam
830 1536 898 1590 ad
947 1536 1312 1592 defensionem
1341 1537 1586 1610 Origenis
1613 1553 1738 1594 con-

168 1621 279 1679 fert
307 1623 524 1678 Patrum
550 1625 776 1684 aliorum
809 1628 1109 1698 exemplum
1131 1669 1146 1692 ,
1178 1629 1373 1698 quibus
1400 1645 1612 1686 errores
1638 1631 1737 1685 ali-

167 1717 264 1785 qui
289 1716 603 1772 exciderunt
639 1719 949 1774 humanitus
969 1758 984 1784 ,
1022 1721 1268 1790 quamvis
1298 1722 1655 1777 orthodoxam
1683 1723 1732 1776 in

1849 534 2109 587 adversus
2172 548 2338 588 novas
2382 532 2664 602 opiniones
2715 532 2768 585 in
2822 532 3117 587 Ecclesiam
3168 534 3410 587 invectas

1845 626 2046 679 velitati
2075 637 2221 680 sunt.

1918 716 2006 770 IX.
2055 716 2163 771 Nec
2193 717 2366 771 fraudi
2393 717 2519 772 huic
2549 732 2668 771 esse
2712 717 2886 782 debet,
2918 716 3060 785 quod
3086 716 3206 770 Man
3231 717 3408 771 clueo-

1845 806 2464 873 rnm,Sabellianornm,
2521 808 2868 872 Arianorum,
2930 807 3406 870 Eunomianornm,

1843 901 2228 953 Anommorum
2288 899 2804 968 Pelagianornmque
2838 908 3022 966 pater,
3055 908 3106 952 et
3159 899 3398 951 omnium

1845 987 2116 1042 hzereseon
2153 988 2270 1043 fons
2317 1007 2346 1042 a
2398 989 2669 1043 nonnul'lis
2714 990 3032 1058 appellatur.
3077 987 3209 1040 Nam
3248 997 3305 1041 nt
3338 988 3404 1040 ad

1842 1079 2226 1148 confingendas
2253 1080 2486 1133 haereses
2517 1079 2846 1134 incentivum
2877 1080 3078 1146 scripta
3107 1079 3224 1146 ejus
3254 1080 3410 1132 malis

1842 1168 2072 1239 ingeniis
2111 1170 2412 1223 subdidisse
2466 1173 2674 1236 demus,
2722 1169 3056 1224 lectorumne
3094 1171 3302 1238 culpam
3355 1181 3409 1223 et

1840 1275 2093 1330 perversa
2141 1259 2338 1328 judicia
2376 1271 2632 1328 prazstare
2684 1262 2940 1315 tenetur?
2986 1260 3248 1314 meritone
3281 1261 3406 1328 :rgri

1839 1354 2104 1406 stomachi
2155 1353 2342 1406 vitium
2395 1354 2445 1406 in
2506 1353 2681 1406 cibum
2712 1353 2983 1406 sincerum
3042 1351 3406 1407 transfertur?

1841 1442 1952 1499 Ιιιιο
1985 1460 2132 1508 vero,
2169 1460 2392 1499 summa:
2423 1445 2540 1514 ejus
2572 1446 2624 1499 in
2655 1445 2895 1500 Ecclesia
2941 1445 3278 1500 auctoritatis
3323 1445 3408 1501 vel

1838 1549 1906 1590 ex
1937 1550 2003 1590 eo
2027 1535 2396 1604 praajudicimn
2425 1536 2560 1588 sumi
2596 1544 2786 1604 potest,
2825 1536 2965 1603 quod
2997 1550 3063 1589 ex
3099 1535 3266 1604 ipsius
3295 1532 3406 1587 suf-

1839 1625 2011 1696 fragio
2047 1642 2298 1695 magnam
2345 1626 2622 1680 erroribus
2649 1627 2766 1680 suis
2795 1627 2901 1679 vim
2947 1627 3204 1679 accedere
3254 1635 3410 1694 puta-

1839 1728 1967 1772 runt
2008 1719 2338 1773 heterodoxi.
2397 1719 2587 1772 Annon
2622 1731 2800 1772 autem
2829 1720 3156 1787 prtecipuam
3195 1719 3412 1786 ligmen-

165 1809 291 1862 aliis
342 1811 614 1864 tenuerint
649 1811 844 1877 ﬁdem,
894 1822 948 1866 et
1003 1789 1144 1868 inter
1190 1816 1522 1870 orlhodoxos
1582 1815 1736 1885 positi
1770 1789 1812 1846 Β
1844 1810 1910 1862 tis
1944 1809 2060 1863 suis
2097 1809 2252 1863 fidem
2283 1825 2345 1863 ex
2388 1808 2664 1879 Scriptura
2709 1824 2861 1864 sacra
2910 1810 3196 1864 conciliare
3224 1811 3407 1863 itidem

164 1901 300 1956 sint.
335 1900 468 1954 Nam
520 1911 576 1954 ut
607 1902 741 1956 alios
773 1902 1054 1958 brevitatis
1099 1921 1262 1959 causa
1306 1908 1736 1975 praztertnittam,

162 2003 304 2062 quot
328 2009 611 2050 recensere
639 2010 928 2064 possumus
969 1997 1113 2050 nulla
1146 1999 1414 2054 hmreseos
1437 2002 1739 2067 suspicione

164 2099 454 2153 aspersos,
484 2097 536 2139 et
569 2085 635 2140 de
663 2083 926 2139 Trinitate
979 2096 1157 2140 tamen
1214 2087 1348 2142 falsa
1397 2099 1451 2144 et
1507 2091 1735 2144 absurda

163 2175 548 2228 commentos?
597 2173 824 2228 Venient
883 2175 934 2228 in
993 2176 1136 2231 hunc
1181 2179 1434 2232 ordinem
1492 2177 1738 2235 Justinus

166 2275 413 2336 martyr,
478 2265 896 2331 Athenagoras,
964 2262 1293 2334 Theopnilus
1344 2269 1736 2336 Antiochcnus,

164 2355 414 2410 Clemens
467 2355 760 2420 Romanus,
810 2357 1103 2427 Gregorius
1139 2357 1594 2428 Thautnatnrgus,
1630 2359 1738 2414 Me-

167 2448 404 2512 thodins,
461 2447 754 2512 Lucianus,
805 2456 860 2502 et
911 2448 1159 2519 Origenis
1209 2450 1477 2518 przecipue
1509 2451 1739 2520 discipu-

165 2541 249 2597 lus
308 2543 594 2613 Dionysins
648 2544 1063 2608 Alexandrinus,
1123 2558 1278 2609 quem
1348 2544 1548 2598 idcirco
1602 2545 1738 2599 Anoo

166 2648 432 2688 meorum
478 2647 756 2704 parentem
799 2637 1035 2704 appellat
1080 2637 1308 2692 Basilius
1362 2640 1520 2704 epist.
1549 2638 1641 2705 4|,
1683 2649 1738 2693 et

164 2725 456 2780 Arianismi
513 2727 716 2781 fontem
772 2726 1080 2783 Gennadius
1130 2730 1223 2783 tib.
1255 2745 1314 2792 ιι,
1373 2727 1448 2781 De
1503 2730 1734 2798 dogmat.

163 2832 287 2885 cap.
319 2819 377 2881 2,
409 2833 530 2872 cum
558 2833 678 2873 eum
710 2829 895 2875 tamen
926 2824 993 2874 ab
1024 2821 1106 2874 his
1149 2821 1583 2874 accusationibus
1630 2821 1738 2874 vin-

162 2907 308 2962 dicet
333 2909 686 2974 Athanasius,
738 2920 793 2964 et
853 2921 1047 2980 prmter
1075 2912 1428 2964 Athanasium
1481 2911 1738 2982 Hierony-

164 3015 305 3062 tnns,
342 3001 432 3069 qui
464 3017 587 3054 eum
619 3004 671 3054 in
703 3001 961 3055 Trinitate
991 3001 1317 3056 Catholicam
1357 3019 1465 3056 esse
1512 3013 1736 3056 testatur

162 3089 384 3158 Apolog.
427 3089 519 3144 lib.
549 3106 584 3144 ιι
611 3129 627 3153 ,
675 3105 794 3158 cap.
824 3092 876 3144 4.
929 3091 1098 3157 Quam
1161 3091 1357 3146 multos
1414 3091 1632 3160 integra:
1681 3101 1732 3145 et
1760 3123 1802 3178 ο

160 3194 308 3233 same
344 3180 461 3233 fidei
495 3181 638 3236 viros
673 3183 791 3235 tulit
817 3181 1077 3246 Ecclesia,
1103 3182 1388 3236 calumniis
1412 3182 1731 3249 proscissis,

159 3281 211 3323 et
245 3271 557 3339 ignominiis
588 3272 847 3325 notatos?
884 3271 1058 3325 Unum
1091 3272 1319 3325 laudabo
1361 3288 1470 3342 prae
1514 3273 1732 3340 reliquis

155 3360 420 3417 Joannem
450 3363 918 3432 Chrysostomum,
968 3363 1046 3415 vel
1094 3364 1232 3418 hanc
1281 3365 1618 3431 potissimum
1665 3366 1732 3417 ob

157 3467 402 3516 causam,
450 3455 592 3521 quod
641 3455 739 3508 has
795 3454 893 3523 ipsi
940 3454 1376 3512 conﬂictationes
1406 3456 1728 3526 Origenismi

158 3543 396 3611 suspicio
423 3545 648 3613 peperit.
711 3544 848 3598 Nam
904 3561 1025 3599 cum
1056 3546 1389 3617 Origenistas
1434 3550 1731 3603 monachos

156 3634 418 3688 adversus
450 3635 730 3706 Theophili
771 3637 1122 3691 Alexandrini
1179 3638 1402 3706 injurias
1462 3649 1728 3706 tueretur,

159 3726 212 3780 in
248 3727 608 3793 suspicionem
644 3728 790 3782 venit
816 3728 1048 3784 aﬂ'ectati
1075 3730 1424 3799 Origenismi,
1455 3733 1730 3802 variisque

155 3815 367 3869 artibus
397 3818 708 3886 episcopatu
742 3820 1022 3887 depulsus,
1059 3821 1524 3890 Constantinopoli
1556 3824 1731 3876 detur-

156 3907 336 3969 batus,
367 3908 420 3962 in
450 3909 703 3963 exsilium
740 3920 913 3975 actus,
953 3926 1162 3966 summa
1198 3929 1262 3967 ac
1293 3929 1460 3982 prope
1493 3916 1663 3967 ferina
1699 3932 1725 3966 ιι

157 3997 449 4052 submissis
472 4001 798 4054 satellitibus
827 4001 1166 4056 ineletnentia
1195 4004 1486 4068 adhibitus,
1519 4006 1729 4071 aegritu-

155 4090 280 4143 dine
307 4093 524 4146 tandem
551 4094 741 4158 animi,
765 4111 828 4149 ac
851 4096 1097 4163 corporis
1127 4095 1404 4150 doloribus
1429 4097 1726 4152 exstinctus

153 4190 272 4247 est;
312 4181 677 4252 Origenisque
729 4184 1091 4239 calamitatem
1139 4196 1194 4240 et
1235 4186 1500 4241 fortunam
1539 4186 1729 4258 Orige-

156 4272 333 4325 nistas
359 4283 646 4342 protegens
671 4276 721 4328 in
751 4291 808 4329 se
836 4277 1124 4345 expressit.

237 4361 346 4415 Vll.
403 4361 710 4418 Notandum
776 4379 992 4434 quoque
1054 4367 1108 4420 in
1170 4367 1396 4433 gratiam
1449 4367 1726 4440 Origenis,

1840 1902 2059 1956 student
2110 1901 2394 1956 haeretici?
2445 1917 2620 1954 annon
2658 1916 2724 1954 ex
2768 1901 2964 1954 divinis
2994 1900 3168 1955 Libris
3203 1902 3252 1954 in
3279 1901 3407 1952 alie.

1841 2008 1937 2046 nos
1964 2004 2018 2046 et
2047 1993 2281 2048 nefarios
2327 2009 2516 2046 sensus
2563 2009 2592 2046 a
2641 2008 2697 2046 se
2726 1993 2993 2046 contortis
3022 1992 3274 2061 pestifera
3310 2007 3404 2046 sua

1839 2082 2084 2154 dogmata
2125 2085 2493 2139 extuderunt?
2542 2084 2664 2138 Pari
2700 2099 2830 2154 ergo
2865 2083 2986 2154 jure
3013 2098 3258 2137 errorum
3285 2099 3404 2137 oni-

1839 2176 2008 2239 nium,
2039 2176 2082 2230 si
2119 2176 2193 2229 ita
2236 2176 2380 2244 loqui
2413 2175 2554 2236 licet,
2592 2176 2873 2244 Scriptura
2909 2192 3086 2241 saera,
3130 2176 3266 2229 male
3296 2177 3403 2230 sci-

1838 2262 1963 2318 licet
1995 2273 2238 2332 accepta,
2277 2265 2395 2318 fons
2428 2264 2636 2318 dicatur
2684 2275 2736 2318 et
2769 2265 2938 2333 origo,
2970 2265 3040 2319 ob
3082 2275 3406 2334 praepostera

1839 2371 2029 2425 nempe
2076 2357 2450 2411 hereticorum
2508 2357 2740 2427 ingenia,
2775 2358 2975 2426 optima
3013 2372 3237 2427 qumque
3280 2372 3404 2426 per-

1837 2447 2181 2502 vertentinm.

1905 2538 1972 2591 X.
2008 2538 2119 2608 (H)
2152 2537 2391 2606 Denique
2435 2538 2773 2606 petissimum
2798 2537 3007 2608 Origeni
3044 2553 3108 2591 ex
3144 2537 3403 2592 librorum

1837 2631 2006 2701 ipsius
2037 2629 2420 2699 depravatione
2456 2631 2813 2695 patrocinium
2843 2629 3184 2682 conciliatur.
3231 2630 3407 2696 Argn-

1839 2733 2077 2775 tnentum
2123 2721 2250 2774 illud
2295 2721 2526 2788 arripuit
2575 2737 2876 2790 anonymus
2933 2722 3100 2789 ipsius
3156 2723 3406 2777 defensor

1835 2816 1975 2880 apud
2007 2809 2255 2864 Photium
2285 2811 2404 2864 cod.
2432 2826 2597 2864 cxvu.
2624 2811 2766 2864 Idem
2789 2827 2917 2866 vero
2948 2813 3201 2881 peculiari
3225 2813 3406 2866 libello

1838 2905 2082 2958 dilatavit
2111 2902 2356 2964 Rufinus,
2393 2902 2547 2968 cuius
2571 2918 2778 2956 summa
2819 2904 2930 2957 haec
2970 2914 3093 2958 est:
3128 2903 3253 2959 lnde
3280 2905 3402 2959 Ori-

1837 2995 1988 3065 genis
2021 2995 2238 3048 codices
2269 2994 2335 3046 ab
2375 2994 2648 3047 haereticis
2685 3003 2740 3047 et
2774 2994 3048 3049 malevolis
3087 2997 3407 3066 depravatos

1837 3088 2012 3156 argui,
2039 3088 2181 3155 quod
2207 3088 2478 3140 contraria
2505 3097 2559 3138 et
2587 3089 2963 3156 repugnantia,
3001 3103 3104 3141 non
3142 3089 3193 3143 in
3225 3089 3404 3144 diver-

1835 3181 1910 3233 sis
1935 3180 2108 3233 solum
2137 3180 2301 3249 ipsius
2324 3179 2727 3248 seriptionibus,
2758 3180 2848 3234 sed
2876 3180 3061 3234 iisdem
3085 3182 3246 3238 etiam
3274 3183 3404 3236 locis

1834 3275 2254 3343 comperiantur.
2290 3274 2466 3344 qualia
2503 3275 2571 3328 ab
2625 3277 2842 3329 homine
2890 3291 2996 3328 non
3051 3276 3264 3342 insano,
3307 3294 3405 3330 nec

1835 3369 2050 3436 penitus
2101 3379 2281 3422 mente
2328 3375 2602 3420 commoto
2654 3368 2853 3436 scripta
2915 3367 3090 3418 tmllus
3143 3368 3404 3433 suspicari

1835 3461 2042 3529 possit;
2079 3461 2298 3514 Patrum
2333 3459 2561 3512 aliorum
2597 3459 2767 3512 libros
2810 3459 2924 3527 pari
2958 3460 3116 3512 tnodo
3147 3458 3404 3514 Ecclesiae

1835 3551 2141 3618 perduelles
2204 3552 2553 3619 corrupisse,
2613 3561 2738 3620 puta
2792 3551 3083 3605 Clementis
3153 3551 3402 3614 Romani,

1832 3646 2129 3699 Clementis
2185 3645 2407 3699 alterius
2437 3646 2826 3712 Alexandrini,
2890 3661 2952 3698 ac
2995 3646 3228 3716 Dionysii
3276 3647 3402 3700 item

1834 3736 2231 3804 Alexandrini;
2274 3741 2392 3806 ejus
2425 3739 2574 3792 libris
2606 3755 2797 3793 manus
2838 3741 2904 3793 ab
2935 3740 3202 3794 haereticis
3231 3739 3404 3794 illatas

1831 3829 2188 3882 Athanasium
2243 3830 2678 3894 demonstrasse;
2720 3832 2964 3884 eumdem
3011 3845 3192 3884 casum
3233 3830 3400 3882 Alba-

1834 3919 1969 3972 nasii
2013 3918 2186 3988 ipsius
2213 3921 2429 3975 codices
2469 3922 2816 3986 sustinuisse;
2865 3921 3047 3975 llilarii
3093 3937 3304 3991 quoque
3349 3935 3403 3976 et

1829 4012 2131 4082 Cypriani;
2185 4028 2285 4068 nec
2335 4013 2505 4069 sacris
2564 4014 2694 4084 ipsis
2736 4014 3108 4070 Volnminihus
3164 4015 3404 4070 nefarios

1828 4100 2076 4156 homines
2115 4100 2492 4158 Marcionistas
2536 4114 2591 4158 et
2630 4105 2890 4172 Apellitas
2919 4106 3259 4176 pepercisse;
3295 4121 3401 4161 nou

1830 4208 1990 4247 unam
2041 4194 2472 4249 lucubrationum
2525 4211 2743 4250 suarum
2798 4199 3156 4265 corruptelam
3191 4197 3258 4250 ab
3301 4197 3401 4249 ad-

1827 4285 2087 4342 versariis
2134 4289 2249 4343 suis
2298 4287 2595 4357 profectam
2639 4287 2923 4355 Origenem
2976 4290 3148 4359 ipsum
3203 4291 3399 4358 depre-

1830 4375 2104 4444 hendisse,
2139 4380 2210 4431 uti
2267 4381 2381 4449 ipse
2419 4381 2558 4450 apud
2600 4383 2802 4435 amicos
2837 4381 3226 4435 Alexandrinos
3263 4396 3400 4450 qne-

153 4463 492 4520 quaecunque
535 4453 691 4507 nobis
734 4453 902 4520 ipsius
952 4457 1169 4510 exhibet
1198 4455 1494 4510 Philocalia
1532 4458 1721 4525 (multa

1839 4477 1945 4523 stus
1979 4481 2062 4523 est
2089 4470 2141 4523 in
2167 4472 2415 4539 epistola.
2444 4487 2603 4540 quam
2637 4472 2922 4538 descripsit
2952 4473 3174 4525 liulinus
3195 4489 3210 4536 ;
3233 4470 3399 4541 leam-

151 4550 334 4595 auletn
365 4543 605 4607 exhibet,
635 4544 797 4597 etiam
835 4546 902 4599 ab
935 4545 1053 4614 ejus
1078 4548 1512 4604 criminatoribus
1553 4565 1727 4619 repre-

150 4629 341 4700 hensa)
387 4633 639 4700 quoniam
675 4649 704 4687 a
729 4633 989 4704 Gregorio
1023 4636 1296 4705 Theologo
1333 4648 1386 4691 et
1425 4639 1622 4694 Basilio
1650 4655 1730 4694 se-

153 4721 292 4777 lecta
325 4721 636 4778 Philocalia:
665 4728 881 4779 nomine
907 4725 1100 4781 affecta
1127 4740 1272 4795 sunt,
1306 4729 1541 4797 ipsorum
1572 4730 1728 4798 quasi

151 4812 408 4885 suﬂragio
441 4825 495 4869 et
554 4818 950 4886 approbatione
1001 4820 1205 4872 munita
1259 4821 1459 4886 videri;
1508 4838 1632 4875 nam
1680 4823 1724 4877 si

151 4919 312 4959 secus
334 4909 399 4958 de
429 4907 492 4960 iis
516 4909 830 4973 sensissent,
847 4923 982 4964 cane
1015 4909 1271 4978 Ἑκλογὰς
1287 4912 1588 4982 χρησίμους
1614 4916 1726 4976 τοῖς

152 4995 454 5065 φιλολόγοις
477 4997 767 5068 Gregorius
791 5001 1110 5069 appellasset
1135 5002 1185 5055 in
1209 5003 1434 5072 epistola
1460 5004 1526 5057 ad
1549 5001 1725 5057 Theo-

152 5087 343 5140 dorum
378 5086 654 5156 Tyaneum
684 5089 1038 5159 episcopum?

225 5176 357 5232 Vlll.
398 5179 712 5250 Allegorica‘.
742 5191 1000 5250 praeterea
1041 5182 1210 5251 ipsius
1250 5181 1726 5252 interpretationes

151 5266 384 5324 lectores
433 5287 816 5340 nonnunquam
867 5271 1178 5328 fefellerunt
1210 5290 1224 5328 :
1254 5291 1376 5328 cum
1404 5276 1548 5328 enim
1585 5290 1726 5346 saepe

149 5363 218 5416 ab
264 5364 600 5431 expositione
655 5365 846 5419 littera:
895 5367 960 5420 ad
1019 5367 1315 5436 spiritalem
1375 5380 1594 5420 sensum
1650 5367 1722 5420 ita

152 5465 414 5520 transeat,
472 5468 529 5510 ut
588 5461 675 5512 vix
745 5460 1028 5528 utriusque
1091 5461 1418 5531 percipiatur
1474 5461 1726 5517 commis-

151 5561 314 5612 sura,
365 5549 681 5621 allegoricas
733 5551 1207 5621 interpretationes
1267 5553 1568 5608 habuerunt
1628 5570 1724 5624 pro

221 5683 334 5758 (44)
390 5682 621 5758 Denique
689 5688 1018 5748 potissimum
1077 5686 1290 5758 Origeni
1357 5703 1422 5742 ea:
1470 5688 1723 5742 librorum

153 5753 315 5820 ipsius
366 5757 737 5820 depravatione
791 5759 1142 5824 patrocinium
1176 5753 1543 5813 'coaciliatur.
1616 5761 1714 5812 Adi

477 5849 747 5910 ΡΑτιιοι..
791 5851 907 5910 Gn.
945 5852 1140 5914 XVII.

1834 4561 1953 4613 dem
1983 4575 2196 4627 quoque
2240 4561 2512 4629 querelam
2559 4565 2609 4616 in
2667 4563 2768 4616 alia
2813 4563 2984 4631 ipsum
3022 4561 3242 4630 epistola
3304 4562 3403 4614 ile-

1833 4665 1998 4704 rassc.
2039 4649 2152 4706 Prze
2188 4652 2306 4707 aliis
2334 4668 2462 4706 vero
2487 4652 2804 4721 depravatos
2846 4655 3012 4708 fuisse
3055 4653 3220 4708 libros
3260 4654 3400 4722 Περὶ

1829 4738 2032 4807 ἀρχῶν
2069 4742 2206 4795 idem
2238 4744 2400 4797 tradit
2429 4743 2658 4798 Rulinus
2701 4744 2752 4798 in
2795 4743 3021 4813 Prologo
3051 4743 3116 4797 iis
3158 4744 3396 4813 prazlixo.

1834 4828 1972 4885 Huic
2011 4832 2240 4886 adsonat
2268 4831 2576 4887 Vincentius
2605 4833 2899 4888 Lirinensis
2934 4835 2984 4886 in
3007 4835 3186 4889 libello
3214 4836 3396 4888 adver-

1835 4938 1922 4973 sus
1955 4922 2210 4989 hwreses,
2246 4924 2410 4990 capit.
2443 4923 2532 4976 ‘23.
2589 4943 2607 4974 ι
2637 4923 2741 4977 Sed
2771 4924 2914 4978 dicet
2944 4924 3158 4994 aliquis,
3198 4926 3392 4994 inquit,

1833 5022 2114 5081 corruptos
2157 5027 2277 5068 esse
2306 5011 2554 5082 Origenis
2602 5012 2768 5066 libros
2804 5031 2816 5066 :
2853 5027 2958 5067 non
3008 5015 3220 5079 resisto,
3269 5015 3397 5085 quin

1833 5103 2007 5170 potius
2031 5114 2087 5159 et
2127 5104 2266 5158 malo
2298 5124 2311 5158 :
2347 5120 2467 5158 nam
2519 5105 2568 5157 id
2617 5121 2644 5157 a
2691 5105 3011 5173 quibusdam
3040 5114 3094 5159 et
3124 5107 3398 5171 traditum,

1831 5203 1885 5246 et
1937 5197 2197 5263 scriptmn
2255 5204 2357 5262 est,
2419 5211 2523 5249 non
2579 5195 2873 5250 Catholicis
2925 5206 3155 5261 tantum,
3214 5213 3398 5252 vermn

1832 5286 1995 5341 etiam
2024 5285 2316 5340 haereticis.
2346 5307 2364 5339 ι
2398 5287 2600 5340 Auctor
2635 5286 2875 5355 Catalogi
2911 5288 2976 5340 ad
3024 5288 3393 5343 Desiderium:

1839 5377 2030 5430 «Multi
2096 5389 2274 5430 tamen
2334 5378 2543 5448 aliquos
2596 5378 2712 5445 ejus
2772 5377 3066 5448 (Urigenis)
3134 5378 3398 5447 pessimos

1834 5469 2124 5537 discipulos
2166 5468 2329 5522 multa
2382 5473 2648 5524 venenosa
2703 5468 2804 5522 sub
2855 5467 2970 5534 ejus
3016 5469 3231 5521 nomine
3288 5469 3401 5521 edi-

1835 5555 1980 5609 disse
2014 5564 2273 5609 testamur
2299 5571 2313 5608 :
2343 5573 2360 5605 ι
2415 5571 2535 5625 quae
2578 5554 2739 5608 verba
2775 5553 2967 5621 repetit
2993 5551 3148 5606 Beda.
3193 5552 3402 5614 Auctor

1833 5689 2206 5744 Przefationem
2243 5691 2386 5761 tomi
2435 5691 2588 5760 primi
2639 5707 2758 5761 pag.
2795 5685 2865 5752 2,
2906 5687 2938 5740 5
2968 5699 3018 5742 et
3044 5687 3112 5752 4,
3153 5687 3244 5744 ubi
3287 5689 3402 5742 hate

1826 5763 2092 5816 sententia
2121 5760 2450 5816 confutatur.

3001 5857 3076 5916 35
