  <div class='ocr_page' id='page_1' title='image "/cluster/home/n/w/nwhite01/storage/ocr_20150623/17/nnc1.0046978615/559.png"; bbox 0 0 3860 6226; ppageno 0'>
   <div class='ocr_carea' id='block_1_1' title="bbox 483 323 613 379">
    <p class='ocr_par' dir='ltr' id='par_1_1' title="bbox 483 323 613 379">
     <span class='ocr_line' id='line_1_1' title="bbox 483 323 613 379; baseline 0.015 -2"><span class='ocrx_word' id='word_1_1' title='bbox 483 323 613 379; x_wconf 71' lang='grc' dir='ltr'><strong>10¹ἶ9</strong></span> 
     </span>
    </p>
   </div>
   <div class='ocr_carea' id='block_1_2' title="bbox 1750 320 2434 380">
    <p class='ocr_par' dir='ltr' id='par_1_2' title="bbox 1750 320 2434 380">
     <span class='ocr_line' id='line_1_2' title="bbox 1750 320 2434 380; baseline 0.001 -2"><span class='ocrx_word' id='word_1_2' title='bbox 1750 320 1809 378; x_wconf 88' lang='grc' dir='ltr'><strong>Ρ.</strong></span> <span class='ocrx_word' id='word_1_3' title='bbox 1850 321 2166 379; x_wconf 75' lang='lat' dir='ltr'><strong>DANIELIS</strong></span> <span class='ocrx_word' id='word_1_4' title='bbox 2200 322 2434 380; x_wconf 84' lang='lat' dir='ltr'><strong>HUETII</strong></span> 
     </span>
    </p>
   </div>
   <div class='ocr_carea' id='block_1_3' title="bbox 3596 328 3729 383">
    <p class='ocr_par' dir='ltr' id='par_1_3' title="bbox 3596 328 3729 383">
     <span class='ocr_line' id='line_1_3' title="bbox 3596 328 3729 383; baseline 0.008 -1"><span class='ocrx_word' id='word_1_5' title='bbox 3596 328 3729 383; x_wconf 73' lang='lat'><strong>“00</strong></span> 
     </span>
    </p>
   </div>
   <div class='ocr_carea' id='block_1_4' title="bbox 483 445 3720 518">
    <p class='ocr_par' dir='ltr' id='par_1_4' title="bbox 483 445 3720 518">
     <span class='ocr_line' id='line_1_4' title="bbox 483 445 3720 518; baseline 0.001 -19"><span class='ocrx_word' id='word_1_6' title='bbox 483 446 873 511; x_wconf 79' lang='lat' dir='ltr'><strong>l&#39;ru&#39;deslinati,</strong></span> <span class='ocrx_word' id='word_1_7' title='bbox 908 447 1034 499; x_wconf 43' lang='lat' dir='ltr'><strong>hair.</strong></span> <span class='ocrx_word' id='word_1_8' title='bbox 1070 445 1142 498; x_wconf 72' lang='lat'><strong>22</strong></span> <span class='ocrx_word' id='word_1_9' title='bbox 1173 453 1227 498; x_wconf 91' lang='lat' dir='ltr'><strong>et</strong></span> <span class='ocrx_word' id='word_1_10' title='bbox 1266 445 1356 508; x_wconf 73' lang='grc'><strong>45,</strong></span> <span class='ocrx_word' id='word_1_11' title='bbox 1390 446 1609 499; x_wconf 88' lang='lat' dir='ltr'><strong>minime</strong></span> <span class='ocrx_word' id='word_1_12' title='bbox 1635 446 1712 500; x_wconf 89' lang='lat' dir='ltr'><strong>&#39;ab</strong></span> <span class='ocrx_word' id='word_1_13' title='bbox 1741 447 1824 501; x_wconf 86' lang='lat' dir='ltr'><strong>his</strong></span> <span class='ocrx_word' id='word_1_14' title='bbox 1847 447 2047 502; x_wconf 88' lang='lat' dir='ltr'><strong>discre-</strong></span> <span class='ocrx_word' id='word_1_15' title='bbox 2080 453 2124 507; x_wconf 84' lang='grc' dir='ltr'><strong>Α</strong></span> <span class='ocrx_word' id='word_1_16' title='bbox 2153 446 2287 500; x_wconf 85' lang='lat' dir='ltr'><strong>alii?</strong></span> <span class='ocrx_word' id='word_1_17' title='bbox 2319 446 2454 502; x_wconf 87' lang='lat' dir='ltr'><strong>Tum</strong></span> <span class='ocrx_word' id='word_1_18' title='bbox 2494 446 2682 515; x_wconf 87' lang='lat' dir='ltr'><strong>objicit</strong></span> <span class='ocrx_word' id='word_1_19' title='bbox 2730 446 2832 501; x_wconf 90' lang='lat' dir='ltr'><strong>sibi</strong></span> <span class='ocrx_word' id='word_1_20' title='bbox 2866 445 3268 518; x_wconf 83' lang='lat' dir='ltr'><strong>Hieronymus:</strong></span> <span class='ocrx_word' id='word_1_21' title='bbox 3303 467 3321 499; x_wconf 79' lang='grc' dir='ltr'><strong>ι</strong></span> <span class='ocrx_word' id='word_1_22' title='bbox 3351 446 3641 515; x_wconf 83' lang='lat' dir='ltr'><strong>Quomodo</strong></span> <span class='ocrx_word' id='word_1_23' title='bbox 3673 449 3720 501; x_wconf 90' lang='lat' dir='ltr'><strong>in</strong></span> 
     </span>
    </p>
   </div>
   <div class='ocr_carea' id='block_1_5' title="bbox 478 538 2043 611">
    <p class='ocr_par' dir='ltr' id='par_1_5' title="bbox 478 538 2043 611">
     <span class='ocr_line' id='line_1_5' title="bbox 478 538 2043 611; baseline 0.003 -22"><span class='ocrx_word' id='word_1_24' title='bbox 478 549 589 606; x_wconf 80' lang='lat' dir='ltr'><strong>pat,</strong></span> <span class='ocrx_word' id='word_1_25' title='bbox 614 538 870 608; x_wconf 91' lang='lat' dir='ltr'><strong>additque</strong></span> <span class='ocrx_word' id='word_1_26' title='bbox 889 538 1284 611; x_wconf 85' lang='lat' dir='ltr'><strong>Ampullianum</strong></span> <span class='ocrx_word' id='word_1_27' title='bbox 1309 540 1597 607; x_wconf 85' lang='lat' dir='ltr'><strong>quemdam</strong></span> <span class='ocrx_word' id='word_1_28' title='bbox 1632 539 2043 594; x_wconf 72' lang='lat' dir='ltr'><strong>haeresiarcham</strong></span> 
     </span>
    </p>
   </div>
   <div class='ocr_carea' id='block_1_6' title="bbox 477 629 2044 702">
    <p class='ocr_par' dir='ltr' id='par_1_6' title="bbox 477 629 2044 702">
     <span class='ocr_line' id='line_1_6' title="bbox 477 629 2044 702; baseline 0.001 -19"><span class='ocrx_word' id='word_1_29' title='bbox 477 630 764 702; x_wconf 77' lang='lat' dir='ltr'><strong>Bithynum</strong></span> <span class='ocrx_word' id='word_1_30' title='bbox 802 629 1083 684; x_wconf 74' lang='lat' dir='ltr'><strong>astruendi</strong></span> <span class='ocrx_word' id='word_1_31' title='bbox 1119 632 1201 683; x_wconf 91' lang='lat' dir='ltr'><strong>sui</strong></span> <span class='ocrx_word' id='word_1_32' title='bbox 1243 630 1510 698; x_wconf 75' lang='lat' dir='ltr'><strong>dogmatis</strong></span> <span class='ocrx_word' id='word_1_33' title='bbox 1549 632 1721 698; x_wconf 90' lang='lat' dir='ltr'><strong>gratia</strong></span> <span class='ocrx_word' id='word_1_34' title='bbox 1752 631 1969 683; x_wconf 85' lang='lat' dir='ltr'><strong>vitiatus</strong></span> <span class='ocrx_word' id='word_1_35' title='bbox 2015 644 2044 683; x_wconf 90' lang='lat' dir='ltr'><strong>a</strong></span> 
     </span>
    </p>
   </div>
   <div class='ocr_carea' id='block_1_7' title="bbox 475 720 2047 791">
    <p class='ocr_par' dir='ltr' id='par_1_7' title="bbox 475 720 2047 791">
     <span class='ocr_line' id='line_1_7' title="bbox 475 720 2047 791; baseline -0.001 -14"><span class='ocrx_word' id='word_1_36' title='bbox 475 737 535 777; x_wconf 90' lang='lat' dir='ltr'><strong>se</strong></span> <span class='ocrx_word' id='word_1_37' title='bbox 558 722 816 791; x_wconf 82' lang='lat' dir='ltr'><strong>Origenis</strong></span> <span class='ocrx_word' id='word_1_38' title='bbox 862 721 1027 775; x_wconf 88' lang='lat' dir='ltr'><strong>libros</strong></span> <span class='ocrx_word' id='word_1_39' title='bbox 1071 721 1383 791; x_wconf 81' lang='lat' dir='ltr'><strong>protulisse.</strong></span> <span class='ocrx_word' id='word_1_40' title='bbox 1435 721 1671 790; x_wconf 87' lang='lat' dir='ltr'><strong>Denique</strong></span> <span class='ocrx_word' id='word_1_41' title='bbox 1706 720 1911 791; x_wconf 84' lang='lat' dir='ltr'><strong>Haymo</strong></span> <span class='ocrx_word' id='word_1_42' title='bbox 1954 722 2047 776; x_wconf 86' lang='lat' dir='ltr'><strong>AI-</strong></span> 
     </span>
    </p>
   </div>
   <div class='ocr_carea' id='block_1_8' title="bbox 475 814 2047 871">
    <p class='ocr_par' dir='ltr' id='par_1_8' title="bbox 475 814 2047 871">
     <span class='ocr_line' id='line_1_8' title="bbox 475 814 2047 871; baseline -0.001 -2"><span class='ocrx_word' id='word_1_43' title='bbox 475 816 831 871; x_wconf 86' lang='lat' dir='ltr'><strong>berstatensis</strong></span> <span class='ocrx_word' id='word_1_44' title='bbox 862 814 913 867; x_wconf 92' lang='lat' dir='ltr'><strong>in</strong></span> <span class='ocrx_word' id='word_1_45' title='bbox 958 816 1098 869; x_wconf 90' lang='lat' dir='ltr'><strong>libro</strong></span> <span class='ocrx_word' id='word_1_46' title='bbox 1135 814 1209 867; x_wconf 87' lang='lat' dir='ltr'><strong>De</strong></span> <span class='ocrx_word' id='word_1_47' title='bbox 1245 814 1667 868; x_wconf 78' lang='lat' dir='ltr'><strong>Christianarum</strong></span> <span class='ocrx_word' id='word_1_48' title='bbox 1718 831 1892 868; x_wconf 86' lang='lat' dir='ltr'><strong>rerum</strong></span> <span class='ocrx_word' id='word_1_49' title='bbox 1938 832 2047 868; x_wconf 85' lang='lat' dir='ltr'><strong>me-</strong></span> 
     </span>
    </p>
   </div>
   <div class='ocr_carea' id='block_1_9' title="bbox 476 904 2043 976">
    <p class='ocr_par' dir='ltr' id='par_1_9' title="bbox 476 904 2043 976">
     <span class='ocr_line' id='line_1_9' title="bbox 476 904 2043 976; baseline -0.001 -16"><span class='ocrx_word' id='word_1_50' title='bbox 476 911 645 960; x_wconf 84' lang='lat' dir='ltr'><strong>moria</strong></span> <span class='ocrx_word' id='word_1_51' title='bbox 677 907 750 961; x_wconf 90' lang='lat' dir='ltr'><strong>ita</strong></span> <span class='ocrx_word' id='word_1_52' title='bbox 776 908 990 961; x_wconf 86' lang='lat' dir='ltr'><strong>disserit</strong></span> <span class='ocrx_word' id='word_1_53' title='bbox 1025 924 1039 959; x_wconf 90' lang='lat'><strong>:</strong></span> <span class='ocrx_word' id='word_1_54' title='bbox 1075 925 1093 957; x_wconf 77' lang='grc' dir='ltr'><strong>ι</strong></span> <span class='ocrx_word' id='word_1_55' title='bbox 1121 904 1232 974; x_wconf 79' lang='lat' dir='ltr'><strong>Ego</strong></span> <span class='ocrx_word' id='word_1_56' title='bbox 1269 920 1399 960; x_wconf 88' lang='lat' dir='ltr'><strong>sane</strong></span> <span class='ocrx_word' id='word_1_57' title='bbox 1428 906 1495 959; x_wconf 92' lang='lat' dir='ltr'><strong>de</strong></span> <span class='ocrx_word' id='word_1_58' title='bbox 1526 904 1765 976; x_wconf 81' lang='lat' dir='ltr'><strong>Origene</strong></span> <span class='ocrx_word' id='word_1_59' title='bbox 1790 906 1907 959; x_wconf 88' lang='lat' dir='ltr'><strong>viro</strong></span> <span class='ocrx_word' id='word_1_60' title='bbox 1938 916 2043 958; x_wconf 89' lang='lat' dir='ltr'><strong>tam</strong></span> 
     </span>
    </p>
   </div>
   <div class='ocr_carea' id='block_1_10' title="bbox 475 998 2042 1068">
    <p class='ocr_par' dir='ltr' id='par_1_10' title="bbox 475 998 2042 1068">
     <span class='ocr_line' id='line_1_10' title="bbox 475 998 2042 1068; baseline -0.002 -14"><span class='ocrx_word' id='word_1_61' title='bbox 475 1000 690 1065; x_wconf 85' lang='lat' dir='ltr'><strong>illustri,</strong></span> <span class='ocrx_word' id='word_1_62' title='bbox 747 1000 1220 1055; x_wconf 83' lang='lat' dir='ltr'><strong>abstinentissimae</strong></span> <span class='ocrx_word' id='word_1_63' title='bbox 1267 999 1388 1051; x_wconf 84' lang='lat' dir='ltr'><strong>vitae</strong></span> <span class='ocrx_word' id='word_1_64' title='bbox 1430 1008 1484 1052; x_wconf 92' lang='lat' dir='ltr'><strong>et</strong></span> <span class='ocrx_word' id='word_1_65' title='bbox 1521 998 1866 1059; x_wconf 65' lang='lat' dir='ltr'><strong>castissimae,</strong></span> <span class='ocrx_word' id='word_1_66' title='bbox 1900 1014 2042 1068; x_wconf 70' lang='lat' dir='ltr'><strong>prve-</strong></span> 
     </span>
    </p>
   </div>
   <div class='ocr_carea' id='block_1_11' title="bbox 472 1090 2044 1160">
    <p class='ocr_par' dir='ltr' id='par_1_11' title="bbox 472 1090 2044 1160">
     <span class='ocr_line' id='line_1_11' title="bbox 472 1090 2044 1160; baseline -0.002 -13"><span class='ocrx_word' id='word_1_67' title='bbox 472 1093 633 1147; x_wconf 67' lang='lat' dir='ltr'><strong>clarte</strong></span> <span class='ocrx_word' id='word_1_68' title='bbox 662 1092 941 1154; x_wconf 62' lang='lat' dir='ltr'><strong>doctrinae,</strong></span> <span class='ocrx_word' id='word_1_69' title='bbox 978 1092 1096 1160; x_wconf 91' lang='lat' dir='ltr'><strong>puri</strong></span> <span class='ocrx_word' id='word_1_70' title='bbox 1143 1101 1196 1144; x_wconf 92' lang='lat' dir='ltr'><strong>et</strong></span> <span class='ocrx_word' id='word_1_71' title='bbox 1235 1090 1399 1145; x_wconf 90' lang='lat' dir='ltr'><strong>lucidi</strong></span> <span class='ocrx_word' id='word_1_72' title='bbox 1444 1092 1733 1152; x_wconf 87' lang='lat' dir='ltr'><strong>sermonis.</strong></span> <span class='ocrx_word' id='word_1_73' title='bbox 1762 1090 1906 1144; x_wconf 89' lang='lat' dir='ltr'><strong>salva</strong></span> <span class='ocrx_word' id='word_1_74' title='bbox 1942 1090 2044 1144; x_wconf 90' lang='lat' dir='ltr'><strong>ﬁde</strong></span> 
     </span>
    </p>
   </div>
   <div class='ocr_carea' id='block_1_12' title="bbox 474 1182 2040 1251">
    <p class='ocr_par' dir='ltr' id='par_1_12' title="bbox 474 1182 2040 1251">
     <span class='ocr_line' id='line_1_12' title="bbox 474 1182 2040 1251; baseline -0.003 -13"><span class='ocrx_word' id='word_1_75' title='bbox 474 1183 691 1239; x_wconf 79' lang='lat' dir='ltr'><strong>Patrum</strong></span> <span class='ocrx_word' id='word_1_76' title='bbox 732 1183 982 1251; x_wconf 78' lang='lat' dir='ltr'><strong>dixerim,</strong></span> <span class='ocrx_word' id='word_1_77' title='bbox 1029 1182 1168 1251; x_wconf 90' lang='lat' dir='ltr'><strong>quod</strong></span> <span class='ocrx_word' id='word_1_78' title='bbox 1195 1183 1310 1237; x_wconf 82' lang='lat' dir='ltr'><strong>haec</strong></span> <span class='ocrx_word' id='word_1_79' title='bbox 1349 1184 1574 1236; x_wconf 90' lang='lat' dir='ltr'><strong>omnino</strong></span> <span class='ocrx_word' id='word_1_80' title='bbox 1604 1198 1707 1236; x_wconf 92' lang='lat' dir='ltr'><strong>non</strong></span> <span class='ocrx_word' id='word_1_81' title='bbox 1738 1182 2040 1250; x_wconf 85' lang='lat' dir='ltr'><strong>scripserit,</strong></span> 
     </span>
    </p>
   </div>
   <div class='ocr_carea' id='block_1_13' title="bbox 471 1273 2036 1343">
    <p class='ocr_par' dir='ltr' id='par_1_13' title="bbox 471 1273 2036 1343">
     <span class='ocr_line' id='line_1_13' title="bbox 471 1273 2036 1343; baseline -0.003 -13"><span class='ocrx_word' id='word_1_82' title='bbox 471 1279 565 1331; x_wconf 89' lang='lat' dir='ltr'><strong>sed</strong></span> <span class='ocrx_word' id='word_1_83' title='bbox 599 1277 667 1329; x_wconf 87' lang='lat' dir='ltr'><strong>ab</strong></span> <span class='ocrx_word' id='word_1_84' title='bbox 700 1275 966 1328; x_wconf 67' lang='lat' dir='ltr'><strong>haareticis</strong></span> <span class='ocrx_word' id='word_1_85' title='bbox 1022 1275 1090 1330; x_wconf 94' lang='lat' dir='ltr'><strong>ob</strong></span> <span class='ocrx_word' id='word_1_86' title='bbox 1136 1275 1451 1343; x_wconf 66' lang='lat' dir='ltr'><strong>praeclarum</strong></span> <span class='ocrx_word' id='word_1_87' title='bbox 1502 1289 1694 1329; x_wconf 90' lang='lat' dir='ltr'><strong>nomen</strong></span> <span class='ocrx_word' id='word_1_88' title='bbox 1742 1274 1859 1341; x_wconf 87' lang='lat' dir='ltr'><strong>ejus</strong></span> <span class='ocrx_word' id='word_1_89' title='bbox 1898 1273 2036 1327; x_wconf 83' lang='lat' dir='ltr'><strong>offu-</strong></span> 
     </span>
    </p>
   </div>
   <div class='ocr_carea' id='block_1_14' title="bbox 470 1364 2044 1434">
    <p class='ocr_par' dir='ltr' id='par_1_14' title="bbox 470 1364 2044 1434">
     <span class='ocr_line' id='line_1_14' title="bbox 470 1364 2044 1434; baseline -0.001 -16"><span class='ocrx_word' id='word_1_90' title='bbox 470 1368 751 1430; x_wconf 88' lang='lat' dir='ltr'><strong>scandmn,</strong></span> <span class='ocrx_word' id='word_1_91' title='bbox 793 1365 1023 1434; x_wconf 81' lang='lat' dir='ltr'><strong>maligne</strong></span> <span class='ocrx_word' id='word_1_92' title='bbox 1046 1364 1281 1417; x_wconf 87' lang='lat' dir='ltr'><strong>conﬁcta</strong></span> <span class='ocrx_word' id='word_1_93' title='bbox 1340 1373 1464 1417; x_wconf 92' lang='lat' dir='ltr'><strong>sunt</strong></span> <span class='ocrx_word' id='word_1_94' title='bbox 1517 1374 1571 1418; x_wconf 90' lang='lat' dir='ltr'><strong>et</strong></span> <span class='ocrx_word' id='word_1_95' title='bbox 1619 1364 1944 1433; x_wconf 88' lang='lat' dir='ltr'><strong>conscripta,</strong></span> <span class='ocrx_word' id='word_1_96' title='bbox 1989 1371 2044 1418; x_wconf 92' lang='lat' dir='ltr'><strong>et</strong></span> 
     </span>
    </p>
   </div>
   <div class='ocr_carea' id='block_1_15' title="bbox 471 1456 1231 1525">
    <p class='ocr_par' dir='ltr' id='par_1_15' title="bbox 471 1456 1231 1525">
     <span class='ocr_line' id='line_1_15' title="bbox 471 1456 1231 1525; baseline -0.003 -15"><span class='ocrx_word' id='word_1_97' title='bbox 471 1458 671 1511; x_wconf 84' lang='lat' dir='ltr'><strong>nomini</strong></span> <span class='ocrx_word' id='word_1_98' title='bbox 710 1456 1179 1525; x_wconf 76' lang='lat' dir='ltr'><strong>suo‘przetituiata.</strong></span> <span class='ocrx_word' id='word_1_99' title='bbox 1213 1476 1231 1508; x_wconf 72' lang='grc' dir='ltr'><strong>ι</strong></span> 
     </span>
    </p>
   </div>
   <div class='ocr_carea' id='block_1_16' title="bbox 535 1544 2044 1616">
    <p class='ocr_par' dir='ltr' id='par_1_16' title="bbox 535 1544 2044 1616">
     <span class='ocr_line' id='line_1_16' title="bbox 535 1544 2044 1616; baseline 0 -14"><span class='ocrx_word' id='word_1_100' title='bbox 535 1548 763 1602; x_wconf 79' lang='lat' dir='ltr'><strong>Constat</strong></span> <span class='ocrx_word' id='word_1_101' title='bbox 796 1547 1034 1616; x_wconf 87' lang='lat' dir='ltr'><strong>profecto</strong></span> <span class='ocrx_word' id='word_1_102' title='bbox 1054 1548 1295 1601; x_wconf 82' lang='lat' dir='ltr'><strong>solemne</strong></span> <span class='ocrx_word' id='word_1_103' title='bbox 1324 1544 1374 1600; x_wconf 88' lang='lat' dir='ltr'><strong>id</strong></span> <span class='ocrx_word' id='word_1_104' title='bbox 1398 1562 1517 1601; x_wconf 90' lang='lat' dir='ltr'><strong>esse</strong></span> <span class='ocrx_word' id='word_1_105' title='bbox 1540 1547 1810 1601; x_wconf 73' lang='lat' dir='ltr'><strong>hzereticls</strong></span> <span class='ocrx_word' id='word_1_106' title='bbox 1835 1554 2044 1602; x_wconf 81' lang='lat' dir='ltr'><strong>veteres</strong></span> 
     </span>
    </p>
   </div>
   <div class='ocr_carea' id='block_1_17' title="bbox 468 1638 2045 1695">
    <p class='ocr_par' dir='ltr' id='par_1_17' title="bbox 468 1638 2045 1695">
     <span class='ocr_line' id='line_1_17' title="bbox 468 1638 2045 1695; baseline -0.001 -1"><span class='ocrx_word' id='word_1_107' title='bbox 468 1639 634 1695; x_wconf 92' lang='lat' dir='ltr'><strong>libros</strong></span> <span class='ocrx_word' id='word_1_108' title='bbox 658 1640 995 1695; x_wconf 62' lang='lat' dir='ltr'><strong>arcessenda:</strong></span> <span class='ocrx_word' id='word_1_109' title='bbox 1012 1640 1113 1693; x_wconf 87' lang='lat' dir='ltr'><strong>sibi</strong></span> <span class='ocrx_word' id='word_1_110' title='bbox 1135 1640 1470 1694; x_wconf 82' lang='lat' dir='ltr'><strong>auctoritatis</strong></span> <span class='ocrx_word' id='word_1_111' title='bbox 1489 1654 1651 1693; x_wconf 88' lang='lat' dir='ltr'><strong>causa</strong></span> <span class='ocrx_word' id='word_1_112' title='bbox 1677 1638 1897 1693; x_wconf 85' lang='lat' dir='ltr'><strong>violare.</strong></span> <span class='ocrx_word' id='word_1_113' title='bbox 1924 1638 2045 1693; x_wconf 89' lang='lat' dir='ltr'><strong>Fre-</strong></span> 
     </span>
    </p>
   </div>
   <div class='ocr_carea' id='block_1_18' title="bbox 467 1730 2036 1802">
    <p class='ocr_par' dir='ltr' id='par_1_18' title="bbox 467 1730 2036 1802">
     <span class='ocr_line' id='line_1_18' title="bbox 467 1730 2036 1802; baseline 0.001 -18"><span class='ocrx_word' id='word_1_114' title='bbox 467 1733 683 1802; x_wconf 87' lang='lat' dir='ltr'><strong>quentia</strong></span> <span class='ocrx_word' id='word_1_115' title='bbox 725 1742 1021 1787; x_wconf 91' lang='lat' dir='ltr'><strong>occurrunt</strong></span> <span class='ocrx_word' id='word_1_116' title='bbox 1074 1732 1320 1800; x_wconf 79' lang='lat' dir='ltr'><strong>exempla</strong></span> <span class='ocrx_word' id='word_1_117' title='bbox 1362 1732 1414 1784; x_wconf 94' lang='lat' dir='ltr'><strong>in</strong></span> <span class='ocrx_word' id='word_1_118' title='bbox 1449 1730 1692 1785; x_wconf 84' lang='lat' dir='ltr'><strong>Panario</strong></span> <span class='ocrx_word' id='word_1_119' title='bbox 1728 1730 2036 1799; x_wconf 86' lang='lat' dir='ltr'><strong>Epiphanii.</strong></span> 
     </span>
    </p>
   </div>
   <div class='ocr_carea' id='block_1_19' title="bbox 468 1822 2036 1892">
    <p class='ocr_par' dir='ltr' id='par_1_19' title="bbox 468 1822 2036 1892">
     <span class='ocr_line' id='line_1_19' title="bbox 468 1822 2036 1892; baseline -0.001 -12"><span class='ocrx_word' id='word_1_120' title='bbox 468 1825 671 1885; x_wconf 87' lang='lat' dir='ltr'><strong>Scribit</strong></span> <span class='ocrx_word' id='word_1_121' title='bbox 704 1825 830 1879; x_wconf 84' lang='lat' dir='ltr'><strong>item</strong></span> <span class='ocrx_word' id='word_1_122' title='bbox 859 1824 1123 1892; x_wconf 83' lang='lat' dir='ltr'><strong>Evagrius</strong></span> <span class='ocrx_word' id='word_1_123' title='bbox 1152 1822 1244 1877; x_wconf 91' lang='lat' dir='ltr'><strong>lib.</strong></span> <span class='ocrx_word' id='word_1_124' title='bbox 1285 1840 1368 1885; x_wconf 86' lang='grc' dir='ltr'>ιιι.</span> <span class='ocrx_word' id='word_1_125' title='bbox 1407 1840 1526 1890; x_wconf 88' lang='lat' dir='ltr'><strong>cap.</strong></span> <span class='ocrx_word' id='word_1_126' title='bbox 1552 1824 1643 1891; x_wconf 79' lang='lat' dir='ltr'><strong>3i,</strong></span> <span class='ocrx_word' id='word_1_127' title='bbox 1688 1823 2036 1878; x_wconf 78' lang='lat' dir='ltr'><strong>Nestorianos</strong></span> 
     </span>
    </p>
   </div>
   <div class='ocr_carea' id='block_1_20' title="bbox 465 1914 2037 1988">
    <p class='ocr_par' dir='ltr' id='par_1_20' title="bbox 465 1914 2037 1988">
     <span class='ocr_line' id='line_1_20' title="bbox 465 1914 2037 1988; baseline 0 -19"><span class='ocrx_word' id='word_1_128' title='bbox 465 1927 519 1969; x_wconf 89' lang='lat' dir='ltr'><strong>et</strong></span> <span class='ocrx_word' id='word_1_129' title='bbox 565 1917 924 1988; x_wconf 88' lang='lat' dir='ltr'><strong>Entychianos</strong></span> <span class='ocrx_word' id='word_1_130' title='bbox 980 1927 1290 1970; x_wconf 88' lang='lat' dir='ltr'><strong>sanctorum</strong></span> <span class='ocrx_word' id='word_1_131' title='bbox 1353 1916 1569 1970; x_wconf 89' lang='lat' dir='ltr'><strong>Patrum</strong></span> <span class='ocrx_word' id='word_1_132' title='bbox 1629 1914 2037 1969; x_wconf 83' lang='lat' dir='ltr'><strong>lucubrationes</strong></span> 
     </span>
    </p>
   </div>
   <div class='ocr_carea' id='block_1_21' title="bbox 464 2003 2037 2081">
    <p class='ocr_par' dir='ltr' id='par_1_21' title="bbox 464 2003 2037 2081">
     <span class='ocr_line' id='line_1_21' title="bbox 464 2003 2037 2081; baseline -0.004 -17"><span class='ocrx_word' id='word_1_133' title='bbox 464 2025 607 2078; x_wconf 64' lang='lat' dir='ltr'><strong>saepe</strong></span> <span class='ocrx_word' id='word_1_134' title='bbox 636 2010 975 2081; x_wconf 86' lang='lat' dir='ltr'><strong>depravasse,</strong></span> <span class='ocrx_word' id='word_1_135' title='bbox 1014 2007 1318 2075; x_wconf 87' lang='lat' dir='ltr'><strong>multosque</strong></span> <span class='ocrx_word' id='word_1_136' title='bbox 1348 2005 1663 2075; x_wconf 87' lang='lat' dir='ltr'><strong>Apollinarii</strong></span> <span class='ocrx_word' id='word_1_137' title='bbox 1708 2005 1876 2060; x_wconf 91' lang='lat' dir='ltr'><strong>libros</strong></span> <span class='ocrx_word' id='word_1_138' title='bbox 1901 2003 2037 2060; x_wconf 86' lang='lat' dir='ltr'><strong>Gre-</strong></span> 
     </span>
    </p>
   </div>
   <div class='ocr_carea' id='block_1_22' title="bbox 463 2097 2049 2173">
    <p class='ocr_par' dir='ltr' id='par_1_22' title="bbox 463 2097 2049 2173">
     <span class='ocr_line' id='line_1_22' title="bbox 463 2097 2049 2173; baseline -0.003 -18"><span class='ocrx_word' id='word_1_139' title='bbox 463 2104 616 2173; x_wconf 82' lang='lat' dir='ltr'><strong>gorio</strong></span> <span class='ocrx_word' id='word_1_140' title='bbox 649 2101 1076 2170; x_wconf 85' lang='lat' dir='ltr'><strong>Thaumaturgo,</strong></span> <span class='ocrx_word' id='word_1_141' title='bbox 1114 2100 1413 2155; x_wconf 88' lang='lat' dir='ltr'><strong>Athanasio</strong></span> <span class='ocrx_word' id='word_1_142' title='bbox 1464 2097 1678 2153; x_wconf 85' lang='lat' dir='ltr'><strong>etJulio</strong></span> <span class='ocrx_word' id='word_1_143' title='bbox 1710 2099 1929 2152; x_wconf 89' lang='lat' dir='ltr'><strong>mutatis</strong></span> <span class='ocrx_word' id='word_1_144' title='bbox 1969 2097 2049 2150; x_wconf 68' lang='lat' dir='ltr'><strong>tio-</strong></span> 
     </span>
    </p>
   </div>
   <div class='ocr_carea' id='block_1_23' title="bbox 464 2185 2034 2258">
    <p class='ocr_par' dir='ltr' id='par_1_23' title="bbox 464 2185 2034 2258">
     <span class='ocr_line' id='line_1_23' title="bbox 464 2185 2034 2258; baseline -0.005 -13"><span class='ocrx_word' id='word_1_145' title='bbox 464 2194 592 2246; x_wconf 90' lang='lat' dir='ltr'><strong>tulis</strong></span> <span class='ocrx_word' id='word_1_146' title='bbox 641 2191 982 2258; x_wconf 87' lang='lat' dir='ltr'><strong>ascripsisse.</strong></span> <span class='ocrx_word' id='word_1_147' title='bbox 1040 2188 1461 2258; x_wconf 84' lang='lat' dir='ltr'><strong>Apollinaristas</strong></span> <span class='ocrx_word' id='word_1_148' title='bbox 1506 2200 1721 2256; x_wconf 90' lang='lat' dir='ltr'><strong>quoque</strong></span> <span class='ocrx_word' id='word_1_149' title='bbox 1753 2185 1937 2256; x_wconf 81' lang='lat' dir='ltr'><strong>Cyrilli</strong></span> <span class='ocrx_word' id='word_1_150' title='bbox 1968 2185 2034 2238; x_wconf 84' lang='lat' dir='ltr'><strong>li-</strong></span> 
     </span>
    </p>
   </div>
   <div class='ocr_carea' id='block_1_24' title="bbox 464 2277 2036 2351">
    <p class='ocr_par' dir='ltr' id='par_1_24' title="bbox 464 2277 2036 2351">
     <span class='ocr_line' id='line_1_24' title="bbox 464 2277 2036 2351; baseline -0.003 -14"><span class='ocrx_word' id='word_1_151' title='bbox 464 2283 593 2337; x_wconf 86' lang='lat' dir='ltr'><strong>bros</strong></span> <span class='ocrx_word' id='word_1_152' title='bbox 629 2283 956 2351; x_wconf 83' lang='lat' dir='ltr'><strong>pervertisse</strong></span> <span class='ocrx_word' id='word_1_153' title='bbox 979 2290 1168 2335; x_wconf 88' lang='lat' dir='ltr'><strong>auctor</strong></span> <span class='ocrx_word' id='word_1_154' title='bbox 1198 2288 1279 2334; x_wconf 92' lang='lat' dir='ltr'><strong>est</strong></span> <span class='ocrx_word' id='word_1_155' title='bbox 1305 2279 1588 2333; x_wconf 91' lang='lat' dir='ltr'><strong>Leontius.</strong></span> <span class='ocrx_word' id='word_1_156' title='bbox 1631 2277 1881 2333; x_wconf 81' lang='lat' dir='ltr'><strong>Notarios</strong></span> <span class='ocrx_word' id='word_1_157' title='bbox 1906 2293 2036 2347; x_wconf 67' lang='lat' dir='ltr'><strong>pra-</strong></span> 
     </span>
    </p>
   </div>
   <div class='ocr_carea' id='block_1_25' title="bbox 465 2371 2034 2441">
    <p class='ocr_par' dir='ltr' id='par_1_25' title="bbox 465 2371 2034 2441">
     <span class='ocr_line' id='line_1_25' title="bbox 465 2371 2034 2441; baseline -0.001 -12"><span class='ocrx_word' id='word_1_158' title='bbox 465 2387 611 2431; x_wconf 90' lang='lat' dir='ltr'><strong>terea</strong></span> <span class='ocrx_word' id='word_1_159' title='bbox 659 2375 908 2429; x_wconf 89' lang='lat' dir='ltr'><strong>homilias</strong></span> <span class='ocrx_word' id='word_1_160' title='bbox 942 2373 1225 2441; x_wconf 89' lang='lat' dir='ltr'><strong>Origenis,</strong></span> <span class='ocrx_word' id='word_1_161' title='bbox 1261 2379 1313 2427; x_wconf 90' lang='lat' dir='ltr'><strong>et</strong></span> <span class='ocrx_word' id='word_1_162' title='bbox 1354 2372 1557 2425; x_wconf 89' lang='lat' dir='ltr'><strong>dictata</strong></span> <span class='ocrx_word' id='word_1_163' title='bbox 1610 2384 1676 2425; x_wconf 84' lang='lat' dir='ltr'><strong>ex</strong></span> <span class='ocrx_word' id='word_1_164' title='bbox 1716 2371 1883 2440; x_wconf 83' lang='lat' dir='ltr'><strong>ipsius</strong></span> <span class='ocrx_word' id='word_1_165' title='bbox 1939 2385 2034 2428; x_wconf 88' lang='lat' dir='ltr'><strong>ore</strong></span> 
     </span>
    </p>
   </div>
   <div class='ocr_carea' id='block_1_26' title="bbox 461 2461 2032 2538">
    <p class='ocr_par' dir='ltr' id='par_1_26' title="bbox 461 2461 2032 2538">
     <span class='ocr_line' id='line_1_26' title="bbox 461 2461 2032 2538; baseline -0.005 -14"><span class='ocrx_word' id='word_1_166' title='bbox 461 2470 792 2538; x_wconf 81' lang='lat' dir='ltr'><strong>excipientes</strong></span> <span class='ocrx_word' id='word_1_167' title='bbox 820 2483 915 2536; x_wconf 92' lang='lat' dir='ltr'><strong>per</strong></span> <span class='ocrx_word' id='word_1_168' title='bbox 952 2466 1171 2519; x_wconf 91' lang='lat' dir='ltr'><strong>nimiam</strong></span> <span class='ocrx_word' id='word_1_169' title='bbox 1206 2465 1605 2519; x_wconf 78' lang='lat' dir='ltr'><strong>festinationem</strong></span> <span class='ocrx_word' id='word_1_170' title='bbox 1634 2463 1912 2517; x_wconf 89' lang='lat' dir='ltr'><strong>erroribus</strong></span> <span class='ocrx_word' id='word_1_171' title='bbox 1938 2461 2032 2516; x_wconf 85' lang='lat' dir='ltr'><strong>ali-</strong></span> 
     </span>
    </p>
   </div>
   <div class='ocr_carea' id='block_1_27' title="bbox 461 2553 2033 2632">
    <p class='ocr_par' dir='ltr' id='par_1_27' title="bbox 461 2553 2033 2632">
     <span class='ocr_line' id='line_1_27' title="bbox 461 2553 2033 2632; baseline -0.006 -16"><span class='ocrx_word' id='word_1_172' title='bbox 461 2562 656 2632; x_wconf 88' lang='lat' dir='ltr'><strong>quibus</strong></span> <span class='ocrx_word' id='word_1_173' title='bbox 690 2559 1011 2629; x_wconf 83' lang='lat' dir='ltr'><strong>respersisse</strong></span> <span class='ocrx_word' id='word_1_174' title='bbox 1036 2557 1359 2613; x_wconf 88' lang='lat' dir='ltr'><strong>crediderim</strong></span> <span class='ocrx_word' id='word_1_175' title='bbox 1390 2572 1406 2620; x_wconf 87' lang='lat'><strong>;</strong></span> <span class='ocrx_word' id='word_1_176' title='bbox 1448 2570 1657 2609; x_wconf 90' lang='lat' dir='ltr'><strong>necnon</strong></span> <span class='ocrx_word' id='word_1_177' title='bbox 1697 2562 1752 2607; x_wconf 86' lang='lat' dir='ltr'><strong>et</strong></span> <span class='ocrx_word' id='word_1_178' title='bbox 1791 2553 2033 2607; x_wconf 89' lang='lat' dir='ltr'><strong>indoctas</strong></span> 
     </span>
    </p>
   </div>
   <div class='ocr_carea' id='block_1_28' title="bbox 459 2644 2032 2721">
    <p class='ocr_par' dir='ltr' id='par_1_28' title="bbox 459 2644 2032 2721">
     <span class='ocr_line' id='line_1_28' title="bbox 459 2644 2032 2721; baseline -0.005 -16"><span class='ocrx_word' id='word_1_179' title='bbox 459 2649 685 2721; x_wconf 87' lang='lat' dir='ltr'><strong>puellas,</strong></span> <span class='ocrx_word' id='word_1_180' title='bbox 738 2664 964 2718; x_wconf 91' lang='lat' dir='ltr'><strong>quarum</strong></span> <span class='ocrx_word' id='word_1_181' title='bbox 994 2663 1155 2718; x_wconf 84' lang='lat' dir='ltr'><strong>opera</strong></span> <span class='ocrx_word' id='word_1_182' title='bbox 1182 2648 1247 2702; x_wconf 90' lang='lat' dir='ltr'><strong>ad</strong></span> <span class='ocrx_word' id='word_1_183' title='bbox 1285 2645 1586 2701; x_wconf 77' lang='lat' dir='ltr'><strong>exarandas</strong></span> <span class='ocrx_word' id='word_1_184' title='bbox 1620 2644 1807 2700; x_wconf 89' lang='lat' dir='ltr'><strong>nitidis</strong></span> <span class='ocrx_word' id='word_1_185' title='bbox 1838 2644 2032 2698; x_wconf 88' lang='lat' dir='ltr'><strong>litteris</strong></span> 
     </span>
    </p>
   </div>
   <div class='ocr_carea' id='block_1_29' title="bbox 460 2741 973 2795">
    <p class='ocr_par' dir='ltr' id='par_1_29' title="bbox 460 2741 973 2795">
     <span class='ocr_line' id='line_1_29' title="bbox 460 2741 973 2795; baseline -0.004 0"><span class='ocrx_word' id='word_1_186' title='bbox 460 2743 673 2795; x_wconf 86' lang='lat' dir='ltr'><strong>codices</strong></span> <span class='ocrx_word' id='word_1_187' title='bbox 702 2741 973 2794; x_wconf 86' lang='lat' dir='ltr'><strong>utebatur.</strong></span> 
     </span>
    </p>
   </div>
   <div class='ocr_carea' id='block_1_30' title="bbox 532 2827 2027 2901">
    <p class='ocr_par' dir='ltr' id='par_1_30' title="bbox 532 2827 2027 2901">
     <span class='ocr_line' id='line_1_30' title="bbox 532 2827 2027 2901; baseline -0.005 -14"><span class='ocrx_word' id='word_1_188' title='bbox 532 2834 639 2887; x_wconf 87' lang='lat' dir='ltr'><strong>Sed</strong></span> <span class='ocrx_word' id='word_1_189' title='bbox 682 2832 1042 2901; x_wconf 82' lang='lat' dir='ltr'><strong>Hieronymus</strong></span> <span class='ocrx_word' id='word_1_190' title='bbox 1092 2838 1260 2885; x_wconf 91' lang='lat' dir='ltr'><strong>totam</strong></span> <span class='ocrx_word' id='word_1_191' title='bbox 1316 2831 1457 2884; x_wconf 92' lang='lat' dir='ltr'><strong>hanc</strong></span> <span class='ocrx_word' id='word_1_192' title='bbox 1478 2827 1750 2899; x_wconf 89' lang='lat' dir='ltr'><strong>Origenis,</strong></span> <span class='ocrx_word' id='word_1_193' title='bbox 1798 2844 1917 2898; x_wconf 70' lang='lat' dir='ltr'><strong>qua:</strong></span> <span class='ocrx_word' id='word_1_194' title='bbox 1964 2842 2027 2880; x_wconf 81' lang='lat' dir='ltr'><strong>ex</strong></span> 
     </span>
    </p>
   </div>
   <div class='ocr_carea' id='block_1_31' title="bbox 461 2919 2027 2992">
    <p class='ocr_par' dir='ltr' id='par_1_31' title="bbox 461 2919 2027 2992">
     <span class='ocr_line' id='line_1_31' title="bbox 461 2919 2027 2992; baseline -0.004 -14"><span class='ocrx_word' id='word_1_195' title='bbox 461 2926 721 2981; x_wconf 84' lang='lat' dir='ltr'><strong>libroruin</strong></span> <span class='ocrx_word' id='word_1_196' title='bbox 775 2924 945 2992; x_wconf 89' lang='lat' dir='ltr'><strong>ipsius</strong></span> <span class='ocrx_word' id='word_1_197' title='bbox 994 2922 1378 2990; x_wconf 79' lang='lat' dir='ltr'><strong>depravatione</strong></span> <span class='ocrx_word' id='word_1_198' title='bbox 1409 2921 1631 2990; x_wconf 89' lang='lat' dir='ltr'><strong>petitur,</strong></span> <span class='ocrx_word' id='word_1_199' title='bbox 1662 2919 2027 2975; x_wconf 86' lang='lat' dir='ltr'><strong>defensionem</strong></span> 
     </span>
    </p>
   </div>
   <div class='ocr_carea' id='block_1_32' title="bbox 460 3011 2029 3082">
    <p class='ocr_par' dir='ltr' id='par_1_32' title="bbox 460 3011 2029 3082">
     <span class='ocr_line' id='line_1_32' title="bbox 460 3011 2029 3082; baseline -0.004 -12"><span class='ocrx_word' id='word_1_200' title='bbox 460 3016 610 3072; x_wconf 84' lang='lat' dir='ltr'><strong>flocci</strong></span> <span class='ocrx_word' id='word_1_201' title='bbox 640 3015 767 3071; x_wconf 88' lang='lat' dir='ltr'><strong>facit</strong></span> <span class='ocrx_word' id='word_1_202' title='bbox 798 3016 890 3069; x_wconf 89' lang='lat' dir='ltr'><strong>lib.</strong></span> <span class='ocrx_word' id='word_1_203' title='bbox 924 3030 961 3068; x_wconf 85' lang='lat' dir='ltr'><strong>il</strong></span> <span class='ocrx_word' id='word_1_204' title='bbox 1012 3014 1233 3082; x_wconf 85' lang='lat' dir='ltr'><strong>Apolog.</strong></span> <span class='ocrx_word' id='word_1_205' title='bbox 1267 3014 1472 3067; x_wconf 79' lang='lat' dir='ltr'><strong>advers.</strong></span> <span class='ocrx_word' id='word_1_206' title='bbox 1505 3012 1682 3080; x_wconf 80' lang='lat' dir='ltr'><strong>Ruﬁn.</strong></span> <span class='ocrx_word' id='word_1_207' title='bbox 1706 3052 1720 3077; x_wconf 94' lang='lat'><strong>,</strong></span> <span class='ocrx_word' id='word_1_208' title='bbox 1761 3026 1878 3079; x_wconf 87' lang='lat' dir='ltr'><strong>cap.</strong></span> <span class='ocrx_word' id='word_1_209' title='bbox 1912 3011 1945 3064; x_wconf 76' lang='grc'>4</span> <span class='ocrx_word' id='word_1_210' title='bbox 1977 3023 2029 3063; x_wconf 84' lang='lat' dir='ltr'><strong>et</strong></span> 
     </span>
    </p>
   </div>
   <div class='ocr_carea' id='block_1_33' title="bbox 2148 538 3720 611">
    <p class='ocr_par' dir='ltr' id='par_1_33' title="bbox 2148 538 3720 611">
     <span class='ocr_line' id='line_1_33' title="bbox 2148 538 3720 611; baseline 0.003 -20"><span class='ocrx_word' id='word_1_211' title='bbox 2148 538 2299 593; x_wconf 91' lang='lat' dir='ltr'><strong>libris</strong></span> <span class='ocrx_word' id='word_1_212' title='bbox 2347 553 2533 593; x_wconf 90' lang='lat' dir='ltr'><strong>eorum</strong></span> <span class='ocrx_word' id='word_1_213' title='bbox 2578 538 2829 610; x_wconf 84' lang='lat' dir='ltr'><strong>(Patrum</strong></span> <span class='ocrx_word' id='word_1_214' title='bbox 2879 539 3156 611; x_wconf 69' lang='lat' dir='ltr'><strong>Ecclesiae)</strong></span> <span class='ocrx_word' id='word_1_215' title='bbox 3218 540 3411 596; x_wconf 88' lang='lat' dir='ltr'><strong>vitiosa</strong></span> <span class='ocrx_word' id='word_1_216' title='bbox 3468 542 3720 596; x_wconf 83' lang='lat' dir='ltr'><strong>nonnulla</strong></span> 
     </span>
    </p>
   </div>
   <div class='ocr_carea' id='block_1_34' title="bbox 2147 631 3720 702">
    <p class='ocr_par' dir='ltr' id='par_1_34' title="bbox 2147 631 3720 702">
     <span class='ocr_line' id='line_1_34' title="bbox 2147 631 3720 702; baseline 0.003 -17"><span class='ocrx_word' id='word_1_217' title='bbox 2147 631 2314 685; x_wconf 77' lang='lat' dir='ltr'><strong>sunt?</strong></span> <span class='ocrx_word' id='word_1_218' title='bbox 2342 651 2360 684; x_wconf 71' lang='grc' dir='ltr'><strong>ι</strong></span> <span class='ocrx_word' id='word_1_219' title='bbox 2396 633 2706 702; x_wconf 89' lang='lat' dir='ltr'><strong>respondet,</strong></span> <span class='ocrx_word' id='word_1_220' title='bbox 2745 651 2765 684; x_wconf 77' lang='grc' dir='ltr'><strong>ι</strong></span> <span class='ocrx_word' id='word_1_221' title='bbox 2795 632 2851 687; x_wconf 89' lang='lat' dir='ltr'><strong>Si</strong></span> <span class='ocrx_word' id='word_1_222' title='bbox 2889 648 2976 690; x_wconf 84' lang='lat' dir='ltr'><strong>me</strong></span> <span class='ocrx_word' id='word_1_223' title='bbox 3011 649 3207 689; x_wconf 85' lang='lat' dir='ltr'><strong>causas</strong></span> <span class='ocrx_word' id='word_1_224' title='bbox 3228 633 3485 689; x_wconf 87' lang='lat' dir='ltr'><strong>vitiorum</strong></span> <span class='ocrx_word' id='word_1_225' title='bbox 3513 635 3720 689; x_wconf 83' lang='lat' dir='ltr'><strong>nescire</strong></span> 
     </span>
    </p>
   </div>
   <div class='ocr_carea' id='block_1_35' title="bbox 2147 724 3718 793">
    <p class='ocr_par' dir='ltr' id='par_1_35' title="bbox 2147 724 3718 793">
     <span class='ocr_line' id='line_1_35' title="bbox 2147 724 3718 793; baseline 0.003 -17"><span class='ocrx_word' id='word_1_226' title='bbox 2147 724 2497 792; x_wconf 83' lang='lat' dir='ltr'><strong>respondero,</strong></span> <span class='ocrx_word' id='word_1_227' title='bbox 2534 740 2639 777; x_wconf 90' lang='lat' dir='ltr'><strong>non</strong></span> <span class='ocrx_word' id='word_1_228' title='bbox 2693 724 2878 778; x_wconf 84' lang='lat' dir='ltr'><strong>statim</strong></span> <span class='ocrx_word' id='word_1_229' title='bbox 2934 725 3057 781; x_wconf 90' lang='lat' dir='ltr'><strong>illos</strong></span> <span class='ocrx_word' id='word_1_230' title='bbox 3089 726 3378 781; x_wconf 66' lang='lat' dir='ltr'><strong>haereticos</strong></span> <span class='ocrx_word' id='word_1_231' title='bbox 3419 725 3718 793; x_wconf 82' lang='lat' dir='ltr'><strong>iudicabo:</strong></span> 
     </span>
    </p>
   </div>
   <div class='ocr_carea' id='block_1_36' title="bbox 2145 816 3719 888">
    <p class='ocr_par' dir='ltr' id='par_1_36' title="bbox 2145 816 3719 888">
     <span class='ocr_line' id='line_1_36' title="bbox 2145 816 3719 888; baseline 0.001 -18"><span class='ocrx_word' id='word_1_232' title='bbox 2145 816 2261 871; x_wconf 82' lang='lat' dir='ltr'><strong>ﬁeri</strong></span> <span class='ocrx_word' id='word_1_233' title='bbox 2290 818 2432 871; x_wconf 90' lang='lat' dir='ltr'><strong>enim</strong></span> <span class='ocrx_word' id='word_1_234' title='bbox 2464 828 2672 885; x_wconf 89' lang='lat' dir='ltr'><strong>potest,</strong></span> <span class='ocrx_word' id='word_1_235' title='bbox 2706 830 2765 872; x_wconf 93' lang='lat' dir='ltr'><strong>ut</strong></span> <span class='ocrx_word' id='word_1_236' title='bbox 2795 819 2879 874; x_wconf 91' lang='lat' dir='ltr'><strong>vel</strong></span> <span class='ocrx_word' id='word_1_237' title='bbox 2917 820 3238 888; x_wconf 88' lang='lat' dir='ltr'><strong>simpliciter</strong></span> <span class='ocrx_word' id='word_1_238' title='bbox 3265 819 3616 882; x_wconf 87' lang='lat' dir='ltr'><strong>erraverint,</strong></span> <span class='ocrx_word' id='word_1_239' title='bbox 3646 818 3719 873; x_wconf 77' lang='lat' dir='ltr'><strong>vel</strong></span> 
     </span>
    </p>
   </div>
   <div class='ocr_carea' id='block_1_37' title="bbox 2146 907 3719 978">
    <p class='ocr_par' dir='ltr' id='par_1_37' title="bbox 2146 907 3719 978">
     <span class='ocr_line' id='line_1_37' title="bbox 2146 907 3719 978; baseline 0.001 -17"><span class='ocrx_word' id='word_1_240' title='bbox 2146 907 2252 965; x_wconf 88' lang='lat' dir='ltr'><strong>alio</strong></span> <span class='ocrx_word' id='word_1_241' title='bbox 2305 922 2467 962; x_wconf 91' lang='lat' dir='ltr'><strong>sensu</strong></span> <span class='ocrx_word' id='word_1_242' title='bbox 2521 910 2883 978; x_wconf 84' lang='lat' dir='ltr'><strong>scripserint,</strong></span> <span class='ocrx_word' id='word_1_243' title='bbox 2939 909 3022 964; x_wconf 88' lang='lat' dir='ltr'><strong>vel</strong></span> <span class='ocrx_word' id='word_1_244' title='bbox 3076 924 3105 963; x_wconf 88' lang='lat' dir='ltr'><strong>a</strong></span> <span class='ocrx_word' id='word_1_245' title='bbox 3170 909 3412 964; x_wconf 88' lang='lat' dir='ltr'><strong>librariis</strong></span> <span class='ocrx_word' id='word_1_246' title='bbox 3457 910 3719 978; x_wconf 81' lang='lat' dir='ltr'><strong>imperitis</strong></span> 
     </span>
    </p>
   </div>
   <div class='ocr_carea' id='block_1_38' title="bbox 2145 999 3715 1071">
    <p class='ocr_par' dir='ltr' id='par_1_38' title="bbox 2145 999 3715 1071">
     <span class='ocr_line' id='line_1_38' title="bbox 2145 999 3715 1071; baseline 0.001 -18"><span class='ocrx_word' id='word_1_247' title='bbox 2145 1012 2331 1053; x_wconf 92' lang='lat' dir='ltr'><strong>eorum</strong></span> <span class='ocrx_word' id='word_1_248' title='bbox 2380 999 2640 1068; x_wconf 88' lang='lat' dir='ltr'><strong>paulatim</strong></span> <span class='ocrx_word' id='word_1_249' title='bbox 2687 1002 2889 1070; x_wconf 90' lang='lat' dir='ltr'><strong>scripta</strong></span> <span class='ocrx_word' id='word_1_250' title='bbox 2930 1006 3183 1071; x_wconf 82' lang='lat' dir='ltr'><strong>currupta</strong></span> <span class='ocrx_word' id='word_1_251' title='bbox 3229 1001 3340 1055; x_wconf 91' lang='lat' dir='ltr'><strong>sint</strong></span> <span class='ocrx_word' id='word_1_252' title='bbox 3371 1018 3384 1055; x_wconf 95' lang='lat'><strong>:</strong></span> <span class='ocrx_word' id='word_1_253' title='bbox 3418 1001 3505 1056; x_wconf 83' lang='lat' dir='ltr'><strong>vel</strong></span> <span class='ocrx_word' id='word_1_254' title='bbox 3557 1012 3715 1062; x_wconf 84' lang='lat' dir='ltr'><strong>certe.</strong></span> 
     </span>
    </p>
   </div>
   <div class='ocr_carea' id='block_1_39' title="bbox 2145 1090 3715 1160">
    <p class='ocr_par' dir='ltr' id='par_1_39' title="bbox 2145 1090 3715 1160">
     <span class='ocr_line' id='line_1_39' title="bbox 2145 1090 3715 1160; baseline 0.001 -17"><span class='ocrx_word' id='word_1_255' title='bbox 2145 1099 2436 1159; x_wconf 89' lang='lat' dir='ltr'><strong>antequam</strong></span> <span class='ocrx_word' id='word_1_256' title='bbox 2468 1092 2519 1145; x_wconf 94' lang='lat' dir='ltr'><strong>in</strong></span> <span class='ocrx_word' id='word_1_257' title='bbox 2548 1090 2897 1154; x_wconf 81' lang='lat' dir='ltr'><strong>Alexandria,</strong></span> <span class='ocrx_word' id='word_1_258' title='bbox 2922 1091 3077 1160; x_wconf 90' lang='lat' dir='ltr'><strong>quasi</strong></span> <span class='ocrx_word' id='word_1_259' title='bbox 3103 1093 3427 1146; x_wconf 70' lang='lat' dir='ltr'><strong>daemonium</strong></span> <span class='ocrx_word' id='word_1_260' title='bbox 3458 1093 3715 1146; x_wconf 86' lang='lat' dir='ltr'><strong>meridia-</strong></span> 
     </span>
    </p>
   </div>
   <div class='ocr_carea' id='block_1_40' title="bbox 2144 1182 3719 1254">
    <p class='ocr_par' dir='ltr' id='par_1_40' title="bbox 2144 1182 3719 1254">
     <span class='ocr_line' id='line_1_40' title="bbox 2144 1182 3719 1254; baseline 0.004 -20"><span class='ocrx_word' id='word_1_261' title='bbox 2144 1196 2308 1244; x_wconf 89' lang='lat' dir='ltr'><strong>nmn,</strong></span> <span class='ocrx_word' id='word_1_262' title='bbox 2358 1182 2519 1236; x_wconf 82' lang='lat' dir='ltr'><strong>Arius</strong></span> <span class='ocrx_word' id='word_1_263' title='bbox 2574 1192 2926 1249; x_wconf 88' lang='lat' dir='ltr'><strong>nasceretur,</strong></span> <span class='ocrx_word' id='word_1_264' title='bbox 2992 1185 3311 1239; x_wconf 90' lang='lat' dir='ltr'><strong>innocenter</strong></span> <span class='ocrx_word' id='word_1_265' title='bbox 3363 1186 3617 1254; x_wconf 64' lang='lat' dir='ltr'><strong>quaedam</strong></span> <span class='ocrx_word' id='word_1_266' title='bbox 3669 1195 3719 1240; x_wconf 90' lang='lat' dir='ltr'><strong>et</strong></span> 
     </span>
    </p>
   </div>
   <div class='ocr_carea' id='block_1_41' title="bbox 2145 1271 3718 1348">
    <p class='ocr_par' dir='ltr' id='par_1_41' title="bbox 2145 1271 3718 1348">
     <span class='ocr_line' id='line_1_41' title="bbox 2145 1271 3718 1348; baseline 0.004 -23"><span class='ocrx_word' id='word_1_267' title='bbox 2145 1271 2323 1327; x_wconf 89' lang='lat' dir='ltr'><strong>minus</strong></span> <span class='ocrx_word' id='word_1_268' title='bbox 2351 1283 2509 1328; x_wconf 89' lang='lat' dir='ltr'><strong>caute</strong></span> <span class='ocrx_word' id='word_1_269' title='bbox 2561 1272 2720 1328; x_wconf 91' lang='lat' dir='ltr'><strong>locuti</strong></span> <span class='ocrx_word' id='word_1_270' title='bbox 2771 1286 2919 1341; x_wconf 92' lang='lat' dir='ltr'><strong>sunt,</strong></span> <span class='ocrx_word' id='word_1_271' title='bbox 2962 1285 3015 1330; x_wconf 90' lang='lat' dir='ltr'><strong>et</strong></span> <span class='ocrx_word' id='word_1_272' title='bbox 3061 1291 3183 1345; x_wconf 66' lang='lat' dir='ltr'><strong>qua:</strong></span> <span class='ocrx_word' id='word_1_273' title='bbox 3216 1292 3321 1331; x_wconf 93' lang='lat' dir='ltr'><strong>non</strong></span> <span class='ocrx_word' id='word_1_274' title='bbox 3358 1279 3571 1347; x_wconf 86' lang='lat' dir='ltr'><strong>possint</strong></span> <span class='ocrx_word' id='word_1_275' title='bbox 3598 1293 3718 1348; x_wconf 84' lang='lat' dir='ltr'><strong>per-</strong></span> 
     </span>
    </p>
   </div>
   <div class='ocr_carea' id='block_1_42' title="bbox 2146 1365 3721 1423">
    <p class='ocr_par' dir='ltr' id='par_1_42' title="bbox 2146 1365 3721 1423">
     <span class='ocr_line' id='line_1_42' title="bbox 2146 1365 3721 1423; baseline 0.003 -5"><span class='ocrx_word' id='word_1_276' title='bbox 2146 1378 2424 1418; x_wconf 86' lang='lat' dir='ltr'><strong>versurum</strong></span> <span class='ocrx_word' id='word_1_277' title='bbox 2452 1365 2727 1419; x_wconf 86' lang='lat' dir='ltr'><strong>hominum</strong></span> <span class='ocrx_word' id='word_1_278' title='bbox 2752 1367 3075 1421; x_wconf 82' lang='lat' dir='ltr'><strong>calumniam</strong></span> <span class='ocrx_word' id='word_1_279' title='bbox 3105 1368 3399 1422; x_wconf 87' lang='lat' dir='ltr'><strong>declinare.</strong></span> <span class='ocrx_word' id='word_1_280' title='bbox 3429 1388 3450 1421; x_wconf 74' lang='grc' dir='ltr'><strong>ι</strong></span> <span class='ocrx_word' id='word_1_281' title='bbox 3484 1369 3721 1423; x_wconf 81' lang='lat' dir='ltr'><strong>Excusa-</strong></span> 
     </span>
    </p>
   </div>
   <div class='ocr_carea' id='block_1_43' title="bbox 2147 1458 3719 1531">
    <p class='ocr_par' dir='ltr' id='par_1_43' title="bbox 2147 1458 3719 1531">
     <span class='ocr_line' id='line_1_43' title="bbox 2147 1458 3719 1531; baseline 0.003 -19"><span class='ocrx_word' id='word_1_282' title='bbox 2147 1458 2345 1512; x_wconf 88' lang='lat' dir='ltr'><strong>tionem</strong></span> <span class='ocrx_word' id='word_1_283' title='bbox 2396 1459 2624 1528; x_wconf 89' lang='lat' dir='ltr'><strong>accipio,</strong></span> <span class='ocrx_word' id='word_1_284' title='bbox 2672 1474 2771 1513; x_wconf 86' lang='lat' dir='ltr'><strong>cur</strong></span> <span class='ocrx_word' id='word_1_285' title='bbox 2814 1470 2868 1513; x_wconf 90' lang='lat' dir='ltr'><strong>tu</strong></span> <span class='ocrx_word' id='word_1_286' title='bbox 2916 1462 3159 1514; x_wconf 87' lang='lat' dir='ltr'><strong>eamdem</strong></span> <span class='ocrx_word' id='word_1_287' title='bbox 3189 1477 3285 1529; x_wconf 91' lang='lat' dir='ltr'><strong>pro</strong></span> <span class='ocrx_word' id='word_1_288' title='bbox 3309 1462 3545 1531; x_wconf 81' lang='lat' dir='ltr'><strong>Origene</strong></span> <span class='ocrx_word' id='word_1_289' title='bbox 3570 1464 3719 1517; x_wconf 89' lang='lat' dir='ltr'><strong>adhi-</strong></span> 
     </span>
    </p>
   </div>
   <div class='ocr_carea' id='block_1_44' title="bbox 2144 1549 3726 1625">
    <p class='ocr_par' dir='ltr' id='par_1_44' title="bbox 2144 1549 3726 1625">
     <span class='ocr_line' id='line_1_44' title="bbox 2144 1549 3726 1625; baseline 0.004 -20"><span class='ocrx_word' id='word_1_290' title='bbox 2144 1549 2310 1605; x_wconf 85' lang='lat' dir='ltr'><strong>bitam</strong></span> <span class='ocrx_word' id='word_1_291' title='bbox 2353 1551 2706 1621; x_wconf 85' lang='lat' dir='ltr'><strong>repudiabis?</strong></span> <span class='ocrx_word' id='word_1_292' title='bbox 2749 1568 2775 1605; x_wconf 93' lang='lat' dir='ltr'><strong>a</strong></span> <span class='ocrx_word' id='word_1_293' title='bbox 2824 1553 3061 1608; x_wconf 89' lang='lat' dir='ltr'><strong>librariis</strong></span> <span class='ocrx_word' id='word_1_294' title='bbox 3102 1556 3302 1625; x_wconf 89' lang='lat' dir='ltr'><strong>scripta</strong></span> <span class='ocrx_word' id='word_1_295' title='bbox 3328 1555 3447 1624; x_wconf 85' lang='lat' dir='ltr'><strong>ejus</strong></span> <span class='ocrx_word' id='word_1_296' title='bbox 3490 1555 3726 1611; x_wconf 84' lang='lat' dir='ltr'><strong>fortasse</strong></span> 
     </span>
    </p>
   </div>
   <div class='ocr_carea' id='block_1_45' title="bbox 2143 1643 3724 1712">
    <p class='ocr_par' dir='ltr' id='par_1_45' title="bbox 2143 1643 3724 1712">
     <span class='ocr_line' id='line_1_45' title="bbox 2143 1643 3724 1712; baseline 0.003 -15"><span class='ocrx_word' id='word_1_297' title='bbox 2143 1652 2400 1712; x_wconf 91' lang='lat' dir='ltr'><strong>corrupta</strong></span> <span class='ocrx_word' id='word_1_298' title='bbox 2443 1643 2610 1698; x_wconf 85' lang='lat' dir='ltr'><strong>fuisse</strong></span> <span class='ocrx_word' id='word_1_299' title='bbox 2663 1645 2931 1712; x_wconf 88' lang='lat' dir='ltr'><strong>dicimus;</strong></span> <span class='ocrx_word' id='word_1_300' title='bbox 2984 1655 3109 1702; x_wconf 87' lang='lat' dir='ltr'><strong>ante</strong></span> <span class='ocrx_word' id='word_1_301' title='bbox 3144 1648 3331 1701; x_wconf 89' lang='lat' dir='ltr'><strong>Arium</strong></span> <span class='ocrx_word' id='word_1_302' title='bbox 3360 1649 3539 1702; x_wconf 86' lang='lat' dir='ltr'><strong>minus</strong></span> <span class='ocrx_word' id='word_1_303' title='bbox 3563 1659 3724 1703; x_wconf 82' lang='lat' dir='ltr'><strong>caute</strong></span> 
     </span>
    </p>
   </div>
   <div class='ocr_carea' id='block_1_46' title="bbox 2144 1734 3721 1810">
    <p class='ocr_par' dir='ltr' id='par_1_46' title="bbox 2144 1734 3721 1810">
     <span class='ocr_line' id='line_1_46' title="bbox 2144 1734 3721 1810; baseline 0.004 -22"><span class='ocrx_word' id='word_1_304' title='bbox 2144 1734 2387 1790; x_wconf 88' lang='lat' dir='ltr'><strong>locutum</strong></span> <span class='ocrx_word' id='word_1_305' title='bbox 2426 1737 2861 1805; x_wconf 87' lang='lat' dir='ltr'><strong>pronuntiamus,</strong></span> <span class='ocrx_word' id='word_1_306' title='bbox 2905 1738 2987 1794; x_wconf 89' lang='lat' dir='ltr'><strong>vel</strong></span> <span class='ocrx_word' id='word_1_307' title='bbox 3039 1737 3149 1792; x_wconf 92' lang='lat' dir='ltr'><strong>alio</strong></span> <span class='ocrx_word' id='word_1_308' title='bbox 3192 1754 3352 1794; x_wconf 89' lang='lat' dir='ltr'><strong>sensu</strong></span> <span class='ocrx_word' id='word_1_309' title='bbox 3402 1740 3721 1810; x_wconf 81' lang='lat' dir='ltr'><strong>scripsisse,</strong></span> 
     </span>
    </p>
   </div>
   <div class='ocr_carea' id='block_1_47' title="bbox 2142 1827 3716 1903">
    <p class='ocr_par' dir='ltr' id='par_1_47' title="bbox 2142 1827 3716 1903">
     <span class='ocr_line' id='line_1_47' title="bbox 2142 1827 3716 1903; baseline 0.004 -22"><span class='ocrx_word' id='word_1_310' title='bbox 2142 1827 2223 1882; x_wconf 76' lang='lat' dir='ltr'><strong>rei</strong></span> <span class='ocrx_word' id='word_1_311' title='bbox 2277 1828 2506 1897; x_wconf 89' lang='lat' dir='ltr'><strong>denique</strong></span> <span class='ocrx_word' id='word_1_312' title='bbox 2563 1844 2815 1894; x_wconf 85' lang='lat' dir='ltr'><strong>errasse;</strong></span> <span class='ocrx_word' id='word_1_313' title='bbox 2874 1831 3148 1887; x_wconf 89' lang='lat' dir='ltr'><strong>idcircone</strong></span> <span class='ocrx_word' id='word_1_314' title='bbox 3201 1833 3469 1887; x_wconf 66' lang='lat' dir='ltr'><strong>haereseos</strong></span> <span class='ocrx_word' id='word_1_315' title='bbox 3535 1834 3716 1903; x_wconf 89' lang='lat' dir='ltr'><strong>ipsum</strong></span> 
     </span>
    </p>
   </div>
   <div class='ocr_carea' id='block_1_48' title="bbox 2136 1919 3711 1991">
    <p class='ocr_par' dir='ltr' id='par_1_48' title="bbox 2136 1919 3711 1991">
     <span class='ocr_line' id='line_1_48' title="bbox 2136 1919 3711 1991; baseline 0.003 -17"><span class='ocrx_word' id='word_1_316' title='bbox 2136 1919 2454 1976; x_wconf 84' lang='lat' dir='ltr'><strong>damnabis?</strong></span> <span class='ocrx_word' id='word_1_317' title='bbox 2477 1921 2652 1976; x_wconf 84' lang='lat' dir='ltr'><strong>Allata</strong></span> <span class='ocrx_word' id='word_1_318' title='bbox 2681 1922 2897 1976; x_wconf 90' lang='lat' dir='ltr'><strong>demum</strong></span> <span class='ocrx_word' id='word_1_319' title='bbox 2931 1924 3148 1979; x_wconf 88' lang='lat' dir='ltr'><strong>Patrum</strong></span> <span class='ocrx_word' id='word_1_320' title='bbox 3192 1925 3425 1979; x_wconf 87' lang='lat' dir='ltr'><strong>aliorum</strong></span> <span class='ocrx_word' id='word_1_321' title='bbox 3460 1925 3711 1991; x_wconf 78' lang='lat' dir='ltr'><strong>exempla</strong></span> 
     </span>
    </p>
   </div>
   <div class='ocr_carea' id='block_1_49' title="bbox 2135 2011 3725 2083">
    <p class='ocr_par' dir='ltr' id='par_1_49' title="bbox 2135 2011 3725 2083">
     <span class='ocr_line' id='line_1_49' title="bbox 2135 2011 3725 2083; baseline 0.001 -17"><span class='ocrx_word' id='word_1_322' title='bbox 2135 2011 2386 2066; x_wconf 88' lang='lat' dir='ltr'><strong>deridens</strong></span> <span class='ocrx_word' id='word_1_323' title='bbox 2435 2012 2512 2065; x_wconf 91' lang='lat' dir='ltr'><strong>ait</strong></span> <span class='ocrx_word' id='word_1_324' title='bbox 2558 2027 2661 2065; x_wconf 94' lang='lat' dir='ltr'><strong>non</strong></span> <span class='ocrx_word' id='word_1_325' title='bbox 2703 2012 2967 2067; x_wconf 80' lang='lat' dir='ltr'><strong>haereseos</strong></span> <span class='ocrx_word' id='word_1_326' title='bbox 3012 2014 3321 2083; x_wconf 89' lang='lat' dir='ltr'><strong>suspicione</strong></span> <span class='ocrx_word' id='word_1_327' title='bbox 3366 2028 3560 2068; x_wconf 86' lang='lat' dir='ltr'><strong>vacare</strong></span> <span class='ocrx_word' id='word_1_328' title='bbox 3590 2012 3725 2068; x_wconf 83' lang='lat' dir='ltr'><strong>Ori-</strong></span> 
     </span>
    </p>
   </div>
   <div class='ocr_carea' id='block_1_50' title="bbox 2135 2103 3723 2172">
    <p class='ocr_par' dir='ltr' id='par_1_50' title="bbox 2135 2103 3723 2172">
     <span class='ocr_line' id='line_1_50' title="bbox 2135 2103 3723 2172; baseline 0.001 -15"><span class='ocrx_word' id='word_1_329' title='bbox 2135 2117 2347 2172; x_wconf 87' lang='lat' dir='ltr'><strong>genem,</strong></span> <span class='ocrx_word' id='word_1_330' title='bbox 2369 2103 2579 2158; x_wconf 87' lang='lat' dir='ltr'><strong>etiamsi</strong></span> <span class='ocrx_word' id='word_1_331' title='bbox 2617 2104 2669 2157; x_wconf 91' lang='lat' dir='ltr'><strong>in</strong></span> <span class='ocrx_word' id='word_1_332' title='bbox 2699 2104 2888 2159; x_wconf 80' lang='lat' dir='ltr'><strong>lueresi</strong></span> <span class='ocrx_word' id='word_1_333' title='bbox 2918 2105 3106 2161; x_wconf 89' lang='lat' dir='ltr'><strong>Patres</strong></span> <span class='ocrx_word' id='word_1_334' title='bbox 3137 2106 3227 2160; x_wconf 89' lang='lat' dir='ltr'><strong>alii</strong></span> <span class='ocrx_word' id='word_1_335' title='bbox 3254 2106 3496 2162; x_wconf 67' lang='lat' dir='ltr'><strong>fuerint.</strong></span> <span class='ocrx_word' id='word_1_336' title='bbox 3525 2106 3723 2161; x_wconf 82' lang='lat' dir='ltr'><strong>Dicen-</strong></span> 
     </span>
    </p>
   </div>
   <div class='ocr_carea' id='block_1_51' title="bbox 2134 2196 3716 2269">
    <p class='ocr_par' dir='ltr' id='par_1_51' title="bbox 2134 2196 3716 2269">
     <span class='ocr_line' id='line_1_51' title="bbox 2134 2196 3716 2269; baseline 0.004 -22"><span class='ocrx_word' id='word_1_337' title='bbox 2134 2196 2257 2248; x_wconf 90' lang='lat' dir='ltr'><strong>dum</strong></span> <span class='ocrx_word' id='word_1_338' title='bbox 2287 2197 2466 2266; x_wconf 90' lang='lat' dir='ltr'><strong>potius</strong></span> <span class='ocrx_word' id='word_1_339' title='bbox 2495 2198 2683 2251; x_wconf 69' lang='lat' dir='ltr'><strong>hazresi</strong></span> <span class='ocrx_word' id='word_1_340' title='bbox 2710 2213 2903 2252; x_wconf 82' lang='lat' dir='ltr'><strong>vacare</strong></span> <span class='ocrx_word' id='word_1_341' title='bbox 2929 2198 3237 2269; x_wconf 88' lang='lat' dir='ltr'><strong>Origenem,</strong></span> <span class='ocrx_word' id='word_1_342' title='bbox 3267 2200 3513 2268; x_wconf 87' lang='lat' dir='ltr'><strong>quamvis</strong></span> <span class='ocrx_word' id='word_1_343' title='bbox 3543 2201 3598 2252; x_wconf 94' lang='lat' dir='ltr'><strong>in</strong></span> <span class='ocrx_word' id='word_1_344' title='bbox 3624 2214 3716 2253; x_wconf 90' lang='lat' dir='ltr'><strong>er-</strong></span> 
     </span>
    </p>
   </div>
   <div class='ocr_carea' id='block_1_52' title="bbox 2134 2285 3725 2357">
    <p class='ocr_par' dir='ltr' id='par_1_52' title="bbox 2134 2285 3725 2357">
     <span class='ocr_line' id='line_1_52' title="bbox 2134 2285 3725 2357; baseline 0.003 -19"><span class='ocrx_word' id='word_1_345' title='bbox 2134 2300 2285 2340; x_wconf 90' lang='lat' dir='ltr'><strong>rores</strong></span> <span class='ocrx_word' id='word_1_346' title='bbox 2320 2285 2497 2353; x_wconf 87' lang='lat' dir='ltr'><strong>lapsus</strong></span> <span class='ocrx_word' id='word_1_347' title='bbox 2547 2287 2657 2350; x_wconf 88' lang='lat' dir='ltr'><strong>sit,</strong></span> <span class='ocrx_word' id='word_1_348' title='bbox 2693 2288 2836 2355; x_wconf 88' lang='lat' dir='ltr'><strong>quod</strong></span> <span class='ocrx_word' id='word_1_349' title='bbox 2885 2287 3105 2355; x_wconf 84' lang='lat' dir='ltr'><strong>paribus</strong></span> <span class='ocrx_word' id='word_1_350' title='bbox 3154 2288 3399 2357; x_wconf 88' lang='lat' dir='ltr'><strong>impliciti</strong></span> <span class='ocrx_word' id='word_1_351' title='bbox 3434 2288 3725 2342; x_wconf 82' lang='lat' dir='ltr'><strong>erroribus</strong></span> 
     </span>
    </p>
   </div>
   <div class='ocr_carea' id='block_1_53' title="bbox 2132 2376 3716 2445">
    <p class='ocr_par' dir='ltr' id='par_1_53' title="bbox 2132 2376 3716 2445">
     <span class='ocr_line' id='line_1_53' title="bbox 2132 2376 3716 2445; baseline 0 -15"><span class='ocrx_word' id='word_1_352' title='bbox 2132 2376 2343 2445; x_wconf 88' lang='lat' dir='ltr'><strong>Patres,</strong></span> <span class='ocrx_word' id='word_1_353' title='bbox 2396 2379 2544 2431; x_wconf 94' lang='lat' dir='ltr'><strong>omni</strong></span> <span class='ocrx_word' id='word_1_354' title='bbox 2579 2388 2756 2431; x_wconf 89' lang='lat' dir='ltr'><strong>tamen</strong></span> <span class='ocrx_word' id='word_1_355' title='bbox 2795 2378 3067 2433; x_wconf 68' lang='lat' dir='ltr'><strong>haereseos</strong></span> <span class='ocrx_word' id='word_1_356' title='bbox 3108 2388 3234 2432; x_wconf 91' lang='lat' dir='ltr'><strong>nota</strong></span> <span class='ocrx_word' id='word_1_357' title='bbox 3278 2379 3391 2432; x_wconf 90' lang='lat' dir='ltr'><strong>sint</strong></span> <span class='ocrx_word' id='word_1_358' title='bbox 3420 2379 3716 2432; x_wconf 86' lang='lat' dir='ltr'><strong>immunes.</strong></span> 
     </span>
    </p>
   </div>
   <div class='ocr_carea' id='block_1_54' title="bbox 2134 2465 3721 2537">
    <p class='ocr_par' dir='ltr' id='par_1_54' title="bbox 2134 2465 3721 2537">
     <span class='ocr_line' id='line_1_54' title="bbox 2134 2465 3721 2537; baseline 0.002 -17"><span class='ocrx_word' id='word_1_359' title='bbox 2134 2465 2388 2522; x_wconf 69' lang='lat' dir='ltr'><strong>Mutilataz</strong></span> <span class='ocrx_word' id='word_1_360' title='bbox 2417 2468 2753 2537; x_wconf 89' lang='lat' dir='ltr'><strong>postmodum</strong></span> <span class='ocrx_word' id='word_1_361' title='bbox 2780 2469 3020 2537; x_wconf 65' lang='lat' dir='ltr'><strong>epistolae</strong></span> <span class='ocrx_word' id='word_1_362' title='bbox 3058 2470 3364 2523; x_wconf 84' lang='lat' dir='ltr'><strong>Adamantii</strong></span> <span class='ocrx_word' id='word_1_363' title='bbox 3406 2471 3476 2524; x_wconf 87' lang='lat' dir='ltr'><strong>ad</strong></span> <span class='ocrx_word' id='word_1_364' title='bbox 3509 2472 3721 2525; x_wconf 83' lang='lat' dir='ltr'><strong>amicos</strong></span> 
     </span>
    </p>
   </div>
   <div class='ocr_carea' id='block_1_55' title="bbox 2132 2559 3719 2633">
    <p class='ocr_par' dir='ltr' id='par_1_55' title="bbox 2132 2559 3719 2633">
     <span class='ocr_line' id='line_1_55' title="bbox 2132 2559 3719 2633; baseline 0.002 -20"><span class='ocrx_word' id='word_1_365' title='bbox 2132 2561 2527 2615; x_wconf 78' lang='lat' dir='ltr'><strong>Alexandrinos</strong></span> <span class='ocrx_word' id='word_1_366' title='bbox 2568 2561 2821 2614; x_wconf 86' lang='lat' dir='ltr'><strong>Ruﬁnum</strong></span> <span class='ocrx_word' id='word_1_367' title='bbox 2874 2561 3052 2631; x_wconf 89' lang='lat' dir='ltr'><strong>arguit</strong></span> <span class='ocrx_word' id='word_1_368' title='bbox 3102 2559 3499 2633; x_wconf 84' lang='lat' dir='ltr'><strong>Hieronymus;</strong></span> <span class='ocrx_word' id='word_1_369' title='bbox 3554 2573 3617 2616; x_wconf 91' lang='lat' dir='ltr'><strong>ut</strong></span> <span class='ocrx_word' id='word_1_370' title='bbox 3668 2564 3719 2618; x_wconf 87' lang='lat' dir='ltr'><strong>si</strong></span> 
     </span>
    </p>
   </div>
   <div class='ocr_carea' id='block_1_56' title="bbox 2131 2652 3716 2721">
    <p class='ocr_par' dir='ltr' id='par_1_56' title="bbox 2131 2652 3716 2721">
     <span class='ocr_line' id='line_1_56' title="bbox 2131 2652 3716 2721; baseline 0.003 -18"><span class='ocrx_word' id='word_1_371' title='bbox 2131 2652 2255 2719; x_wconf 89' lang='lat' dir='ltr'><strong>quis</strong></span> <span class='ocrx_word' id='word_1_372' title='bbox 2305 2652 2612 2706; x_wconf 90' lang='lat' dir='ltr'><strong>mutilatum</strong></span> <span class='ocrx_word' id='word_1_373' title='bbox 2652 2667 2681 2705; x_wconf 90' lang='lat' dir='ltr'><strong>a</strong></span> <span class='ocrx_word' id='word_1_374' title='bbox 2724 2664 2809 2707; x_wconf 90' lang='lat' dir='ltr'><strong>me</strong></span> <span class='ocrx_word' id='word_1_375' title='bbox 2854 2654 3172 2721; x_wconf 90' lang='lat' dir='ltr'><strong>scriptorem</strong></span> <span class='ocrx_word' id='word_1_376' title='bbox 3225 2668 3345 2708; x_wconf 88' lang='lat' dir='ltr'><strong>esse</strong></span> <span class='ocrx_word' id='word_1_377' title='bbox 3372 2655 3533 2719; x_wconf 74' lang='lat' dir='ltr'><strong>dicat,</strong></span> <span class='ocrx_word' id='word_1_378' title='bbox 3590 2669 3716 2708; x_wconf 84' lang='lat' dir='ltr'><strong>cum</strong></span> 
     </span>
    </p>
   </div>
   <div class='ocr_carea' id='block_1_57' title="bbox 2133 2744 3716 2815">
    <p class='ocr_par' dir='ltr' id='par_1_57' title="bbox 2133 2744 3716 2815">
     <span class='ocr_line' id='line_1_57' title="bbox 2133 2744 3716 2815; baseline 0.003 -19"><span class='ocrx_word' id='word_1_379' title='bbox 2133 2744 2500 2798; x_wconf 85' lang='lat' dir='ltr'><strong>testimonium</strong></span> <span class='ocrx_word' id='word_1_380' title='bbox 2535 2744 2751 2814; x_wconf 90' lang='lat' dir='ltr'><strong>aliquod</strong></span> <span class='ocrx_word' id='word_1_381' title='bbox 2781 2761 2847 2800; x_wconf 82' lang='lat' dir='ltr'><strong>ex</strong></span> <span class='ocrx_word' id='word_1_382' title='bbox 2876 2759 2942 2800; x_wconf 90' lang='lat' dir='ltr'><strong>eo</strong></span> <span class='ocrx_word' id='word_1_383' title='bbox 2971 2747 3056 2799; x_wconf 81' lang='lat' dir='ltr'><strong>vel</strong></span> <span class='ocrx_word' id='word_1_384' title='bbox 3082 2744 3442 2815; x_wconf 77' lang='lat' dir='ltr'><strong>fragmentum</strong></span> <span class='ocrx_word' id='word_1_385' title='bbox 3489 2746 3559 2799; x_wconf 87' lang='lat' dir='ltr'><strong>ad</strong></span> <span class='ocrx_word' id='word_1_386' title='bbox 3600 2761 3716 2801; x_wconf 79' lang='lat' dir='ltr'><strong>rem</strong></span> 
     </span>
    </p>
   </div>
   <div class='ocr_carea' id='block_1_58' title="bbox 2132 2834 3715 2904">
    <p class='ocr_par' dir='ltr' id='par_1_58' title="bbox 2132 2834 3715 2904">
     <span class='ocr_line' id='line_1_58' title="bbox 2132 2834 3715 2904; baseline 0.002 -17"><span class='ocrx_word' id='word_1_387' title='bbox 2132 2834 2184 2887; x_wconf 91' lang='lat' dir='ltr'><strong>in</strong></span> <span class='ocrx_word' id='word_1_388' title='bbox 2216 2834 2587 2902; x_wconf 89' lang='lat' dir='ltr'><strong>disputatione</strong></span> <span class='ocrx_word' id='word_1_389' title='bbox 2621 2835 2852 2904; x_wconf 82' lang='lat' dir='ltr'><strong>positam</strong></span> <span class='ocrx_word' id='word_1_390' title='bbox 2877 2835 3154 2904; x_wconf 88' lang='lat' dir='ltr'><strong>pertinens</strong></span> <span class='ocrx_word' id='word_1_391' title='bbox 3174 2836 3418 2890; x_wconf 89' lang='lat' dir='ltr'><strong>adduco:</strong></span> <span class='ocrx_word' id='word_1_392' title='bbox 3453 2850 3715 2904; x_wconf 83' lang='lat' dir='ltr'><strong>quorsum</strong></span> 
     </span>
    </p>
   </div>
   <div class='ocr_carea' id='block_1_59' title="bbox 2130 2925 3717 2996">
    <p class='ocr_par' dir='ltr' id='par_1_59' title="bbox 2130 2925 3717 2996">
     <span class='ocr_line' id='line_1_59' title="bbox 2130 2925 3717 2996; baseline 0.002 -18"><span class='ocrx_word' id='word_1_393' title='bbox 2130 2925 2273 2979; x_wconf 89' lang='lat' dir='ltr'><strong>enim</strong></span> <span class='ocrx_word' id='word_1_394' title='bbox 2301 2925 2549 2996; x_wconf 90' lang='lat' dir='ltr'><strong>Origenis</strong></span> <span class='ocrx_word' id='word_1_395' title='bbox 2591 2926 2851 2981; x_wconf 85' lang='lat' dir='ltr'><strong>adversus</strong></span> <span class='ocrx_word' id='word_1_396' title='bbox 2884 2926 3211 2981; x_wconf 89' lang='lat' dir='ltr'><strong>Demetrium</strong></span> <span class='ocrx_word' id='word_1_397' title='bbox 3259 2925 3513 2995; x_wconf 87' lang='lat' dir='ltr'><strong>querelas</strong></span> <span class='ocrx_word' id='word_1_398' title='bbox 3540 2968 3558 2990; x_wconf 87' lang='lat'><strong>,</strong></span> <span class='ocrx_word' id='word_1_399' title='bbox 3596 2943 3717 2996; x_wconf 65' lang='lat' dir='ltr'><strong>qua:</strong></span> 
     </span>
    </p>
   </div>
   <div class='ocr_carea' id='block_1_60' title="bbox 2131 3017 3713 3087">
    <p class='ocr_par' dir='ltr' id='par_1_60' title="bbox 2131 3017 3713 3087">
     <span class='ocr_line' id='line_1_60' title="bbox 2131 3017 3713 3087; baseline 0.001 -16"><span class='ocrx_word' id='word_1_400' title='bbox 2131 3017 2185 3071; x_wconf 93' lang='lat' dir='ltr'><strong>in</strong></span> <span class='ocrx_word' id='word_1_401' title='bbox 2220 3017 2422 3087; x_wconf 87' lang='lat' dir='ltr'><strong>reliqua</strong></span> <span class='ocrx_word' id='word_1_402' title='bbox 2459 3017 2701 3087; x_wconf 81' lang='lat' dir='ltr'><strong>epistolae</strong></span> <span class='ocrx_word' id='word_1_403' title='bbox 2718 3029 2876 3086; x_wconf 87' lang='lat' dir='ltr'><strong>parte</strong></span> <span class='ocrx_word' id='word_1_404' title='bbox 2906 3019 3274 3082; x_wconf 87' lang='lat' dir='ltr'><strong>continentur,</strong></span> <span class='ocrx_word' id='word_1_405' title='bbox 3305 3019 3584 3073; x_wconf 85' lang='lat' dir='ltr'><strong>retulisset</strong></span> <span class='ocrx_word' id='word_1_406' title='bbox 3611 3018 3713 3072; x_wconf 58' lang='lat' dir='ltr'><strong>Ruo</strong></span> 
     </span>
    </p>
   </div>
   <div class='ocr_carea' id='block_1_61' title="bbox 458 3104 3712 3192">
    <p class='ocr_par' dir='ltr' id='par_1_61' title="bbox 458 3104 3712 3192">
     <span class='ocr_line' id='line_1_61' title="bbox 458 3104 3712 3192; baseline -0.001 -28"><span class='ocrx_word' id='word_1_407' title='bbox 458 3110 515 3172; x_wconf 86' lang='lat'><strong>5,</strong></span> <span class='ocrx_word' id='word_1_408' title='bbox 566 3119 621 3164; x_wconf 91' lang='lat' dir='ltr'><strong>et</strong></span> <span class='ocrx_word' id='word_1_409' title='bbox 666 3124 787 3164; x_wconf 90' lang='lat' dir='ltr'><strong>cum</strong></span> <span class='ocrx_word' id='word_1_410' title='bbox 816 3107 1009 3161; x_wconf 90' lang='lat' dir='ltr'><strong>Ruﬁno</strong></span> <span class='ocrx_word' id='word_1_411' title='bbox 1043 3108 1229 3174; x_wconf 81' lang='lat' dir='ltr'><strong>pedem</strong></span> <span class='ocrx_word' id='word_1_412' title='bbox 1270 3105 1512 3169; x_wconf 87' lang='lat' dir='ltr'><strong>confert,</strong></span> <span class='ocrx_word' id='word_1_413' title='bbox 1546 3122 1608 3160; x_wconf 89' lang='lat' dir='ltr'><strong>ac</strong></span> <span class='ocrx_word' id='word_1_414' title='bbox 1640 3106 1756 3160; x_wconf 89' lang='lat' dir='ltr'><strong>loca</strong></span> <span class='ocrx_word' id='word_1_415' title='bbox 1783 3104 2027 3174; x_wconf 78' lang='lat' dir='ltr'><strong>Origcuis</strong></span> <span class='ocrx_word' id='word_1_416' title='bbox 2056 3134 2097 3192; x_wconf 66' lang='grc' dir='ltr'>ο</span> <span class='ocrx_word' id='word_1_417' title='bbox 2137 3114 2296 3177; x_wconf 80' lang='lat' dir='ltr'><strong>ﬁnus,</strong></span> <span class='ocrx_word' id='word_1_418' title='bbox 2321 3114 2388 3167; x_wconf 83' lang='lat' dir='ltr'><strong>de</strong></span> <span class='ocrx_word' id='word_1_419' title='bbox 2420 3112 2682 3169; x_wconf 83' lang='lat' dir='ltr'><strong>librorum</strong></span> <span class='ocrx_word' id='word_1_420' title='bbox 2712 3114 2880 3184; x_wconf 85' lang='lat' dir='ltr'><strong>ipsius</strong></span> <span class='ocrx_word' id='word_1_421' title='bbox 2911 3114 3352 3183; x_wconf 79' lang='lat' dir='ltr'><strong>constupratione</strong></span> <span class='ocrx_word' id='word_1_422' title='bbox 3379 3115 3595 3183; x_wconf 75' lang='lat' dir='ltr'><strong>agens?</strong></span> <span class='ocrx_word' id='word_1_423' title='bbox 3632 3116 3712 3169; x_wconf 74' lang='lat' dir='ltr'><strong>Ad</strong></span> 
     </span>
    </p>
   </div>
   <div class='ocr_carea' id='block_1_62' title="bbox 458 3198 2030 3271">
    <p class='ocr_par' dir='ltr' id='par_1_62' title="bbox 458 3198 2030 3271">
     <span class='ocr_line' id='line_1_62' title="bbox 458 3198 2030 3271; baseline -0.002 -17"><span class='ocrx_word' id='word_1_424' title='bbox 458 3203 511 3255; x_wconf 92' lang='lat' dir='ltr'><strong>iu</strong></span> <span class='ocrx_word' id='word_1_425' title='bbox 544 3202 740 3270; x_wconf 90' lang='lat' dir='ltr'><strong>quibus</strong></span> <span class='ocrx_word' id='word_1_426' title='bbox 773 3201 1129 3271; x_wconf 82' lang='lat' dir='ltr'><strong>repugnantia</strong></span> <span class='ocrx_word' id='word_1_427' title='bbox 1160 3211 1381 3253; x_wconf 83' lang='lat' dir='ltr'><strong>exstare</strong></span> <span class='ocrx_word' id='word_1_428' title='bbox 1417 3198 1632 3252; x_wconf 78' lang='lat' dir='ltr'><strong>dixerat</strong></span> <span class='ocrx_word' id='word_1_429' title='bbox 1659 3198 1907 3262; x_wconf 86' lang='lat' dir='ltr'><strong>Ruﬁnus,</strong></span> <span class='ocrx_word' id='word_1_430' title='bbox 1933 3198 2030 3251; x_wconf 84' lang='lat' dir='ltr'><strong>de-</strong></span> 
     </span>
    </p>
   </div>
   <div class='ocr_carea' id='block_1_63' title="bbox 457 3288 2030 3365">
    <p class='ocr_par' dir='ltr' id='par_1_63' title="bbox 457 3288 2030 3365">
     <span class='ocr_line' id='line_1_63' title="bbox 457 3288 2030 3365; baseline -0.004 -15"><span class='ocrx_word' id='word_1_431' title='bbox 457 3294 658 3365; x_wconf 89' lang='lat' dir='ltr'><strong>signari</strong></span> <span class='ocrx_word' id='word_1_432' title='bbox 688 3293 787 3347; x_wconf 90' lang='lat' dir='ltr'><strong>sibi</strong></span> <span class='ocrx_word' id='word_1_433' title='bbox 821 3293 1072 3361; x_wconf 86' lang='lat' dir='ltr'><strong>postulat.</strong></span> <span class='ocrx_word' id='word_1_434' title='bbox 1118 3292 1227 3346; x_wconf 86' lang='lat' dir='ltr'><strong>Nos</strong></span> <span class='ocrx_word' id='word_1_435' title='bbox 1262 3299 1410 3345; x_wconf 90' lang='lat' dir='ltr'><strong>certe</strong></span> <span class='ocrx_word' id='word_1_436' title='bbox 1455 3291 1507 3342; x_wconf 92' lang='lat' dir='ltr'><strong>in</strong></span> <span class='ocrx_word' id='word_1_437' title='bbox 1548 3288 1830 3358; x_wconf 89' lang='lat' dir='ltr'><strong>superiore</strong></span> <span class='ocrx_word' id='word_1_438' title='bbox 1856 3289 2030 3356; x_wconf 88' lang='lat' dir='ltr'><strong>capite</strong></span> 
     </span>
    </p>
   </div>
   <div class='ocr_carea' id='block_1_64' title="bbox 458 3376 2032 3443">
    <p class='ocr_par' dir='ltr' id='par_1_64' title="bbox 458 3376 2032 3443">
     <span class='ocr_line' id='line_1_64' title="bbox 458 3376 2032 3443; baseline -0.004 -4"><span class='ocrx_word' id='word_1_439' title='bbox 458 3384 767 3439; x_wconf 89' lang='lat' dir='ltr'><strong>testimonia</strong></span> <span class='ocrx_word' id='word_1_440' title='bbox 822 3383 1101 3436; x_wconf 89' lang='lat' dir='ltr'><strong>attulimus</strong></span> <span class='ocrx_word' id='word_1_441' title='bbox 1131 3393 1238 3435; x_wconf 89' lang='lat' dir='ltr'><strong>tam</strong></span> <span class='ocrx_word' id='word_1_442' title='bbox 1282 3381 1385 3435; x_wconf 90' lang='lat' dir='ltr'><strong>sibi</strong></span> <span class='ocrx_word' id='word_1_443' title='bbox 1420 3378 1715 3443; x_wconf 90' lang='lat' dir='ltr'><strong>contraria,</strong></span> <span class='ocrx_word' id='word_1_444' title='bbox 1751 3389 1809 3432; x_wconf 91' lang='lat' dir='ltr'><strong>ut</strong></span> <span class='ocrx_word' id='word_1_445' title='bbox 1838 3376 2032 3433; x_wconf 85' lang='lat' dir='ltr'><strong>Hiero-</strong></span> 
     </span>
    </p>
   </div>
   <div class='ocr_carea' id='block_1_65' title="bbox 457 3472 2031 3548">
    <p class='ocr_par' dir='ltr' id='par_1_65' title="bbox 457 3472 2031 3548">
     <span class='ocr_line' id='line_1_65' title="bbox 457 3472 2031 3548; baseline -0.004 -15"><span class='ocrx_word' id='word_1_446' title='bbox 457 3491 625 3548; x_wconf 83' lang='lat' dir='ltr'><strong>nymo</strong></span> <span class='ocrx_word' id='word_1_447' title='bbox 670 3475 986 3531; x_wconf 87' lang='lat' dir='ltr'><strong>satisfacere</strong></span> <span class='ocrx_word' id='word_1_448' title='bbox 1030 3477 1260 3545; x_wconf 87' lang='lat' dir='ltr'><strong>possint.</strong></span> <span class='ocrx_word' id='word_1_449' title='bbox 1312 3473 1405 3529; x_wconf 85' lang='lat' dir='ltr'><strong>Ait</strong></span> <span class='ocrx_word' id='word_1_450' title='bbox 1449 3473 1644 3528; x_wconf 90' lang='lat' dir='ltr'><strong>deinde</strong></span> <span class='ocrx_word' id='word_1_451' title='bbox 1677 3472 1779 3527; x_wconf 87' lang='lat' dir='ltr'><strong>hac</strong></span> <span class='ocrx_word' id='word_1_452' title='bbox 1811 3486 2031 3542; x_wconf 83' lang='lat' dir='ltr'><strong>respon-</strong></span> 
     </span>
    </p>
   </div>
   <div class='ocr_carea' id='block_1_66' title="bbox 456 3566 2026 3636">
    <p class='ocr_par' dir='ltr' id='par_1_66' title="bbox 456 3566 2026 3636">
     <span class='ocr_line' id='line_1_66' title="bbox 456 3566 2026 3636; baseline -0.005 -11"><span class='ocrx_word' id='word_1_453' title='bbox 456 3570 609 3625; x_wconf 86' lang='lat' dir='ltr'><strong>sione</strong></span> <span class='ocrx_word' id='word_1_454' title='bbox 647 3584 800 3622; x_wconf 86' lang='lat' dir='ltr'><strong>usum</strong></span> <span class='ocrx_word' id='word_1_455' title='bbox 851 3582 954 3620; x_wconf 90' lang='lat' dir='ltr'><strong>non</strong></span> <span class='ocrx_word' id='word_1_456' title='bbox 1010 3581 1133 3621; x_wconf 90' lang='lat' dir='ltr'><strong>esse</strong></span> <span class='ocrx_word' id='word_1_457' title='bbox 1183 3566 1488 3636; x_wconf 90' lang='lat' dir='ltr'><strong>Didymum,</strong></span> <span class='ocrx_word' id='word_1_458' title='bbox 1553 3580 1657 3619; x_wconf 91' lang='lat' dir='ltr'><strong>non</strong></span> <span class='ocrx_word' id='word_1_459' title='bbox 1716 3566 2026 3620; x_wconf 87' lang='lat' dir='ltr'><strong>Eusebium.</strong></span> 
     </span>
    </p>
   </div>
   <div class='ocr_carea' id='block_1_67' title="bbox 458 3657 2028 3729">
    <p class='ocr_par' dir='ltr' id='par_1_67' title="bbox 458 3657 2028 3729">
     <span class='ocr_line' id='line_1_67' title="bbox 458 3657 2028 3729; baseline -0.002 -16"><span class='ocrx_word' id='word_1_460' title='bbox 458 3661 597 3729; x_wconf 87' lang='lat' dir='ltr'><strong>Quid</strong></span> <span class='ocrx_word' id='word_1_461' title='bbox 630 3670 739 3713; x_wconf 90' lang='lat' dir='ltr'><strong>tum</strong></span> <span class='ocrx_word' id='word_1_462' title='bbox 771 3669 950 3713; x_wconf 92' lang='lat' dir='ltr'><strong>autem</strong></span> <span class='ocrx_word' id='word_1_463' title='bbox 977 3659 1000 3713; x_wconf 84' lang='lat'><strong>?</strong></span> <span class='ocrx_word' id='word_1_464' title='bbox 1033 3657 1089 3712; x_wconf 92' lang='lat' dir='ltr'><strong>Si</strong></span> <span class='ocrx_word' id='word_1_465' title='bbox 1118 3674 1239 3727; x_wconf 61' lang='lat' dir='ltr'><strong>qua;</strong></span> <span class='ocrx_word' id='word_1_466' title='bbox 1275 3657 1342 3711; x_wconf 90' lang='lat' dir='ltr'><strong>ab</strong></span> <span class='ocrx_word' id='word_1_467' title='bbox 1374 3658 1641 3711; x_wconf 69' lang='lat' dir='ltr'><strong>haereticis</strong></span> <span class='ocrx_word' id='word_1_468' title='bbox 1664 3657 1861 3711; x_wconf 91' lang='lat' dir='ltr'><strong>inserta</strong></span> <span class='ocrx_word' id='word_1_469' title='bbox 1882 3666 2028 3720; x_wconf 91' lang='lat' dir='ltr'><strong>sunt,</strong></span> 
     </span>
    </p>
   </div>
   <div class='ocr_carea' id='block_1_68' title="bbox 458 3750 2029 3824">
    <p class='ocr_par' dir='ltr' id='par_1_68' title="bbox 458 3750 2029 3824">
     <span class='ocr_line' id='line_1_68' title="bbox 458 3750 2029 3824; baseline -0.004 -14"><span class='ocrx_word' id='word_1_470' title='bbox 458 3755 688 3824; x_wconf 86' lang='lat' dir='ltr'><strong>benigna</strong></span> <span class='ocrx_word' id='word_1_471' title='bbox 725 3754 1171 3823; x_wconf 87' lang='lat' dir='ltr'><strong>interpretatione</strong></span> <span class='ocrx_word' id='word_1_472' title='bbox 1198 3752 1427 3806; x_wconf 92' lang='lat' dir='ltr'><strong>mollivit</strong></span> <span class='ocrx_word' id='word_1_473' title='bbox 1466 3750 1750 3821; x_wconf 87' lang='lat' dir='ltr'><strong>Didymus,</strong></span> <span class='ocrx_word' id='word_1_474' title='bbox 1790 3751 1875 3804; x_wconf 92' lang='lat' dir='ltr'><strong>vel</strong></span> <span class='ocrx_word' id='word_1_475' title='bbox 1906 3765 2029 3817; x_wconf 87' lang='lat' dir='ltr'><strong>per-</strong></span> 
     </span>
    </p>
   </div>
   <div class='ocr_carea' id='block_1_69' title="bbox 455 3842 2025 3914">
    <p class='ocr_par' dir='ltr' id='par_1_69' title="bbox 455 3842 2025 3914">
     <span class='ocr_line' id='line_1_69' title="bbox 455 3842 2025 3914; baseline -0.002 -16"><span class='ocrx_word' id='word_1_476' title='bbox 455 3860 641 3914; x_wconf 87' lang='lat' dir='ltr'><strong>peram</strong></span> <span class='ocrx_word' id='word_1_477' title='bbox 671 3845 910 3899; x_wconf 85' lang='lat' dir='ltr'><strong>defendit</strong></span> <span class='ocrx_word' id='word_1_478' title='bbox 939 3844 1235 3908; x_wconf 87' lang='lat' dir='ltr'><strong>Eusebius;</strong></span> <span class='ocrx_word' id='word_1_479' title='bbox 1268 3844 1311 3897; x_wconf 88' lang='lat' dir='ltr'><strong>si</strong></span> <span class='ocrx_word' id='word_1_480' title='bbox 1342 3842 1611 3913; x_wconf 83' lang='lat' dir='ltr'><strong>objectuin</strong></span> <span class='ocrx_word' id='word_1_481' title='bbox 1660 3842 2025 3896; x_wconf 90' lang='lat' dir='ltr'><strong>testimonium</strong></span> 
     </span>
    </p>
   </div>
   <div class='ocr_carea' id='block_1_70' title="bbox 458 3936 2030 4005">
    <p class='ocr_par' dir='ltr' id='par_1_70' title="bbox 458 3936 2030 4005">
     <span class='ocr_line' id='line_1_70' title="bbox 458 3936 2030 4005; baseline -0.004 -12"><span class='ocrx_word' id='word_1_482' title='bbox 458 3938 672 3993; x_wconf 84' lang='lat' dir='ltr'><strong>solvere</strong></span> <span class='ocrx_word' id='word_1_483' title='bbox 718 3937 1045 4001; x_wconf 89' lang='lat' dir='ltr'><strong>maluerunt,</strong></span> <span class='ocrx_word' id='word_1_484' title='bbox 1085 3937 1228 4005; x_wconf 92' lang='lat' dir='ltr'><strong>quod</strong></span> <span class='ocrx_word' id='word_1_485' title='bbox 1258 3943 1374 3989; x_wconf 90' lang='lat' dir='ltr'><strong>erat</strong></span> <span class='ocrx_word' id='word_1_486' title='bbox 1400 3936 1452 3989; x_wconf 91' lang='lat' dir='ltr'><strong>in</strong></span> <span class='ocrx_word' id='word_1_487' title='bbox 1490 3943 1760 4003; x_wconf 91' lang='lat' dir='ltr'><strong>promptu,</strong></span> <span class='ocrx_word' id='word_1_488' title='bbox 1786 3949 1945 4003; x_wconf 89' lang='lat' dir='ltr'><strong>quam</strong></span> <span class='ocrx_word' id='word_1_489' title='bbox 1973 3945 2030 3986; x_wconf 83' lang='lat' dir='ltr'><strong>ut</strong></span> 
     </span>
    </p>
   </div>
   <div class='ocr_carea' id='block_1_71' title="bbox 459 4023 2031 4098">
    <p class='ocr_par' dir='ltr' id='par_1_71' title="bbox 459 4023 2031 4098">
     <span class='ocr_line' id='line_1_71' title="bbox 459 4023 2031 4098; baseline -0.003 -15"><span class='ocrx_word' id='word_1_490' title='bbox 459 4030 652 4084; x_wconf 89' lang='lat' dir='ltr'><strong>falsum</strong></span> <span class='ocrx_word' id='word_1_491' title='bbox 684 4028 992 4098; x_wconf 61' lang='lat' dir='ltr'><strong>repudiare,</strong></span> <span class='ocrx_word' id='word_1_492' title='bbox 1028 4027 1169 4095; x_wconf 90' lang='lat' dir='ltr'><strong>quod</strong></span> <span class='ocrx_word' id='word_1_493' title='bbox 1199 4027 1429 4097; x_wconf 90' lang='lat' dir='ltr'><strong>probatu</strong></span> <span class='ocrx_word' id='word_1_494' title='bbox 1461 4023 1729 4081; x_wconf 76' lang='lat' dir='ltr'><strong>difﬁcilius</strong></span> <span class='ocrx_word' id='word_1_495' title='bbox 1757 4035 1900 4092; x_wconf 90' lang='lat' dir='ltr'><strong>erat,</strong></span> <span class='ocrx_word' id='word_1_496' title='bbox 1930 4026 2031 4078; x_wconf 84' lang='lat' dir='ltr'><strong>ini-</strong></span> 
     </span>
    </p>
   </div>
   <div class='ocr_carea' id='block_1_72' title="bbox 460 4116 2030 4175">
    <p class='ocr_par' dir='ltr' id='par_1_72' title="bbox 460 4116 2030 4175">
     <span class='ocr_line' id='line_1_72' title="bbox 460 4116 2030 4175; baseline -0.003 0"><span class='ocrx_word' id='word_1_497' title='bbox 460 4136 634 4175; x_wconf 91' lang='lat' dir='ltr'><strong>nusne</strong></span> <span class='ocrx_word' id='word_1_498' title='bbox 660 4121 862 4175; x_wconf 86' lang='lat' dir='ltr'><strong>idcirco</strong></span> <span class='ocrx_word' id='word_1_499' title='bbox 894 4124 1099 4173; x_wconf 85' lang='lat' dir='ltr'><strong>incerta</strong></span> <span class='ocrx_word' id='word_1_500' title='bbox 1139 4127 1195 4172; x_wconf 91' lang='lat' dir='ltr'><strong>et</strong></span> <span class='ocrx_word' id='word_1_501' title='bbox 1216 4118 1509 4172; x_wconf 88' lang='lat' dir='ltr'><strong>adventitia</strong></span> <span class='ocrx_word' id='word_1_502' title='bbox 1546 4117 1713 4172; x_wconf 86' lang='lat' dir='ltr'><strong>sunt?</strong></span> <span class='ocrx_word' id='word_1_503' title='bbox 1744 4116 1888 4173; x_wconf 89' lang='lat' dir='ltr'><strong>Usus</strong></span> <span class='ocrx_word' id='word_1_504' title='bbox 1915 4127 2030 4171; x_wconf 90' lang='lat' dir='ltr'><strong>erat</strong></span> 
     </span>
    </p>
   </div>
   <div class='ocr_carea' id='block_1_73' title="bbox 459 4206 2027 4278">
    <p class='ocr_par' dir='ltr' id='par_1_73' title="bbox 459 4206 2027 4278">
     <span class='ocr_line' id='line_1_73' title="bbox 459 4206 2027 4278; baseline -0.001 -13"><span class='ocrx_word' id='word_1_505' title='bbox 459 4212 654 4266; x_wconf 90' lang='lat' dir='ltr'><strong>deinde</strong></span> <span class='ocrx_word' id='word_1_506' title='bbox 685 4211 914 4265; x_wconf 78' lang='lat' dir='ltr'><strong>Rufinus</strong></span> <span class='ocrx_word' id='word_1_507' title='bbox 943 4210 1168 4264; x_wconf 90' lang='lat' dir='ltr'><strong>aliorum</strong></span> <span class='ocrx_word' id='word_1_508' title='bbox 1202 4206 1422 4262; x_wconf 87' lang='lat' dir='ltr'><strong>Patrum</strong></span> <span class='ocrx_word' id='word_1_509' title='bbox 1475 4209 1745 4277; x_wconf 80' lang='lat' dir='ltr'><strong>exemplo,</strong></span> <span class='ocrx_word' id='word_1_510' title='bbox 1794 4224 2027 4278; x_wconf 90' lang='lat' dir='ltr'><strong>quorum</strong></span> 
     </span>
    </p>
   </div>
   <div class='ocr_carea' id='block_1_74' title="bbox 460 4299 2029 4369">
    <p class='ocr_par' dir='ltr' id='par_1_74' title="bbox 460 4299 2029 4369">
     <span class='ocr_line' id='line_1_74' title="bbox 460 4299 2029 4369; baseline 0 -13"><span class='ocrx_word' id='word_1_511' title='bbox 460 4303 861 4357; x_wconf 81' lang='lat' dir='ltr'><strong>lucubrationes</strong></span> <span class='ocrx_word' id='word_1_512' title='bbox 891 4301 1105 4356; x_wconf 86' lang='lat' dir='ltr'><strong>fuerant</strong></span> <span class='ocrx_word' id='word_1_513' title='bbox 1136 4300 1365 4355; x_wconf 75' lang='lat' dir='ltr'><strong>violatae.</strong></span> <span class='ocrx_word' id='word_1_514' title='bbox 1398 4301 1486 4355; x_wconf 84' lang='lat' dir='ltr'><strong>Ait</strong></span> <span class='ocrx_word' id='word_1_515' title='bbox 1519 4315 1646 4354; x_wconf 91' lang='lat' dir='ltr'><strong>vero</strong></span> <span class='ocrx_word' id='word_1_516' title='bbox 1669 4299 2029 4369; x_wconf 82' lang='lat' dir='ltr'><strong>Hieronymus</strong></span> 
     </span>
    </p>
   </div>
   <div class='ocr_carea' id='block_1_75' title="bbox 456 4392 2029 4460">
    <p class='ocr_par' dir='ltr' id='par_1_75' title="bbox 456 4392 2029 4460">
     <span class='ocr_line' id='line_1_75' title="bbox 456 4392 2029 4460; baseline -0.001 -13"><span class='ocrx_word' id='word_1_517' title='bbox 456 4394 698 4448; x_wconf 88' lang='lat' dir='ltr'><strong>futurum</strong></span> <span class='ocrx_word' id='word_1_518' title='bbox 732 4405 786 4447; x_wconf 90' lang='lat' dir='ltr'><strong>ut</strong></span> <span class='ocrx_word' id='word_1_519' title='bbox 829 4395 872 4449; x_wconf 91' lang='lat' dir='ltr'><strong>si</strong></span> <span class='ocrx_word' id='word_1_520' title='bbox 900 4394 949 4447; x_wconf 92' lang='lat' dir='ltr'><strong>id</strong></span> <span class='ocrx_word' id='word_1_521' title='bbox 975 4394 1327 4458; x_wconf 90' lang='lat' dir='ltr'><strong>concedatur,</strong></span> <span class='ocrx_word' id='word_1_522' title='bbox 1362 4392 1473 4460; x_wconf 88' lang='lat' dir='ltr'><strong>jam</strong></span> <span class='ocrx_word' id='word_1_523' title='bbox 1506 4394 1695 4447; x_wconf 91' lang='lat' dir='ltr'><strong>incerti</strong></span> <span class='ocrx_word' id='word_1_524' title='bbox 1720 4394 1827 4447; x_wconf 90' lang='lat' dir='ltr'><strong>sint</strong></span> <span class='ocrx_word' id='word_1_525' title='bbox 1864 4394 2029 4448; x_wconf 86' lang='lat' dir='ltr'><strong>libro-</strong></span> 
     </span>
    </p>
   </div>
   <div class='ocr_carea' id='block_1_76' title="bbox 2132 3206 3714 3276">
    <p class='ocr_par' dir='ltr' id='par_1_76' title="bbox 2132 3206 3714 3276">
     <span class='ocr_line' id='line_1_76' title="bbox 2132 3206 3714 3276; baseline 0.003 -18"><span class='ocrx_word' id='word_1_526' title='bbox 2132 3206 2183 3260; x_wconf 91' lang='lat' dir='ltr'><strong>id</strong></span> <span class='ocrx_word' id='word_1_527' title='bbox 2220 3215 2404 3260; x_wconf 92' lang='lat' dir='ltr'><strong>autem</strong></span> <span class='ocrx_word' id='word_1_528' title='bbox 2435 3207 2582 3276; x_wconf 91' lang='lat' dir='ltr'><strong>quod</strong></span> <span class='ocrx_word' id='word_1_529' title='bbox 2614 3217 2871 3262; x_wconf 90' lang='lat' dir='ltr'><strong>causatus</strong></span> <span class='ocrx_word' id='word_1_530' title='bbox 2902 3207 3079 3261; x_wconf 89' lang='lat' dir='ltr'><strong>fuerat</strong></span> <span class='ocrx_word' id='word_1_531' title='bbox 3104 3206 3368 3276; x_wconf 84' lang='lat' dir='ltr'><strong>Origenes</strong></span> <span class='ocrx_word' id='word_1_532' title='bbox 3394 3208 3447 3261; x_wconf 93' lang='lat' dir='ltr'><strong>in</strong></span> <span class='ocrx_word' id='word_1_533' title='bbox 3483 3209 3714 3276; x_wconf 81' lang='lat' dir='ltr'><strong>epistola</strong></span> 
     </span>
    </p>
   </div>
   <div class='ocr_carea' id='block_1_77' title="bbox 2130 3297 3719 3363">
    <p class='ocr_par' dir='ltr' id='par_1_77' title="bbox 2130 3297 3719 3363">
     <span class='ocr_line' id='line_1_77' title="bbox 2130 3297 3719 3363; baseline 0.003 -13"><span class='ocrx_word' id='word_1_534' title='bbox 2130 3298 2196 3350; x_wconf 91' lang='lat' dir='ltr'><strong>ad</strong></span> <span class='ocrx_word' id='word_1_535' title='bbox 2242 3297 2658 3363; x_wconf 76' lang='lat' dir='ltr'><strong>Alexandrinos,</strong></span> <span class='ocrx_word' id='word_1_536' title='bbox 2702 3299 3068 3353; x_wconf 88' lang='lat' dir='ltr'><strong>adulteratum</strong></span> <span class='ocrx_word' id='word_1_537' title='bbox 3119 3315 3148 3353; x_wconf 92' lang='lat' dir='ltr'><strong>a</strong></span> <span class='ocrx_word' id='word_1_538' title='bbox 3195 3300 3437 3355; x_wconf 79' lang='lat' dir='ltr'><strong>Candide</strong></span> <span class='ocrx_word' id='word_1_539' title='bbox 3479 3300 3719 3355; x_wconf 80' lang='lat' dir='ltr'><strong>Valenti-</strong></span> 
     </span>
    </p>
   </div>
   <div class='ocr_carea' id='block_1_78' title="bbox 2131 3390 3722 3462">
    <p class='ocr_par' dir='ltr' id='par_1_78' title="bbox 2131 3390 3722 3462">
     <span class='ocr_line' id='line_1_78' title="bbox 2131 3390 3722 3462; baseline 0.004 -21"><span class='ocrx_word' id='word_1_540' title='bbox 2131 3390 2294 3444; x_wconf 88' lang='lat' dir='ltr'><strong>niano</strong></span> <span class='ocrx_word' id='word_1_541' title='bbox 2345 3390 2609 3445; x_wconf 72' lang='lat' dir='ltr'><strong>hzeretico</strong></span> <span class='ocrx_word' id='word_1_542' title='bbox 2641 3391 2809 3445; x_wconf 90' lang='lat' dir='ltr'><strong>habiti</strong></span> <span class='ocrx_word' id='word_1_543' title='bbox 2845 3406 3030 3446; x_wconf 91' lang='lat' dir='ltr'><strong>secum</strong></span> <span class='ocrx_word' id='word_1_544' title='bbox 3057 3390 3267 3462; x_wconf 82' lang='lat' dir='ltr'><strong>Dialogi</strong></span> <span class='ocrx_word' id='word_1_545' title='bbox 3300 3393 3567 3458; x_wconf 82' lang='lat' dir='ltr'><strong>codicem,</strong></span> <span class='ocrx_word' id='word_1_546' title='bbox 3593 3394 3722 3448; x_wconf 83' lang='lat' dir='ltr'><strong>sub-</strong></span> 
     </span>
    </p>
   </div>
   <div class='ocr_carea' id='block_1_79' title="bbox 2124 3479 3720 3552">
    <p class='ocr_par' dir='ltr' id='par_1_79' title="bbox 2124 3479 3720 3552">
     <span class='ocr_line' id='line_1_79' title="bbox 2124 3479 3720 3552; baseline 0.002 -19"><span class='ocrx_word' id='word_1_547' title='bbox 2124 3481 2244 3549; x_wconf 78' lang='lat' dir='ltr'><strong>iicit</strong></span> <span class='ocrx_word' id='word_1_548' title='bbox 2296 3479 2711 3551; x_wconf 87' lang='lat' dir='ltr'><strong>Hieronymus:</strong></span> <span class='ocrx_word' id='word_1_549' title='bbox 2768 3482 3173 3552; x_wconf 71' lang='lat' dir='ltr'><strong>«intelligimus</strong></span> <span class='ocrx_word' id='word_1_550' title='bbox 3237 3482 3289 3537; x_wconf 90' lang='lat' dir='ltr'><strong>in</strong></span> <span class='ocrx_word' id='word_1_551' title='bbox 3344 3483 3447 3537; x_wconf 86' lang='lat' dir='ltr'><strong>hoc</strong></span> <span class='ocrx_word' id='word_1_552' title='bbox 3508 3494 3720 3537; x_wconf 89' lang='lat' dir='ltr'><strong>tantum</strong></span> 
     </span>
    </p>
   </div>
   <div class='ocr_carea' id='block_1_80' title="bbox 2128 3570 3725 3644">
    <p class='ocr_par' dir='ltr' id='par_1_80' title="bbox 2128 3570 3725 3644">
     <span class='ocr_line' id='line_1_80' title="bbox 2128 3570 3725 3644; baseline 0.001 -19"><span class='ocrx_word' id='word_1_553' title='bbox 2128 3571 2351 3641; x_wconf 82' lang='lat' dir='ltr'><strong>Dialogo</strong></span> <span class='ocrx_word' id='word_1_554' title='bbox 2386 3572 2453 3627; x_wconf 89' lang='lat' dir='ltr'><strong>ab</strong></span> <span class='ocrx_word' id='word_1_555' title='bbox 2486 3570 2719 3642; x_wconf 81' lang='lat' dir='ltr'><strong>Origene</strong></span> <span class='ocrx_word' id='word_1_556' title='bbox 2761 3574 2915 3644; x_wconf 86' lang='lat' dir='ltr'><strong>argui</strong></span> <span class='ocrx_word' id='word_1_557' title='bbox 2963 3574 3273 3627; x_wconf 65' lang='lat' dir='ltr'><strong>haereticam</strong></span> <span class='ocrx_word' id='word_1_558' title='bbox 3309 3572 3637 3639; x_wconf 85' lang='lat' dir='ltr'><strong>falsitatem,</strong></span> <span class='ocrx_word' id='word_1_559' title='bbox 3669 3585 3725 3629; x_wconf 90' lang='lat' dir='ltr'><strong>et</strong></span> 
     </span>
    </p>
   </div>
   <div class='ocr_carea' id='block_1_81' title="bbox 2131 3664 3724 3736">
    <p class='ocr_par' dir='ltr' id='par_1_81' title="bbox 2131 3664 3724 3736">
     <span class='ocr_line' id='line_1_81' title="bbox 2131 3664 3724 3736; baseline 0.002 -20"><span class='ocrx_word' id='word_1_560' title='bbox 2131 3679 2232 3717; x_wconf 92' lang='lat' dir='ltr'><strong>non</strong></span> <span class='ocrx_word' id='word_1_561' title='bbox 2282 3665 2333 3717; x_wconf 93' lang='lat' dir='ltr'><strong>in</strong></span> <span class='ocrx_word' id='word_1_562' title='bbox 2382 3664 2595 3719; x_wconf 67' lang='lat' dir='ltr'><strong>caeteris</strong></span> <span class='ocrx_word' id='word_1_563' title='bbox 2644 3664 2821 3733; x_wconf 89' lang='lat' dir='ltr'><strong>libris,</strong></span> <span class='ocrx_word' id='word_1_564' title='bbox 2865 3666 2932 3721; x_wconf 91' lang='lat' dir='ltr'><strong>de</strong></span> <span class='ocrx_word' id='word_1_565' title='bbox 2963 3667 3159 3735; x_wconf 91' lang='lat' dir='ltr'><strong>quibus</strong></span> <span class='ocrx_word' id='word_1_566' title='bbox 3189 3682 3462 3736; x_wconf 87' lang='lat' dir='ltr'><strong>nunquam</strong></span> <span class='ocrx_word' id='word_1_567' title='bbox 3489 3668 3724 3736; x_wconf 72' lang='lat' dir='ltr'><strong>quzesﬁo</strong></span> 
     </span>
    </p>
   </div>
   <div class='ocr_carea' id='block_1_82' title="bbox 2128 3753 3723 3825">
    <p class='ocr_par' dir='ltr' id='par_1_82' title="bbox 2128 3753 3723 3825">
     <span class='ocr_line' id='line_1_82' title="bbox 2128 3753 3723 3825; baseline 0.001 -18"><span class='ocrx_word' id='word_1_568' title='bbox 2128 3753 2231 3807; x_wconf 85' lang='lat' dir='ltr'><strong>fuit</strong></span> <span class='ocrx_word' id='word_1_569' title='bbox 2264 3777 2276 3808; x_wconf 88' lang='lat'><strong>:</strong></span> <span class='ocrx_word' id='word_1_570' title='bbox 2311 3754 2515 3825; x_wconf 86' lang='lat' dir='ltr'><strong>alioqui</strong></span> <span class='ocrx_word' id='word_1_571' title='bbox 2575 3755 2621 3810; x_wconf 91' lang='lat' dir='ltr'><strong>si</strong></span> <span class='ocrx_word' id='word_1_572' title='bbox 2684 3756 2865 3809; x_wconf 90' lang='lat' dir='ltr'><strong>omnia</strong></span> <span class='ocrx_word' id='word_1_573' title='bbox 2925 3770 3046 3825; x_wconf 64' lang='lat' dir='ltr'><strong>quae</strong></span> <span class='ocrx_word' id='word_1_574' title='bbox 3091 3756 3347 3810; x_wconf 69' lang='lat' dir='ltr'><strong>haeretica</strong></span> <span class='ocrx_word' id='word_1_575' title='bbox 3403 3768 3554 3822; x_wconf 92' lang='lat' dir='ltr'><strong>sunt,</strong></span> <span class='ocrx_word' id='word_1_576' title='bbox 3613 3773 3723 3812; x_wconf 87' lang='lat' dir='ltr'><strong>non</strong></span> 
     </span>
    </p>
   </div>
   <div class='ocr_carea' id='block_1_83' title="bbox 2127 3848 3721 3917">
    <p class='ocr_par' dir='ltr' id='par_1_83' title="bbox 2127 3848 3721 3917">
     <span class='ocr_line' id='line_1_83' title="bbox 2127 3848 3721 3917; baseline -0.001 -16"><span class='ocrx_word' id='word_1_577' title='bbox 2127 3856 2283 3901; x_wconf 91' lang='lat' dir='ltr'><strong>erunt</strong></span> <span class='ocrx_word' id='word_1_578' title='bbox 2341 3848 2625 3917; x_wconf 83' lang='lat' dir='ltr'><strong>Origenis,</strong></span> <span class='ocrx_word' id='word_1_579' title='bbox 2674 3850 2768 3903; x_wconf 90' lang='lat' dir='ltr'><strong>sed</strong></span> <span class='ocrx_word' id='word_1_580' title='bbox 2824 3850 3225 3912; x_wconf 64' lang='lat' dir='ltr'><strong>haereticorum,</strong></span> <span class='ocrx_word' id='word_1_581' title='bbox 3289 3864 3480 3903; x_wconf 89' lang='lat' dir='ltr'><strong>omnes</strong></span> <span class='ocrx_word' id='word_1_582' title='bbox 3533 3857 3721 3902; x_wconf 64' lang='lat' dir='ltr'><strong>autem</strong></span> 
     </span>
    </p>
   </div>
   <div class='ocr_carea' id='block_1_84' title="bbox 2128 3939 3721 4009">
    <p class='ocr_par' dir='ltr' id='par_1_84' title="bbox 2128 3939 3721 4009">
     <span class='ocr_line' id='line_1_84' title="bbox 2128 3939 3721 4009; baseline 0.001 -18"><span class='ocrx_word' id='word_1_583' title='bbox 2128 3940 2518 4008; x_wconf 88' lang='lat' dir='ltr'><strong>propemodum</strong></span> <span class='ocrx_word' id='word_1_584' title='bbox 2580 3939 2724 3994; x_wconf 90' lang='lat' dir='ltr'><strong>illius</strong></span> <span class='ocrx_word' id='word_1_585' title='bbox 2777 3941 2905 3995; x_wconf 91' lang='lat' dir='ltr'><strong>tomi</strong></span> <span class='ocrx_word' id='word_1_586' title='bbox 2946 3940 3030 3994; x_wconf 93' lang='lat' dir='ltr'><strong>his</strong></span> <span class='ocrx_word' id='word_1_587' title='bbox 3063 3941 3345 3995; x_wconf 90' lang='lat' dir='ltr'><strong>erroribus</strong></span> <span class='ocrx_word' id='word_1_588' title='bbox 3375 3940 3521 4009; x_wconf 88' lang='lat' dir='ltr'><strong>pleni</strong></span> <span class='ocrx_word' id='word_1_589' title='bbox 3565 3950 3721 4003; x_wconf 86' lang='lat' dir='ltr'><strong>sunt,</strong></span> 
     </span>
    </p>
   </div>
   <div class='ocr_carea' id='block_1_85' title="bbox 2129 4030 3727 4102">
    <p class='ocr_par' dir='ltr' id='par_1_85' title="bbox 2129 4030 3727 4102">
     <span class='ocr_line' id='line_1_85' title="bbox 2129 4030 3727 4102; baseline 0.002 -20"><span class='ocrx_word' id='word_1_590' title='bbox 2129 4031 2260 4083; x_wconf 86' lang='lat' dir='ltr'><strong>nihil</strong></span> <span class='ocrx_word' id='word_1_591' title='bbox 2287 4030 2538 4102; x_wconf 86' lang='lat' dir='ltr'><strong>Origenis</strong></span> <span class='ocrx_word' id='word_1_592' title='bbox 2587 4032 2711 4093; x_wconf 87' lang='lat' dir='ltr'><strong>erit,</strong></span> <span class='ocrx_word' id='word_1_593' title='bbox 2758 4033 2853 4087; x_wconf 90' lang='lat' dir='ltr'><strong>sed</strong></span> <span class='ocrx_word' id='word_1_594' title='bbox 2902 4046 3091 4086; x_wconf 89' lang='lat' dir='ltr'><strong>eorum</strong></span> <span class='ocrx_word' id='word_1_595' title='bbox 3137 4047 3365 4100; x_wconf 91' lang='lat' dir='ltr'><strong>quorum</strong></span> <span class='ocrx_word' id='word_1_596' title='bbox 3401 4032 3727 4101; x_wconf 82' lang='lat' dir='ltr'><strong>ignoramus</strong></span> 
     </span>
    </p>
   </div>
   <div class='ocr_carea' id='block_1_86' title="bbox 2127 4118 3728 4190">
    <p class='ocr_par' dir='ltr' id='par_1_86' title="bbox 2127 4118 3728 4190">
     <span class='ocr_line' id='line_1_86' title="bbox 2127 4118 3728 4190; baseline 0.003 -20"><span class='ocrx_word' id='word_1_597' title='bbox 2127 4118 2463 4175; x_wconf 64' lang='lat' dir='ltr'><strong>vocabula‘.»</strong></span> <span class='ocrx_word' id='word_1_598' title='bbox 2517 4119 2656 4187; x_wconf 84' lang='lat' dir='ltr'><strong>Quid</strong></span> <span class='ocrx_word' id='word_1_599' title='bbox 2716 4120 2808 4173; x_wconf 92' lang='lat' dir='ltr'><strong>ﬁet</strong></span> <span class='ocrx_word' id='word_1_600' title='bbox 2865 4131 3044 4174; x_wconf 90' lang='lat' dir='ltr'><strong>autem</strong></span> <span class='ocrx_word' id='word_1_601' title='bbox 3095 4120 3263 4174; x_wconf 91' lang='lat' dir='ltr'><strong>altera</strong></span> <span class='ocrx_word' id='word_1_602' title='bbox 3306 4119 3559 4190; x_wconf 89' lang='lat' dir='ltr'><strong>Origenis</strong></span> <span class='ocrx_word' id='word_1_603' title='bbox 3603 4122 3728 4189; x_wconf 84' lang='lat' dir='ltr'><strong>epi-</strong></span> 
     </span>
    </p>
   </div>
   <div class='ocr_carea' id='block_1_87' title="bbox 2128 4208 3728 4279">
    <p class='ocr_par' dir='ltr' id='par_1_87' title="bbox 2128 4208 3728 4279">
     <span class='ocr_line' id='line_1_87' title="bbox 2128 4208 3728 4279; baseline 0.001 -18"><span class='ocrx_word' id='word_1_604' title='bbox 2128 4208 2304 4273; x_wconf 89' lang='lat' dir='ltr'><strong>stola,</strong></span> <span class='ocrx_word' id='word_1_605' title='bbox 2353 4210 2407 4263; x_wconf 93' lang='lat' dir='ltr'><strong>in</strong></span> <span class='ocrx_word' id='word_1_606' title='bbox 2470 4224 2575 4278; x_wconf 91' lang='lat' dir='ltr'><strong>qua</strong></span> <span class='ocrx_word' id='word_1_607' title='bbox 2632 4210 2821 4265; x_wconf 90' lang='lat' dir='ltr'><strong>scribit</strong></span> <span class='ocrx_word' id='word_1_608' title='bbox 2874 4208 3105 4265; x_wconf 89' lang='lat' dir='ltr'><strong>Ruﬁnus</strong></span> <span class='ocrx_word' id='word_1_609' title='bbox 3170 4225 3352 4279; x_wconf 90' lang='lat' dir='ltr'><strong>parem</strong></span> <span class='ocrx_word' id='word_1_610' title='bbox 3409 4210 3601 4265; x_wconf 88' lang='lat' dir='ltr'><strong>haberi</strong></span> <span class='ocrx_word' id='word_1_611' title='bbox 3658 4212 3728 4265; x_wconf 87' lang='lat' dir='ltr'><strong>de</strong></span> 
     </span>
    </p>
   </div>
   <div class='ocr_carea' id='block_1_88' title="bbox 2129 4297 3725 4369">
    <p class='ocr_par' dir='ltr' id='par_1_88' title="bbox 2129 4297 3725 4369">
     <span class='ocr_line' id='line_1_88' title="bbox 2129 4297 3725 4369; baseline 0.003 -20"><span class='ocrx_word' id='word_1_612' title='bbox 2129 4297 2281 4352; x_wconf 90' lang='lat' dir='ltr'><strong>libris</strong></span> <span class='ocrx_word' id='word_1_613' title='bbox 2330 4298 2448 4368; x_wconf 86' lang='lat' dir='ltr'><strong>ejus</strong></span> <span class='ocrx_word' id='word_1_614' title='bbox 2507 4298 2721 4354; x_wconf 81' lang='lat' dir='ltr'><strong>violatis</strong></span> <span class='ocrx_word' id='word_1_615' title='bbox 2774 4300 3206 4369; x_wconf 84' lang='lat' dir='ltr'><strong>querimoniam?</strong></span> <span class='ocrx_word' id='word_1_616' title='bbox 3256 4301 3461 4355; x_wconf 89' lang='lat' dir='ltr'><strong>Deinde</strong></span> <span class='ocrx_word' id='word_1_617' title='bbox 3506 4316 3618 4356; x_wconf 88' lang='lat' dir='ltr'><strong>non</strong></span> <span class='ocrx_word' id='word_1_618' title='bbox 3674 4302 3725 4355; x_wconf 89' lang='lat' dir='ltr'><strong>id</strong></span> 
     </span>
    </p>
   </div>
   <div class='ocr_carea' id='block_1_89' title="bbox 2130 4387 3719 4459">
    <p class='ocr_par' dir='ltr' id='par_1_89' title="bbox 2130 4387 3719 4459">
     <span class='ocr_line' id='line_1_89' title="bbox 2130 4387 3719 4459; baseline 0.005 -21"><span class='ocrx_word' id='word_1_619' title='bbox 2130 4387 2265 4441; x_wconf 79' lang='lat' dir='ltr'><strong>velle</strong></span> <span class='ocrx_word' id='word_1_620' title='bbox 2309 4387 2566 4443; x_wconf 88' lang='lat' dir='ltr'><strong>Ruﬁnum</strong></span> <span class='ocrx_word' id='word_1_621' title='bbox 2617 4390 2869 4453; x_wconf 80' lang='lat' dir='ltr'><strong>diximus,</strong></span> <span class='ocrx_word' id='word_1_622' title='bbox 2908 4405 3244 4459; x_wconf 67' lang='lat' dir='ltr'><strong>quaecunque</strong></span> <span class='ocrx_word' id='word_1_623' title='bbox 3288 4391 3545 4446; x_wconf 67' lang='lat' dir='ltr'><strong>haeretica</strong></span> <span class='ocrx_word' id='word_1_624' title='bbox 3585 4404 3719 4448; x_wconf 88' lang='lat' dir='ltr'><strong>sunt</strong></span> 
     </span>
    </p>
   </div>
   <div class='ocr_carea' id='block_1_90' title="bbox 456 4473 3720 4553">
    <p class='ocr_par' dir='ltr' id='par_1_90' title="bbox 456 4473 3720 4553">
     <span class='ocr_line' id='line_1_90' title="bbox 456 4473 3720 4553; baseline 0.002 -14"><span class='ocrx_word' id='word_1_625' title='bbox 456 4501 577 4541; x_wconf 88' lang='lat' dir='ltr'><strong>rum</strong></span> <span class='ocrx_word' id='word_1_626' title='bbox 606 4496 875 4547; x_wconf 87' lang='lat' dir='ltr'><strong>auctores,</strong></span> <span class='ocrx_word' id='word_1_627' title='bbox 907 4483 1041 4538; x_wconf 91' lang='lat' dir='ltr'><strong>nihil</strong></span> <span class='ocrx_word' id='word_1_628' title='bbox 1073 4484 1140 4537; x_wconf 90' lang='lat' dir='ltr'><strong>ad</strong></span> <span class='ocrx_word' id='word_1_629' title='bbox 1177 4497 1274 4537; x_wconf 90' lang='lat' dir='ltr'><strong>eos</strong></span> <span class='ocrx_word' id='word_1_630' title='bbox 1304 4483 1531 4538; x_wconf 89' lang='lat' dir='ltr'><strong>relatum</strong></span> <span class='ocrx_word' id='word_1_631' title='bbox 1580 4484 1643 4537; x_wconf 92' lang='lat' dir='ltr'><strong>iri</strong></span> <span class='ocrx_word' id='word_1_632' title='bbox 1667 4485 1760 4553; x_wconf 91' lang='lat' dir='ltr'><strong>qui</strong></span> <span class='ocrx_word' id='word_1_633' title='bbox 1785 4486 2020 4553; x_wconf 92' lang='lat' dir='ltr'><strong>scripse-</strong></span> <span class='ocrx_word' id='word_1_634' title='bbox 2053 4494 2099 4553; x_wconf 80' lang='grc' dir='ltr'>ο</span> <span class='ocrx_word' id='word_1_635' title='bbox 2130 4473 2182 4531; x_wconf 78' lang='lat' dir='ltr'><strong>in</strong></span> <span class='ocrx_word' id='word_1_636' title='bbox 2210 4477 2459 4549; x_wconf 75' lang='lat' dir='ltr'><strong>Origenis</strong></span> <span class='ocrx_word' id='word_1_637' title='bbox 2497 4479 2982 4545; x_wconf 70' lang='lat' dir='ltr'><strong>lucubraIiOHibUS.</strong></span> <span class='ocrx_word' id='word_1_638' title='bbox 3017 4481 3394 4535; x_wconf 63' lang='grc' dir='ltr'><strong>Ιιωΐειῖοοτυιη</strong></span> <span class='ocrx_word' id='word_1_639' title='bbox 3424 4496 3588 4545; x_wconf 63' lang='lat' dir='ltr'><strong>esse.</strong></span> <span class='ocrx_word' id='word_1_640' title='bbox 3622 4486 3720 4537; x_wconf 66' lang='lat' dir='ltr'><strong>sed</strong></span> 
     </span>
    </p>
   </div>
   <div class='ocr_carea' id='block_1_91' title="bbox 454 4575 2026 4644">
    <p class='ocr_par' dir='ltr' id='par_1_91' title="bbox 454 4575 2026 4644">
     <span class='ocr_line' id='line_1_91' title="bbox 454 4575 2026 4644; baseline -0.003 -12"><span class='ocrx_word' id='word_1_641' title='bbox 454 4587 603 4643; x_wconf 86' lang='lat' dir='ltr'><strong>runt,</strong></span> <span class='ocrx_word' id='word_1_642' title='bbox 639 4576 731 4631; x_wconf 91' lang='lat' dir='ltr'><strong>sed</strong></span> <span class='ocrx_word' id='word_1_643' title='bbox 764 4577 828 4630; x_wconf 90' lang='lat' dir='ltr'><strong>ad</strong></span> <span class='ocrx_word' id='word_1_644' title='bbox 861 4586 1208 4643; x_wconf 90' lang='lat' dir='ltr'><strong>corruptores</strong></span> <span class='ocrx_word' id='word_1_645' title='bbox 1235 4575 1435 4640; x_wconf 87' lang='lat' dir='ltr'><strong>omnia,</strong></span> <span class='ocrx_word' id='word_1_646' title='bbox 1462 4590 1527 4629; x_wconf 90' lang='lat' dir='ltr'><strong>ac</strong></span> <span class='ocrx_word' id='word_1_647' title='bbox 1563 4591 1628 4629; x_wconf 91' lang='lat' dir='ltr'><strong>ne</strong></span> <span class='ocrx_word' id='word_1_648' title='bbox 1655 4576 1721 4629; x_wconf 88' lang='lat' dir='ltr'><strong>ad</strong></span> <span class='ocrx_word' id='word_1_649' title='bbox 1757 4576 1875 4629; x_wconf 90' lang='lat' dir='ltr'><strong>illos</strong></span> <span class='ocrx_word' id='word_1_650' title='bbox 1905 4575 2026 4644; x_wconf 88' lang='lat' dir='ltr'><strong>qui—</strong></span> 
     </span>
    </p>
   </div>
   <div class='ocr_carea' id='block_1_92' title="bbox 454 4662 2033 4736">
    <p class='ocr_par' dir='ltr' id='par_1_92' title="bbox 454 4662 2033 4736">
     <span class='ocr_line' id='line_1_92' title="bbox 454 4662 2033 4736; baseline -0.002 -15"><span class='ocrx_word' id='word_1_651' title='bbox 454 4670 600 4731; x_wconf 90' lang='lat' dir='ltr'><strong>dem,</strong></span> <span class='ocrx_word' id='word_1_652' title='bbox 624 4682 746 4722; x_wconf 90' lang='lat' dir='ltr'><strong>cum</strong></span> <span class='ocrx_word' id='word_1_653' title='bbox 771 4666 933 4736; x_wconf 90' lang='lat' dir='ltr'><strong>ignoti</strong></span> <span class='ocrx_word' id='word_1_654' title='bbox 957 4667 1086 4720; x_wconf 88' lang='lat' dir='ltr'><strong>sint.</strong></span> <span class='ocrx_word' id='word_1_655' title='bbox 1116 4684 1133 4715; x_wconf 81' lang='grc' dir='ltr'><strong>ι</strong></span> <span class='ocrx_word' id='word_1_656' title='bbox 1162 4662 1275 4718; x_wconf 86' lang='lat' dir='ltr'><strong>Hac</strong></span> <span class='ocrx_word' id='word_1_657' title='bbox 1302 4663 1648 4727; x_wconf 77' lang='lat' dir='ltr'><strong>defensionis,</strong></span> <span class='ocrx_word' id='word_1_658' title='bbox 1679 4664 1872 4735; x_wconf 89' lang='lat' dir='ltr'><strong>inquit,</strong></span> <span class='ocrx_word' id='word_1_659' title='bbox 1899 4674 2033 4734; x_wconf 75' lang='lat' dir='ltr'><strong>per-‘</strong></span> 
     </span>
    </p>
   </div>
   <div class='ocr_carea' id='block_1_93' title="bbox 455 4754 2023 4823">
    <p class='ocr_par' dir='ltr' id='par_1_93' title="bbox 455 4754 2023 4823">
     <span class='ocr_line' id='line_1_93' title="bbox 455 4754 2023 4823; baseline -0.004 -9"><span class='ocrx_word' id='word_1_660' title='bbox 455 4760 781 4823; x_wconf 88' lang='lat' dir='ltr'><strong>turbatione,</strong></span> <span class='ocrx_word' id='word_1_661' title='bbox 815 4774 911 4813; x_wconf 92' lang='lat' dir='ltr'><strong>nec</strong></span> <span class='ocrx_word' id='word_1_662' title='bbox 933 4756 1192 4818; x_wconf 86' lang='lat' dir='ltr'><strong>Marcion,</strong></span> <span class='ocrx_word' id='word_1_663' title='bbox 1225 4770 1323 4810; x_wconf 88' lang='lat' dir='ltr'><strong>nec.</strong></span> <span class='ocrx_word' id='word_1_664' title='bbox 1346 4754 1694 4821; x_wconf 65' lang='lat' dir='ltr'><strong>Manichmus,</strong></span> <span class='ocrx_word' id='word_1_665' title='bbox 1728 4770 1826 4809; x_wconf 92' lang='lat' dir='ltr'><strong>nec</strong></span> <span class='ocrx_word' id='word_1_666' title='bbox 1843 4756 2023 4819; x_wconf 84' lang='lat' dir='ltr'><strong>Arius,</strong></span> 
     </span>
    </p>
   </div>
   <div class='ocr_carea' id='block_1_94' title="bbox 456 4846 2027 4919">
    <p class='ocr_par' dir='ltr' id='par_1_94' title="bbox 456 4846 2027 4919">
     <span class='ocr_line' id='line_1_94' title="bbox 456 4846 2027 4919; baseline -0.004 -13"><span class='ocrx_word' id='word_1_667' title='bbox 456 4867 554 4908; x_wconf 89' lang='lat' dir='ltr'><strong>nec</strong></span> <span class='ocrx_word' id='word_1_668' title='bbox 580 4851 874 4906; x_wconf 90' lang='lat' dir='ltr'><strong>Eunomius</strong></span> <span class='ocrx_word' id='word_1_669' title='bbox 911 4848 1153 4904; x_wconf 88' lang='lat' dir='ltr'><strong>accusari</strong></span> <span class='ocrx_word' id='word_1_670' title='bbox 1196 4857 1467 4919; x_wconf 89' lang='lat' dir='ltr'><strong>poterunt.</strong></span> <span class='ocrx_word' id='word_1_671' title='bbox 1494 4866 1513 4899; x_wconf 70' lang='grc' dir='ltr'><strong>ι</strong></span> <span class='ocrx_word' id='word_1_672' title='bbox 1540 4846 1871 4902; x_wconf 82' lang='lat' dir='ltr'><strong>Attendisset</strong></span> <span class='ocrx_word' id='word_1_673' title='bbox 1897 4860 2027 4900; x_wconf 89' lang='lat' dir='ltr'><strong>vero</strong></span> 
     </span>
    </p>
   </div>
   <div class='ocr_carea' id='block_1_95' title="bbox 457 4938 2024 5014">
    <p class='ocr_par' dir='ltr' id='par_1_95' title="bbox 457 4938 2024 5014">
     <span class='ocr_line' id='line_1_95' title="bbox 457 4938 2024 5014; baseline -0.004 -17"><span class='ocrx_word' id='word_1_674' title='bbox 457 4943 815 5014; x_wconf 83' lang='lat' dir='ltr'><strong>Hieronymus</strong></span> <span class='ocrx_word' id='word_1_675' title='bbox 840 4945 907 4997; x_wconf 88' lang='lat' dir='ltr'><strong>ad</strong></span> <span class='ocrx_word' id='word_1_676' title='bbox 935 4944 1208 5011; x_wconf 83' lang='lat' dir='ltr'><strong>superiora</strong></span> <span class='ocrx_word' id='word_1_677' title='bbox 1243 4958 1256 4994; x_wconf 93' lang='lat'><strong>:</strong></span> <span class='ocrx_word' id='word_1_678' title='bbox 1300 4939 1490 4995; x_wconf 86' lang='lat' dir='ltr'><strong>scribit</strong></span> <span class='ocrx_word' id='word_1_679' title='bbox 1521 4939 1745 4993; x_wconf 86' lang='lat' dir='ltr'><strong>Ruﬁnus</strong></span> <span class='ocrx_word' id='word_1_680' title='bbox 1792 4938 1910 4993; x_wconf 88' lang='lat' dir='ltr'><strong>falsi</strong></span> <span class='ocrx_word' id='word_1_681' title='bbox 1961 4953 2024 4992; x_wconf 89' lang='lat' dir='ltr'><strong>ea</strong></span> 
     </span>
    </p>
   </div>
   <div class='ocr_carea' id='block_1_96' title="bbox 456 5031 2026 5104">
    <p class='ocr_par' dir='ltr' id='par_1_96' title="bbox 456 5031 2026 5104">
     <span class='ocr_line' id='line_1_96' title="bbox 456 5031 2026 5104; baseline -0.005 -14"><span class='ocrx_word' id='word_1_682' title='bbox 456 5050 578 5090; x_wconf 90' lang='lat' dir='ltr'><strong>esse</strong></span> <span class='ocrx_word' id='word_1_683' title='bbox 624 5045 894 5104; x_wconf 90' lang='lat' dir='ltr'><strong>suspecta,</strong></span> <span class='ocrx_word' id='word_1_684' title='bbox 952 5036 1147 5103; x_wconf 90' lang='lat' dir='ltr'><strong>quibus</strong></span> <span class='ocrx_word' id='word_1_685' title='bbox 1190 5034 1293 5087; x_wconf 88' lang='lat' dir='ltr'><strong>alia</strong></span> <span class='ocrx_word' id='word_1_686' title='bbox 1342 5034 1395 5087; x_wconf 93' lang='lat' dir='ltr'><strong>in</strong></span> <span class='ocrx_word' id='word_1_687' title='bbox 1444 5032 1633 5087; x_wconf 91' lang='lat' dir='ltr'><strong>eodem</strong></span> <span class='ocrx_word' id='word_1_688' title='bbox 1669 5031 1931 5098; x_wconf 89' lang='lat' dir='ltr'><strong>scriptore</strong></span> <span class='ocrx_word' id='word_1_689' title='bbox 1958 5046 2026 5084; x_wconf 80' lang='lat' dir='ltr'><strong>ex</strong></span> 
     </span>
    </p>
   </div>
   <div class='ocr_carea' id='block_1_97' title="bbox 456 5119 2029 5191">
    <p class='ocr_par' dir='ltr' id='par_1_97' title="bbox 456 5119 2029 5191">
     <span class='ocr_line' id='line_1_97' title="bbox 456 5119 2029 5191; baseline -0.003 -13"><span class='ocrx_word' id='word_1_690' title='bbox 456 5125 683 5178; x_wconf 88' lang='lat' dir='ltr'><strong>adverso</strong></span> <span class='ocrx_word' id='word_1_691' title='bbox 716 5123 959 5191; x_wconf 84' lang='lat' dir='ltr'><strong>opposita</strong></span> <span class='ocrx_word' id='word_1_692' title='bbox 1007 5132 1270 5177; x_wconf 78' lang='lat' dir='ltr'><strong>exstant:</strong></span> <span class='ocrx_word' id='word_1_693' title='bbox 1323 5123 1406 5176; x_wconf 91' lang='lat' dir='ltr'><strong>his</strong></span> <span class='ocrx_word' id='word_1_694' title='bbox 1462 5122 1722 5175; x_wconf 80' lang='lat' dir='ltr'><strong>duntaxat</strong></span> <span class='ocrx_word' id='word_1_695' title='bbox 1779 5119 2029 5173; x_wconf 85' lang='lat' dir='ltr'><strong>falsitatis</strong></span> 
     </span>
    </p>
   </div>
   <div class='ocr_carea' id='block_1_98' title="bbox 456 5208 2019 5281">
    <p class='ocr_par' dir='ltr' id='par_1_98' title="bbox 456 5208 2019 5281">
     <span class='ocr_line' id='line_1_98' title="bbox 456 5208 2019 5281; baseline -0.004 -13"><span class='ocrx_word' id='word_1_696' title='bbox 456 5224 635 5268; x_wconf 86' lang='lat' dir='ltr'><strong>notam</strong></span> <span class='ocrx_word' id='word_1_697' title='bbox 655 5212 873 5281; x_wconf 88' lang='lat' dir='ltr'><strong>apponit</strong></span> <span class='ocrx_word' id='word_1_698' title='bbox 898 5212 1169 5267; x_wconf 54' lang='lat' dir='ltr'><strong>Rnﬁnusa</strong></span> <span class='ocrx_word' id='word_1_699' title='bbox 1194 5212 1304 5265; x_wconf 81' lang='lat' dir='ltr'><strong>Non</strong></span> <span class='ocrx_word' id='word_1_700' title='bbox 1323 5212 1489 5275; x_wconf 91' lang='lat' dir='ltr'><strong>enim,</strong></span> <span class='ocrx_word' id='word_1_701' title='bbox 1517 5229 1536 5262; x_wconf 75' lang='grc' dir='ltr'><strong>ι</strong></span> <span class='ocrx_word' id='word_1_702' title='bbox 1560 5211 1730 5279; x_wconf 90' lang='lat' dir='ltr'><strong>inquit</strong></span> <span class='ocrx_word' id='word_1_703' title='bbox 1760 5210 1955 5264; x_wconf 85' lang='lat' dir='ltr'><strong>iuvect.</strong></span> <span class='ocrx_word' id='word_1_704' title='bbox 1994 5208 2019 5261; x_wconf 79' lang='grc'><strong>1</strong></span> 
     </span>
    </p>
   </div>
   <div class='ocr_carea' id='block_1_99' title="bbox 453 5302 2025 5373">
    <p class='ocr_par' dir='ltr' id='par_1_99' title="bbox 453 5302 2025 5373">
     <span class='ocr_line' id='line_1_99' title="bbox 453 5302 2025 5373; baseline -0.003 -14"><span class='ocrx_word' id='word_1_705' title='bbox 453 5314 507 5359; x_wconf 77' lang='lat' dir='ltr'><strong>in</strong></span> <span class='ocrx_word' id='word_1_706' title='bbox 532 5303 860 5373; x_wconf 82' lang='lat' dir='ltr'><strong>Hieronym.,</strong></span> <span class='ocrx_word' id='word_1_707' title='bbox 889 5321 907 5354; x_wconf 76' lang='grc' dir='ltr'><strong>ι</strong></span> <span class='ocrx_word' id='word_1_708' title='bbox 944 5304 1268 5371; x_wconf 86' lang='lat' dir='ltr'><strong>generaliter</strong></span> <span class='ocrx_word' id='word_1_709' title='bbox 1291 5303 1512 5373; x_wconf 88' lang='lat' dir='ltr'><strong>promisi</strong></span> <span class='ocrx_word' id='word_1_710' title='bbox 1554 5318 1643 5357; x_wconf 89' lang='lat' dir='ltr'><strong>me</strong></span> <span class='ocrx_word' id='word_1_711' title='bbox 1688 5302 2025 5370; x_wconf 89' lang='lat' dir='ltr'><strong>prolaturum</strong></span> 
     </span>
    </p>
   </div>
   <div class='ocr_carea' id='block_1_100' title="bbox 455 5392 2025 5466">
    <p class='ocr_par' dir='ltr' id='par_1_100' title="bbox 455 5392 2025 5466">
     <span class='ocr_line' id='line_1_100' title="bbox 455 5392 2025 5466; baseline -0.002 -16"><span class='ocrx_word' id='word_1_712' title='bbox 455 5412 575 5466; x_wconf 77' lang='lat' dir='ltr'><strong>qua:</strong></span> <span class='ocrx_word' id='word_1_713' title='bbox 607 5404 793 5449; x_wconf 86' lang='lat' dir='ltr'><strong>essent</strong></span> <span class='ocrx_word' id='word_1_714' title='bbox 823 5394 946 5448; x_wconf 84' lang='lat' dir='ltr'><strong>ﬁdei</strong></span> <span class='ocrx_word' id='word_1_715' title='bbox 984 5397 1260 5448; x_wconf 87' lang='lat' dir='ltr'><strong>contraria</strong></span> <span class='ocrx_word' id='word_1_716' title='bbox 1288 5435 1304 5459; x_wconf 93' lang='lat'><strong>,</strong></span> <span class='ocrx_word' id='word_1_717' title='bbox 1330 5395 1444 5461; x_wconf 88' lang='lat' dir='ltr'><strong>sed</strong></span> <span class='ocrx_word' id='word_1_718' title='bbox 1492 5410 1611 5463; x_wconf 74' lang='lat' dir='ltr'><strong>quae</strong></span> <span class='ocrx_word' id='word_1_719' title='bbox 1655 5392 1754 5461; x_wconf 88' lang='lat' dir='ltr'><strong>ipsi</strong></span> <span class='ocrx_word' id='word_1_720' title='bbox 1791 5392 1891 5446; x_wconf 91' lang='lat' dir='ltr'><strong>sibi</strong></span> <span class='ocrx_word' id='word_1_721' title='bbox 1934 5407 2025 5447; x_wconf 85' lang='lat' dir='ltr'><strong>es-</strong></span> 
     </span>
    </p>
   </div>
   <div class='ocr_carea' id='block_1_101' title="bbox 455 5483 2024 5556">
    <p class='ocr_par' dir='ltr' id='par_1_101' title="bbox 455 5483 2024 5556">
     <span class='ocr_line' id='line_1_101' title="bbox 455 5483 2024 5556; baseline -0.003 -15"><span class='ocrx_word' id='word_1_722' title='bbox 455 5497 577 5541; x_wconf 87' lang='lat' dir='ltr'><strong>sent</strong></span> <span class='ocrx_word' id='word_1_723' title='bbox 615 5487 923 5552; x_wconf 88' lang='lat' dir='ltr'><strong>contraria;</strong></span> <span class='ocrx_word' id='word_1_724' title='bbox 953 5503 972 5536; x_wconf 74' lang='grc' dir='ltr'><strong>ι</strong></span> <span class='ocrx_word' id='word_1_725' title='bbox 1010 5485 1202 5540; x_wconf 90' lang='lat' dir='ltr'><strong>ideone</strong></span> <span class='ocrx_word' id='word_1_726' title='bbox 1238 5500 1399 5556; x_wconf 93' lang='lat' dir='ltr'><strong>porro</strong></span> <span class='ocrx_word' id='word_1_727' title='bbox 1440 5484 1634 5540; x_wconf 90' lang='lat' dir='ltr'><strong>incerti</strong></span> <span class='ocrx_word' id='word_1_728' title='bbox 1673 5494 1831 5537; x_wconf 91' lang='lat' dir='ltr'><strong>erunt</strong></span> <span class='ocrx_word' id='word_1_729' title='bbox 1860 5483 2024 5537; x_wconf 92' lang='lat' dir='ltr'><strong>libro-</strong></span> 
     </span>
    </p>
   </div>
   <div class='ocr_carea' id='block_1_102' title="bbox 458 5575 2017 5645">
    <p class='ocr_par' dir='ltr' id='par_1_102' title="bbox 458 5575 2017 5645">
     <span class='ocr_line' id='line_1_102' title="bbox 458 5575 2017 5645; baseline -0.003 -14"><span class='ocrx_word' id='word_1_730' title='bbox 458 5593 574 5631; x_wconf 87' lang='lat' dir='ltr'><strong>rum</strong></span> <span class='ocrx_word' id='word_1_731' title='bbox 615 5588 885 5643; x_wconf 86' lang='lat' dir='ltr'><strong>auctores,</strong></span> <span class='ocrx_word' id='word_1_732' title='bbox 938 5578 981 5632; x_wconf 92' lang='lat' dir='ltr'><strong>si</strong></span> <span class='ocrx_word' id='word_1_733' title='bbox 1036 5593 1098 5632; x_wconf 91' lang='lat' dir='ltr'><strong>ea</strong></span> <span class='ocrx_word' id='word_1_734' title='bbox 1146 5578 1407 5631; x_wconf 81' lang='lat' dir='ltr'><strong>duntaxat</strong></span> <span class='ocrx_word' id='word_1_735' title='bbox 1461 5577 1563 5630; x_wconf 87' lang='lat' dir='ltr'><strong>illis</strong></span> <span class='ocrx_word' id='word_1_736' title='bbox 1613 5575 2017 5645; x_wconf 81' lang='lat' dir='ltr'><strong>abjudicentur,</strong></span> 
     </span>
    </p>
   </div>
   <div class='ocr_carea' id='block_1_103' title="bbox 455 5667 2023 5738">
    <p class='ocr_par' dir='ltr' id='par_1_103' title="bbox 455 5667 2023 5738">
     <span class='ocr_line' id='line_1_103' title="bbox 455 5667 2023 5738; baseline 0 -17"><span class='ocrx_word' id='word_1_737' title='bbox 455 5683 575 5738; x_wconf 77' lang='lat' dir='ltr'><strong>qua:</strong></span> <span class='ocrx_word' id='word_1_738' title='bbox 603 5668 826 5737; x_wconf 90' lang='lat' dir='ltr'><strong>reliquis</strong></span> <span class='ocrx_word' id='word_1_739' title='bbox 856 5668 1272 5723; x_wconf 79' lang='lat' dir='ltr'><strong>contradicunt?</strong></span> <span class='ocrx_word' id='word_1_740' title='bbox 1304 5670 1513 5736; x_wconf 88' lang='lat' dir='ltr'><strong>ecquod</strong></span> <span class='ocrx_word' id='word_1_741' title='bbox 1549 5667 1677 5721; x_wconf 91' lang='lat' dir='ltr'><strong>hinc</strong></span> <span class='ocrx_word' id='word_1_742' title='bbox 1706 5667 1808 5722; x_wconf 87' lang='lat' dir='ltr'><strong>sibi</strong></span> <span class='ocrx_word' id='word_1_743' title='bbox 1838 5676 2023 5736; x_wconf 84' lang='lat' dir='ltr'><strong>patro-</strong></span> 
     </span>
    </p>
   </div>
   <div class='ocr_carea' id='block_1_104' title="bbox 457 5758 2024 5827">
    <p class='ocr_par' dir='ltr' id='par_1_104' title="bbox 457 5758 2024 5827">
     <span class='ocr_line' id='line_1_104' title="bbox 457 5758 2024 5827; baseline -0.001 -13"><span class='ocrx_word' id='word_1_744' title='bbox 457 5758 652 5814; x_wconf 89' lang='lat' dir='ltr'><strong>cinium</strong></span> <span class='ocrx_word' id='word_1_745' title='bbox 676 5760 939 5827; x_wconf 86' lang='lat' dir='ltr'><strong>spondere</strong></span> <span class='ocrx_word' id='word_1_746' title='bbox 973 5770 1226 5827; x_wconf 88' lang='lat' dir='ltr'><strong>poterunt</strong></span> <span class='ocrx_word' id='word_1_747' title='bbox 1256 5758 1525 5825; x_wconf 78' lang='lat' dir='ltr'><strong>Marcion,</strong></span> <span class='ocrx_word' id='word_1_748' title='bbox 1567 5758 1915 5826; x_wconf 69' lang='lat' dir='ltr'><strong>Manichazus,</strong></span> <span class='ocrx_word' id='word_1_749' title='bbox 1972 5768 2024 5814; x_wconf 88' lang='lat' dir='ltr'><strong>et</strong></span> 
     </span>
    </p>
   </div>
   <div class='ocr_carea' id='block_1_105' title="bbox 2131 4570 3724 4643">
    <p class='ocr_par' dir='ltr' id='par_1_105' title="bbox 2131 4570 3724 4643">
     <span class='ocr_line' id='line_1_105' title="bbox 2131 4570 3724 4643; baseline 0.004 -20"><span class='ocrx_word' id='word_1_750' title='bbox 2131 4585 2193 4623; x_wconf 88' lang='lat' dir='ltr'><strong>ea</strong></span> <span class='ocrx_word' id='word_1_751' title='bbox 2230 4581 2435 4624; x_wconf 88' lang='lat' dir='ltr'><strong>tantum</strong></span> <span class='ocrx_word' id='word_1_752' title='bbox 2480 4572 2679 4641; x_wconf 89' lang='lat' dir='ltr'><strong>quibus</strong></span> <span class='ocrx_word' id='word_1_753' title='bbox 2724 4581 3090 4642; x_wconf 88' lang='lat' dir='ltr'><strong>repugnantes</strong></span> <span class='ocrx_word' id='word_1_754' title='bbox 3124 4574 3426 4627; x_wconf 88' lang='lat' dir='ltr'><strong>sententias</strong></span> <span class='ocrx_word' id='word_1_755' title='bbox 3452 4570 3724 4643; x_wconf 88' lang='lat' dir='ltr'><strong>Origenes</strong></span> 
     </span>
    </p>
   </div>
   <div class='ocr_carea' id='block_1_106' title="bbox 2133 4661 3723 4734">
    <p class='ocr_par' dir='ltr' id='par_1_106' title="bbox 2133 4661 3723 4734">
     <span class='ocr_line' id='line_1_106' title="bbox 2133 4661 3723 4734; baseline 0.004 -20"><span class='ocrx_word' id='word_1_756' title='bbox 2133 4664 2389 4717; x_wconf 89' lang='lat' dir='ltr'><strong>asseruit.</strong></span> <span class='ocrx_word' id='word_1_757' title='bbox 2426 4662 2482 4717; x_wconf 94' lang='lat' dir='ltr'><strong>ln</strong></span> <span class='ocrx_word' id='word_1_758' title='bbox 2518 4662 2742 4734; x_wconf 89' lang='lat' dir='ltr'><strong>epistola</strong></span> <span class='ocrx_word' id='word_1_759' title='bbox 2770 4679 2985 4731; x_wconf 87' lang='lat' dir='ltr'><strong>quoque</strong></span> <span class='ocrx_word' id='word_1_760' title='bbox 3018 4662 3088 4719; x_wconf 84' lang='lat'><strong>65</strong></span> <span class='ocrx_word' id='word_1_761' title='bbox 3131 4664 3197 4715; x_wconf 89' lang='lat' dir='ltr'><strong>ad</strong></span> <span class='ocrx_word' id='word_1_762' title='bbox 3227 4661 3643 4720; x_wconf 80' lang='lat' dir='ltr'><strong>Pammachiuin</strong></span> <span class='ocrx_word' id='word_1_763' title='bbox 3667 4677 3723 4720; x_wconf 87' lang='lat' dir='ltr'><strong>et</strong></span> 
     </span>
    </p>
   </div>
   <div class='ocr_carea' id='block_1_107' title="bbox 2132 4754 3725 4823">
    <p class='ocr_par' dir='ltr' id='par_1_107' title="bbox 2132 4754 3725 4823">
     <span class='ocr_line' id='line_1_107' title="bbox 2132 4754 3725 4823; baseline 0.003 -15"><span class='ocrx_word' id='word_1_764' title='bbox 2132 4754 2428 4819; x_wconf 87' lang='lat' dir='ltr'><strong>Oceanum,</strong></span> <span class='ocrx_word' id='word_1_765' title='bbox 2458 4768 2575 4823; x_wconf 89' lang='lat' dir='ltr'><strong>cap.</strong></span> <span class='ocrx_word' id='word_1_766' title='bbox 2604 4754 2658 4820; x_wconf 75' lang='grc'><strong>4,</strong></span> <span class='ocrx_word' id='word_1_767' title='bbox 2691 4754 2856 4807; x_wconf 89' lang='lat' dir='ltr'><strong>multa</strong></span> <span class='ocrx_word' id='word_1_768' title='bbox 2884 4756 2933 4808; x_wconf 90' lang='lat' dir='ltr'><strong>in</strong></span> <span class='ocrx_word' id='word_1_769' title='bbox 2968 4757 3216 4809; x_wconf 89' lang='lat' dir='ltr'><strong>eamdem</strong></span> <span class='ocrx_word' id='word_1_770' title='bbox 3244 4757 3577 4811; x_wconf 79' lang='lat' dir='ltr'><strong>sententiam</strong></span> <span class='ocrx_word' id='word_1_771' title='bbox 3603 4757 3725 4813; x_wconf 82' lang='lat' dir='ltr'><strong>Hie-</strong></span> 
     </span>
    </p>
   </div>
   <div class='ocr_carea' id='block_1_108' title="bbox 2135 4844 3721 4918">
    <p class='ocr_par' dir='ltr' id='par_1_108' title="bbox 2135 4844 3721 4918">
     <span class='ocr_line' id='line_1_108' title="bbox 2135 4844 3721 4918; baseline 0.001 -20"><span class='ocrx_word' id='word_1_772' title='bbox 2135 4859 2391 4913; x_wconf 88' lang='lat' dir='ltr'><strong>ronymus</strong></span> <span class='ocrx_word' id='word_1_773' title='bbox 2422 4844 2664 4913; x_wconf 87' lang='lat' dir='ltr'><strong>colligit,</strong></span> <span class='ocrx_word' id='word_1_774' title='bbox 2694 4846 2946 4914; x_wconf 89' lang='lat' dir='ltr'><strong>idemque</strong></span> <span class='ocrx_word' id='word_1_775' title='bbox 2976 4846 3161 4910; x_wconf 90' lang='lat' dir='ltr'><strong>habet,</strong></span> <span class='ocrx_word' id='word_1_776' title='bbox 3196 4848 3338 4915; x_wconf 91' lang='lat' dir='ltr'><strong>quod</strong></span> <span class='ocrx_word' id='word_1_777' title='bbox 3371 4846 3426 4900; x_wconf 95' lang='lat' dir='ltr'><strong>in</strong></span> <span class='ocrx_word' id='word_1_778' title='bbox 3458 4848 3721 4918; x_wconf 75' lang='lat' dir='ltr'><strong>Apologia</strong></span> 
     </span>
    </p>
   </div>
   <div class='ocr_carea' id='block_1_109' title="bbox 2132 4933 3718 5007">
    <p class='ocr_par' dir='ltr' id='par_1_109' title="bbox 2132 4933 3718 5007">
     <span class='ocr_line' id='line_1_109' title="bbox 2132 4933 3718 5007; baseline 0.003 -21"><span class='ocrx_word' id='word_1_779' title='bbox 2132 4937 2380 4989; x_wconf 72' lang='lat' dir='ltr'><strong>adversus</strong></span> <span class='ocrx_word' id='word_1_780' title='bbox 2418 4933 2665 5003; x_wconf 84' lang='lat' dir='ltr'><strong>Ru/inum</strong></span> <span class='ocrx_word' id='word_1_781' title='bbox 2697 4938 3030 5005; x_wconf 85' lang='lat' dir='ltr'><strong>propesitum</strong></span> <span class='ocrx_word' id='word_1_782' title='bbox 3060 4949 3165 5001; x_wconf 91' lang='lat' dir='ltr'><strong>est,</strong></span> <span class='ocrx_word' id='word_1_783' title='bbox 3195 4948 3249 4991; x_wconf 92' lang='lat' dir='ltr'><strong>et</strong></span> <span class='ocrx_word' id='word_1_784' title='bbox 3301 4953 3331 4991; x_wconf 90' lang='lat' dir='ltr'><strong>a</strong></span> <span class='ocrx_word' id='word_1_785' title='bbox 3366 4937 3527 4991; x_wconf 86' lang='lat' dir='ltr'><strong>nobis</strong></span> <span class='ocrx_word' id='word_1_786' title='bbox 3553 4953 3718 5007; x_wconf 83' lang='lat' dir='ltr'><strong>supra</strong></span> 
     </span>
    </p>
   </div>
   <div class='ocr_carea' id='block_1_110' title="bbox 2130 5026 3718 5099">
    <p class='ocr_par' dir='ltr' id='par_1_110' title="bbox 2130 5026 3718 5099">
     <span class='ocr_line' id='line_1_110' title="bbox 2130 5026 3718 5099; baseline 0.002 -19"><span class='ocrx_word' id='word_1_787' title='bbox 2130 5026 2485 5087; x_wconf 91' lang='lat' dir='ltr'><strong>confutatum.</strong></span> <span class='ocrx_word' id='word_1_788' title='bbox 2540 5042 2729 5096; x_wconf 87' lang='lat' dir='ltr'><strong>nempe</strong></span> <span class='ocrx_word' id='word_1_789' title='bbox 2771 5027 3083 5083; x_wconf 88' lang='lat' dir='ltr'><strong>defensores</strong></span> <span class='ocrx_word' id='word_1_790' title='bbox 3118 5029 3366 5099; x_wconf 89' lang='lat' dir='ltr'><strong>Origcnis</strong></span> <span class='ocrx_word' id='word_1_791' title='bbox 3417 5028 3718 5083; x_wconf 86' lang='lat' dir='ltr'><strong>Eusebium</strong></span> 
     </span>
    </p>
   </div>
   <div class='ocr_carea' id='block_1_111' title="bbox 2129 5117 3721 5189">
    <p class='ocr_par' dir='ltr' id='par_1_111' title="bbox 2129 5117 3721 5189">
     <span class='ocr_line' id='line_1_111' title="bbox 2129 5117 3721 5189; baseline 0 -18"><span class='ocrx_word' id='word_1_792' title='bbox 2129 5127 2185 5171; x_wconf 89' lang='lat' dir='ltr'><strong>et</strong></span> <span class='ocrx_word' id='word_1_793' title='bbox 2209 5117 2519 5189; x_wconf 83' lang='lat' dir='ltr'><strong>Didymum,</strong></span> <span class='ocrx_word' id='word_1_794' title='bbox 2540 5120 2639 5173; x_wconf 89' lang='lat' dir='ltr'><strong>hac</strong></span> <span class='ocrx_word' id='word_1_795' title='bbox 2666 5120 3013 5189; x_wconf 89' lang='lat' dir='ltr'><strong>responsione</strong></span> <span class='ocrx_word' id='word_1_796' title='bbox 3033 5134 3151 5188; x_wconf 53' lang='lat' dir='ltr'><strong>quae.</strong></span> <span class='ocrx_word' id='word_1_797' title='bbox 3169 5135 3236 5174; x_wconf 81' lang='lat' dir='ltr'><strong>ex</strong></span> <span class='ocrx_word' id='word_1_798' title='bbox 3256 5121 3518 5172; x_wconf 86' lang='lat' dir='ltr'><strong>librorum</strong></span> <span class='ocrx_word' id='word_1_799' title='bbox 3548 5119 3721 5189; x_wconf 81' lang='lat' dir='ltr'><strong>ipsius</strong></span> 
     </span>
    </p>
   </div>
   <div class='ocr_carea' id='block_1_112' title="bbox 2128 5209 3719 5279">
    <p class='ocr_par' dir='ltr' id='par_1_112' title="bbox 2128 5209 3719 5279">
     <span class='ocr_line' id='line_1_112' title="bbox 2128 5209 3719 5279; baseline -0.001 -15"><span class='ocrx_word' id='word_1_800' title='bbox 2128 5210 2577 5279; x_wconf 89' lang='lat' dir='ltr'><strong>constupratiune</strong></span> <span class='ocrx_word' id='word_1_801' title='bbox 2616 5213 2836 5279; x_wconf 91' lang='lat' dir='ltr'><strong>petitur,</strong></span> <span class='ocrx_word' id='word_1_802' title='bbox 2885 5211 3108 5265; x_wconf 90' lang='lat' dir='ltr'><strong>minime</strong></span> <span class='ocrx_word' id='word_1_803' title='bbox 3162 5225 3289 5263; x_wconf 89' lang='lat' dir='ltr'><strong>usos</strong></span> <span class='ocrx_word' id='word_1_804' title='bbox 3328 5209 3525 5265; x_wconf 88' lang='lat' dir='ltr'><strong>fuisse.</strong></span> <span class='ocrx_word' id='word_1_805' title='bbox 3577 5209 3719 5264; x_wconf 77' lang='lat' dir='ltr'><strong>Tum</strong></span> 
     </span>
    </p>
   </div>
   <div class='ocr_carea' id='block_1_113' title="bbox 2131 5300 3717 5372">
    <p class='ocr_par' dir='ltr' id='par_1_113' title="bbox 2131 5300 3717 5372">
     <span class='ocr_line' id='line_1_113' title="bbox 2131 5300 3717 5372; baseline 0.001 -18"><span class='ocrx_word' id='word_1_806' title='bbox 2131 5300 2251 5354; x_wconf 85' lang='lat' dir='ltr'><strong>ait:</strong></span> <span class='ocrx_word' id='word_1_807' title='bbox 2303 5320 2321 5351; x_wconf 72' lang='grc' dir='ltr'><strong>ι</strong></span> <span class='ocrx_word' id='word_1_808' title='bbox 2348 5300 2506 5355; x_wconf 83' lang='lat' dir='ltr'><strong>Solus</strong></span> <span class='ocrx_word' id='word_1_809' title='bbox 2547 5302 2801 5356; x_wconf 87' lang='lat' dir='ltr'><strong>inventus</strong></span> <span class='ocrx_word' id='word_1_810' title='bbox 2852 5311 2935 5356; x_wconf 89' lang='lat' dir='ltr'><strong>est</strong></span> <span class='ocrx_word' id='word_1_811' title='bbox 2980 5301 3266 5372; x_wconf 88' lang='lat' dir='ltr'><strong>Origenes,</strong></span> <span class='ocrx_word' id='word_1_812' title='bbox 3314 5302 3471 5369; x_wconf 84' lang='lat' dir='ltr'><strong>cujus</strong></span> <span class='ocrx_word' id='word_1_813' title='bbox 3507 5304 3717 5371; x_wconf 85' lang='lat' dir='ltr'><strong>scripta</strong></span> 
     </span>
    </p>
   </div>
   <div class='ocr_carea' id='block_1_114' title="bbox 2134 5390 3725 5453">
    <p class='ocr_par' dir='ltr' id='par_1_114' title="bbox 2134 5390 3725 5453">
     <span class='ocr_line' id='line_1_114' title="bbox 2134 5390 3725 5453; baseline 0.005 -10"><span class='ocrx_word' id='word_1_814' title='bbox 2134 5390 2188 5443; x_wconf 94' lang='lat' dir='ltr'><strong>in</strong></span> <span class='ocrx_word' id='word_1_815' title='bbox 2223 5401 2334 5445; x_wconf 87' lang='lat' dir='ltr'><strong>toto</strong></span> <span class='ocrx_word' id='word_1_816' title='bbox 2362 5391 2493 5446; x_wconf 75' lang='lat' dir='ltr'><strong>orbe</strong></span> <span class='ocrx_word' id='word_1_817' title='bbox 2524 5392 2877 5448; x_wconf 78' lang='lat' dir='ltr'><strong>falsarentur.</strong></span> <span class='ocrx_word' id='word_1_818' title='bbox 2903 5414 2923 5448; x_wconf 69' lang='grc' dir='ltr'><strong>ι</strong></span> <span class='ocrx_word' id='word_1_819' title='bbox 2960 5396 3111 5450; x_wconf 89' lang='lat' dir='ltr'><strong>Itane</strong></span> <span class='ocrx_word' id='word_1_820' title='bbox 3136 5395 3302 5450; x_wconf 83' lang='lat' dir='ltr'><strong>vero?</strong></span> <span class='ocrx_word' id='word_1_821' title='bbox 3327 5398 3529 5451; x_wconf 80' lang='lat' dir='ltr'><strong>Annon</strong></span> <span class='ocrx_word' id='word_1_822' title='bbox 3554 5413 3725 5453; x_wconf 81' lang='lat' dir='ltr'><strong>evan-</strong></span> 
     </span>
    </p>
   </div>
   <div class='ocr_carea' id='block_1_115' title="bbox 2133 5483 3717 5556">
    <p class='ocr_par' dir='ltr' id='par_1_115' title="bbox 2133 5483 3717 5556">
     <span class='ocr_line' id='line_1_115' title="bbox 2133 5483 3717 5556; baseline 0.003 -19"><span class='ocrx_word' id='word_1_823' title='bbox 2133 5483 2445 5553; x_wconf 88' lang='lat' dir='ltr'><strong>gelistarum</strong></span> <span class='ocrx_word' id='word_1_824' title='bbox 2476 5486 2951 5555; x_wconf 89' lang='lat' dir='ltr'><strong>apostolorumque</strong></span> <span class='ocrx_word' id='word_1_825' title='bbox 2998 5489 3199 5556; x_wconf 88' lang='lat' dir='ltr'><strong>scripta</strong></span> <span class='ocrx_word' id='word_1_826' title='bbox 3227 5487 3510 5542; x_wconf 81' lang='lat' dir='ltr'><strong>adulteras</strong></span> <span class='ocrx_word' id='word_1_827' title='bbox 3541 5489 3717 5542; x_wconf 67' lang='lat' dir='ltr'><strong>haere-</strong></span> 
     </span>
    </p>
   </div>
   <div class='ocr_carea' id='block_1_116' title="bbox 2133 5577 3718 5651">
    <p class='ocr_par' dir='ltr' id='par_1_116' title="bbox 2133 5577 3718 5651">
     <span class='ocr_line' id='line_1_116' title="bbox 2133 5577 3718 5651; baseline 0.004 -22"><span class='ocrx_word' id='word_1_828' title='bbox 2133 5577 2360 5630; x_wconf 88' lang='lat' dir='ltr'><strong>ticorum</strong></span> <span class='ocrx_word' id='word_1_829' title='bbox 2392 5592 2585 5632; x_wconf 89' lang='lat' dir='ltr'><strong>manus</strong></span> <span class='ocrx_word' id='word_1_830' title='bbox 2608 5581 2933 5633; x_wconf 77' lang='lat' dir='ltr'><strong>senserunt?</strong></span> <span class='ocrx_word' id='word_1_831' title='bbox 2959 5578 3155 5634; x_wconf 84' lang='lat' dir='ltr'><strong>Parum</strong></span> <span class='ocrx_word' id='word_1_832' title='bbox 3171 5594 3387 5650; x_wconf 88' lang='lat' dir='ltr'><strong>quoque</strong></span> <span class='ocrx_word' id='word_1_833' title='bbox 3409 5581 3718 5651; x_wconf 84' lang='lat' dir='ltr'><strong>valetquod</strong></span> 
     </span>
    </p>
   </div>
   <div class='ocr_carea' id='block_1_117' title="bbox 2130 5667 3718 5743">
    <p class='ocr_par' dir='ltr' id='par_1_117' title="bbox 2130 5667 3718 5743">
     <span class='ocr_line' id='line_1_117' title="bbox 2130 5667 3718 5743; baseline 0.004 -24"><span class='ocrx_word' id='word_1_834' title='bbox 2130 5667 2500 5722; x_wconf 88' lang='lat' dir='ltr'><strong>subnectitur:</strong></span> <span class='ocrx_word' id='word_1_835' title='bbox 2539 5689 2556 5721; x_wconf 80' lang='grc' dir='ltr'><strong>ι</strong></span> <span class='ocrx_word' id='word_1_836' title='bbox 2583 5669 2700 5740; x_wconf 91' lang='lat' dir='ltr'><strong>Ipse</strong></span> <span class='ocrx_word' id='word_1_837' title='bbox 2726 5670 2988 5742; x_wconf 82' lang='lat' dir='ltr'><strong>Origenes</strong></span> <span class='ocrx_word' id='word_1_838' title='bbox 3028 5674 3080 5727; x_wconf 95' lang='lat' dir='ltr'><strong>in</strong></span> <span class='ocrx_word' id='word_1_839' title='bbox 3110 5673 3332 5742; x_wconf 89' lang='lat' dir='ltr'><strong>epistola</strong></span> <span class='ocrx_word' id='word_1_840' title='bbox 3381 5688 3552 5743; x_wconf 86' lang='lat' dir='ltr'><strong>quam</strong></span> <span class='ocrx_word' id='word_1_841' title='bbox 3583 5676 3718 5729; x_wconf 86' lang='lat' dir='ltr'><strong>scri-</strong></span> 
     </span>
    </p>
   </div>
   <div class='ocr_carea' id='block_1_118' title="bbox 2132 5759 3719 5841">
    <p class='ocr_par' dir='ltr' id='par_1_118' title="bbox 2132 5759 3719 5841">
     <span class='ocr_line' id='line_1_118' title="bbox 2132 5759 3719 5841; baseline 0.003 -27"><span class='ocrx_word' id='word_1_842' title='bbox 2132 5759 2211 5815; x_wconf 86' lang='lat' dir='ltr'><strong>bit</strong></span> <span class='ocrx_word' id='word_1_843' title='bbox 2237 5761 2302 5815; x_wconf 90' lang='lat' dir='ltr'><strong>ad</strong></span> <span class='ocrx_word' id='word_1_844' title='bbox 2338 5761 2636 5818; x_wconf 85' lang='lat' dir='ltr'><strong>Fabianum</strong></span> <span class='ocrx_word' id='word_1_845' title='bbox 2660 5804 2682 5841; x_wconf 47' lang='grc' dir='ltr'>ε</span> <span class='ocrx_word' id='word_1_846' title='bbox 2710 5764 3085 5834; x_wconf 62' lang='lat' dir='ltr'><strong>paenitentiam</strong></span> <span class='ocrx_word' id='word_1_847' title='bbox 3109 5768 3241 5835; x_wconf 85' lang='lat' dir='ltr'><strong>agit,</strong></span> <span class='ocrx_word' id='word_1_848' title='bbox 3274 5781 3372 5821; x_wconf 87' lang='lat' dir='ltr'><strong>cur</strong></span> <span class='ocrx_word' id='word_1_849' title='bbox 3431 5766 3562 5821; x_wconf 84' lang='lat' dir='ltr'><strong>talia</strong></span> <span class='ocrx_word' id='word_1_850' title='bbox 3588 5766 3719 5822; x_wconf 60' lang='lat' dir='ltr'><strong>serio</strong></span> 
     </span>
    </p>
   </div>
  </div>
