3834 6226
116 359 254 415 1301

1193 352 1769 421 ORIGENIANORUM
1811 363 1941 419 LIB.
1984 364 2051 431 Il,
2091 362 2242 423 CAP.
2286 361 2384 422 Ill.

3248 368 3388 427 HO?

112 474 323 541 pserit;
365 481 423 529 et
453 488 672 530 causam
700 475 1025 532 temeritatis
1054 475 1108 531 in
1132 478 1472 536 Ambrosium
1508 483 1696 551 refert,
1727 494 1773 551 Α
1808 484 2114 552 requirendi
2149 498 2269 539 esse
2308 485 2590 553 discussa;
2622 504 2640 538 ι
2676 494 2728 541 et
2762 488 2918 555 paulo
2945 497 3086 557 post,
3124 504 3271 545 num.
3308 494 3377 548 5:

112 568 261 633 quod
294 576 508 621 secreto
539 568 683 621 edita
735 568 788 622 in
840 569 1110 639 publicum
1152 573 1479 642 protulerit:
1510 595 1530 629 ι
1565 592 1689 631 nam

113 672 218 711 nec
250 658 539 715 haereticus
572 660 660 713 ille
688 670 789 725 est,
827 675 925 715 nec
955 664 1233 720 habendus
1258 676 1368 732 est,
1402 682 1575 737 quem
1611 680 1695 726 te-
1735 660 1738 669 ’

114 765 268 805 mere
301 750 573 805 dictorum
603 754 860 822 paenituit
924 754 1078 809 Aliud
1111 767 1373 826 praeterea
1402 760 1485 814 his
1512 763 1691 817 verbis

112 845 357 913 suggerit
405 844 561 899 nobis
614 844 937 901 defendendi
994 846 1249 919 Origenis
1309 862 1689 920 argumentum

113 932 508 1005 Hieronymus;
560 951 841 1006 perperam
893 940 1101 995 scilicet
1137 942 1204 995 ab
1252 941 1540 997 Ambrosio
1574 943 1694 998 vul-

109 1034 269 1097 gatos
298 1028 464 1084 fuisse
502 1029 746 1094 codices,
782 1045 917 1099 quos
961 1031 1372 1088 exercitationis
1403 1034 1573 1102 gratia
1605 1049 1692 1089 se-

108 1129 267 1172 creto
304 1118 565 1189 Origenes
589 1121 1024 1177 elucubraveret.
1076 1121 1212 1177 Hinc
1240 1123 1479 1193 denique
1527 1124 1689 1181 refel-

106 1211 241 1265 litur
278 1212 408 1266 illud
439 1211 655 1267 Baronii
696 1214 764 1267 ad
796 1229 884 1268 an.
916 1214 1059 1279 232,
1099 1229 1220 1283 cap.
1250 1214 1319 1268 lO
1348 1226 1361 1269 ε
1397 1232 1416 1266 ‹
1444 1216 1512 1270 At
1541 1215 1595 1270 in
1620 1231 1688 1273 eo

106 1309 260 1356 certe
290 1302 468 1356 minus
493 1302 847 1357 excusatione
872 1303 1067 1374 dignus
1093 1317 1215 1359 esse
1258 1305 1490 1374 videtur,
1541 1306 1685 1376 quod

105 1410 235 1449 cum
282 1395 449 1449 sciret
493 1396 690 1450 sua‘ab
717 1396 974 1452 omnibus
1007 1396 1333 1467 impugnari,
1368 1408 1689 1456 retractato-

103 1485 251 1539 rium
285 1485 487 1539 nullum
517 1487 751 1542 ediderit
782 1490 1266 1554 commentarium;
1304 1504 1428 1544 cum
1464 1490 1563 1561 ipsi
1602 1500 1687 1547 ta-

104 1590 233 1631 men
261 1577 397 1633 satis
421 1579 515 1631 otii
554 1589 608 1632 et
643 1581 902 1651 temporis
928 1580 1278 1652 superfuerit,
1313 1592 1371 1637 ut
1398 1588 1464 1637 ad
1499 1599 1689 1641 omnes

104 1670 391 1726 catholica:
420 1672 542 1726 fidei
576 1688 853 1738 numeros,
894 1685 1088 1729 cuncta
1135 1689 1257 1745 quae
1306 1693 1334 1728 a
1372 1691 1432 1731 se
1478 1678 1686 1747 scripta

102 1774 312 1829 essent,
344 1774 757 1835 attemperaret:
780 1785 800 1819 ι
836 1781 958 1821 nam
984 1776 1037 1822 et
1067 1783 1164 1838 pro
1196 1770 1509 1824 retractario
1536 1786 1684 1824 com-

1805 597 1823 628 ε
1862 578 1984 631 llaec
2017 587 2175 647 prout
2202 579 2473 648 potuimus
2515 581 2581 634 de
2630 581 2933 636 rationabili
2984 584 3161 636 anima
3188 584 3376 640 discu-

1802 669 1984 722 tienda
2020 674 2191 739 magis
2221 687 2248 721 a
2275 670 2595 740 legentibus,
2635 686 2797 740 quam
2822 684 3022 729 statuta
3051 690 3114 729 ac
3155 678 3375 731 definita

1796 764 2139 833 protulimus.
2187 782 2205 816 ι
2254 763 2416 817 Plena
2467 774 2593 818 sunt
2641 766 2899 837 ejusmodi
2949 770 3373 823 obtestationum

1795 857 1999 923 omnia,
2057 870 2087 909 e
2145 857 2340 925 quibus
2412 858 2696 913 nonnullas
2763 861 2979 915 adducit
3058 860 3372 932 Pamphilus

1795 962 1944 1001 suam
1971 960 2065 1015 pro
2098 946 2323 1017 Origene
2347 947 2661 1019 Apologiam
2693 952 3002 1015 exordiens,
3035 965 3099 1004 ex
3140 950 3365 1019 ejusque

1793 1037 2132 1091 haesitatione
2152 1036 2543 1090 validissimum
2578 1039 2759 1093 tuendi
2793 1039 2959 1108 ipsius
2991 1050 3368 1110 argumentum

1793 1129 1980 1194 sumit,
2019 1129 2181 1199 idque
2219 1143 2325 1183 non
2359 1130 2523 1185 semel
2569 1132 2897 1187 adversariis
2940 1131 3194 1199 obiectat.
3235 1134 3369 1189 Hinc

1791 1222 2091 1278 Gulielmus
2143 1222 2463 1279 Parisiensis
2518 1224 2570 1279 in
2639 1234 2776 1291 part.
2831 1236 2873 1291 ι,
2946 1224 3022 1279 De
3084 1227 3365 1291 universo,

1791 1329 1909 1385 cap.
1945 1316 2033 1384 I9,
2064 1319 2179 1373 haec
2209 1321 2396 1376 scribit
2428 1339 2441 1374 :
2479 1337 2498 1372 α
2539 1319 2675 1374 Hinc
2702 1329 2789 1375 est
2825 1331 2980 1372 error
3008 1319 3099 1387 qui
3145 1321 3369 1387 imposis

1791 1419 1878 1464 tus
1909 1411 2010 1465 fult
2053 1425 2083 1464 a
2123 1412 2443 1479 quibusdam
2492 1411 2581 1465 uni
2632 1426 2663 1465 e
2720 1410 3005 1481 praecipuis
3056 1410 3368 1466 ductoribus

1791 1504 2247 1571 Christianorum,
2275 1514 2330 1560 et
2367 1507 2468 1559 iste
2514 1504 2614 1558 fuit
2659 1519 2690 1558 e
2725 1486 3061 1573 sapientibus
3103 1486 3365 1571 theologis

1789 1593 2124 1661 Graecorum,
2156 1606 2210 1651 et
2229 1605 2449 1651 vocatus
2488 1595 2589 1649 fuit
2615 1596 2903 1666 Origenes.
2934 1596 3231 1663 Apparebit
3266 1610 3366 1649 au-

1791 1694 1897 1740 tem
1924 1686 2016 1741 tibi
2050 1688 2222 1757 ipsum
2243 1687 2544 1741 nullatenus
2572 1700 2635 1741 ex
2681 1687 2947 1742 sententia
2982 1696 3035 1740 et
3064 1687 3364 1741 assertione

1791 1778 2016 1832 dixisse.
2047 1795 2065 1829 ι
2095 1777 2194 1843 Qui
2236 1780 2411 1833 minus
2442 1787 2619 1832 autem
2642 1778 2782 1833 hanc
2817 1792 2914 1847 pro
2937 1777 3168 1847 Origene
3206 1794 3365 1833 excua

103 1858 365 1911 meritorio
397 1857 581 1913 haberi
618 1868 797 1929 potest
847 1858 935 1913 illa
977 1859 1043 1913 ad
1084 1860 1382 1915 Fabianum
1428 1861 1680 1931 epistola,
1714 1843 1757 1899 Β
1786 1867 2051 1921 sationem
2083 1869 2492 1938 usurpabimus,
2522 1883 2644 1923 cum
2684 1843 2929 1923 eamdem
2976 1843 3073 1938 pro
3110 1868 3360 1936 Origenis

101 1955 163 2000 et
193 1946 328 2002 alios
356 1947 578 2018 insuper
628 1945 855 2004 fortasse
905 1948 1143 2019 scripsit,
1192 1960 1461 2005 vetustate
1490 1951 1683 2007 deinde

102 2048 476 2109 consumptos.

181 2127 273 2184 XI.
308 2129 438 2197 Quae
474 2131 541 2186 ad
588 2128 910 2203 frangendas
943 2130 1192 2203 Origenis
1241 2142 1678 2205 oppugnatorum

102 2222 500 2289 accusationes,
528 2236 765 2291 eumque
788 2224 1047 2280 adversus
1075 2222 1375 2281 calumnias
1401 2229 1680 2296 tuendum,

101 2323 160 2368 et
204 2316 499 2370 immunem
546 2316 701 2387 culpa
758 2318 1122 2387 praestandum
1183 2316 1366 2373 valere
1409 2310 1677 2387 pateram,

104 2408 423 2479 collegimus
454 2428 467 2464 :
501 2426 645 2465 nunc
683 2410 812 2481 quid
844 2413 911 2466 ad
943 2427 1065 2466 eum
1094 2412 1488 2478 excusandum,
1529 2422 1586 2468 et
1613 2413 1679 2467 ad

100 2502 505 2558 conciliandum
546 2503 695 2570 huic,
738 2504 903 2559 etiam
949 2506 1178 2574 erranti,
1216 2507 1492 2561 hominum
1526 2505 1681 2562 favo-

101 2606 219 2647 rem
255 2591 520 2656 conferat,
548 2593 846 2649 videamus.
878 2594 1239 2651 Utilissimum
1263 2606 1348 2652 est
1386 2596 1439 2650 in
1465 2597 1676 2665 primis,

102 2686 249 2757 quod
283 2685 483 2739 nullam
534 2685 587 2739 in
634 2689 999 2755 proponendis
1042 2689 1389 2756 opinionibus
1433 2692 1678 2754 pervica-

102 2776 271 2840 ciam,
330 2774 530 2829 nullam
590 2776 643 2830 in
696 2776 1050 2833 defendendis
1110 2780 1498 2848 pertinaciam,
1561 2794 1680 2850 qua:

102 2872 375 2941 praecipua
433 2871 702 2926 haereseos
751 2878 877 2926 nota
929 2879 1048 2935 est,
1112 2885 1224 2940 prae
1283 2884 1342 2926 se
1390 2869 1535 2937 fert,
1584 2872 1679 2927 sed

98 2961 371 3017 ﬂuctuans
401 2976 616 3032 semper
645 2970 700 3016 et
721 2962 962 3017 incertus
989 2963 1223 3033 cogitata
1256 2977 1354 3019 sua
1385 2962 1591 3031 profert
1623 2965 1677 3021 in

98 3056 362 3120 medium,
393 3054 618 3109 solemni
647 3054 748 3109 hac
780 3053 966 3110 vocula
1000 3056 1235 3127 μήποτε,
1276 3072 1397 3127 quae
1427 3057 1680 3113 haesitan-

100 3151 174 3204 tis
202 3160 303 3215 est,
330 3150 594 3205 lectorum
630 3148 840 3205 animos
867 3165 1159 3220 occupans,
1194 3163 1249 3208 et
1280 3154 1672 3223 disputationes
1701 3192 1748 3255 ϐ

96 3258 230 3299 suas
256 3244 493 3311 ordiens,
519 3244 844 3314 easdemque
866 3254 1121 3300 consueta
1149 3247 1508 3301 obtestatione
1537 3263 1669 3302 cons

98 3337 353 3401 eludens,
379 3350 483 3406 qua
514 3338 798 3393 universos
829 3338 894 3392 ad
916 3339 1021 3391 alia
1054 3340 1441 3408 perscrutanda
1467 3349 1521 3394 et
1544 3356 1672 3411 pro-

97 3431 350 3496 ponenda
392 3431 678 3498 hortatur,
728 3440 980 3501 paratum
1028 3445 1085 3485 se
1131 3430 1443 3501 significans
1481 3448 1510 3486 a
1561 3434 1673 3489 suis

96 3522 399 3587 discedere,
444 3523 513 3576 ad
563 3523 783 3577 meliora
837 3523 1097 3577 transire.
1147 3521 1300 3593 Saepe
1347 3524 1561 3593 quidem
1617 3524 1671 3579 in

96 3614 256 3670 libris
284 3615 423 3683 Περὶ
456 3609 657 3685 ἀρχῶν
685 3615 1073 3671 dubitationem
1098 3631 1250 3670 suam
1287 3617 1508 3683 fatetur,
1555 3616 1668 3670 vel-

95 3717 159 3761 ut
192 3705 285 3761 lib.
314 3722 352 3770 l,
384 3722 502 3777 cap.
537 3706 594 3772 6,
630 3723 777 3762 num.
822 3708 848 3762 ‘I
886 3724 901 3762 :
944 3727 963 3760 ί
1004 3707 1133 3774 Quae
1180 3708 1392 3779 quidem
1438 3723 1468 3762 a
1516 3701 1673 3764 nobis

96 3794 267 3849 etiam
302 3811 426 3851 cum
456 3811 649 3868 magno
680 3808 821 3854 metu
848 3807 902 3853 et
932 3798 1143 3852 cautela
1171 3799 1443 3864 dicuntur,
1493 3799 1674 3854 discu-

97 3889 363 3945 tientibus
399 3891 570 3962 magis
598 3901 649 3947 et
690 3892 1172 3962 pertractantibus,
1208 3905 1370 3961 quam
1403 3903 1501 3960 pro
1521 3901 1671 3947 certo

96 3996 164 4036 ac
188 3982 411 4037 definito
439 3984 820 4039 statuentibus.
870 3983 1168 4039 Indicatnm
1195 3999 1466 4053 namquea
1510 3983 1665 4038 nobis

95 4074 150 4129 in
184 4075 557 4143 superioribus
592 4083 694 4143 est,
730 4091 851 4145 quae
893 4077 1005 4131 sint
1032 4077 1097 4131 de
1139 4078 1335 4145 quibus
1378 4075 1664 4130 manifesto

94 4168 349 4237 dogmate
382 4168 780 4223 terminandum
815 4169 906 4233 sit,
932 4169 1073 4237 quod
1116 4178 1169 4223 et
1196 4181 1292 4238 pro
1330 4170 1538 4224 viribus
1569 4183 1668 4223 nos

94 4257 293 4313 fecisse
334 4268 482 4327 puto,
539 4273 661 4314 cum
700 4260 767 4314 de
792 4257 1058 4314 Trinitate
1099 4260 1461 4329 loqueremur.
1516 4258 1670 4313 Nunc

93 4362 277 4406 autem
331 4351 636 4420 disputandi
684 4352 867 4421 specie
906 4354 1094 4421 magis,
1151 4366 1310 4420 quam
1354 4351 1667 4418 definiendi,

93 4453 259 4513 prout
288 4459 591 4513 possumus,
634 4458 996 4499 exercemur:
1034 4462 1053 4494 ι
1098 4444 1243 4512 quod
1279 4442 1444 4497 iterat
1472 4442 1524 4497 in
1562 4443 1668 4507 line

1783 1958 2047 2027 discipulo
2092 1950 2352 2029 Gregorio
2382 1958 2787 2029 Thaumaturgo
2831 1963 3175 2029 usurpaverit
3209 1962 3359 2016 Basia

1782 2050 1908 2116 lius,
1943 2053 2105 2121 epist.
2145 2051 2251 2107 64?
2305 2050 2500 2107 Merito
2539 2052 2722 2121 itaque
2778 2050 3222 2119 Joannes,Picus
3257 2054 3360 2107 Mi-

1774 2143 2133 2209 ‘randulanus,
2168 2146 2408 2200 secundo
2438 2143 2666 2199 articulo
2696 2144 2965 2213 Apologia:
2986 2160 3082 2212 pro
3105 2143 3353 2214 Origene,

1781 2236 1974 2306 probat
2010 2252 2155 2302 eum,
2188 2237 2232 2291 si
2261 2237 2387 2302 quid
2420 2236 2540 2291 fidei
2572 2238 2749 2290 minus
2777 2252 3075 2291 consonum
3103 2237 3351 2306 scripsit,

1787 2345 1807 2383 t
1855 2344 2027 2400 neque
2058 2332 2385 2401 dogmatice,
2414 2343 2589 2399 neque
2624 2332 2903 2395 assertive,
2935 2330 3028 2385 sed
3057 2329 3355 2384 dubitative

1782 2438 1992 2495 semper
2018 2432 2071 2479 et
2089 2424 2395 2494 inquisitive
2423 2423 2749 2494 procedere;
2788 2440 2807 2474 ι
2845 2424 3117 2492 multaque
3163 2422 3354 2492 ‘Jt‘ige‘

1782 2516 1866 2571 nis
1882 2514 2321 2586 congregatloca,
2342 2513 2393 2567 in
2413 2514 2606 2582 quibus
2627 2522 2849 2581 apparet
2871 2512 3036 2581 ipsius
3056 2509 3353 2567 ﬂuctuatio.

1851 2604 2073 2662 Multum
2100 2608 2261 2663 etiam
2305 2607 2622 2661 modestiam
2649 2604 2919 2673 Origcnis,
2961 2615 3018 2658 et
3059 2608 3356 2664 submissos

1780 2716 1844 2755 ac
1869 2699 2096 2755 humiles
2124 2700 2189 2753 de
2228 2713 2308 2764 se,
2332 2709 2538 2767 snaque
2583 2698 2830 2752 doctrina
2870 2712 3058 2752 sensus
3097 2701 3356 2768 praedicat

1779 2788 2090 2861 Pamphilus
2131 2790 2286 2845 initio
2316 2790 2584 2860 Apologia:
2612 2804 2631 2842 :
2664 2799 2718 2845 et
2764 2792 2995 2858 merito;
3038 2792 3169 2861 quid
3205 2795 3353 2848 enim

1782 2891 1889 2937 tam
1926 2882 1998 2936 ab
2028 2881 2217 2935 haeresi
2246 2880 2503 2948 alienum,
2550 2878 2702 2948 cujus
2730 2888 2908 2937 certus
2935 2884 3222 2940 character
3266 2890 3353 2939 est

1779 2975 2070 3047 superbia?
2102 2973 2326 3029 Factum
2372 2974 2553 3044 itaque
2591 2975 2795 3043 optime
2838 2985 2922 3030 est
2969 2977 3035 3030 ab
3083 2976 3349 3043 Ilalloxio,

1779 3085 1901 3124 cum
1949 3070 2002 3123 in
2053 3069 2170 3138 ejus
2207 3068 2561 3122 contestanda
2611 3067 2938 3122 demissione
2979 3077 3033 3122 et
3088 3069 3351 3125 modestia

1780 3174 2000 3228 operam
2030 3172 2182 3211 suam
2216 3156 2414 3226 posuit,
2462 3166 2516 3210 et
2536 3155 2652 3211 loca
2701 3156 2871 3226 ipsius
2923 3158 3090 3212 multa
3128 3173 3352 3214 coacera

1778 3251 1940 3315 vavil,
1968 3249 2118 3319 Orig.
2143 3250 2342 3316 deleas.
2368 3245 2460 3299 lib.
2483 3260 2543 3312 ιι,
2570 3260 2690 3314 cap.
2715 3245 2770 3300 2.

1852 3340 1961 3397 XII.
2022 3342 2160 3409 Quid
2215 3342 2355 3411 quod
2416 3341 2811 3396 interneeinum
2882 3350 3005 3394 cum
3081 3340 3352 3397 haereticis

1775 3436 1969 3489 bellum
1990 3444 2249 3505 perpetuo
2278 3436 2417 3505 gerit
2450 3434 2734 3503 Origenes,
2761 3433 3176 3501 Valentinianis,
3208 3434 3351 3489 Mare

1776 3523 2040 3590 ciouistis,
2073 3523 2443 3589 Basilidianis,
2474 3524 2744 3592 Apellitis,
2774 3522 3090 3579 Helcesaitis
3117 3541 3131 3587 ;
3170 3539 3346 3595 eaque

1775 3614 1946 3667 teneri
1981 3628 2045 3669 ac
2084 3614 2510 3669 crediduntaxat
2529 3615 2701 3683 jubet,
2728 3628 2847 3682 qua:
2888 3614 2955 3667 ab
2995 3612 3236 3669 Ecclesia
3262 3630 3349 3667 res

1773 3720 1928 3778 cepta
1974 3716 2119 3762 sunt.
2163 3726 2181 3758 ε
2220 3702 2313 3759 Illa
2344 3706 2480 3769 sola,
2530 3723 2549 3756 ι
2592 3704 2766 3774 inquit
2793 3704 2862 3770 ,in
2896 3702 3168 3760 Prooentio
3204 3705 3345 3761 lib.t

1773 3800 1912 3869 Περὶ
1939 3797 2159 3869 ἀρχῶν,
2187 3814 2335 3852 num.
2369 3790 2428 3862 2,
2479 3815 2498 3848 ‹
2543 3796 2807 3853 credenda
2856 3804 2940 3851 est
2974 3798 3195 3860 veritas,
3229 3810 3348 3867 qua:

1774 3892 1825 3946 in
1872 3890 2018 3945 nullo
2067 3890 2138 3945 ab
2185 3888 2553 3943 ecclesiastica
2607 3897 2662 3941 et
2720 3888 3014 3956 apostolica
3075 3890 3349 3943 discordat

1774 3983 2085 4048 traditione,
2136 4000 2155 4034 ι
2204 3981 2345 4050 Quod
2400 3993 2540 4050 saepe
2593 3981 2835 4046 repetit;
2873 3988 2929 4033 et
2982 3981 3347 4037 homil.16in

1773 4074 1902 4129 Luc.
1934 4091 1952 4128 :
1984 4091 2003 4125 ι
2046 4072 2157 4143 Ego
2184 4082 2313 4127 vero
2338 4073 2461 4141 quia
2500 4081 2627 4140 opto
2685 4086 2804 4125 esse
2832 4072 3250 4140 ecclesiasticus,
3291 4078 3347 4128 et

1773 4183 1879 4221 non
1915 4166 1981 4219 ab
2016 4164 2377 4219 haeresiarcha
2411 4162 2610 4233 aliquo,
2651 4163 2744 4219 sed
2779 4178 2809 4217 a
2844 4162 3045 4218 Christi
3082 4164 3346 4221 vocabulo

1773 4256 2096 4325 nuncupari,
2136 4265 2191 4310 et
2218 4252 2418 4310 habere
2453 4271 2648 4340 tgomen
2694 4256 2837 4325 quod
2873 4255 3223 4310 bettedit-etur
3252 4271 3346 4309 su-

1772 4367 1868 4421 per
1899 4360 2123 4416 terram,
2160 4362 2217 4405 et
2272 4351 2429 4420 cupio
2482 4361 2589 4404 tam
2638 4366 2819 4422 Opere,
2865 4361 3027 4421 quam
3077 4368 3239 4407 sensu
3288 4358 3345 4409 et

1771 4460 1893 4501 esse
1923 4454 1977 4500 et
2022 4445 2128 4500 dici
2158 4444 2523 4510 Christianus,
2552 4445 2814 4513 aequalem
2847 4455 2902 4499 et
2932 4446 2983 4499 in
3012 4446 3179 4499 veteri
3202 4456 3257 4499 et
3287 4448 3342 4502 itl

95 4535 295 4603 capitis
341 4532 580 4602 ejusdem
648 4543 701 4587 et
747 4532 900 4588 initio
941 4531 1237 4601 sequentis.
1295 4531 1367 4584 De
1414 4532 1666 4586 incarnaa
1699 4549 1743 4605 ι)
1775 4553 1909 4592 noua
1960 4536 2077 4605 lege
2128 4552 2312 4606 quaero
2388 4537 2673 4591 rationem.
2741 4555 2760 4588 ι
2826 4534 2980 4593 Unde
3030 4537 3343 4609 Pamphilus

95 4627 243 4679 tione
286 4624 485 4681 Christi
531 4626 777 4680 dicturus
820 4624 935 4678 llaec
998 4624 1254 4693 praefatur
1301 4623 1389 4677 lib.
1438 4639 1476 4677 ιι
1522 4623 1666 4691 Περὶ

91 4715 316 4786 ἀρχῶν,
346 4731 467 4787 cap.
502 4716 556 4782 6,
600 4732 748 4771 num.
793 4718 868 4771 Ξῖ
905 4734 924 4768 ι
966 4717 1040 4772 De
1073 4731 1179 4785 quo
1207 4731 1305 4769 nos
1347 4730 1449 4769 non
1500 4727 1669 4771 teme-

94 4813 258 4865 ritate
283 4809 482 4879 aliqua,
528 4811 622 4865 sed
666 4811 919 4880 quoniam
970 4809 1103 4864 ordo
1145 4808 1249 4863 loci
1302 4808 1565 4878 deposcit,
1597 4823 1664 4863 ea

92 4904 270 4973 magis
308 4915 427 4972 quae
458 4904 590 4957 fides
618 4913 801 4957 nostra
832 4902 1090 4969 continet,
1128 4916 1287 4970 quam
1328 4916 1447 4970 qua:
1473 4903 1666 4954 huma'

94 5013 182 5053 nae
214 4996 443 5050 rationis
477 4996 709 5051 assertio
735 4995 1013 5050 vindicare
1046 4993 1206 5059 solet,
1244 5010 1405 5063 quam
1444 4994 1664 5062 paucis-

93 5088 247 5142 simis
277 5087 631 5156 proferemus,
666 5086 1003 5156 suspiciones
1026 5086 1207 5155 potius
1238 5096 1470 5152 nostras,
1505 5100 1665 5154 quam

92 5180 416 5236 manifestas
447 5179 655 5249 aliquas
685 5178 1067 5233 aﬂirmationes
1101 5178 1155 5231 in
1207 5178 1440 5232 medium
1486 5176 1665 5244 profe-

93 5285 297 5331 rentes.
332 5292 352 5327 ι
385 5271 496 5327 Nec
527 5272 690 5326 aliter
725 5285 878 5326 suam
922 5272 988 5326 de
1012 5270 1192 5327 anima
1245 5270 1663 5339 disputationem

93 5363 268 5432 accipi
320 5362 464 5426 vult;
515 5362 591 5415 ait
641 5362 786 5415 enim
831 5361 883 5415 in
932 5358 1121 5414 eodem
1173 5359 1266 5414 lib.
1307 5374 1345 5412 ιι
1385 5359 1523 5426 Περὶ
1558 5354 1664 5427 ἀρά

90 5451 237 5527 χῶν,
268 5468 385 5521 cap.
414 5453 466 5516 8,
503 5467 653 5508 num.
687 5450 759 5505 4:
800 5468 820 5502 ε
847 5447 1228 5504 Verumtamen
1266 5452 1407 5520 quod
1430 5450 1666 5505 diximus

94 5555 329 5600 mentem
367 5543 419 5597 in
458 5542 691 5596 animam
721 5542 881 5609 verti,
914 5542 999 5596 vel
1026 5541 1199 5611 siqua
1225 5541 1327 5595 alia
1368 5542 1421 5595 in
1453 5543 1557 5597 hoc
1584 5542 1664 5597 vi-

92 5637 293 5691 dentur
315 5636 581 5703 aspicere,
613 5635 865 5690 discutiat
892 5636 1032 5703 apud
1073 5650 1132 5689 se
1164 5635 1255 5704 qui
1283 5635 1412 5702 legit
1435 5635 1667 5707 diligen-

86 5732 203 5795 tius
255 5741 311 5785 et
349 5740 682 5801 pertractet;
744 5745 775 5785 a
827 5729 982 5784 nobis
1033 5737 1211 5783 tamen
1266 5742 1372 5782 non
1409 5737 1666 5797 putentur

86 5816 243 5883 velut
275 5824 526 5897 dogmata
553 5838 675 5883 esse
707 5822 935 5897 prolata,
978 5821 1073 5879 sed
1115 5820 1382 5878 tractandi
1418 5836 1567 5881 more
1601 5838 1665 5883 ac

1768 4628 2036 4699 Apologia:
2090 4646 2215 4699 cap.
2272 4629 2298 4683 1
2336 4648 2351 4685 :
2406 4649 2425 4683 ε
2484 4630 2597 4687 Hoc
2637 4632 2776 4686 idem
2815 4629 2945 4685 facit
2987 4631 3151 4686 etiam
3192 4631 3340 4701 (Ori-

1769 4721 1952 4792 genes)
2003 4735 2126 4775 cum
2168 4721 2543 4777 haereticorum
2604 4722 2826 4777 discutit
2877 4731 3076 4787 sectas,
3143 4725 3342 4793 quibus

1767 4812 2021 4867 omnibus
2062 4809 2355 4866 confutatis
2404 4820 2570 4882 atque
2618 4813 2902 4878 convictis,
2948 4830 3109 4869 unam
3166 4816 3340 4871 solam

1766 4917 2015 4972 eamque,
2044 4917 2204 4972 quam
2250 4918 2412 4973 supra
2463 4908 2734 4973 exposuit,
2783 4907 3064 4962 catholicae
3094 4909 3340 4965 veritatis

1768 4995 2089 5048 sententiam
2130 5002 2298 5050 tenet.
2336 4994 2413 5049 De
2464 4996 2660 5065 quibus
2700 4997 2923 5066 singulis
2969 4999 3199 5067 qualiter
3255 5015 3341 5055 re-

1766 5084 2043 5155 sponderit
2086 5084 2377 5152 haereticis,
2437 5096 2493 5141 et
2537 5089 2804 5165 quomodo
2863 5091 3114 5145 universa
3153 5107 3337 5149 eorum

1766 5179 2015 5247 dogmata
2065 5178 2352 5233 destruens
2396 5179 2510 5249 ipse
2552 5190 2766 5250 semper
2811 5172 3161 5251 apostolicam
3199 5200 3334 5239 cons

1764 5268 2273 5333 ﬁrmaveritiidem,
2304 5268 2350 5322 si
2388 5267 2839 5325 velimus'omnes
2881 5275 3177 5328 sententias
3220 5277 3337 5345 ejus

1766 5374 2118 5430 congregare,
2148 5369 2204 5414 et
2229 5359 2448 5429 longum
2485 5359 2618 5415 satis
2652 5371 2754 5427 est,
2781 5371 2836 5415 et
2865 5363 2971 5417 erit
3019 5374 3125 5419 tam
3178 5368 3335 5423 nobis

1765 5453 1855 5522 qui
1884 5452 2173 5508 scribimus
2210 5466 2523 5519 onerosum,
2568 5468 2728 5523 quam
2788 5454 3091 5525 legentibus
3152 5459 3334 5513 taedio-

1765 5559 1905 5598 sum.
1949 5560 1968 5595 ι
2002 5541 2253 5597 Profecto
2284 5542 2541 5610 haereses,
2580 5545 2971 5615 haereseonque
3005 5547 3277 5616 principes
3305 5563 3334 5602 a

1766 5637 1993 5707 pueritia
2027 5651 2198 5706 usque
2224 5636 2358 5693 adeo
2374 5641 2747 5704 aversabatur,
2776 5652 2833 5694 ut
2856 5641 3024 5695 Paulo
3053 5641 3332 5710 haeretico,

1765 5729 2077 5785 excellentis
2136 5728 2262 5784 licet
2315 5730 2583 5786 facundiae
2628 5735 2767 5797 viro,
2820 5732 2873 5786 in
2930 5736 3335 5803 precationibus
3400 5746 3404 5749 ·

1767 5821 2019 5881 assistere
2050 5836 2325 5893 nunquam
2355 5822 2619 5897 .voluerit,
2665 5825 2876 5882 etiamsi
2909 5827 3099 5885 eodem
3145 5844 3208 5885 ac
3247 5828 3336 5884 ille
