3860 6226
457 337 597 396 “05

456 453 812 509 contubernio
872 460 1112 505 uteretur
1156 471 1166 504 :

458 548 549 602 lib.
586 562 634 598 VI
667 543 895 606 Πίσων..
937 545 1128 612 cap.2,
1155 544 1214 606 ἐξ
1241 544 1522 605 ἕτιπαιδὸς
1555 543 1752 596 κανόνα
1787 544 2021 614 Ἐκκλη-

459 638 600 701 σίας,
638 636 1049 707 βδελυττόμενός
1090 653 1170 699 τε,
1207 635 1281 697 ὼς
1325 634 1473 704 αὑτῷ
1505 636 1706 706 ῥήματί
1756 637 1888 706 φησι
1923 653 2027 688 που

459 729 642 792 αὐτὸς,
695 729 792 791 τὰς
852 728 958 780 τῶν
1009 728 1268 800 αἱρεσέων
1307 727 1672 790 διδασκαλίας.
1731 746 1748 778 t
1795 728 2029 783 Servans

462 818 714 873 Ecclesiae
745 818 982 888 regulam
1008 819 1117 888 jam
1157 819 1278 872 inde
1314 835 1341 871 a
1382 833 1570 886 puero,
1603 829 1657 871 et
1699 828 1755 872 ut
1802 820 2030 888 ipsemet

461 913 658 966 alicubi
692 912 946 981 loquitur,
975 912 1247 965 haereseon
1274 911 1546 965 doctrinas
1571 913 1906 965 abominatis.
1936 929 1954 962 ι

535 1003 671 1056 XIII.
709 1003 872 1057 Suam
913 1014 1168 1072 praeterea
1210 1003 1260 1055 in
1303 1002 1589 1056 scribendo
1624 1002 2029 1056 festinationem

462 1093 677 1164 Origeni
712 1094 958 1148 nocuisse
987 1093 1242 1148 credibile
1279 1101 1363 1145 est
1395 1107 1409 1157 ;
1441 1108 1564 1146 nam
1604 1108 1724 1147 cum
1772 1102 1849 1148 tot
1893 1093 2033 1147 inter

462 1201 620 1241 curas
646 1185 882 1239 animum
921 1186 1268 1252 distraheret,
1302 1201 1406 1255 qua
1477 1186 1640 1240 verba
1687 1186 1933 1240 faciendo
1961 1188 2027 1242 ad

463 1277 736 1347 p0pulnm,
782 1293 884 1346 qua
933 1277 1357 1333 catechumenos
1393 1277 1739 1342 instituendo,
1774 1293 1876 1347 qua
1911 1295 2032 1331 mu-

466 1369 550 1422 nia
574 1369 752 1422 omnia
779 1369 992 1437 pietatis
1019 1369 1383 1438 exsequendo,
1428 1385 1534 1422 non
1570 1369 1793 1422 multum
1817 1369 2030 1424 scilicet

468 1460 720 1514 succisivi
747 1469 1023 1528 supererat
1052 1459 1146 1512 otil
1180 1459 1245 1512 ad
1279 1459 1636 1512 elaborandas
1669 1460 2030 1528 scriptiones;

465 1549 794 1618 proindeque
831 1549 972 1618 quod
1009 1549 1112 1618 piis
1152 1548 1632 1602 exercitationibus
1695 1549 2062 1617 impenderat.

467 1642 744 1711 temporis,
777 1656 982 1695 summa
1009 1641 1284 1711 diligentia
1320 1643 1767 1710 repraesentabat,
1813 1652 1868 1698 ut
1911 1643 2034 1713 plus

465 1744 671 1804 septem
721 1736 960 1790 notarios
994 1736 1281 1791 scribendo
1329 1735 1675 1804 defatigaret,
1718 1746 2030 1807 tantumque

465 1801 722 1884 librorum
777 1829 1006 1883 ediderit
1053 1829 1105 1882 in
1165 1829 1470 1899 publicum,
1506 1801 1589 1884 -ιιι
1646 1831 1890 1884 mirabile
1935 1801 2026 1886 sit.
2061 1801 2104 1861 Β

466 1919 583 1984 Quo
633 1917 832 1972 factum
883 1929 1002 1982 est,
1051 1929 1109 1971 nt
1153 1934 1293 1987 sa'pe
1339 1935 1462 1973 eum
1515 1919 1882 1985 σολοικίζοντα.
1941 1922 2032 1974 de—

468 2011 939 2080 prehenderinnts;
982 2012 1162 2066 animo
1193 2013 1356 2065 rebus
1409 2012 1634 2074 intento,
1673 2013 1739 2065 ad
1776 2012 2034 2066 orationis

467 2104 886 2170 composituram
916 2103 1204 2157 incurioso.
1238 2103 1375 2170 Quid
1425 2118 1556 2172 ergo
1607 2104 1800 2157 mirum
1853 2103 2034 2173 aliqua

467 2207 573 2248 non
605 2192 734 2246 satis
767 2200 921 2244 caute
947 2191 1088 2244 dicta
1135 2191 1260 2243 hinc
1294 2191 1563 2242 interdum
1591 2189 1894 2243 excidisse?

538 2282 676 2337 XIV.
734 2282 1076 2336 Potissimum
1131 2297 1260 2335 vero
1305 2281 1458 2349 juvat
1513 2282 1835 2351 Origenem,
1893 2280 2034 2349 quod

468 2375 790 2443 quaestiones
817 2373 1082 2442 pleraeque
1130 2374 1363 2427 nondum
1400 2372 1614 2427 fuerant
1663 2371 2033 2441 theologorum

469 2466 920 2536 disputationibus
948 2466 1220 2518 ventilata:
1269 2475 1324 2519 et
1362 2465 1667 2528 illustratus,
1709 2479 1810 2520 nec
1852 2463 2036 2518 Eccle-

470 2558 567 2612 sia:
609 2557 842 2611 decretis
889 2566 943 2610 et
995 2555 1368 2611 sanctionibus
1419 2556 1678 2612 deﬁnitae.
1729 2555 1861 2609 Avia
1907 2570 2038 2621 ergo

471 2649 614 2714 loca,
633 2657 687 2703 et
709 2648 907 2703 nullius
931 2657 1055 2702 ante
1087 2649 1202 2703 solo
1239 2649 1364 2702 trita
1393 2657 1747 2718 peragrantes
1775 2647 2035 2715 theologi,

471 2755 591 2810 qua:
613 2739 856 2809 proxima
893 2741 959 2793 ad
993 2753 1180 2794 verum
1211 2739 1491 2795 videbatur
1519 2740 1625 2800 via,
1659 2739 1761 2792 hac
1787 2737 2037 2791 fereban-

473 2843 563 2886 tur
591 2831 898 2897 confestim,
925 2831 1328 2886 etaberrabant
1353 2845 1514 2900 saepe,
1551 2831 1645 2885 sed
1677 2831 1830 2885 venia
1877 2832 2039 2899 digno

472 2939 680 2989 errore,
721 2926 954 2978 nondum
987 2934 1132 2979 recto
1168 2925 1383 2979 tramite
1422 2938 1517 2993 per
1559 2924 1850 2978 Ecclesiam
1895 2938 2042 2978 mon-

474 3025 663 3074 strato.
699 3015 849 3082 Quod
889 3015 1013 3070 aliis
1078 3015 1238 3085 igitur
1286 3014 1538 3073 Patribus
1587 3014 1814 3084 benigne
1844 3013 2044 3069 condo-

475 3108 592 3162 nari
635 3107 790 3172 solet,
818 3107 959 3160 idem
990 3116 1047 3160 ut
1093 3104 1430 3175 indulgeatur
1475 3103 1688 3174 Origeni
1721 3119 1932 3174 azquum
1980 3118 2040 3158 ac

1725 335 1784 390 P.
1827 336 2144 392 DANIELIS
2179 339 2413 397 IIUETII

1211 451 1520 514 Φυλάττων,
1557 453 1727 519 inquit
1770 453 2027 508 Eusebius
2057 461 2100 516 Α
2130 471 2248 524 qnzn
2276 472 2381 509 non
2409 457 2610 523 possint
2647 471 3029 525 perversurum
3071 457 3344 510 hominum
3381 457 3716 512 calumniam

3580 345 3722 398 1104

2129 548 2416 601 declinare.
2481 565 2499 598 ι
2565 547 2857 601 Reddimns
2906 548 3088 617 itaque
3147 548 3480 619 Hieronymo
3557 565 3719 605 voras

2129 651 2274 702 suas,
2305 646 2360 690 et
2388 636 2531 705 quod
2553 651 2651 704 pro
2675 637 2792 690 aliis
2822 636 2997 691 valere
3025 637 3165 699 vult,
3199 638 3434 706 idipsum
3469 653 3571 707 pro
3597 638 3720 695 Ori-

2133 742 2267 797 gene
2288 735 2345 779 ut
2370 727 2566 790 valeat,
2593 727 2715 795 jure
2743 736 2927 781 nostro
2957 729 3314 793 postulamus.

2202 816 2317 870 XV.
2345 817 2585 885 Denique
2609 832 2728 870 cum
2762 818 2814 870 in
2840 817 3062 886 epistola
3081 817 3168 881 65,
3206 832 3326 886 qua:
3353 826 3439 871 est
3471 818 3540 870 ad
3565 814 3720 871 Pam-

2132 909 2398 963 machium
2439 916 2494 962 et
2537 906 2832 974 Oceanum,
2883 923 3006 975 cap.
3049 907 3104 972 tl,
3160 907 3481 962 testiﬁcetur
3520 907 3716 961 Hiero-

2132 1016 2362 1071 nymus,
2414 1011 2474 1056 ut
2513 1002 2714 1056 dictum
2774 1001 3019 1068 superius
3078 1017 3106 1053 a
3165 1001 3320 1056 nobis
3399 1012 3504 1065 est,
3561 1016 3714 1054 erro-

2135 1107 2251 1146 rum
2331 1107 2549 1147 suornm
2619 1090 2904 1160 Origenem
2973 1091 3326 1159 pmnituisse,
3391 1092 3556 1161 idque
3606 1090 3708 1145 Fa-

2133 1184 2294 1238 biano
2371 1199 2522 1253 papae
2588 1183 2758 1250 ipsum
2815 1183 3145 1254 signiﬁcasse
3215 1197 3311 1253 per
3370 1182 3606 1247 litteras,
3661 1196 3718 1239 et

2134 1275 2454 1331 temeritatis
2503 1289 2722 1330 causam
2777 1275 2828 1327 in
2874 1274 3222 1328 Ambrosium
3271 1275 3538 1334 retulisse,
3570 1276 3719 1343 quod

2133 1377 2342 1422 secreto
2375 1365 2517 1420 edita
2543 1365 2900 1436 publicasset;
2934 1367 2979 1420 is
3022 1367 3090 1420 ab
3129 1366 3273 1420 omni
3329 1367 3599 1422 haereseos
3626 1367 3712 1420 in-

2133 1459 2293 1513 famia
2329 1458 2488 1528 plane
2539 1457 2866 1519 vindicatur,
2915 1474 3018 1527 qua
3055 1459 3090 1512 ii
3135 1469 3391 1512 uelantur
3426 1459 3715 1520 duntaxat,

2132 1553 2224 1619 qui
2283 1559 2482 1604 temere
2558 1551 2898 1619 pronuntiata
2968 1551 3310 1620 pertinaciter
3379 1550 3700 1605 defendunt.

2134 1639 2348 1708 Optime
2393 1640 2443 1694 id
2489 1655 2586 1709 pro
2639 1641 2840 1708 ingenii
2888 1641 2969 1696 sui
3029 1641 3445 1710 perspicacitate
3497 1642 3724 1694 notavit

2139 1733 2294 1789 Picus
2325 1733 2725 1788 Mirandulanus
2777 1743 2882 1786 art.
2927 1733 2962 1787 4
3003 1733 3269 1804 Apologia
3311 1748 3422 1788 sua:
3463 1750 3558 1801 pro
3583 1732 3719 1788 Ori-

2132 1840 2257 1894 gene
2291 1841 2309 1878 :
2358 1824 2689 1895 (45)}erum
2736 1827 2912 1880 minus
2965 1833 3109 1878 recte
3156 1824 3358 1878 addidit
3417 1823 3722 1894 Origenem

2135 1927 2260 1971 ante
2293 1918 2688 1986 sexagesimum
2742 1918 2916 1970 anatis
2960 1929 3068 1969 sua:
3110 1929 3308 1968 annum
3359 1915 3522 1968 multa
3584 1915 3726 1968 titu-

2134 2005 2324 2061 banter
2356 2006 2697 2075 proposuisse
2725 2045 2740 2069 ,
2790 2014 2976 2074 utpote
3017 2005 3072 2059 in
3103 2003 3414 2071 tbeologicis
3453 2005 3722 2072 quaestio-

2136 2101 2290 2154 nibus
2318 2100 2550 2153 nondum
2575 2100 2709 2154 satis
2745 2099 3025 2153 subactum
3055 2115 3071 2163 ;
3120 2113 3243 2167 quae
3274 2113 3404 2153 vero
3457 2100 3722 2167 deinceps

2134 2189 2485 2252 elucubravit,
2523 2200 2647 2256 puta
2672 2189 2835 2244 libros
2866 2200 3048 2245 contra
3080 2190 3308 2258 Celsum,
3335 2200 3389 2245 et
3437 2189 3726 2244 Cornute»-

2137 2283 2276 2335 taria
2323 2281 2376 2332 in
2417 2279 2728 2336 Mattlta'um
2759 2322 2774 2344 ,
2806 2294 2868 2334 ea
2915 2287 3024 2334 tum
3075 2281 3388 2348 scripsisse.
3436 2296 3559 2335 cum
3604 2281 3720 2347 jam

2138 2375 2402 2430 catholica
2439 2375 2636 2428 veritas
2670 2372 2769 2442 ipsi
2816 2371 3004 2426 fuisset
3039 2383 3320 2439 comperta
3363 2390 3375 2425 :
3417 2374 3574 2441 quasi
3609 2390 3718 2426 nun

2140 2467 2302 2522 iidem
2337 2475 2687 2534 compareant
2731 2463 2784 2517 in
2815 2462 2883 2519 iis
2908 2477 3148 2530 errores,
3176 2479 3311 2533 quos
3341 2464 3394 2518 in
3437 2464 3719 2534 prioribus

2139 2559 2448 2612 admiserat.

2211 2649 2348 2703 XVI.
2404 2646 2670 2714 Quoniam
2721 2655 2902 2701 autem
2952 2646 3262 2702 defensores
3307 2647 3557 2717 Origenis
3595 2663 3720 2716 pcr-

2140 2756 2420 2797 censemus
2451 2741 2550 2794 hoc
2577 2740 2774 2809 capite,
2808 2749 2862 2795 et
2891 2755 3012 2810 qua:
3059 2739 3129 2792 illi
3185 2741 3383 2794 tuendo
3429 2741 3718 2796 commoda

2141 2847 2263 2888 esse
2289 2841 2536 2902 possunt,
2575 2833 2886 2886 summatim
2927 2831 3252 2900 colligimus,
3288 2831 3439 2884 locus
3475 2845 3578 2886 nos
3624 2834 3718 2886 ad.

2143 2933 2344 2991 monet,
2379 2932 2438 2978 ut
2466 2923 2734 2992 Apologia:
2780 2925 2879 2977 sub
2931 2923 3148 2976 nomine
3202 2921 3470 2992 Pamphili
3517 2938 3620 2992 pro
3653 2937 3719 2978 eo

2143 3015 2377 3085 scriptae,
2422 3013 2573 3084 cujus
2628 3013 2999 3068 testimonium
3049 3023 3160 3069 toto
3205 3015 3306 3068 hoc
3355 3029 3522 3084 opere
3578 3030 3719 3084 saepe

2145 3106 2506 3170 adhibuimus,
2538 3121 2725 3160 verum
2761 3121 2826 3160 ac
2866 3105 3161 3175 legitinnnn
3196 3115 3473 3161 auctorem
3510 3107 3716 3162 indice-

476 3212 666 3252 verum
699 3209 794 3252 est.
828 3197 1085 3263 Quaenam
1116 3207 1296 3251 autem
1322 3197 1593 3252 communi
1635 3195 1886 3249 Ecclesiae
1919 3209 2042 3250 con-
2068 3197 2110 3255 C
2146 3213 2283 3251 mus.
2337 3196 2714 3251 Lucubrationi
2768 3197 2890 3251 huic
2933 3213 2962 3249 a
3003 3212 3062 3251 se
3119 3195 3325 3251 Latinis
3375 3196 3576 3252 litteris
3609 3199 3718 3252 red-

476 3305 636 3346 Sensu
660 3303 753 3343 sna
777 3298 935 3342 :etate
964 3299 1174 3354 recepta
1201 3297 1255 3340 et
1289 3288 1507 3357 probata
1546 3296 1750 3351 essent,
1780 3296 1892 3338 tum
1926 3300 2045 3353 qua:

479 3383 532 3436 in
574 3390 854 3450 utramque
888 3388 1097 3450 partem
1146 3389 1365 3448 possent
1391 3379 1680 3449 disputari,
1732 3393 1894 3433 causa
1932 3377 2042 3431 dis-

481 3472 983 3526 tinctionesecrevit
1016 3470 1128 3538 ipse
1157 3467 1416 3539 Origenes
1461 3469 1515 3523 in
1550 3468 1820 3524 Prooemio
1857 3467 1975 3521 libri
2027 3481 2042 3520 t

479 3561 619 3630 Περὶ
641 3561 860 3631 ἀρχῶν.
902 3562 956 3614 In
988 3571 1318 3629 postremum
1363 3560 1506 3614 hunc
1552 3575 1771 3614 sensum
1828 3558 2047 3626 conjicit

478 3655 802 3723 qumstiones
823 3653 888 3708 de
916 3653 1110 3708 anima:
1146 3652 1379 3722 origine,
1401 3652 1466 3706 de
1495 3660 1686 3704 natura
1728 3649 2044 3720 angelorum

478 3757 534 3800 et
566 3747 890 3810 dzemonum,
931 3745 996 3798 de
1038 3745 1102 3798 iis
1131 3758 1249 3813 qua:
1281 3743 1464 3797 mundi
1513 3750 1691 3797 ortum
1739 3750 2046 3795 antecesse-

482 3847 627 3903 runt,
665 3846 720 3892 et
747 3851 866 3905 qua:
891 3845 1010 3905 post
1041 3836 1158 3906 ejus
1197 3835 1474 3889 interitum
1510 3833 1692 3888 futura
1725 3842 1873 3897 sunt,
1905 3831 2042 3885 alia-

481 3943 585 3998 que
617 3927 890 3982 nonnulla.
936 3926 1136 3981 Eadem
1187 3926 1237 3981 in
1283 3925 1446 3980 simili
1475 3938 1636 3979 causa
1669 3939 1800 3980 usus
1840 3933 1921 3979 est
1948 3939 2045 3979 ex-

481 4018 726 4086 ceptione
753 4017 1105 4087 Hieronymus
1139 4017 1228 4072 lib.
1260 4033 1300 4072 II
1350 4017 1570 4087 Apolog.
1597 4017 1801 4070 advers.
1829 4014 2041 4084 Ruﬁn.,

481 4122 602 4176 eap.
635 4107 690 4174 4,
723 4121 842 4162 cum
873 4115 1082 4162 veteres
1135 4105 1388 4162 Ecclesia:
1435 4108 1753 4175 scriptores,
1803 4121 2031 4175 quorum

482 4199 700 4252 codices
749 4198 1025 4253 erroribus
1081 4198 1265 4252 inlecti
1325 4207 1469 4263 sunt,
1517 4211 1782 4252 excusare
1829 4195 1990 4251 vellet
2029 4213 2043 4249 :

488 4309 507 4340 ε
550 4287 691 4344 Fieri
726 4299 900 4361 potest
940 4299 996 4345 ut
1041 4297 1325 4359 antequam
1387 4290 1440 4343 In
1489 4289 1840 4353 Alexandria,
1891 4287 2045 4357 quasi

483 4381 804 4434 daemonium
852 4380 1228 4442 meridianum,
1279 4381 1439 4434 Arius
1496 4389 1833 4444 nasceretur,
1891 4380 2048 4433 inno-

484 4480 669 4527 center
695 4473 937 4543 qutedam
989 4481 1042 4524 et
1089 4473 1264 4527 minus
1305 4483 1462 4527 caute
1511 4473 1673 4527 locuti
1706 4492 1725 4526 ι
1753 4473 1895 4539 sint,
1935 4491 1953 4524 ι
1991 4482 2047 4528 et

2143 3289 2268 3343 dita:
2307 3288 2565 3358 Pamphili
2592 3304 2786 3342 nomen
2823 3287 3049 3342 Ruﬁnus
3095 3288 3442 3357 ascripserat,
3497 3290 3576 3341 uti
3625 3290 3719 3342 ho-

2143 3377 2333 3445 dieque
2357 3377 2647 3445 ascriptum
2681 3385 2893 3440 exstat;
2929 3387 2982 3429 et
3016 3379 3066 3430 in
3110 3376 3383 3432 Invectiva
3433 3379 3620 3447 priore
3665 3380 3716 3430 in

2152 3465 2531 3537 Hieronymum
2570 3477 2820 3536 tanquam
2851 3484 2880 3521 a
2917 3467 3197 3535 Pamphilo
3231 3468 3567 3524 elaboratam
3601 3469 3716 3523 lan-

2143 3558 2364 3613 daverat
2411 3577 2424 3614 :
2481 3575 2640 3629 quem
2697 3560 2866 3614 secuti
2917 3573 3042 3615 sunt
3078 3562 3269 3616 deinde
3319 3572 3510 3616 auctor
3570 3561 3718 3615 Pro:-

2143 3650 2385 3704 destinati
2431 3650 2527 3706 lib.
2573 3667 2611 3716 ι,
2664 3651 2796 3707 bazr.
2845 3652 2946 3718 l5;
3006 3653 3258 3708 Socrates
3299 3653 3394 3708 lib.
3447 3669 3502 3707 tv
3556 3652 3708 3707 Hist.

2142 3741 2346 3809 eodem,
2382 3757 2500 3811 cap.
2535 3743 2624 3807 27;
2647 3743 3055 3815 etNicephorus
3092 3745 3184 3800 lib.
3217 3761 3271 3807 x,
3303 3761 3425 3814 cap.
3469 3747 3558 3801 ll.
3599 3747 3708 3800 Ru-

2144 3834 2252 3888 ﬁno
2293 3833 2604 3888 reclamavit
2637 3834 3025 3908 Hieronymus,
3080 3835 3368 3906 lucumque
3419 3837 3720 3893 lectoribus

2145 3923 2344 3979 factum
2379 3936 2707 3994 conquestus
2733 3936 2816 3982 est
2859 3944 2872 3981 :
2917 3936 2972 3980 at
3010 3927 3062 3981 in
3101 3927 3425 3996 assignando
3473 3929 3724 3999 scriptio-

2145 4015 2229 4070 nis
2263 4016 2420 4086 hujus
2447 4027 2668 4072 auctore
2711 4018 2857 4072 varia
2885 4019 3156 4073 disseruit.
3186 4018 3318 4073 Nam
3360 4019 3412 4074 in
3449 4025 3722 4090 procemio

2146 4106 2198 4160 in
2244 4106 2492 4178 Dialogos
2563 4111 2766 4164 advers.
2827 4108 3156 4181 Pelagianos,
3211 4120 3266 4166 et
3312 4111 3532 4182 Apolog.
3583 4113 3610 4166 ί
3668 4114 3722 4166 in

2148 4197 2354 4270 Ruﬁn.,
2402 4217 2520 4272 cap.
2569 4202 2623 4267 2,
2671 4217 2788 4256 eam
2831 4202 2986 4258 docet
3025 4204 3257 4273 primum
3288 4219 3408 4259 esse
3453 4204 3653 4259 librum
3691 4221 3722 4257 e

2145 4307 2239 4348 sex
2284 4293 2455 4356 libris,
2497 4296 2696 4364 quibus
2727 4296 3009 4350 constabat
3055 4295 3310 4365 Apologia
3356 4296 3578 4352 Eusebii
3623 4317 3718 4366 pro

2149 4383 2406 4452 Origene;
2431 4401 2496 4439 ex
2526 4400 2698 4454 eoque
2744 4386 2794 4440 id
2820 4400 2940 4441 esse
2972 4385 3337 4451 manifestum,
3365 4393 3508 4455 quod
3555 4389 3611 4442 in
3644 4407 3722 4443 se

2150 4477 2440 4544 quentibus
2469 4475 2683 4532 Eusebii
2724 4478 2877 4532 libris
2926 4478 3121 4533 citetur
3159 4478 3247 4534 ille
3299 4480 3544 4548 primus;
3585 4493 3642 4536 et
3670 4483 3716 4536 iu

555 4698 667 4769 145)
685 4697 870 4751 Verum
897 4698 1065 4774 minus
1089 4705 1226 4750 recte
1242 4695 1740 4774 addidit_0rigenem
1759 4707 1876 4750 ante
1900 4715 2052 4752 sexa-
2085 4705 2130 4759 D
2159 4716 2286 4774 suos
2315 4703 2576 4770 quosdam
2603 4705 2879 4774 scrupulos
2908 4720 2971 4761 ac
2992 4705 3463 4764 dubitatiunculas.
3510 4705 3578 4760 ad
3607 4708 3718 4761 cla-

485 4766 733 4838 gesimum
765 4769 934 4838 wlatis
969 4784 1078 4838 sum
1105 4784 1300 4838 annum
1349 4766 1514 4838 multa
1543 4770 1822 4838 titubanter
1853 4785 2044 4836 propo-

485 4836 672 4901 suisse,
697 4849 806 4891 etc.
831 4837 992 4889 Miror
1015 4837 1126 4890 haec
1154 4836 1435 4889 Miranduli
1463 4838 1624 4890 verba
1653 4836 2045 4904 reprehendere

488 4907 763 4970 Iluetium,
794 4907 884 4974 qui
912 4907 1026 4974 ipse
1057 4906 1182 4958 alibi
1211 4907 1286 4959 ait
1315 4922 1329 4956 :
1362 4925 1380 4956 ι
1418 4906 1532 4958 Alia
1575 4922 1736 4959 senex
1773 4907 2044 4960 Adaman-

489 4979 617 5042 tius,
661 4977 873 5041 ingenio
922 4990 1016 5043 per
1051 4986 1260 5029 aetatem
1304 4976 1472 5044 magis
1499 4975 1738 5039 subacto,
1767 4976 2040 5042 elimavit;

489 5047 606 5115 alia
643 5044 900 5099 ell‘erente
949 5059 1069 5098 sese
1124 5047 1175 5098 in
1219 5044 1517 5115 iuventutis
1550 5057 1679 5099 testu
1722 5046 2047 5102 fecunditate

488 5114 769 5186 proludit:
804 5133 824 5166 ι
854 5116 918 5186 de
951 5115 1150 5186 quibus
1196 5114 1449 5183 praeclare
1501 5116 1636 5186 dixit
1689 5115 2043 5185 Hieronymus

491 5182 543 5240 in
574 5183 802 5254 prologo?
837 5183 903 5236 ad
938 5182 1348 5237 Commentarios
1392 5186 1466 5254 fin
1509 5182 1722 5247 Lucam,
1767 5182 2048 5254 Orig—enem

488 5257 543 5310 in
575 5253 896 5323 quibusdam
944 5257 1279 5315 tractatibus,
1314 5271 1334 5304 ι
1376 5253 1537 5320 Quasi
1570 5255 1762 5308 iterum
1813 5253 1929 5308 talis
1971 5256 2052 5308 Iu-

490 5326 636 5386 dere,
667 5323 769 5376 alia
791 5337 912 5375 esse
942 5324 1112 5375 virilia
1141 5323 1254 5390 ejus
1280 5334 1332 5377 et
1361 5325 1652 5378 senectutis
1683 5327 1840 5378 seria.
1881 5343 1898 5376 ι
1924 5324 2049 5380 Cer-

491 5405 544 5447 te
576 5393 680 5446 alia
713 5393 809 5462 adi
832 5394 1036 5462 amicos
1067 5394 1519 5462 So-cretoiscripsit
1561 5395 1640 5462 [ut
1678 5396 1851 5448 verbis
1877 5395 2048 5449 Geor-

489 5465 560 5532 gii
615 5473 736 5516 utar
771 5461 1207 5535 7[l)efens._ﬁdet'
1253 5461 1457 5535 Nica'n.
1507 5465 1569 5516 de
1599 5461 1729 5516 Filii
1752 5463 1828 5535 τῷ
1859 5467 2050 5534 ὁμοθυ-

491 5530 592 5604 city
619 5547 736 5600 cap.
763 5530 817 5595 9,
849 5530 995 5585 nntn.
1032 5530 1125 5604 5].?
1159 5548 1276 5599 qum
1325 5533 1495 5585 lucem
1545 5530 1813 5601 nunquani
1865 5530 2045 5588 visura

489 5603 756 5672 speravit;
790 5604 838 5654 in
865 5603 1057 5670 quibus
1078 5603 1241 5656 libere
1263 5617 1324 5655 ac
1346 5617 1478 5668 pene
1503 5605 1738 5671 sceptice
1767 5606 2040 5668 disseruit,

490 5690 553 5727 ac
581 5674 888 5742 plertnnque
938 5689 1042 5724 non
1094 5683 1198 5726 tam
1241 5688 1387 5725 suam
1427 5684 1628 5726 certain
1668 5689 1728 5728 ac
1765 5675 2041 5727 deﬁnitam

491 5743 831 5804 sententiam,
867 5758 1024 5810 quam
1056 5744 1140 5797 vel
1176 5743 1400 5797 aliorum
1446 5744 1903 5808 ratiocinationes,
1963 5745 2044 5797 sel

2161 4773 2622 4845 riorem_veritatis
2653 4775 3064 4845 elucidationem
3101 4775 3397 4845 proposuit.
3445 4776 3570 4828 Alia
3609 4778 3717 4845 ipse

2149 4841 2202 4895 in
2237 4843 2509 4909 publicum
2552 4844 2750 4909 emisit,
2792 4845 2907 4898 sive
2933 4841 3115 4899 contra
3152 4841 3414 4908 inﬁdeles,
3466 4847 3584 4900 sive
3626 4841 3716 4899 ad-

2150 4913 2662 4982 versushazreticos,
2691 4930 2785 4967 seu
2833 4915 3060 4982 denique
3089 4915 3155 4968 ad
3196 4915 3570 4967 instruendam
3607 4919 3716 4982 ple-

2148 4981 2268 5052 bem
2309 4980 2674 5052 Christianam
2699 5000 2712 5048 ;
2745 4985 2795 5036 in
2819 4980 3011 5052 quibus
3045 4985 3152 5035 vita
3180 4986 3302 5036 trita
3331 4999 3393 5036 ac
3426 4994 3544 5037 tuta
3570 4980 3713 5038 inec-

2149 5050 2303 5114 dens,
2324 5050 2609 5121 receptam
2643 5055 2694 5107 in
2720 5050 2957 5107 Ecclesia
2983 5053 3246 5106 catholica
3274 5054 3581 5106 doctrinam
3607 5066 3716 5108 stus

2148 5121 2369 5192 (ilosius
2405 5123 2642 5192 tradidit.
2704 5123 2896 5192 Negari
2948 5133 3121 5175 autem
3171 5137 3274 5175 non
3323 5132 3527 5190 potest,
3587 5126 3714 5192 quin

2158 5188 2403 5262 Origenis
2430 5191 2740 5262 sull'ragium
2787 5188 2855 5244 ire
2889 5193 3149 5246 catholica
3202 5188 3444 5245 doctrina
3487 5188 3716 5260 peti'de-

2157 5261 2279 5331 beat
2318 5277 2382 5314 ex
2417 5262 2481 5314 iis
2515 5261 2780 5331 praecipue
2809 5263 3046 5330 scriptis,
3097 5277 3215 5330 quae
3259 5262 3488 5330 publicis
3535 5265 3720 5317 usibus

2157 5330 2270 5398 ipse
2311 5330 2622 5400 destinavit,
2674 5330 2792 5400 qua:
2833 5333 3070 5400 cogitate
3108 5342 3163 5385 et
3199 5339 3402 5385 attente
3443 5336 3715 5394 exaravit,

2156 5414 2273 5473 quae
2299 5399 2528 5473 denique
2552 5400 2662 5470 jam
2693 5399 2857 5456 Senex
2885 5399 2937 5457 et
2965 5401 3116 5473 longo
3141 5417 3316 5455 rerum
3343 5419 3438 5454 nsu
3467 5412 3523 5455 et
3557 5421 3718 5473 expe~

2156 5470 2348 5522 tientia
2370 5473 2590 5524 edoctus
2620 5475 2937 5538 composuit.
2967 5470 3278 5539 Ilujustnudi
3302 5483 3448 5538 sunt,
3475 5470 3715 5527 omnium

2155 5553 2439 5609 consensu,
2477 5541 2594 5594 libri
2627 5551 2748 5595 Ot'IO
2796 5552 2978 5595 contra
3033 5541 3240 5594 Celsum
3285 5540 3611 5606 Epicureum
3645 5553 3715 5609 (et

2149 5603 2533 5682 Commentaria
2561 5613 2613 5664 in
2646 5610 2994 5681 Maltﬁwum).
3029 5630 3047 5663 ι
3076 5603 3456 5666 Attamen-non
3487 5603 3712 5682 negave-

2152 5679 2253 5752 rim
2306 5678 2594 5752 plerosque
2643 5696 2854 5738 errores
2913 5678 2965 5737 iu
3000 5682 3067 5738 iis
3103 5695 3436 5751 comparere,
3489 5678 3630 5752 quos
3671 5685 3710 5736 in

2154 5748 2423 5816 prioribus
2447 5751 2760 5805 admiserat.
