3860 6226
217 282 245 334 ς
260 282 369 339 M5
1274 296 1779 363 ORlGENlANOHE

1888 306 2008 364 LIB.
2049 308 2113 375 Il,
2152 310 2303 368 CAP.
2345 309 2432 369 ΙΙΙ.
3334 312 3473 370 H06

218 405 671 504 ptimo-vicissim
702 422 1028 504 sequentes;
1071 416 1213 471 nilnil
1263 419 1622 491 Pamphilum,
1666 437 1796 484 teste
1827 434 1872 489 Α
1900 444 2018 501 cap.
2052 431 2120 498 4,
2160 447 2269 501 quo
2291 442 2561 504 postremo
2603 432 2718 488 loco
2757 431 2933 503 aliqua
2964 432 3125 487 etiam
3158 430 3471 488 orthodoxae

221 490 737 595 Eqsebioup‘roprii
797 508 982 595 operis
1030 512 1336 569 condidisse
1382 490 1403 568 :7
1442 526 1495 570 et
1550 490 1613 571 in,
1657 518 1796 574 libro
1902 490 2023 579 fidei
2060 490 2239 580 minus
2266 490 2578 595 congruain
2604 524 2782 579 Bullni
2810 490 3257 594 interpretatione
3285 526 3450 580 exsti-

226 585 437 687 fldurs.
478 586 665 687 Pelag.
698 595 770 648 ad
796 593 1047 665 Ctesiph.,
1081 615 1201 671 cap.
1242 604 1298 669 2,
1335 624 1355 658 ι
1392 605 1618 663 Fecerat
1672 611 1791 677 hoc,
1902 614 2033 671 tisse
2060 616 2225 671 tradit
2265 585 2647 687 Hieronymus,
2672 629 2791 687 quae
2824 585 3095 686 nusquam
3129 615 3288 671 hodie
3325 630 3468 671 com-

224 676 424 780 itiqttit,
480 691 534 736 et
563 683 628 780 in
670 691 845 745 sancti
898 691 1164 762 Pamphili
1224 701 1486 769 martyris
1557 676 1794 771 nomine,
1897 718 2120 777 parent;
2152 706 2265 779 (48)
2298 724 2327 761 a
2360 676 2575 772 Rufino,
2599 676 2657 763 ut
2677 676 2891 778 opinor,
2918 676 3094 775 erasa,
3116 724 3222 780 quo
3248 723 3463 764 omnem

223 779 284 868 “f
319 769 513 868 ιίδξυω
551 777 780 845 Primum
825 797 917 837 sex
950 782 1208 842 librorum
1258 789 1584 848 defensionis
1612 769 1796 865 Orige;
1897 769 2133 868 querelae
2159 769 2359 853 “ansam
2400 769 2739 867 praacideret:
2784 769 2931 854 Libri
2965 769 3203 868 ejusdem
3245 799 3464 854 secundi

224 863 334 930 nis,
380 864 591 924 Eusebii
640 870 1025 962 Caesariensis,
1086 892 1247 948 quem
1308 882 1478 938 fuisse
1535 863 1793 941 Arianum
1898 863 2083 960 capite
2134 901 2287 946 sexto
2371 863 2560 945 narrat
2621 863 3009 962 Hieronymus—
3055 890 3465 961 Apologeticum

223 969 386 1010 nemo
426 966 511 1014 est
559 961 653 1030 qui
695 966 935 1034 nesciat,
974 970 1190 1024 nomine
1232 970 1498 1042 Pamphili
1539 978 1796 1048 martyris

220 1059 548 1114 praenotaret
584 1070 599 1107 :
631 1071 652 1105 ι
684 1063 737 1109 et
774 1057 866 1112 lib.
908 1074 957 1113 vi
1012 1063 1070 1114 in
1099 1059 1318 1129 Ezech.,
1350 1080 1468 1137 cap.
1500 1066 1565 1123 l8
1595 1086 1608 1122 :
1642 1087 1661 1119 ι
1688 1068 1796 1126 Nec

224 1141 422 1195 mirum
457 1141 502 1198 si
549 1146 805 1213 gentilem
851 1150 1229 1223 philosophum
1287 1155 1342 1210 iu
1401 1167 1693 1230 martyrem
1740 1169 1794 1216 et

226 1229 483 1289 Romana:
512 1235 660 1292 urbis
687 1238 997 1310 episcopum
1030 1245 1398 1312 transtulerit;
1422 1263 1543 1303 cum
1576 1250 1793 1308 Eusebii

224 1335 445 1388 quoque
475 1323 823 1384 Caesariensis
873 1330 1103 1399 primum
1153 1350 1250 1404 pro
1292 1335 1526 1406 Origene
1572 1339 1792 1408 librum,

222 1411 489 1484 Pamphili
510 1420 771 1490 martyris
800 1424 1061 1479 vocabulo
1092 1431 1469 1492 commutarit;
1501 1441 1558 1485 ut
1586 1431 1795 1489 facilius

223 1507 316 1559 tali
349 1506 626 1567 laudatore
650 1513 817 1570 libros
841 1515 1186 1585 impiissimos
1210 1521 1351 1591 Περὶ
1374 1523 1575 1593 ἀρχῶν
1599 1524 1791 1581 Roma-

224 1599 310 1654 nis
340 1602 653 1657 conciliaret
698 1607 939 1663 auribus.
979 1629 998 1662 ι
1041 1610 1155 1683 (46)
1199 1613 1270 1669 At
1330 1616 1382 1670 in
1432 1619 1661 1685 epistola
1703 1619 1791 1685 Η,

224 1691 361 1748 alias
379 1693 469 1752 65.
509 1698 576 1752 ad
605 1696 917 1755 Pammach.
946 1713 1001 1757 et
1024 1705 1252 1772 Ocean.,
1291 1721 1410 1777 cap.
1440 1708 1496 1770 4.
1528 1712 1789 1781 composi-

221 1795 336 1840 tum
363 1786 432 1841 ab
460 1788 648 1845 amicis
668 1789 916 1861 Origenis
938 1808 993 1849 et
1016 1798 1373 1854 sectatoribus
1395 1800 1589 1856 librum
1614 1804 1788 1872 suspi-

218 1886 396 1945 catur,
424 1892 597 1948 eoque
619 1881 831 1937 facilius
869 1887 1249 1954 compositum,
1281 1890 1445 1959 quod,
1479 1890 1635 1947 nullis
1670 1894 1790 1948 aliis

221 1986 251 2023 a
275 1968 553 2042 Pamphilo
591 1974 752 2028 editis
795 1976 1199 2046 scriptiouibus,
1232 1995 1295 2034 ex
1337 1997 1520 2037 earum
1541 1985 1786 2041 conflictu

216 2080 408 2120 verum
461 2067 782 2137 deprehendi
822 2085 925 2123 non
976 2080 1158 2139 posset
1205 2072 1353 2145 (47),
1381 2075 1634 2146 additque
1662 2094 1788 2148 sup-

1902 982 2072 1045 hunc,
2101 981 2333 1053 primum
2371 983 2473 1037 sibi
2512 983 2566 1037 in
2608 982 2797 1038 codice
2845 981 3021 1036 Rufini
3066 983 3261 1046 visum,
3306 979 3467 1035 Pam-

1898 1070 2028 1139 phili
2089 1072 2309 1127 nomine
2364 1072 2717 1142 inscriptum,
2768 1073 3041 1127 diversum
3108 1071 3176 1126 ab
3244 1068 3459 1124 Eusebii

1899 1161 2236 1233 Apologetico
2282 1163 2571 1232 aliquando
2621 1164 2959 1219 existimasse
3011 1178 3026 1216 :
3075 1161 3173 1216 sed
3235 1160 3463 1231 pellecto

1899 1264 2129 1323 utroque
2161 1254 2316 1310 facile
2368 1255 2693 1310 intellexisse
2734 1256 2966 1323 primum
3019 1270 3083 1308 ex
3144 1250 3463 1307 Eusebianis

1897 1362 1987 1402 sex
2020 1346 2194 1411 libris,
2221 1361 2344 1401 eum
2374 1361 2494 1402 esse
2527 1346 2615 1402 cui
2654 1361 2683 1400 a
2721 1345 2914 1400 Rufino
2944 1343 3204 1413 Pamphili
3263 1356 3459 1396 nomen

1897 1438 2172 1492 inductum
2215 1445 2319 1501 est,
2365 1438 2566 1506 quique
2618 1439 2720 1492 hoc
2755 1436 2909 1490 titulo
2949 1434 3140 1489 Latine
3180 1449 3244 1487 ac
3274 1431 3461 1487 Graece

1894 1531 2074 1585 editus
2096 1539 2205 1595 est,
2245 1548 2267 1582 ι
2302 1529 2599 1584 immutatis
2630 1529 2893 1583 duntaxat
2933 1527 3184 1582 sensibus
3220 1527 3287 1580 de
3324 1523 3462 1578 Filio

1902 1628 1957 1675 et
1985 1620 2189 1689 Spiritu
2230 1628 2438 1682 sancto,
2481 1619 2571 1688 qui
2611 1630 2853 1688 apertam
2897 1617 3283 1688 blasphemiam
3325 1630 3461 1686 prae-

1897 1709 2184 1764 ferebant:
2225 1728 2244 1761 ο
2286 1724 2352 1763 eo
2386 1708 2586 1763 factum
2632 1718 2688 1777 ut
2731 1709 2783 1763 in
2833 1708 2968 1763 libro
3016 1707 3091 1762 De
3120 1706 3461 1773 scriptoribus

1892 1800 2263 1854 ecclesiasticis
2305 1798 2586 1868 Pamphilo
2627 1799 3056 1854 lucubrationem
3119 1798 3258 1852 hanc
3289 1796 3462 1851 ascri-

1890 1893 2076 1960 pserit.
2128 1890 2301 1947 Verba
2351 1891 2471 1962 ejus
2522 1898 2650 1946 sunt
2692 1910 2706 1945 :
2762 1908 2783 1941 ι
2815 1889 3095 1961 |Scripsit,
3167 1898 3458 1958 antequam

1891 1981 2151 2038 Eusebius
2194 1983 2489 2050 scriberet,
2540 1983 2939 2053 Apologeticum
2988 1998 3081 2053 pro
3134 1979 3387 2051 Origene.
3434 1999 3454 2033 ι

1890 2075 1945 2131 ld
1980 2076 2053 2131 ita
2086 2078 2301 2132 demum
2334 2076 2668 2133 excusatlib.
2692 2091 2729 2130 ιι
2756 2075 2976 2145 Apolog.
3005 2073 3211 2128 advers.
3251 2071 3456 2140 tiu/im,

222 2158 522 2227 posititium
563 2160 665 2214 hoc
703 2175 838 2229 opus
890 2162 957 2216 ad
1006 2162 1150 2217 mille
1204 2179 1394 2221 versus
1453 2182 1484 2223 e
1529 2169 1789 2238 principio
1888 2180 2008 2234 cap.
2043 2165 2076 2220 6
2109 2183 2124 2221 :
2171 2185 2191 2218 ι
2231 2164 2336 2221 Sed
2366 2180 2492 2222 cum
2527 2166 2641 2236 ipse
2669 2165 2808 2220 dicat
2835 2163 3097 2217 Eusebius
3121 2162 3456 2233 Pamphilum

216 2250 343 2305 libri
360 2251 497 2306 sexti
536 2252 851 2307 Eusebianae
888 2254 1156 2324 Apologia:
1197 2261 1500 2313 continere.
1560 2259 1789 2330 Subjnn-
1891 2258 2022 2313 nihil
2060 2258 2362 2328 scripsisse,
2396 2257 2636 2327 exceptis
2662 2256 2918 2312 brevibus
2941 2255 3183 2324 epistolis
3228 2255 3295 2309 ad
3319 2255 3456 2309 ami-

219 2345 302 2413 git
353 2347 690 2414 postmodmn
758 2345 1108 2415 Pamphilum
1182 2349 1322 2404 inter
1374 2360 1429 2406 et
1498 2351 1784 2408 Eusebium
1895 2362 2013 2411 COS.
2042 2356 2096 2401 el
2129 2346 2488 2416 PriIIIUSIibﬂ'
2514 2361 2607 2402 sex
2644 2344 2976 2401 νοιυῐῐιίηυιῐι
3010 2345 3151 2399 illius
3182 2346 3373 2400 eadem
3398 2353 3457 2399 οι

221 2452 467 2507 magnam
492 2436 657 2492 fuisse
681 2437 983 2492 animorum
1029 2441 1374 2497 concordiam
1404 2462 1416 2497 :
1457 2461 1475 2495 ι
1505 2442 1784 2509 Quomodo
1890 2435 2077 2491 iisdem
2110 2436 2290 2490 verbis
2319 2435 2614 2498 θοιιιίηοθιο
2652 2448 2773 2503 qua?
2801 2431 2901 2487 50b
2941 2432 3156 2487 "omine
3194 2430 3457 2502 Ρειηιιιιιίιί

216 2527 419 2596 igitur,
466 2526 671 2596 inquit,
724 2526 864 2580 inter
908 2542 968 2582 se
1016 2529 1301 2585 dissentire
1352 2543 1674 2600 potuerunt,
1726 2543 1784 2589 ut
1890 2544 1919 2583 a
1960 2538 2012 2583 te
2057 2530 2181 2583 ticta
2216 2537 2368 2595 sunt,
2403 2528 2747 2597 perspicuum
2779 2535 2863 2581 est
2910 2533 2961 2578 le
3014 2525 3217 2580 idcirco
3257 2523 3455 2578 librum

217 2616 476 2671 Eusebius
506 2617 556 2670 in
601 2626 712 2670 toto
737 2632 900 2687 opere
945 2633 1043 2673 suo
1071 2619 1357 2688 Origenem
1388 2623 1571 2677 Ariani
1599 2626 1787 2693 probet
1888 2621 2031 2676 hunc
2055 2619 2412 2675 disseminare
2434 2619 2689 2685 voluisse.
2726 2628 2784 2672 υι
2816 2616 2917 2672 30b
2939 2631 3170 2686 Ροτδοηθ
3202 2615 3458 2686 martyris

216 2707 505 2775 dogmatis,
539 2720 595 2760 et
640 2707 953 2775 Pamphilus
1002 2708 1230 2765 Niczeuae
1271 2712 1485 2781 synodi,
1532 2730 1652 2781 quae
1686 2715 1785 2771 fuit
1887 2712 2136 2766 hzeresim
2166 2711 2574 2776 introduceres;
2606 2724 2835 2778 cuiuquc
2864 2710 2929 2764 de
2954 2709 3072 2779 ipso
3105 2708 3269 2772 libro,
3294 2721 3455 2776 quem

216 2808 426 2867 postea,
466 2798 847 2854 defensorem?
881 2819 900 2851 ι
940 2799 1091 2856 Unde
1130 2803 1405 2858 concludit
1442 2804 1528 2858 vel
1574 2804 1781 2876 Didymi
1884 2799 2151 2871 Pamphili
2208 2801 2455 2865 simulas,
2510 2799 2675 2854 multa
2723 2800 3073 2868 perveneris,
3106 2807 3161 2854 et
3189 2798 3349 2854 aliter
3396 2796 3453 2852 in

214 2903 337 2944 esse
371 2889 499 2942 illud
538 2889 874 2957 opusculum,
930 2891 1013 2945 vel
1048 2892 1270 2948 alterius
1316 2894 1639 2962 cujuslibet,
1691 2900 1782 2968 qui
1883 2891 2092 2957 Graeco.
2125 2892 2281 2946 aliter
2324 2892 2376 2946 in
2412 2891 2603 2946 Laliﬂo
2636 2892 2727 2955 Si"
2780 2891 3024 2946 “'3”de
3078 2898 3226 2945 mam
3281 2889 3454 2945 θηουί

215 2981 353 3035 sexti
378 2979 593 3035 Eusebii
618 2982 739 3037 libri
780 2998 800 3034 ι
842 2982 1018 3052 capite
1045 2985 1368 3041 detruncato
1390 3000 1590 3044 caetera
1620 3007 1784 3044 mem-
1885 2997 2003 3038 meo
2037 2983 2302 3053 imputare
2342 2999 2448 3036 mm
2478 2983 2677 3050 deﬂes;
2734 2983 2937 3037 credidi
2974 2981 3117 3037 enim
3166 2982 3283 3050 eius
3329 2995 3455 3036 €888

215 3076 311 3128 bra
334 3072 595 3127 sociarit:
630 3093 649 3127 ι
688 3073 789 3129 hoc
838 3083 941 3139 est,
977 3076 1067 3143 qui
1104 3076 1229 3131 libri
1279 3081 1415 3134 sexti
1461 3081 1672 3139 initium
1730 3086 1779 3139 in

1888 3076 2104 3141 librum,
2142 3090 2305 3145 quem
2346 3074 2529 3129 titulus
2555 3072 2919 3144 praeferebat:
2956 3092 2975 3127 ›
3011 3083 3179 3142 atque
3216 3072 3333 3127 hare
3367 3087 3456 3127 re—

212 3166 451 3236 priorem
485 3165 795 3223 inseruerit.
828 3167 961 3222 Nam
1002 3168 1142 3225 libro
1192 3185 1255 3226 ιιι
1299 3173 1519 3244 Apolog.
1573 3178 1779 3234 advers.

1891 3166 2026 3236 petit
2074 3166 2169 3221 lib.
2218 3181 2274 3220 ιιι
2320 3165 2563 3235 Apolog.,
2596 3181 2715 3235 cap.
2764 3165 2819 3219 4.
2855 3164 3114 3230 Quamvis
3166 3171 3347 3218 autem
3398 3164 3454 3218 in

212 3254 417 3324 Ruﬁn.,
439 3271 560 3324 cap.
587 3258 642 3323 4,
670 3258 784 3313 ha'c
815 3258 977 3313 habet
1010 3278 1022 3313 :
1055 3278 1074 3312 ι
1116 3260 1173 3315 tu
1201 3261 1517 3320 Czesariensi
1582 3268 1780 3322 billlio-
1881 3256 2206 3326 assignaudo
2243 3257 2562 3327 Apologetici
2597 3258 2754 3326 hujus
2782 3266 3002 3311 auctore
3033 3256 3226 3310 dubius
3254 3256 3455 3310 haereat

218 3350 373 3404 theca
397 3348 609 3405 Eusebii
634 3366 729 3407 sex
751 3350 1016 3406 volumina
1060 3357 1233 3423 reperi
1287 3357 1581 3429 ἀπολογίας
1638 3363 1779 3435 Ὠρι-

217 3441 429 3510 γένους,
485 3455 604 3510 quas
636 3458 757 3496 cum
808 3443 1080 3511 legissent,
1137 3447 1367 3516 primum
1409 3465 1530 3504 eum
1587 3454 1780 3509 librum

214 3533 565 3603 deprehendi,
608 3548 763 3602 quem
809 3545 863 3588 tu
916 3536 1063 3591 solus
1111 3539 1212 3594 sub
1264 3542 1481 3596 nomine
1532 3543 1781 3617 Martyris

207 3624 448 3691 edidisti,
478 3625 543 3681 de
566 3625 704 3680 Filio
730 3635 785 3681 et
804 3627 1008 3696 Spiritu
1043 3640 1232 3683 sancto
1263 3631 1313 3686 in
1344 3633 1538 3688 bonam
1570 3648 1779 3705 partem

210 3718 485 3790 plerisque
553 3717 897 3787 blasphemiis
960 3724 1342 3790 commutatis;
1419 3735 1476 3781 et
1549 3728 1653 3784 hoc
1699 3732 1779 3787 vel

211 3809 517 3880 Didymum,
558 3810 641 3863 vel
677 3820 746 3876 te,
778 3811 863 3865 vel
906 3812 1069 3866 alium
1123 3813 1318 3870 fecisse
1380 3819 1563 3874 nescio
1590 3837 1775 3888 quem,

204 3905 354 3972 quod
413 3912 467 3956 tu
510 3903 847 3972 apertissime
882 3904 933 3957 in
976 3905 1128 3960 libris
1171 3907 1314 3975 Περὶ
1343 3908 1546 3979 ἀρχῶν
1588 3911 1781 3970 fecisse

204 3995 548 4051 convinceris
580 4012 594 4050 :
626 3996 859 4051 maxime
887 4013 1008 4052 cum
1050 3998 1189 4052 idem
1248 3999 1532 4063 Eusebius.
1568 4012 1625 4057 ut
1663 4004 1775 4073 jam

204 4086 418 4141 duobus
449 4085 600 4140 libris
619 4087 797 4150 docui,
854 4088 1059 4142 scribat
1113 4087 1449 4159 Pamphilum
1485 4094 1621 4148 nihil
1650 4111 1777 4165 pro-

206 4178 313 4248 prii
342 4179 520 4247 operis
554 4178 805 4233 edidisse.
863 4196 882 4232 ι
929 4181 1005 4233 Ex
1064 4181 1147 4236 his
1195 4184 1420 4238 ellicitur
1471 4186 1774 4257 Didymum,

204 4280 306 4324 aut
339 4270 502 4324 alium
534 4271 852 4340 quemlibet,
879 4272 930 4324 in
956 4274 1195 4342 priorem
1223 4273 1539 4331 Eusebiana:
1576 4279 1774 4346 Apolo-

202 4363 311 4433 gia
358 4362 554 4417 librum
602 4364 748 4417 mille
801 4361 1015 4419 circiter
1072 4381 1259 4420 versus
1313 4382 1375 4423 ex
1431 4369 1567 4423 sexti
1621 4370 1776 4425 initio
1808 4409 1851 4459 ο

204 4454 482 4510 detractos
538 4455 867 4521 inseruisse,
940 4456 1191 4511 Rufinum
1264 4473 1391 4513 vero
1457 4463 1774 4530 exposuisse

203 4541 421 4608 Latine,
457 4552 511 4597 et
540 4544 639 4599 sub
683 4542 945 4613 Pamphili
1001 4545 1217 4601 nomine
1268 4547 1589 4617 publicasse,
1649 4566 1771 4605 cum

206 4634 429 4691 Eusebii
461 4637 637 4704 potius
661 4635 922 4693 dicendus
944 4648 1124 4700 esset;
1168 4653 1231 4691 ac
1266 4640 1518 4695 nonnulla
1560 4656 1774 4713 quoque

203 4725 277 4778 de
303 4723 437 4780 Filio
466 4725 556 4780 Dei
592 4736 646 4781 et
676 4725 878 4795 Spiritu
914 4741 1126 4798 sancto,
1160 4733 1215 4782 in
1244 4744 1310 4783 eo
1338 4743 1418 4784 vel
1461 4730 1661 4800 ipsum,
1691 4734 1773 4789 vel

207 4815 513 4887 Didymum,
547 4819 629 4873 vel
669 4818 831 4873 alium
868 4830 1249 4876 commutasse.
1289 4822 1401 4877 lloc
1437 4825 1575 4878 idem
1616 4841 1767 4894 repe-

207 4908 346 4961 ritur
372 4905 468 4964 lih.
502 4923 519 4962 ι
568 4908 789 4978 Apolog.
816 4910 1020 4963 advers.
1046 4909 1249 4978 Ruﬁu.,
1280 4927 1398 4983 cap.
1427 4913 1482 4980 9.,
1508 4924 1560 4970 et
1586 4916 1679 4971 lib.
1700 4933 1779 4986 tv,

282 5061 390 5129 (Mi)
426 5061 490 5115 At
516 5062 569 5115 in
600 5059 835 5129 Epistola
857 5062 946 5125 4|,
979 5062 1114 5117 alias
1142 5064 1233 5127 65,
1269 5066 1339 5118 ad
1374 5063 1773 5122 l’ammarhium

205 5142 258 5207 et
296 5134 717 5207 (lceammttetc.
751 5131 883 5187 Vide
917 5132 1175 5187 Monitum
1208 5146 1450 5189 nostrum
1484 5136 1535 5189 in
1578 5138 1773 5207 Apolo-

200 5200 665 5274 giam_Pampltili.

281 5271 395 5352 (4:1)
429 5272 1103 5354 additque.suppositjtfrtm
1135 5273 1230 5354 hoc
1253 5289 1381 5354 opus
1403 5274 1478 5354 ad
1497 5276 1638 5354 mille
1657 5293 1769 5331 ver-

205 5359 300 5397 sus
327 5339 354 5395 ἐ
377 5339 644 5414 principio
670 5339 789 5397 libri
822 5342 954 5395 sexti
988 5342 1297 5395 Eusebinme
1346 5345 1616 5414 Apologia:
1640 5363 1767 5402 con-

206 5414 392 5467 tinere.
453 5411 777 5483 Uttollatur
826 5414 1344 5483 aperta__verhorum
1398 5411 1765 5483 repugnantia,

208 5481 669 5536 eminentissimus
702 5479 991 5537 cardinalis
1014 5479 1258 5536 Norisius
1292 5479 1767 5540 Dissertfhistorié

206 5567 273 5605 ca
306 5550 373 5604 de
402 5552 608 5621 synodo
638 5553 847 5621 quinta,
874 5567 993 5620 cap.
1036 5551 1120 5612 15.
1157 5568 1276 5604 eam
1324 5554 1493 5620 rejicit
1539 5554 1590 5607 in
1620 5570 1767 5609 ama-

214 5622 497 5675 nuensium
523 5637 787 5685 errorem,
819 5622 910 5689 qui
936 5637 1055 5675 cum
1075 5623 1126 5677 in
1155 5624 1254 5676 hac
1275 5624 1342 5675 ad
1369 5626 1767 5680 l’ammachium

207 5699 263 5741 et
292 5690 563 5762 Oceanum
590 5692 814 5762 epistola
846 5694 1085 5762 legerent
1124 5693 1467 5748 abbreviatas
1496 5694 1655 5747 hasce
1683 5712 1768 5748 nn-

212 5767 294 5814 tas
332 5777 341 5813 :
373 5780 389 5813 ι
438 5758 502 5814 Vt
546 5758 635 5816 tib.
672 5758 1101 5833 Eusebii'super
1148 5762 1390 5834 Origcuis
1458 5763 1766 5823 defensioue

1883 3350 2259 3423 llierunymus,
2293 3350 2565 3405 Marianus
2613 3360 2793 3407 tamen
2840 3347 3122 3403 Victorius
3163 3356 3455 3403 accuratus

1882 3444 2192 3513 llieronymi
2237 3444 2411 3498 editor
2456 3458 2580 3497 eum
2639 3440 2758 3495 sine
2815 3440 3150 3497 dubitatione
3212 3441 3447 3497 Eusebio

1880 3536 2148 3591 ascribere
2172 3549 2275 3589 non
2315 3533 2599 3588 dubitavit.

1951 3625 2149 3680 Verum
2167 3628 2621 3682 concertationem
2644 3625 2851 3683 dirimit
2866 3627 3090 3685 Photius
3103 3630 3222 3685 cod.
3241 3646 3408 3687 cxvm
3433 3649 3449 3699 ;

1880 3718 2036 3773 docet
2074 3718 2218 3771 enim
2252 3716 2588 3787 Pamphilum
2617 3757 2633 3783 ,
2665 3733 2788 3773 cum
2819 3721 3144 3776 attineretur
3179 3724 3231 3777 in
3260 3739 3447 3779 carce-

1882 3824 1961 3875 re,
1993 3808 2230 3878 quinque
2263 3809 2472 3878 priores
2522 3809 2844 3879 Apologetici
2895 3812 3040 3867 illius
3068 3814 3257 3880 libros,
3308 3831 3450 3885 pra:-

1879 3909 2035 3953 sente
2073 3897 2329 3958 Eusebio.
2364 3899 2709 3966 elaborasse;
2741 3911 2952 3957 sextum
3000 3918 3163 3970 vero,
3197 3921 3450 3976 perpesso

1882 3991 2194 4062 martyrium
2229 3989 2530 4059 Pamphilo,
2562 3992 2632 4045 ah
2664 3993 2895 4047 Eusebio
2925 3992 3095 4051 fuisse
3118 3997 3446 4053 absolutum.

1880 4081 2210 4151 Praecipuum
2271 4098 2461 4152 nempe
2523 4084 2703 4154 operis
2771 4096 3048 4142 auctorem
3107 4087 3447 4157 Pamphilum

1879 4175 2147 4243 agnoscit,
2183 4176 2387 4230 socium
2439 4191 2567 4232 vero
2604 4177 2890 4232 Eusebium
2950 4187 3005 4234 et.
3048 4180 3445 4235 administruut.

1882 4267 1986 4322 lies
2008 4283 2073 4321 ex
2102 4268 2269 4337 ipsius
2298 4269 2474 4323 verbis
2497 4269 2686 4325 melius
2710 4272 3043 4340 spectabitur
3069 4271 3446 4343 ςἈνεγνώσθη

1880 4359 2165 4430 Παμφίλου
2185 4360 2277 4415 τοῦ
2308 4362 2600 4435 μάρτυρος,
2632 4365 2725 4418 καὶ
2754 4364 3009 4418 Εὑσεδίου
3066 4366 3204 4437 ὑπὲρ
3242 4365 3449 4436 Ὠριγέ-

1880 4467 2030 4514 νους·
2068 4453 2223 4521 τόμοι
2254 4453 2395 4507 δὲτὸ
2422 4454 2624 4524 βιϐλίον
2650 4455 2729 4522 ἓξ,
2759 4450 2833 4511 ὧν
2866 4458 2915 4510 οἱ
2942 4457 3040 4528 μὲν
3072 4457 3229 4510 πέντε
3294 4457 3443 4527 Παμ-

1877 4542 2013 4613 φίλῳ
2041 4543 2100 4595 τὸ
2118 4544 2486 4618 δεσμωτήριον
2517 4547 2771 4611 οἰκοῦντι,
2814 4550 3191 4621 συμπαρόντος
3218 4550 3312 4603 καὶ
3339 4550 3448 4602 Εὐ-

1878 4636 2055 4687 σεόίου
2086 4634 2503 4708 ἐξεπονήθησαν.
2534 4637 2591 4691 ὐ
2605 4638 2662 4691 δὲ
2683 4638 2836 4702 ἕκτος
2866 4641 2988 4693 ἐπεὶ
3017 4643 3045 4694 ὁ
3075 4641 3281 4713 μάρτυς
3302 4640 3447 4711 ξίφει

1874 4724 1967 4778 τοῦ
1996 4725 2094 4797 ζῇν
2126 4727 2410 4807 ἀπαχθεὶς,
2440 4728 2665 4781 ἁνέλυσε
2697 4730 2831 4800 πρὸς
2858 4731 2917 4784 ὃν
2941 4731 3124 4785 ἐπόθει
3155 4731 3288 4786 Θεὸν
3308 4774 3322 4797 ,
3344 4733 3449 4786 Εὐ-

1877 4817 2043 4889 σεὸίῳ
2084 4817 2270 4873 λοιπὸν
2300 4820 2680 4891 ἀπαρτίζεται.
2735 4840 2753 4873 ι
2793 4821 2988 4877 Lectus
3038 4833 3122 4878 est
3180 4822 3446 4892 Pamphili

1879 4912 2170 4982 martyris,
2200 4922 2253 4967 et
2281 4913 2494 4967 Eusebii
2550 4930 2648 4984 pro
2701 4916 2935 4985 Origene
2982 4916 3118 4971 liber
3149 4932 3242 4972 sex
3285 4922 3446 4972 tomis

1876 5069 2196 5191 principium
2228 5088 2246 5120 ι
2277 5068 2617 5123 reddiderunt
2642 5088 2660 5121 ι
2695 5073 2830 5125 sexti
2863 5073 3006 5137 libri,
3054 5090 3073 5124 ι
3110 5086 3235 5127 cum
3276 5091 3295 5125 ι
3348 5090 3442 5129 sex

1898 5142 2132 5191 ibrorum
2162 5138 2375 5191 Eusebii
2411 5154 2571 5191 super
2614 5140 2864 5191 Oriceriis
2895 5143 3208 5191 defensione
3239 5146 3442 5191 nrinci-

1898 5138 2132 5193 ibrorum
2162 5138 2375 5193 Eusebii
2411 5154 2571 5209 super
2614 5140 2864 5209 Origenis
2895 5143 3208 5197 defensione
3239 5146 3443 5209 princi-

1876 5210 2019 5283 pium
2058 5228 2085 5283 ι
2116 5210 2729 5283 scriberedebuissent.
2764 5212 2856 5266 Sic
2893 5213 3058 5267 etiam
3115 5215 3275 5282 paulo
3322 5225 3443 5283 post

1876 5280 2193 5359 legentibus,
2234 5295 2252 5330 ι
2287 5282 2377 5359 qui
2423 5295 2473 5335 νι
2501 5279 2624 5337 libr.
2669 5279 3219 5359 capitedetrnncato,
3256 5302 3276 5337 ι
3322 5279 3438 5359 non

1873 5349 2283 5473 Exscribendum
2308 5351 2389 5404 eis
2419 5362 2558 5416 erat,
2591 5368 2613 5403 ι
2650 5349 2786 5407 sex—ti
2816 5352 2959 5419 libri,
2988 5371 3009 5407 ι
3049 5356 3165 5419 sed,
3203 5370 3224 5406 ι
3253 5366 3347 5407 sex
3370 5355 3438 5407 li-

1914 5434 2114 5473 rorum.
2157 5438 2176 5471 s

1914 5434 2091 5471 ΓΟΙἪΙΙῙ
2101 5461 2114 5474 .
2157 5438 2176 5471 δ

1945 5489 2056 5557 (48)
2076 5490 2118 5542 Α
2150 5489 2358 5558 Ruﬁno,
2378 5500 2432 5545 ut
2450 5496 2655 5561 opinor,
2679 5508 2848 5555 erasa,
2868 5508 2969 5561 quo
2990 5507 3191 5545 omnem
3212 5491 3439 5556 querela

1875 5576 2067 5629 ausam
2085 5563 2408 5625 prwcideret.
2450 5562 2576 5616 Vide
2602 5562 2860 5615 Mouitum
2886 5573 3129 5616 nostrum
3161 5562 3215 5613 in
3246 5563 3437 5629 Apolo-

1877 5629 2014 5749 {jimn
2051 5627 2337 5700 Pamphili,
2371 5649 2519 5688 num.
2545 5632 2601 5701 7,
2629 5633 2715 5687 ubi
2743 5634 2856 5688 hinc
2890 5631 3067 5687 ltuctii
3100 5627 3437 5701 opiniocon-

1900 5709 2099 5749 utatur.

1900 5709 2099 5753 utatur.
