  <div class='ocr_page' id='page_1' title='image "/cluster/home/n/w/nwhite01/storage/ocr_20150623/17/nnc1.0046978615/563.png"; bbox 0 0 3860 6226; ppageno 0'>
   <div class='ocr_carea' id='block_1_1' title="bbox 444 592 2017 697">
    <p class='ocr_par' dir='ltr' id='par_1_1' title="bbox 444 592 2017 697">
     <span class='ocr_line' id='line_1_1' title="bbox 444 592 2017 697; baseline 0.022 -49"><span class='ocrx_word' id='word_1_1' title='bbox 444 592 642 652; x_wconf 82' lang='lat' dir='ltr'><strong>Sextus</strong></span> <span class='ocrx_word' id='word_1_2' title='bbox 666 610 843 655; x_wconf 90' lang='lat' dir='ltr'><strong>autem</strong></span> <span class='ocrx_word' id='word_1_3' title='bbox 871 641 886 667; x_wconf 94' lang='lat'><strong>,</strong></span> <span class='ocrx_word' id='word_1_4' title='bbox 920 616 1205 675; x_wconf 80' lang='lat' dir='ltr'><strong>postquam</strong></span> <span class='ocrx_word' id='word_1_5' title='bbox 1236 611 1415 681; x_wconf 89' lang='lat' dir='ltr'><strong>gladio</strong></span> <span class='ocrx_word' id='word_1_6' title='bbox 1455 629 1670 690; x_wconf 84' lang='lat' dir='ltr'><strong>martyr</strong></span> <span class='ocrx_word' id='word_1_7' title='bbox 1703 624 1810 678; x_wconf 89' lang='lat' dir='ltr'><strong>vita</strong></span> <span class='ocrx_word' id='word_1_8' title='bbox 1839 628 2017 697; x_wconf 88' lang='lat' dir='ltr'><strong>priva-</strong></span> 
     </span>
    </p>
   </div>
   <div class='ocr_carea' id='block_1_2' title="bbox 458 690 2018 779">
    <p class='ocr_par' dir='ltr' id='par_1_2' title="bbox 458 690 2018 779">
     <span class='ocr_line' id='line_1_2' title="bbox 458 690 2018 779; baseline 0.023 -41"><span class='ocrx_word' id='word_1_9' title='bbox 458 697 546 740; x_wconf 86' lang='lat' dir='ltr'><strong>tus</strong></span> <span class='ocrx_word' id='word_1_10' title='bbox 580 690 829 759; x_wconf 90' lang='lat' dir='ltr'><strong>migravit</strong></span> <span class='ocrx_word' id='word_1_11' title='bbox 855 693 923 749; x_wconf 88' lang='lat' dir='ltr'><strong>ad</strong></span> <span class='ocrx_word' id='word_1_12' title='bbox 960 694 1128 753; x_wconf 90' lang='lat' dir='ltr'><strong>Deum</strong></span> <span class='ocrx_word' id='word_1_13' title='bbox 1160 716 1319 773; x_wconf 85' lang='lat' dir='ltr'><strong>quem</strong></span> <span class='ocrx_word' id='word_1_14' title='bbox 1354 711 1790 779; x_wconf 89' lang='lat' dir='ltr'><strong>concupiscebat,</strong></span> <span class='ocrx_word' id='word_1_15' title='bbox 1821 690 1889 770; x_wconf 78' lang='lat' dir='ltr'><strong>ab</strong></span> <span class='ocrx_word' id='word_1_16' title='bbox 1913 719 2018 773; x_wconf 87' lang='lat' dir='ltr'><strong>Eu-</strong></span> 
     </span>
    </p>
   </div>
   <div class='ocr_carea' id='block_1_3' title="bbox 441 780 2017 885">
    <p class='ocr_par' dir='ltr' id='par_1_3' title="bbox 441 780 2017 885">
     <span class='ocr_line' id='line_1_3' title="bbox 441 780 2017 885; baseline 0.023 -53"><span class='ocrx_word' id='word_1_17' title='bbox 441 780 591 834; x_wconf 90' lang='lat' dir='ltr'><strong>sebio</strong></span> <span class='ocrx_word' id='word_1_18' title='bbox 621 794 705 837; x_wconf 91' lang='lat' dir='ltr'><strong>est</strong></span> <span class='ocrx_word' id='word_1_19' title='bbox 743 787 1022 845; x_wconf 87' lang='lat' dir='ltr'><strong>absolutus</strong></span> <span class='ocrx_word' id='word_1_20' title='bbox 1051 808 1066 858; x_wconf 92' lang='lat'><strong>;</strong></span> <span class='ocrx_word' id='word_1_21' title='bbox 1101 813 1121 847; x_wconf 73' lang='grc' dir='ltr'><strong><em>ι</em></strong></span> <span class='ocrx_word' id='word_1_22' title='bbox 1156 805 1211 849; x_wconf 91' lang='lat' dir='ltr'><strong>et</strong></span> <span class='ocrx_word' id='word_1_23' title='bbox 1241 798 1429 855; x_wconf 92' lang='lat' dir='ltr'><strong>deinde</strong></span> <span class='ocrx_word' id='word_1_24' title='bbox 1456 821 1471 857; x_wconf 91' lang='lat'><strong>:</strong></span> <span class='ocrx_word' id='word_1_25' title='bbox 1504 805 1613 877; x_wconf 82' lang='grc' dir='ltr'><strong>Τὴν</strong></span> <span class='ocrx_word' id='word_1_26' title='bbox 1634 808 1691 860; x_wconf 83' lang='grc' dir='ltr'><strong>δὲ</strong></span> <span class='ocrx_word' id='word_1_27' title='bbox 1722 810 2017 885; x_wconf 74' lang='grc' dir='ltr'>ὑπὲρὨριο</span> 
     </span>
    </p>
   </div>
   <div class='ocr_carea' id='block_1_4' title="bbox 442 868 2013 965">
    <p class='ocr_par' dir='ltr' id='par_1_4' title="bbox 442 868 2013 965">
     <span class='ocr_line' id='line_1_4' title="bbox 442 868 2013 965; baseline 0.027 -48"><span class='ocrx_word' id='word_1_28' title='bbox 442 868 631 965; x_wconf 38' lang='grc' dir='ltr'>γέμους</span> <span class='ocrx_word' id='word_1_29' title='bbox 664 871 977 965; x_wconf 81' lang='grc' dir='ltr'>ἀπολογίαν,</span> <span class='ocrx_word' id='word_1_30' title='bbox 1013 880 1089 949; x_wconf 79' lang='grc' dir='ltr'><strong>ὡς</strong></span> <span class='ocrx_word' id='word_1_31' title='bbox 1118 882 1347 956; x_wconf 78' lang='grc' dir='ltr'><strong>ἔφημεν,</strong></span> <span class='ocrx_word' id='word_1_32' title='bbox 1391 891 1419 942; x_wconf 88' lang='grc' dir='ltr'>ὁ</span> <span class='ocrx_word' id='word_1_33' title='bbox 1465 868 1749 965; x_wconf 77' lang='grc' dir='ltr'><strong>Πάμφιλος</strong></span> <span class='ocrx_word' id='word_1_34' title='bbox 1782 868 1878 955; x_wconf 50' lang='lat' dir='ltr'><strong>silv</strong></span> <span class='ocrx_word' id='word_1_35' title='bbox 1912 868 2013 957; x_wconf 68' lang='lat' dir='ltr'><strong>EO-</strong></span> 
     </span>
    </p>
   </div>
   <div class='ocr_carea' id='block_1_5' title="bbox 442 957 2015 1059">
    <p class='ocr_par' dir='ltr' id='par_1_5' title="bbox 442 957 2015 1059">
     <span class='ocr_line' id='line_1_5' title="bbox 442 957 2015 1059; baseline 0.027 -52"><span class='ocrx_word' id='word_1_36' title='bbox 442 957 605 1028; x_wconf 77' lang='grc' dir='ltr'><strong>σεϐξῳ</strong></span> <span class='ocrx_word' id='word_1_37' title='bbox 631 962 1019 1037; x_wconf 82' lang='grc' dir='ltr'><strong>καθειργμένος</strong></span> <span class='ocrx_word' id='word_1_38' title='bbox 1052 973 1131 1044; x_wconf 84' lang='grc' dir='ltr'><strong>τῷ</strong></span> <span class='ocrx_word' id='word_1_39' title='bbox 1176 978 1432 1049; x_wconf 81' lang='grc' dir='ltr'>οἰκήματι</span> <span class='ocrx_word' id='word_1_40' title='bbox 1479 957 1871 1059; x_wconf 35' lang='grc' dir='ltr'><strong>συθεῆράιξιατο,</strong></span> <span class='ocrx_word' id='word_1_41' title='bbox 1922 996 2015 1049; x_wconf 76' lang='grc' dir='ltr'><strong>καὶ</strong></span> 
     </span>
    </p>
   </div>
   <div class='ocr_carea' id='block_1_6' title="bbox 438 1050 2015 1147">
    <p class='ocr_par' dir='ltr' id='par_1_6' title="bbox 438 1050 2015 1147">
     <span class='ocr_line' id='line_1_6' title="bbox 438 1050 2015 1147; baseline 0.023 -46"><span class='ocrx_word' id='word_1_42' title='bbox 438 1050 639 1122; x_wconf 80' lang='grc' dir='ltr'>ταύτην</span> <span class='ocrx_word' id='word_1_43' title='bbox 665 1056 799 1127; x_wconf 79' lang='grc' dir='ltr'><strong>πρὸς</strong></span> <span class='ocrx_word' id='word_1_44' title='bbox 825 1062 951 1125; x_wconf 80' lang='grc' dir='ltr'>τοὺς</span> <span class='ocrx_word' id='word_1_45' title='bbox 971 1065 1027 1116; x_wconf 78' lang='grc' dir='ltr'>ἐν</span> <span class='ocrx_word' id='word_1_46' title='bbox 1062 1068 1343 1134; x_wconf 81' lang='grc' dir='ltr'><strong>μετάλλοις</strong></span> <span class='ocrx_word' id='word_1_47' title='bbox 1363 1072 1449 1127; x_wconf 84' lang='grc' dir='ltr'>διὰ</span> <span class='ocrx_word' id='word_1_48' title='bbox 1476 1050 1709 1147; x_wconf 49' lang='grc' dir='ltr'><strong>Χρισξὸν</strong></span> <span class='ocrx_word' id='word_1_49' title='bbox 1728 1050 2015 1137; x_wconf 52' lang='lat' dir='ltr'><strong>adlatum-</strong></span> 
     </span>
    </p>
   </div>
   <div class='ocr_carea' id='block_1_7' title="bbox 440 1141 2016 1239">
    <p class='ocr_par' dir='ltr' id='par_1_7' title="bbox 440 1141 2016 1239">
     <span class='ocr_line' id='line_1_7' title="bbox 440 1141 2016 1239; baseline 0.025 -49"><span class='ocrx_word' id='word_1_50' title='bbox 440 1141 734 1210; x_wconf 82' lang='grc' dir='ltr'>ρουμένους</span> <span class='ocrx_word' id='word_1_51' title='bbox 765 1147 1125 1222; x_wconf 80' lang='grc' dir='ltr'>διεπέμψατο.</span> <span class='ocrx_word' id='word_1_52' title='bbox 1181 1176 1202 1210; x_wconf 81' lang='lat' dir='ltr'><strong>r</strong></span> <span class='ocrx_word' id='word_1_53' title='bbox 1232 1141 1546 1233; x_wconf 82' lang='lat' dir='ltr'><strong>Apologiam</strong></span> <span class='ocrx_word' id='word_1_54' title='bbox 1572 1179 1751 1223; x_wconf 88' lang='lat' dir='ltr'><strong>autem</strong></span> <span class='ocrx_word' id='word_1_55' title='bbox 1782 1188 1878 1239; x_wconf 91' lang='lat' dir='ltr'><strong>pro</strong></span> <span class='ocrx_word' id='word_1_56' title='bbox 1899 1174 2016 1230; x_wconf 84' lang='lat' dir='ltr'><strong>Ori-</strong></span> 
     </span>
    </p>
   </div>
   <div class='ocr_carea' id='block_1_8' title="bbox 437 1237 2007 1323">
    <p class='ocr_par' dir='ltr' id='par_1_8' title="bbox 437 1237 2007 1323">
     <span class='ocr_line' id='line_1_8' title="bbox 437 1237 2007 1323; baseline 0.027 -41"><span class='ocrx_word' id='word_1_57' title='bbox 437 1244 593 1299; x_wconf 84' lang='lat' dir='ltr'><strong>gene,</strong></span> <span class='ocrx_word' id='word_1_58' title='bbox 614 1244 681 1323; x_wconf 92' lang='lat' dir='ltr'><strong>ut</strong></span> <span class='ocrx_word' id='word_1_59' title='bbox 702 1237 963 1307; x_wconf 83' lang='lat' dir='ltr'><strong>diximus,</strong></span> <span class='ocrx_word' id='word_1_60' title='bbox 992 1242 1306 1317; x_wconf 90' lang='lat' dir='ltr'><strong>Pamphilus</strong></span> <span class='ocrx_word' id='word_1_61' title='bbox 1342 1270 1446 1309; x_wconf 89' lang='lat' dir='ltr'><strong>una</strong></span> <span class='ocrx_word' id='word_1_62' title='bbox 1485 1274 1606 1315; x_wconf 92' lang='lat' dir='ltr'><strong>cum</strong></span> <span class='ocrx_word' id='word_1_63' title='bbox 1635 1237 1869 1321; x_wconf 83' lang='lat' dir='ltr'><strong>Eusebio</strong></span> <span class='ocrx_word' id='word_1_64' title='bbox 1894 1283 2007 1323; x_wconf 87' lang='lat' dir='ltr'><strong>car-</strong></span> 
     </span>
    </p>
   </div>
   <div class='ocr_carea' id='block_1_9' title="bbox 437 1322 2008 1428">
    <p class='ocr_par' dir='ltr' id='par_1_9' title="bbox 437 1322 2008 1428">
     <span class='ocr_line' id='line_1_9' title="bbox 437 1322 2008 1428; baseline 0.028 -56"><span class='ocrx_word' id='word_1_65' title='bbox 437 1334 561 1375; x_wconf 87' lang='lat' dir='ltr'><strong>cere</strong></span> <span class='ocrx_word' id='word_1_66' title='bbox 608 1322 851 1385; x_wconf 90' lang='lat' dir='ltr'><strong>inclusus</strong></span> <span class='ocrx_word' id='word_1_67' title='bbox 880 1331 1253 1405; x_wconf 90' lang='lat' dir='ltr'><strong>elucubravit,</strong></span> <span class='ocrx_word' id='word_1_68' title='bbox 1289 1350 1646 1417; x_wconf 83' lang='lat' dir='ltr'><strong>eamdemque</strong></span> <span class='ocrx_word' id='word_1_69' title='bbox 1676 1356 1742 1408; x_wconf 91' lang='lat' dir='ltr'><strong>ad</strong></span> <span class='ocrx_word' id='word_1_70' title='bbox 1780 1371 1874 1414; x_wconf 91' lang='lat' dir='ltr'><strong>eos</strong></span> <span class='ocrx_word' id='word_1_71' title='bbox 1917 1362 2008 1428; x_wconf 88' lang='lat' dir='ltr'><strong>qui</strong></span> 
     </span>
    </p>
   </div>
   <div class='ocr_carea' id='block_1_10' title="bbox 434 1411 2012 1509">
    <p class='ocr_par' dir='ltr' id='par_1_10' title="bbox 434 1411 2012 1509">
     <span class='ocr_line' id='line_1_10' title="bbox 434 1411 2012 1509; baseline 0.028 -45"><span class='ocrx_word' id='word_1_72' title='bbox 434 1411 490 1466; x_wconf 87' lang='lat' dir='ltr'><strong>in</strong></span> <span class='ocrx_word' id='word_1_73' title='bbox 522 1418 753 1474; x_wconf 82' lang='lat' dir='ltr'><strong>metallis</strong></span> <span class='ocrx_word' id='word_1_74' title='bbox 793 1436 889 1488; x_wconf 90' lang='lat' dir='ltr'><strong>pro</strong></span> <span class='ocrx_word' id='word_1_75' title='bbox 934 1424 1152 1486; x_wconf 86' lang='lat' dir='ltr'><strong>Christo</strong></span> <span class='ocrx_word' id='word_1_76' title='bbox 1181 1411 1601 1509; x_wconf 74' lang='lat' dir='ltr'><strong>exercebantur,</strong></span> <span class='ocrx_word' id='word_1_77' title='bbox 1638 1447 1804 1504; x_wconf 89' lang='lat' dir='ltr'><strong>misit.</strong></span> <span class='ocrx_word' id='word_1_78' title='bbox 1846 1468 1865 1501; x_wconf 74' lang='grc' dir='ltr'><strong><em>ι</em></strong></span> <span class='ocrx_word' id='word_1_79' title='bbox 1903 1411 2012 1506; x_wconf 79' lang='lat' dir='ltr'><strong>Eu-</strong></span> 
     </span>
    </p>
   </div>
   <div class='ocr_carea' id='block_1_11' title="bbox 436 1503 2011 1603">
    <p class='ocr_par' dir='ltr' id='par_1_11' title="bbox 436 1503 2011 1603">
     <span class='ocr_line' id='line_1_11' title="bbox 436 1503 2011 1603; baseline 0.025 -47"><span class='ocrx_word' id='word_1_80' title='bbox 436 1503 615 1562; x_wconf 88' lang='lat' dir='ltr'><strong>sebius</strong></span> <span class='ocrx_word' id='word_1_81' title='bbox 661 1509 774 1578; x_wconf 89' lang='lat' dir='ltr'><strong>ipse</strong></span> <span class='ocrx_word' id='word_1_82' title='bbox 800 1515 1059 1585; x_wconf 88' lang='lat' dir='ltr'><strong>scriptam</strong></span> <span class='ocrx_word' id='word_1_83' title='bbox 1102 1536 1220 1577; x_wconf 87' lang='lat' dir='ltr'><strong>eam</strong></span> <span class='ocrx_word' id='word_1_84' title='bbox 1264 1542 1291 1579; x_wconf 93' lang='lat' dir='ltr'><strong>a</strong></span> <span class='ocrx_word' id='word_1_85' title='bbox 1324 1543 1381 1581; x_wconf 90' lang='lat' dir='ltr'><strong>se</strong></span> <span class='ocrx_word' id='word_1_86' title='bbox 1409 1542 1463 1582; x_wconf 90' lang='lat' dir='ltr'><strong>et</strong></span> <span class='ocrx_word' id='word_1_87' title='bbox 1495 1531 1775 1603; x_wconf 81' lang='lat' dir='ltr'><strong>Patnphilo</strong></span> <span class='ocrx_word' id='word_1_88' title='bbox 1807 1538 2011 1595; x_wconf 93' lang='lat' dir='ltr'><strong>fatetur</strong></span> 
     </span>
    </p>
   </div>
   <div class='ocr_carea' id='block_1_12' title="bbox 437 1593 2004 1699">
    <p class='ocr_par' dir='ltr' id='par_1_12' title="bbox 437 1593 2004 1699">
     <span class='ocr_line' id='line_1_12' title="bbox 437 1593 2004 1699; baseline 0.026 -54"><span class='ocrx_word' id='word_1_89' title='bbox 437 1593 644 1696; x_wconf 57' lang='lat' dir='ltr'><strong>Hjstor.</strong></span> <span class='ocrx_word' id='word_1_90' title='bbox 672 1601 797 1657; x_wconf 86' lang='lat' dir='ltr'><strong>libr.</strong></span> <span class='ocrx_word' id='word_1_91' title='bbox 851 1622 927 1671; x_wconf 77' lang='lat' dir='ltr'><strong>vr,</strong></span> <span class='ocrx_word' id='word_1_92' title='bbox 956 1624 1073 1680; x_wconf 86' lang='lat' dir='ltr'><strong>cap.</strong></span> <span class='ocrx_word' id='word_1_93' title='bbox 1108 1613 1200 1678; x_wconf 78' lang='lat'><strong>53,</strong></span> <span class='ocrx_word' id='word_1_94' title='bbox 1225 1616 1366 1670; x_wconf 83' lang='grc' dir='ltr'><strong>Ὅσα</strong></span> <span class='ocrx_word' id='word_1_95' title='bbox 1387 1619 1443 1672; x_wconf 85' lang='grc' dir='ltr'><strong>δὲ</strong></span> <span class='ocrx_word' id='word_1_96' title='bbox 1484 1593 1776 1692; x_wconf 51' lang='grc' dir='ltr'><strong>ἀναγέεαία,</strong></span> <span class='ocrx_word' id='word_1_97' title='bbox 1816 1593 2004 1699; x_wconf 67' lang='lat' dir='ltr'><strong>inquit,</strong></span> 
     </span>
    </p>
   </div>
   <div class='ocr_carea' id='block_1_13' title="bbox 433 1683 2008 1793">
    <p class='ocr_par' dir='ltr' id='par_1_13' title="bbox 433 1683 2008 1793">
     <span class='ocr_line' id='line_1_13' title="bbox 433 1683 2008 1793; baseline 0.024 -57"><span class='ocrx_word' id='word_1_98' title='bbox 433 1683 543 1738; x_wconf 85' lang='grc' dir='ltr'><strong>τῶν</strong></span> <span class='ocrx_word' id='word_1_99' title='bbox 569 1690 697 1759; x_wconf 77' lang='grc' dir='ltr'>περὶ</span> <span class='ocrx_word' id='word_1_100' title='bbox 724 1694 900 1748; x_wconf 78' lang='grc' dir='ltr'>αὐτῶν</span> <span class='ocrx_word' id='word_1_101' title='bbox 918 1696 1208 1767; x_wconf 81' lang='grc' dir='ltr'>διαγνῶναι</span> <span class='ocrx_word' id='word_1_102' title='bbox 1233 1700 1320 1775; x_wconf 82' lang='grc' dir='ltr'><strong>ἦν,</strong></span> <span class='ocrx_word' id='word_1_103' title='bbox 1337 1708 1509 1763; x_wconf 84' lang='grc' dir='ltr'><strong>ταῦτα</strong></span> <span class='ocrx_word' id='word_1_104' title='bbox 1529 1713 1621 1765; x_wconf 75' lang='grc' dir='ltr'>καὶ</span> <span class='ocrx_word' id='word_1_105' title='bbox 1643 1717 1706 1768; x_wconf 78' lang='grc' dir='ltr'><strong>ἐκ</strong></span> <span class='ocrx_word' id='word_1_106' title='bbox 1738 1721 1835 1789; x_wconf 81' lang='grc' dir='ltr'><strong>τῆς</strong></span> <span class='ocrx_word' id='word_1_107' title='bbox 1866 1722 2008 1793; x_wconf 80' lang='grc' dir='ltr'>ὑπὲρ</span> 
     </span>
     <span class='ocr_line' id='line_1_14' title="bbox 441 1775 1059 1793; baseline 0.024 -15"><span class='ocrx_word' id='word_1_108' title='bbox 441 1791 461 1793; x_wconf 23' lang='grc' dir='ltr'>Η</span> <span class='ocrx_word' id='word_1_109' title='bbox 479 1775 492 1793; x_wconf 82' lang='grc'><em>,</em></span> <span class='ocrx_word' id='word_1_110' title='bbox 569 1777 594 1788; x_wconf 79' lang='grc'><em>,</em></span> <span class='ocrx_word' id='word_1_111' title='bbox 902 1787 912 1793; x_wconf 89' lang='grc'><em>,</em></span> <span class='ocrx_word' id='word_1_112' title='bbox 1052 1792 1059 1793; x_wconf 62' lang='lat'><strong><em>,</em></strong></span> 
     </span>
    </p>
   </div>
   <div class='ocr_carea' id='block_1_14' title="bbox 431 1775 2005 1885">
    <p class='ocr_par' dir='ltr' id='par_1_14' title="bbox 431 1775 2005 1885">
     <span class='ocr_line' id='line_1_15' title="bbox 431 1775 2005 1885; baseline 0.025 -58"><span class='ocrx_word' id='word_1_113' title='bbox 431 1775 596 1831; x_wconf 81' lang='grc' dir='ltr'>αὑτοῦ</span> <span class='ocrx_word' id='word_1_114' title='bbox 630 1787 1013 1860; x_wconf 78' lang='grc' dir='ltr'><strong>πεπονημένης</strong></span> <span class='ocrx_word' id='word_1_115' title='bbox 1040 1792 1169 1862; x_wconf 81' lang='grc' dir='ltr'>ἡμῖν</span> <span class='ocrx_word' id='word_1_116' title='bbox 1190 1812 1248 1847; x_wconf 87' lang='grc' dir='ltr'><strong>τε</strong></span> <span class='ocrx_word' id='word_1_117' title='bbox 1277 1800 1370 1851; x_wconf 74' lang='grc' dir='ltr'><strong>καὶ</strong></span> <span class='ocrx_word' id='word_1_118' title='bbox 1410 1800 1488 1872; x_wconf 81' lang='grc' dir='ltr'><strong>τῷ</strong></span> <span class='ocrx_word' id='word_1_119' title='bbox 1518 1804 1639 1857; x_wconf 84' lang='grc' dir='ltr'><strong>καθ’</strong></span> <span class='ocrx_word' id='word_1_120' title='bbox 1694 1775 1840 1878; x_wconf 54' lang='lat' dir='ltr'><strong>iunci;</strong></span> <span class='ocrx_word' id='word_1_121' title='bbox 1876 1775 2005 1885; x_wconf 72' lang='grc' dir='ltr'><strong>ἱερῷ</strong></span> 
     </span>
    </p>
   </div>
   <div class='ocr_carea' id='block_1_15' title="bbox 433 1866 1993 1968">
    <p class='ocr_par' dir='ltr' id='par_1_15' title="bbox 433 1866 1993 1968">
     <span class='ocr_line' id='line_1_16' title="bbox 433 1866 1993 1968; baseline 0.012 -32"><span class='ocrx_word' id='word_1_122' title='bbox 433 1866 986 1968; x_wconf 47' lang='grc' dir='ltr'><strong>μέρτυριΑΠαμφίλῳ</strong></span> <span class='ocrx_word' id='word_1_123' title='bbox 1025 1882 1359 1955; x_wconf 79' lang='grc' dir='ltr'>ἀπολογίας,</span> <span class='ocrx_word' id='word_1_124' title='bbox 1427 1866 1687 1966; x_wconf 78' lang='grc' dir='ltr'><strong>πάρεστιν</strong></span> <span class='ocrx_word' id='word_1_125' title='bbox 1715 1866 1993 1968; x_wconf 62' lang='lat' dir='ltr'><strong>&quot;dvalééa:</strong></span> 
     </span>
    </p>
   </div>
   <div class='ocr_carea' id='block_1_16' title="bbox 433 1954 2001 2062">
    <p class='ocr_par' dir='ltr' id='par_1_16' title="bbox 433 1954 2001 2062">
     <span class='ocr_line' id='line_1_17' title="bbox 433 1954 2001 2062; baseline 0.024 -51"><span class='ocrx_word' id='word_1_126' title='bbox 433 1954 578 2011; x_wconf 81' lang='grc' dir='ltr'><strong>σθαι.</strong></span> <span class='ocrx_word' id='word_1_127' title='bbox 619 1978 637 2010; x_wconf 71' lang='grc' dir='ltr'><strong>ε</strong></span> <span class='ocrx_word' id='word_1_128' title='bbox 673 1960 1014 2037; x_wconf 66' lang='lat' dir='ltr'><strong>Quascuuque</strong></span> <span class='ocrx_word' id='word_1_129' title='bbox 1060 1987 1189 2029; x_wconf 92' lang='lat' dir='ltr'><strong>vero</strong></span> <span class='ocrx_word' id='word_1_130' title='bbox 1240 1978 1306 2033; x_wconf 92' lang='lat' dir='ltr'><strong>de</strong></span> <span class='ocrx_word' id='word_1_131' title='bbox 1345 1979 1436 2036; x_wconf 90' lang='lat' dir='ltr'><strong>illo</strong></span> <span class='ocrx_word' id='word_1_132' title='bbox 1470 1990 1775 2043; x_wconf 90' lang='lat' dir='ltr'><strong>necessario</strong></span> <span class='ocrx_word' id='word_1_133' title='bbox 1801 2006 2001 2062; x_wconf 84' lang='lat' dir='ltr'><strong>cogno-</strong></span> 
     </span>
    </p>
   </div>
   <div class='ocr_carea' id='block_1_17' title="bbox 428 2051 2003 2155">
    <p class='ocr_par' dir='ltr' id='par_1_17' title="bbox 428 2051 2003 2155">
     <span class='ocr_line' id='line_1_18' title="bbox 428 2051 2003 2155; baseline 0.026 -56"><span class='ocrx_word' id='word_1_134' title='bbox 428 2051 627 2104; x_wconf 84' lang='lat' dir='ltr'><strong>scenda</strong></span> <span class='ocrx_word' id='word_1_135' title='bbox 651 2066 796 2122; x_wconf 88' lang='lat' dir='ltr'><strong>sunt,</strong></span> <span class='ocrx_word' id='word_1_136' title='bbox 819 2072 880 2113; x_wconf 87' lang='lat' dir='ltr'><strong>ea</strong></span> <span class='ocrx_word' id='word_1_137' title='bbox 911 2073 1094 2129; x_wconf 90' lang='lat' dir='ltr'><strong>petere</strong></span> <span class='ocrx_word' id='word_1_138' title='bbox 1122 2066 1251 2123; x_wconf 90' lang='lat' dir='ltr'><strong>licet</strong></span> <span class='ocrx_word' id='word_1_139' title='bbox 1291 2085 1356 2125; x_wconf 82' lang='lat' dir='ltr'><strong>ex</strong></span> <span class='ocrx_word' id='word_1_140' title='bbox 1388 2074 1664 2146; x_wconf 83' lang='lat' dir='ltr'><strong>Apologia,</strong></span> <span class='ocrx_word' id='word_1_141' title='bbox 1692 2051 2003 2155; x_wconf 50' lang='lat' dir='ltr'><strong>quamvpro</strong></span> 
     </span>
    </p>
   </div>
   <div class='ocr_carea' id='block_1_18' title="bbox 428 2153 1997 2245">
    <p class='ocr_par' dir='ltr' id='par_1_18' title="bbox 428 2153 1997 2245">
     <span class='ocr_line' id='line_1_19' title="bbox 428 2153 1997 2245; baseline 0.025 -51"><span class='ocrx_word' id='word_1_142' title='bbox 428 2153 496 2195; x_wconf 91' lang='lat' dir='ltr'><strong>eo</strong></span> <span class='ocrx_word' id='word_1_143' title='bbox 542 2157 641 2214; x_wconf 88' lang='lat' dir='ltr'><strong>ego</strong></span> <span class='ocrx_word' id='word_1_144' title='bbox 695 2156 749 2201; x_wconf 92' lang='lat' dir='ltr'><strong>et</strong></span> <span class='ocrx_word' id='word_1_145' title='bbox 788 2153 961 2207; x_wconf 86' lang='lat' dir='ltr'><strong>sancti</strong></span> <span class='ocrx_word' id='word_1_146' title='bbox 997 2160 1251 2227; x_wconf 90' lang='lat' dir='ltr'><strong>temporis</strong></span> <span class='ocrx_word' id='word_1_147' title='bbox 1291 2166 1463 2220; x_wconf 87' lang='lat' dir='ltr'><strong>nostri</strong></span> <span class='ocrx_word' id='word_1_148' title='bbox 1497 2182 1708 2241; x_wconf 88' lang='lat' dir='ltr'><strong>martyr</strong></span> <span class='ocrx_word' id='word_1_149' title='bbox 1740 2153 1997 2245; x_wconf 83' lang='lat' dir='ltr'><strong>Pamphi-</strong></span> 
     </span>
    </p>
   </div>
   <div class='ocr_carea' id='block_1_19' title="bbox 428 2232 1998 2328">
    <p class='ocr_par' dir='ltr' id='par_1_19' title="bbox 428 2232 1998 2328">
     <span class='ocr_line' id='line_1_20' title="bbox 428 2232 1998 2328; baseline 0.026 -43"><span class='ocrx_word' id='word_1_150' title='bbox 428 2232 511 2289; x_wconf 85' lang='lat' dir='ltr'><strong>lus</strong></span> <span class='ocrx_word' id='word_1_151' title='bbox 531 2235 947 2299; x_wconf 86' lang='lat' dir='ltr'><strong>elaboravimus.</strong></span> <span class='ocrx_word' id='word_1_152' title='bbox 992 2265 1012 2298; x_wconf 86' lang='grc'><strong>›</strong></span> <span class='ocrx_word' id='word_1_153' title='bbox 1043 2247 1382 2320; x_wconf 88' lang='lat' dir='ltr'><strong>Pamphilum</strong></span> <span class='ocrx_word' id='word_1_154' title='bbox 1426 2258 1590 2328; x_wconf 84' lang='lat' dir='ltr'><strong>igitur</strong></span> <span class='ocrx_word' id='word_1_155' title='bbox 1630 2232 1684 2318; x_wconf 74' lang='lat' dir='ltr'><strong>et</strong></span> <span class='ocrx_word' id='word_1_156' title='bbox 1708 2232 1998 2325; x_wconf 71' lang='lat' dir='ltr'><strong>Eusebium</strong></span> 
     </span>
    </p>
   </div>
   <div class='ocr_carea' id='block_1_20' title="bbox 426 2333 1998 2419">
    <p class='ocr_par' dir='ltr' id='par_1_20' title="bbox 426 2333 1998 2419">
     <span class='ocr_line' id='line_1_21' title="bbox 426 2333 1998 2419; baseline 0.024 -39"><span class='ocrx_word' id='word_1_157' title='bbox 426 2338 677 2386; x_wconf 85' lang='lat' dir='ltr'><strong>auctores</strong></span> <span class='ocrx_word' id='word_1_158' title='bbox 710 2333 871 2389; x_wconf 81' lang='lat' dir='ltr'><strong>habet</strong></span> <span class='ocrx_word' id='word_1_159' title='bbox 906 2339 1274 2410; x_wconf 79' lang='lat' dir='ltr'><strong>Apologeticus</strong></span> <span class='ocrx_word' id='word_1_160' title='bbox 1305 2348 1407 2404; x_wconf 90' lang='lat' dir='ltr'><strong>iste</strong></span> <span class='ocrx_word' id='word_1_161' title='bbox 1437 2391 1452 2418; x_wconf 94' lang='lat'><strong>,</strong></span> <span class='ocrx_word' id='word_1_162' title='bbox 1498 2363 1555 2407; x_wconf 93' lang='lat' dir='ltr'><strong>et</strong></span> <span class='ocrx_word' id='word_1_163' title='bbox 1582 2392 1599 2419; x_wconf 88' lang='lat'><strong>,</strong></span> <span class='ocrx_word' id='word_1_164' title='bbox 1647 2358 1692 2412; x_wconf 90' lang='lat' dir='ltr'><strong>si</strong></span> <span class='ocrx_word' id='word_1_165' title='bbox 1747 2358 1998 2418; x_wconf 90' lang='lat' dir='ltr'><strong>Photium</strong></span> 
     </span>
    </p>
   </div>
   <div class='ocr_carea' id='block_1_21' title="bbox 425 2422 2000 2525">
    <p class='ocr_par' dir='ltr' id='par_1_21' title="bbox 425 2422 2000 2525">
     <span class='ocr_line' id='line_1_22' title="bbox 425 2422 2000 2525; baseline 0.023 -52"><span class='ocrx_word' id='word_1_166' title='bbox 425 2422 695 2525; x_wconf 50' lang='lat' dir='ltr'><strong>audim&#39;us,</strong></span> <span class='ocrx_word' id='word_1_167' title='bbox 731 2429 1046 2497; x_wconf 87' lang='lat' dir='ltr'><strong>primarium</strong></span> <span class='ocrx_word' id='word_1_168' title='bbox 1077 2437 1295 2504; x_wconf 88' lang='lat' dir='ltr'><strong>quidem</strong></span> <span class='ocrx_word' id='word_1_169' title='bbox 1321 2450 1376 2495; x_wconf 91' lang='lat' dir='ltr'><strong>et</strong></span> <span class='ocrx_word' id='word_1_170' title='bbox 1399 2447 1724 2517; x_wconf 72' lang='lat' dir='ltr'><strong>praecipuum</strong></span> <span class='ocrx_word' id='word_1_171' title='bbox 1752 2450 2000 2525; x_wconf 83' lang='lat' dir='ltr'><strong>Pamphi-</strong></span> 
     </span>
    </p>
   </div>
   <div class='ocr_carea' id='block_1_22' title="bbox 423 2508 1999 2601">
    <p class='ocr_par' dir='ltr' id='par_1_22' title="bbox 423 2508 1999 2601">
     <span class='ocr_line' id='line_1_23' title="bbox 423 2508 1999 2601; baseline 0.025 -39"><span class='ocrx_word' id='word_1_172' title='bbox 423 2508 555 2565; x_wconf 92' lang='lat' dir='ltr'><strong>lum.</strong></span> <span class='ocrx_word' id='word_1_173' title='bbox 590 2511 928 2573; x_wconf 88' lang='lat' dir='ltr'><strong>Postremum</strong></span> <span class='ocrx_word' id='word_1_174' title='bbox 959 2522 1222 2580; x_wconf 79' lang='lat' dir='ltr'><strong>duntaxat</strong></span> <span class='ocrx_word' id='word_1_175' title='bbox 1253 2542 1283 2582; x_wconf 92' lang='lat' dir='ltr'><strong>e</strong></span> <span class='ocrx_word' id='word_1_176' title='bbox 1328 2508 1480 2586; x_wconf 41' lang='lat' dir='ltr'><strong>lib-ris</strong></span> <span class='ocrx_word' id='word_1_177' title='bbox 1521 2508 1614 2589; x_wconf 77' lang='lat' dir='ltr'><strong>sex</strong></span> <span class='ocrx_word' id='word_1_178' title='bbox 1662 2554 1801 2595; x_wconf 92' lang='lat' dir='ltr'><strong>unus</strong></span> <span class='ocrx_word' id='word_1_179' title='bbox 1831 2508 1999 2601; x_wconf 73' lang='lat' dir='ltr'><strong>Euse-</strong></span> 
     </span>
    </p>
   </div>
   <div class='ocr_carea' id='block_1_23' title="bbox 424 2601 1995 2707">
    <p class='ocr_par' dir='ltr' id='par_1_23' title="bbox 424 2601 1995 2707">
     <span class='ocr_line' id='line_1_24' title="bbox 424 2601 1995 2707; baseline 0.022 -51"><span class='ocrx_word' id='word_1_180' title='bbox 424 2601 548 2657; x_wconf 85' lang='lat' dir='ltr'><strong>bius</strong></span> <span class='ocrx_word' id='word_1_181' title='bbox 575 2608 919 2677; x_wconf 85' lang='lat' dir='ltr'><strong>conscripsit.</strong></span> <span class='ocrx_word' id='word_1_182' title='bbox 944 2613 1027 2667; x_wconf 88' lang='lat' dir='ltr'><strong>Ad</strong></span> <span class='ocrx_word' id='word_1_183' title='bbox 1052 2615 1103 2669; x_wconf 91' lang='lat' dir='ltr'><strong>id</strong></span> <span class='ocrx_word' id='word_1_184' title='bbox 1139 2627 1321 2673; x_wconf 81' lang='lat' dir='ltr'><strong>autem</strong></span> <span class='ocrx_word' id='word_1_185' title='bbox 1353 2626 1494 2691; x_wconf 89' lang='lat' dir='ltr'><strong>quod</strong></span> <span class='ocrx_word' id='word_1_186' title='bbox 1523 2627 1708 2695; x_wconf 83' lang='lat' dir='ltr'><strong>objicit</strong></span> <span class='ocrx_word' id='word_1_187' title='bbox 1732 2631 1995 2707; x_wconf 86' lang='lat' dir='ltr'><strong>Hierony-</strong></span> 
     </span>
    </p>
   </div>
   <div class='ocr_carea' id='block_1_24' title="bbox 422 2698 1996 2795">
    <p class='ocr_par' dir='ltr' id='par_1_24' title="bbox 422 2698 1996 2795">
     <span class='ocr_line' id='line_1_25' title="bbox 422 2698 1996 2795; baseline 0.024 -50"><span class='ocrx_word' id='word_1_188' title='bbox 422 2709 577 2760; x_wconf 88' lang='lat' dir='ltr'><strong>mus,</strong></span> <span class='ocrx_word' id='word_1_189' title='bbox 611 2698 759 2754; x_wconf 90' lang='lat' dir='ltr'><strong>mille</strong></span> <span class='ocrx_word' id='word_1_190' title='bbox 781 2716 970 2758; x_wconf 91' lang='lat' dir='ltr'><strong>versus</strong></span> <span class='ocrx_word' id='word_1_191' title='bbox 1000 2706 1272 2764; x_wconf 85' lang='lat' dir='ltr'><strong>detractos</strong></span> <span class='ocrx_word' id='word_1_192' title='bbox 1326 2722 1379 2768; x_wconf 91' lang='lat' dir='ltr'><strong>et</strong></span> <span class='ocrx_word' id='word_1_193' title='bbox 1431 2730 1706 2784; x_wconf 90' lang='lat' dir='ltr'><strong>postremo</strong></span> <span class='ocrx_word' id='word_1_194' title='bbox 1730 2698 1996 2795; x_wconf 72' lang='lat' dir='ltr'><strong>Apologia:</strong></span> 
     </span>
    </p>
   </div>
   <div class='ocr_carea' id='block_1_25' title="bbox 423 2786 1992 2887">
    <p class='ocr_par' dir='ltr' id='par_1_25' title="bbox 423 2786 1992 2887">
     <span class='ocr_line' id='line_1_26' title="bbox 423 2786 1992 2887; baseline 0.022 -47"><span class='ocrx_word' id='word_1_195' title='bbox 423 2786 597 2887; x_wconf 64' lang='lat' dir='ltr'><strong>libro,</strong></span> <span class='ocrx_word' id='word_1_196' title='bbox 629 2793 718 2860; x_wconf 84' lang='lat' dir='ltr'><strong>qui</strong></span> <span class='ocrx_word' id='word_1_197' title='bbox 751 2794 969 2851; x_wconf 82' lang='lat' dir='ltr'><strong>Eusebii</strong></span> <span class='ocrx_word' id='word_1_198' title='bbox 1007 2798 1141 2866; x_wconf 89' lang='lat' dir='ltr'><strong>fuit,</strong></span> <span class='ocrx_word' id='word_1_199' title='bbox 1185 2802 1239 2857; x_wconf 92' lang='lat' dir='ltr'><strong>in</strong></span> <span class='ocrx_word' id='word_1_200' title='bbox 1286 2806 1520 2875; x_wconf 85' lang='lat' dir='ltr'><strong>priorem</strong></span> <span class='ocrx_word' id='word_1_201' title='bbox 1551 2811 1700 2868; x_wconf 92' lang='lat' dir='ltr'><strong>illum</strong></span> <span class='ocrx_word' id='word_1_202' title='bbox 1732 2786 1992 2887; x_wconf 77' lang='lat' dir='ltr'><strong>Pamphili</strong></span> 
     </span>
    </p>
   </div>
   <div class='ocr_carea' id='block_1_26' title="bbox 421 2875 1994 2983">
    <p class='ocr_par' dir='ltr' id='par_1_26' title="bbox 421 2875 1994 2983">
     <span class='ocr_line' id='line_1_27' title="bbox 421 2875 1994 2983; baseline 0.023 -52"><span class='ocrx_word' id='word_1_203' title='bbox 421 2875 587 2935; x_wconf 74' lang='lat' dir='ltr'><strong>fuisse</strong></span> <span class='ocrx_word' id='word_1_204' title='bbox 614 2882 866 2941; x_wconf 90' lang='lat' dir='ltr'><strong>inductos</strong></span> <span class='ocrx_word' id='word_1_205' title='bbox 888 2928 905 2954; x_wconf 91' lang='lat'><strong>,</strong></span> <span class='ocrx_word' id='word_1_206' title='bbox 939 2891 1274 2963; x_wconf 86' lang='lat' dir='ltr'><strong>proindeque</strong></span> <span class='ocrx_word' id='word_1_207' title='bbox 1308 2914 1411 2953; x_wconf 89' lang='lat' dir='ltr'><strong>non</strong></span> <span class='ocrx_word' id='word_1_208' title='bbox 1445 2912 1613 2958; x_wconf 91' lang='lat' dir='ltr'><strong>totum</strong></span> <span class='ocrx_word' id='word_1_209' title='bbox 1649 2921 1679 2960; x_wconf 86' lang='lat' dir='ltr'><strong>a</strong></span> <span class='ocrx_word' id='word_1_210' title='bbox 1710 2875 1994 2983; x_wconf 75' lang='lat' dir='ltr'><strong>Pamphilo</strong></span> 
     </span>
    </p>
   </div>
   <div class='ocr_carea' id='block_1_27' title="bbox 419 2967 1995 3059">
    <p class='ocr_par' dir='ltr' id='par_1_27' title="bbox 419 2967 1995 3059">
     <span class='ocr_line' id='line_1_28' title="bbox 419 2967 1995 3059; baseline 0.022 -36"><span class='ocrx_word' id='word_1_211' title='bbox 419 2967 588 3027; x_wconf 91' lang='lat' dir='ltr'><strong>fuisse</strong></span> <span class='ocrx_word' id='word_1_212' title='bbox 626 2973 1003 3048; x_wconf 87' lang='lat' dir='ltr'><strong>lucubratum;</strong></span> <span class='ocrx_word' id='word_1_213' title='bbox 1044 2987 1345 3055; x_wconf 84' lang='lat' dir='ltr'><strong>respondeo</strong></span> <span class='ocrx_word' id='word_1_214' title='bbox 1393 3007 1494 3047; x_wconf 87' lang='lat' dir='ltr'><strong>nec</strong></span> <span class='ocrx_word' id='word_1_215' title='bbox 1542 3004 1709 3051; x_wconf 91' lang='lat' dir='ltr'><strong>totum</strong></span> <span class='ocrx_word' id='word_1_216' title='bbox 1744 2967 1995 3059; x_wconf 76' lang='lat' dir='ltr'><strong>lucubra-</strong></span> 
     </span>
    </p>
   </div>
   <div class='ocr_carea' id='block_1_28' title="bbox 418 3065 2502 3187">
    <p class='ocr_par' dir='ltr' id='par_1_28' title="bbox 418 3065 2502 3187">
     <span class='ocr_line' id='line_1_29' title="bbox 418 3065 2502 3187; baseline 0.018 -71"><span class='ocrx_word' id='word_1_217' title='bbox 418 3070 534 3118; x_wconf 87' lang='lat' dir='ltr'><strong>tum</strong></span> <span class='ocrx_word' id='word_1_218' title='bbox 581 3065 747 3124; x_wconf 89' lang='lat' dir='ltr'><strong>fuisse</strong></span> <span class='ocrx_word' id='word_1_219' title='bbox 794 3072 861 3127; x_wconf 88' lang='lat' dir='ltr'><strong>ab</strong></span> <span class='ocrx_word' id='word_1_220' title='bbox 895 3073 1160 3145; x_wconf 91' lang='lat' dir='ltr'><strong>Eusebio;</strong></span> <span class='ocrx_word' id='word_1_221' title='bbox 1209 3090 1264 3135; x_wconf 94' lang='lat' dir='ltr'><strong>et</strong></span> <span class='ocrx_word' id='word_1_222' title='bbox 1313 3086 1529 3156; x_wconf 90' lang='lat' dir='ltr'><strong>utrique</strong></span> <span class='ocrx_word' id='word_1_223' title='bbox 1559 3091 1758 3147; x_wconf 89' lang='lat' dir='ltr'><strong>ascribi</strong></span> <span class='ocrx_word' id='word_1_224' title='bbox 1809 3110 1987 3165; x_wconf 86' lang='lat' dir='ltr'><strong>posse.</strong></span> <span class='ocrx_word' id='word_1_225' title='bbox 2019 3129 2061 3187; x_wconf 63' lang='grc' dir='ltr'><em>ε</em></span> 
     </span>
     <span class='ocr_line' id='line_1_30' title="bbox 418 3154 1525 3187; baseline 0 0"><span class='ocrx_word' id='word_1_226' title='bbox 418 3154 566 3187; x_wconf 63' lang='grc' dir='ltr'><strong>νη...</strong></span> <span class='ocrx_word' id='word_1_227' title='bbox 602 3169 679 3187; x_wconf 74' lang='grc' dir='ltr'><strong>...ι</strong></span> <span class='ocrx_word' id='word_1_228' title='bbox 707 3176 830 3187; x_wconf 65' lang='lat' dir='ltr'><strong>.m-..</strong></span> <span class='ocrx_word' id='word_1_229' title='bbox 857 3165 1015 3187; x_wconf 66' lang='lat' dir='ltr'><strong>-I.-__</strong></span> <span class='ocrx_word' id='word_1_230' title='bbox 1047 3168 1108 3187; x_wconf 81' lang='grc' dir='ltr'><strong>η-</strong></span> <span class='ocrx_word' id='word_1_231' title='bbox 1130 3186 1137 3187; x_wconf 61' lang='lat'><strong><em>,</em></strong></span> <span class='ocrx_word' id='word_1_232' title='bbox 1345 3176 1357 3187; x_wconf 88' lang='lat'><strong>.</strong></span> <span class='ocrx_word' id='word_1_233' title='bbox 1472 3180 1483 3187; x_wconf 90' lang='lat'><strong>.</strong></span> <span class='ocrx_word' id='word_1_234' title='bbox 1515 3182 1525 3187; x_wconf 90' lang='lat'><strong>-</strong></span> 
     </span>
    </p>
   </div>
   <div class='ocr_carea' id='block_1_29' title="bbox 418 3154 1995 3247">
    <p class='ocr_par' dir='ltr' id='par_1_29' title="bbox 418 3154 1995 3247">
     <span class='ocr_line' id='line_1_31' title="bbox 418 3154 1995 3247; baseline 0.025 -39"><span class='ocrx_word' id='word_1_235' title='bbox 418 3154 569 3211; x_wconf 82' lang='lat' dir='ltr'><strong>Vana</strong></span> <span class='ocrx_word' id='word_1_236' title='bbox 600 3169 683 3215; x_wconf 81' lang='lat' dir='ltr'><strong>est</strong></span> <span class='ocrx_word' id='word_1_237' title='bbox 707 3176 833 3217; x_wconf 90' lang='lat' dir='ltr'><strong>vero</strong></span> <span class='ocrx_word' id='word_1_238' title='bbox 854 3165 1021 3221; x_wconf 89' lang='lat' dir='ltr'><strong>altera</strong></span> <span class='ocrx_word' id='word_1_239' title='bbox 1047 3168 1359 3245; x_wconf 80' lang='lat' dir='ltr'><strong>Hieronymi</strong></span> <span class='ocrx_word' id='word_1_240' title='bbox 1377 3154 1585 3247; x_wconf 81' lang='lat' dir='ltr'><strong>petitio,</strong></span> <span class='ocrx_word' id='word_1_241' title='bbox 1603 3200 1726 3239; x_wconf 88' lang='lat' dir='ltr'><strong>cutn</strong></span> <span class='ocrx_word' id='word_1_242' title='bbox 1752 3189 1827 3242; x_wconf 88' lang='lat' dir='ltr'><strong>ait</strong></span> <span class='ocrx_word' id='word_1_243' title='bbox 1847 3206 1995 3246; x_wconf 85' lang='lat' dir='ltr'><strong>sum-</strong></span> 
     </span>
    </p>
   </div>
   <div class='ocr_carea' id='block_1_30' title="bbox 417 3252 1995 3350">
    <p class='ocr_par' dir='ltr' id='par_1_30' title="bbox 417 3252 1995 3350">
     <span class='ocr_line' id='line_1_32' title="bbox 417 3252 1995 3350; baseline 0.023 -49"><span class='ocrx_word' id='word_1_244' title='bbox 417 3266 562 3304; x_wconf 75' lang='lat' dir='ltr'><strong>nium</strong></span> <span class='ocrx_word' id='word_1_245' title='bbox 594 3252 759 3309; x_wconf 83' lang='lat' dir='ltr'><strong>fuisse</strong></span> <span class='ocrx_word' id='word_1_246' title='bbox 809 3255 1098 3317; x_wconf 89' lang='lat' dir='ltr'><strong>Eusebium</strong></span> <span class='ocrx_word' id='word_1_247' title='bbox 1128 3264 1270 3321; x_wconf 92' lang='lat' dir='ltr'><strong>inter</strong></span> <span class='ocrx_word' id='word_1_248' title='bbox 1325 3279 1381 3325; x_wconf 90' lang='lat' dir='ltr'><strong>et</strong></span> <span class='ocrx_word' id='word_1_249' title='bbox 1423 3270 1759 3344; x_wconf 88' lang='lat' dir='ltr'><strong>Pamphilum</strong></span> <span class='ocrx_word' id='word_1_250' title='bbox 1786 3282 1995 3350; x_wconf 69' lang='lat' dir='ltr'><strong>opinio~</strong></span> 
     </span>
    </p>
   </div>
   <div class='ocr_carea' id='block_1_31' title="bbox 417 3356 1989 3442">
    <p class='ocr_par' dir='ltr' id='par_1_31' title="bbox 417 3356 1989 3442">
     <span class='ocr_line' id='line_1_33' title="bbox 417 3356 1989 3442; baseline 0.024 -49"><span class='ocrx_word' id='word_1_251' title='bbox 417 3356 546 3395; x_wconf 90' lang='lat' dir='ltr'><strong>num</strong></span> <span class='ocrx_word' id='word_1_252' title='bbox 590 3359 949 3413; x_wconf 88' lang='lat' dir='ltr'><strong>consensum;</strong></span> <span class='ocrx_word' id='word_1_253' title='bbox 999 3370 1119 3409; x_wconf 89' lang='lat' dir='ltr'><strong>cum</strong></span> <span class='ocrx_word' id='word_1_254' title='bbox 1181 3370 1361 3414; x_wconf 89' lang='lat' dir='ltr'><strong>autem</strong></span> <span class='ocrx_word' id='word_1_255' title='bbox 1414 3363 1676 3423; x_wconf 84' lang='lat' dir='ltr'><strong>Eusebius</strong></span> <span class='ocrx_word' id='word_1_256' title='bbox 1702 3370 1989 3442; x_wconf 84' lang='lat' dir='ltr'><strong>Origenem</strong></span> 
     </span>
    </p>
   </div>
   <div class='ocr_carea' id='block_1_32' title="bbox 420 3436 1995 3523">
    <p class='ocr_par' dir='ltr' id='par_1_32' title="bbox 420 3436 1995 3523">
     <span class='ocr_line' id='line_1_34' title="bbox 420 3436 1995 3523; baseline 0.024 -38"><span class='ocrx_word' id='word_1_257' title='bbox 420 3445 532 3489; x_wconf 88' lang='lat' dir='ltr'><strong>toto</strong></span> <span class='ocrx_word' id='word_1_258' title='bbox 559 3436 612 3490; x_wconf 92' lang='lat' dir='ltr'><strong>in</strong></span> <span class='ocrx_word' id='word_1_259' title='bbox 642 3452 806 3508; x_wconf 91' lang='lat' dir='ltr'><strong>opere</strong></span> <span class='ocrx_word' id='word_1_260' title='bbox 838 3458 935 3499; x_wconf 91' lang='lat' dir='ltr'><strong>suo</strong></span> <span class='ocrx_word' id='word_1_261' title='bbox 967 3447 1197 3515; x_wconf 90' lang='lat' dir='ltr'><strong>probare</strong></span> <span class='ocrx_word' id='word_1_262' title='bbox 1222 3453 1471 3510; x_wconf 88' lang='lat' dir='ltr'><strong>videatur</strong></span> <span class='ocrx_word' id='word_1_263' title='bbox 1489 3458 1676 3514; x_wconf 88' lang='lat' dir='ltr'><strong>Ariani</strong></span> <span class='ocrx_word' id='word_1_264' title='bbox 1702 3436 1869 3520; x_wconf 69' lang='lat' dir='ltr'><strong>fuisse</strong></span> <span class='ocrx_word' id='word_1_265' title='bbox 1900 3469 1995 3523; x_wconf 80' lang='lat' dir='ltr'><strong>de-</strong></span> 
     </span>
    </p>
   </div>
   <div class='ocr_carea' id='block_1_33' title="bbox 417 3526 1980 3628">
    <p class='ocr_par' dir='ltr' id='par_1_33' title="bbox 417 3526 1980 3628">
     <span class='ocr_line' id='line_1_35' title="bbox 417 3526 1980 3628; baseline 0.022 -48"><span class='ocrx_word' id='word_1_266' title='bbox 417 3526 688 3585; x_wconf 85' lang='lat' dir='ltr'><strong>fensorem</strong></span> <span class='ocrx_word' id='word_1_267' title='bbox 714 3533 999 3605; x_wconf 82' lang='lat' dir='ltr'><strong>dogmatis,</strong></span> <span class='ocrx_word' id='word_1_268' title='bbox 1024 3539 1333 3611; x_wconf 88' lang='lat' dir='ltr'><strong>Pamphilus</strong></span> <span class='ocrx_word' id='word_1_269' title='bbox 1366 3563 1494 3605; x_wconf 91' lang='lat' dir='ltr'><strong>vero</strong></span> <span class='ocrx_word' id='word_1_270' title='bbox 1530 3550 1747 3609; x_wconf 84' lang='lat' dir='ltr'><strong>Niceuac</strong></span> <span class='ocrx_word' id='word_1_271' title='bbox 1770 3561 1980 3628; x_wconf 87' lang='lat' dir='ltr'><strong>synodi,</strong></span> 
     </span>
    </p>
   </div>
   <div class='ocr_carea' id='block_1_34' title="bbox 414 3624 1991 3708">
    <p class='ocr_par' dir='ltr' id='par_1_34' title="bbox 414 3624 1991 3708">
     <span class='ocr_line' id='line_1_36' title="bbox 414 3624 1991 3708; baseline 0.02 -32"><span class='ocrx_word' id='word_1_272' title='bbox 414 3638 534 3693; x_wconf 66' lang='lat' dir='ltr'><strong>quae</strong></span> <span class='ocrx_word' id='word_1_273' title='bbox 558 3624 661 3680; x_wconf 86' lang='lat' dir='ltr'><strong>fuit</strong></span> <span class='ocrx_word' id='word_1_274' title='bbox 685 3639 868 3697; x_wconf 90' lang='lat' dir='ltr'><strong>postea</strong></span> <span class='ocrx_word' id='word_1_275' title='bbox 894 3671 910 3698; x_wconf 94' lang='lat'><strong>,</strong></span> <span class='ocrx_word' id='word_1_276' title='bbox 957 3634 1334 3704; x_wconf 79' lang='lat' dir='ltr'><strong>defensorem;</strong></span> <span class='ocrx_word' id='word_1_277' title='bbox 1388 3641 1512 3696; x_wconf 91' lang='lat' dir='ltr'><strong>hinc</strong></span> <span class='ocrx_word' id='word_1_278' title='bbox 1540 3646 1678 3701; x_wconf 78' lang='lat' dir='ltr'><strong>eIIici</strong></span> <span class='ocrx_word' id='word_1_279' title='bbox 1730 3664 1833 3704; x_wconf 91' lang='lat' dir='ltr'><strong>non</strong></span> <span class='ocrx_word' id='word_1_280' title='bbox 1872 3667 1991 3708; x_wconf 92' lang='lat' dir='ltr'><strong>esse</strong></span> 
     </span>
    </p>
   </div>
   <div class='ocr_carea' id='block_1_35' title="bbox 413 3713 1988 3811">
    <p class='ocr_par' dir='ltr' id='par_1_35' title="bbox 413 3713 1988 3811">
     <span class='ocr_line' id='line_1_37' title="bbox 413 3713 1988 3811; baseline 0.02 -44"><span class='ocrx_word' id='word_1_281' title='bbox 413 3713 678 3786; x_wconf 82' lang='lat' dir='ltr'><strong>Pamphili</strong></span> <span class='ocrx_word' id='word_1_282' title='bbox 709 3731 766 3776; x_wconf 92' lang='lat' dir='ltr'><strong>et</strong></span> <span class='ocrx_word' id='word_1_283' title='bbox 797 3723 1019 3781; x_wconf 86' lang='lat' dir='ltr'><strong>Eusebii</strong></span> <span class='ocrx_word' id='word_1_284' title='bbox 1050 3736 1219 3783; x_wconf 89' lang='lat' dir='ltr'><strong>totum</strong></span> <span class='ocrx_word' id='word_1_285' title='bbox 1259 3732 1391 3789; x_wconf 86' lang='lat' dir='ltr'><strong>illud</strong></span> <span class='ocrx_word' id='word_1_286' title='bbox 1434 3750 1567 3804; x_wconf 90' lang='lat' dir='ltr'><strong>opus</strong></span> <span class='ocrx_word' id='word_1_287' title='bbox 1588 3776 1605 3803; x_wconf 95' lang='lat'><strong>,</strong></span> <span class='ocrx_word' id='word_1_288' title='bbox 1655 3741 1748 3795; x_wconf 89' lang='lat' dir='ltr'><strong>sed</strong></span> <span class='ocrx_word' id='word_1_289' title='bbox 1782 3756 1988 3811; x_wconf 90' lang='lat' dir='ltr'><strong>partem</strong></span> 
     </span>
    </p>
   </div>
   <div class='ocr_carea' id='block_1_36' title="bbox 412 3811 1988 3905">
    <p class='ocr_par' dir='ltr' id='par_1_36' title="bbox 412 3811 1988 3905">
     <span class='ocr_line' id='line_1_38' title="bbox 412 3811 1988 3905; baseline 0.018 -42"><span class='ocrx_word' id='word_1_290' title='bbox 412 3823 534 3865; x_wconf 84' lang='lat' dir='ltr'><strong>esse</strong></span> <span class='ocrx_word' id='word_1_291' title='bbox 561 3811 812 3881; x_wconf 87' lang='lat' dir='ltr'><strong>Eusebii,</strong></span> <span class='ocrx_word' id='word_1_292' title='bbox 857 3818 1093 3887; x_wconf 89' lang='lat' dir='ltr'><strong>priorem</strong></span> <span class='ocrx_word' id='word_1_293' title='bbox 1128 3837 1256 3879; x_wconf 89' lang='lat' dir='ltr'><strong>vero</strong></span> <span class='ocrx_word' id='word_1_294' title='bbox 1286 3826 1480 3881; x_wconf 90' lang='lat' dir='ltr'><strong>librum</strong></span> <span class='ocrx_word' id='word_1_295' title='bbox 1520 3829 1740 3888; x_wconf 81' lang='lat' dir='ltr'><strong>alterius</strong></span> <span class='ocrx_word' id='word_1_296' title='bbox 1765 3836 1988 3905; x_wconf 82' lang='lat' dir='ltr'><strong>cujusli-</strong></span> 
     </span>
    </p>
   </div>
   <div class='ocr_carea' id='block_1_37' title="bbox 412 3902 1989 3988">
    <p class='ocr_par' dir='ltr' id='par_1_37' title="bbox 412 3902 1989 3988">
     <span class='ocr_line' id='line_1_39' title="bbox 412 3902 1989 3988; baseline 0.018 -33"><span class='ocrx_word' id='word_1_297' title='bbox 412 3902 524 3966; x_wconf 88' lang='lat' dir='ltr'><strong>bet,</strong></span> <span class='ocrx_word' id='word_1_298' title='bbox 579 3917 705 3974; x_wconf 89' lang='lat' dir='ltr'><strong>puta</strong></span> <span class='ocrx_word' id='word_1_299' title='bbox 741 3908 977 3980; x_wconf 83' lang='lat' dir='ltr'><strong>Didymi.</strong></span> <span class='ocrx_word' id='word_1_300' title='bbox 1010 3911 1126 3969; x_wconf 88' lang='lat' dir='ltr'><strong>Non</strong></span> <span class='ocrx_word' id='word_1_301' title='bbox 1165 3918 1335 3988; x_wconf 80' lang='lat' dir='ltr'><strong>magis</strong></span> <span class='ocrx_word' id='word_1_302' title='bbox 1367 3922 1512 3974; x_wconf 91' lang='lat' dir='ltr'><strong>enim</strong></span> <span class='ocrx_word' id='word_1_303' title='bbox 1549 3925 1744 3979; x_wconf 89' lang='lat' dir='ltr'><strong>mirum</strong></span> <span class='ocrx_word' id='word_1_304' title='bbox 1787 3902 1874 3982; x_wconf 81' lang='lat' dir='ltr'><strong>est</strong></span> <span class='ocrx_word' id='word_1_305' title='bbox 1905 3931 1989 3982; x_wconf 93' lang='lat' dir='ltr'><strong>di-</strong></span> 
     </span>
    </p>
   </div>
   <div class='ocr_carea' id='block_1_38' title="bbox 413 3999 1990 4088">
    <p class='ocr_par' dir='ltr' id='par_1_38' title="bbox 413 3999 1990 4088">
     <span class='ocr_line' id='line_1_40' title="bbox 413 3999 1990 4088; baseline 0.018 -42"><span class='ocrx_word' id='word_1_306' title='bbox 413 4010 573 4051; x_wconf 74' lang='lat' dir='ltr'><strong>versa</strong></span> <span class='ocrx_word' id='word_1_307' title='bbox 608 3999 674 4053; x_wconf 94' lang='lat' dir='ltr'><strong>de</strong></span> <span class='ocrx_word' id='word_1_308' title='bbox 728 4000 979 4072; x_wconf 85' lang='lat' dir='ltr'><strong>Origenis</strong></span> <span class='ocrx_word' id='word_1_309' title='bbox 1028 4007 1271 4062; x_wconf 85' lang='lat' dir='ltr'><strong>doctrina</strong></span> <span class='ocrx_word' id='word_1_310' title='bbox 1329 4013 1567 4067; x_wconf 86' lang='lat' dir='ltr'><strong>sensisse</strong></span> <span class='ocrx_word' id='word_1_311' title='bbox 1613 4025 1669 4070; x_wconf 91' lang='lat' dir='ltr'><strong>et</strong></span> <span class='ocrx_word' id='word_1_312' title='bbox 1706 4019 1990 4088; x_wconf 88' lang='lat' dir='ltr'><strong>scripsisse</strong></span> 
     </span>
    </p>
   </div>
   <div class='ocr_carea' id='block_1_39' title="bbox 409 4088 1989 4171">
    <p class='ocr_par' dir='ltr' id='par_1_39' title="bbox 409 4088 1989 4171">
     <span class='ocr_line' id='line_1_41' title="bbox 409 4088 1989 4171; baseline 0.018 -31"><span class='ocrx_word' id='word_1_313' title='bbox 409 4088 751 4160; x_wconf 60' lang='lat' dir='ltr'><strong>Pamphilum</strong></span> <span class='ocrx_word' id='word_1_314' title='bbox 777 4107 829 4149; x_wconf 89' lang='lat' dir='ltr'><strong>et</strong></span> <span class='ocrx_word' id='word_1_315' title='bbox 851 4096 1163 4164; x_wconf 86' lang='lat' dir='ltr'><strong>Eusebium,</strong></span> <span class='ocrx_word' id='word_1_316' title='bbox 1190 4118 1353 4171; x_wconf 87' lang='lat' dir='ltr'><strong>quam</strong></span> <span class='ocrx_word' id='word_1_317' title='bbox 1386 4107 1452 4159; x_wconf 93' lang='lat' dir='ltr'><strong>de</strong></span> <span class='ocrx_word' id='word_1_318' title='bbox 1477 4106 1679 4163; x_wconf 86' lang='lat' dir='ltr'><strong>Christi</strong></span> <span class='ocrx_word' id='word_1_319' title='bbox 1707 4111 1989 4168; x_wconf 83' lang='lat' dir='ltr'><strong>divinitate</strong></span> 
     </span>
    </p>
   </div>
   <div class='ocr_carea' id='block_1_40' title="bbox 410 4182 1986 4268">
    <p class='ocr_par' dir='ltr' id='par_1_40' title="bbox 410 4182 1986 4268">
     <span class='ocr_line' id='line_1_42' title="bbox 410 4182 1986 4268; baseline 0.016 -35"><span class='ocrx_word' id='word_1_320' title='bbox 410 4182 765 4239; x_wconf 82' lang='lat' dir='ltr'><strong>orthodoxam</strong></span> <span class='ocrx_word' id='word_1_321' title='bbox 803 4187 969 4244; x_wconf 88' lang='lat' dir='ltr'><strong>fuisse</strong></span> <span class='ocrx_word' id='word_1_322' title='bbox 1020 4189 1286 4262; x_wconf 87' lang='lat' dir='ltr'><strong>Pamphili</strong></span> <span class='ocrx_word' id='word_1_323' title='bbox 1340 4198 1651 4265; x_wconf 90' lang='lat' dir='ltr'><strong>opinionem</strong></span> <span class='ocrx_word' id='word_1_324' title='bbox 1683 4243 1699 4268; x_wconf 84' lang='lat'><strong>,</strong></span> <span class='ocrx_word' id='word_1_325' title='bbox 1728 4203 1986 4258; x_wconf 82' lang='lat' dir='ltr'><strong>Arianam</strong></span> 
     </span>
    </p>
   </div>
   <div class='ocr_carea' id='block_1_41' title="bbox 410 4280 1988 4362">
    <p class='ocr_par' dir='ltr' id='par_1_41' title="bbox 410 4280 1988 4362">
     <span class='ocr_line' id='line_1_43' title="bbox 410 4280 1988 4362; baseline 0.014 -34"><span class='ocrx_word' id='word_1_326' title='bbox 410 4290 542 4330; x_wconf 73' lang='lat' dir='ltr'><strong>vero</strong></span> <span class='ocrx_word' id='word_1_327' title='bbox 572 4285 630 4331; x_wconf 93' lang='lat' dir='ltr'><strong>et</strong></span> <span class='ocrx_word' id='word_1_328' title='bbox 675 4280 986 4337; x_wconf 75' lang='lat' dir='ltr'><strong>Iucreticam</strong></span> <span class='ocrx_word' id='word_1_329' title='bbox 1014 4282 1254 4341; x_wconf 86' lang='lat' dir='ltr'><strong>Eusebii.</strong></span> <span class='ocrx_word' id='word_1_330' title='bbox 1290 4287 1476 4344; x_wconf 90' lang='lat' dir='ltr'><strong>Facile</strong></span> <span class='ocrx_word' id='word_1_331' title='bbox 1517 4306 1734 4362; x_wconf 87' lang='lat' dir='ltr'><strong>quoque</strong></span> <span class='ocrx_word' id='word_1_332' title='bbox 1762 4294 1988 4350; x_wconf 88' lang='lat' dir='ltr'><strong>diluitur</strong></span> 
     </span>
    </p>
   </div>
   <div class='ocr_carea' id='block_1_42' title="bbox 411 4366 1987 4457">
    <p class='ocr_par' dir='ltr' id='par_1_42' title="bbox 411 4366 1987 4457">
     <span class='ocr_line' id='line_1_44' title="bbox 411 4366 1987 4457; baseline 0.014 -36"><span class='ocrx_word' id='word_1_333' title='bbox 411 4366 557 4422; x_wconf 87' lang='lat' dir='ltr'><strong>aliud</strong></span> <span class='ocrx_word' id='word_1_334' title='bbox 582 4383 958 4440; x_wconf 77' lang='lat' dir='ltr'><strong>argumentum</strong></span> <span class='ocrx_word' id='word_1_335' title='bbox 1007 4376 1361 4451; x_wconf 84' lang='lat' dir='ltr'><strong>Hieronymi,</strong></span> <span class='ocrx_word' id='word_1_336' title='bbox 1393 4383 1527 4437; x_wconf 89' lang='lat' dir='ltr'><strong>nihil</strong></span> <span class='ocrx_word' id='word_1_337' title='bbox 1556 4387 1758 4455; x_wconf 90' lang='lat' dir='ltr'><strong>proprii</strong></span> <span class='ocrx_word' id='word_1_338' title='bbox 1808 4393 1987 4457; x_wconf 88' lang='lat' dir='ltr'><strong>operis</strong></span> 
     </span>
    </p>
   </div>
   <div class='ocr_carea' id='block_1_43' title="bbox 1712 318 2402 384">
    <p class='ocr_par' dir='ltr' id='par_1_43' title="bbox 1712 318 2402 384">
     <span class='ocr_line' id='line_1_45' title="bbox 1712 318 2402 384; baseline 0.014 -12"><span class='ocrx_word' id='word_1_339' title='bbox 1712 318 1771 373; x_wconf 90' lang='lat' dir='ltr'><strong>P.</strong></span> <span class='ocrx_word' id='word_1_340' title='bbox 1815 321 2129 381; x_wconf 77' lang='lat' dir='ltr'><strong>DANIELIS</strong></span> <span class='ocrx_word' id='word_1_341' title='bbox 2168 325 2402 384; x_wconf 79' lang='lat' dir='ltr'><strong>HUETII</strong></span> 
     </span>
    </p>
   </div>
   <div class='ocr_carea' id='block_1_44' title="bbox 2120 541 2433 599">
    <p class='ocr_par' dir='ltr' id='par_1_44' title="bbox 2120 541 2433 599">
     <span class='ocr_line' id='line_1_46' title="bbox 2120 541 2433 599; baseline 0.013 -4"><span class='ocrx_word' id='word_1_342' title='bbox 2120 541 2433 599; x_wconf 86' lang='lat' dir='ltr'><strong>habeamus.</strong></span> 
     </span>
    </p>
   </div>
   <div class='ocr_carea' id='block_1_45' title="bbox 2189 630 3701 708">
    <p class='ocr_par' dir='ltr' id='par_1_45' title="bbox 2189 630 3701 708">
     <span class='ocr_line' id='line_1_47' title="bbox 2189 630 3701 708; baseline 0.016 -24"><span class='ocrx_word' id='word_1_343' title='bbox 2189 630 2350 687; x_wconf 79' lang='lat' dir='ltr'><strong>XVII.</strong></span> <span class='ocrx_word' id='word_1_344' title='bbox 2383 634 2640 701; x_wconf 80' lang='lat' dir='ltr'><strong>Quamvis</strong></span> <span class='ocrx_word' id='word_1_345' title='bbox 2683 648 2865 695; x_wconf 89' lang='lat' dir='ltr'><strong>autem</strong></span> <span class='ocrx_word' id='word_1_346' title='bbox 2916 643 3084 699; x_wconf 91' lang='lat' dir='ltr'><strong>multa</strong></span> <span class='ocrx_word' id='word_1_347' title='bbox 3134 648 3217 701; x_wconf 86' lang='lat' dir='ltr'><strong>vel</strong></span> <span class='ocrx_word' id='word_1_348' title='bbox 3252 648 3320 702; x_wconf 90' lang='lat' dir='ltr'><strong>ad</strong></span> <span class='ocrx_word' id='word_1_349' title='bbox 3369 649 3701 708; x_wconf 69' lang='lat' dir='ltr'><strong>refellendos</strong></span> 
     </span>
    </p>
   </div>
   <div class='ocr_carea' id='block_1_46' title="bbox 2117 722 3700 806">
    <p class='ocr_par' dir='ltr' id='par_1_46' title="bbox 2117 722 3700 806">
     <span class='ocr_line' id='line_1_48' title="bbox 2117 722 3700 806; baseline 0.013 -27"><span class='ocrx_word' id='word_1_350' title='bbox 2117 722 2369 793; x_wconf 88' lang='lat' dir='ltr'><strong>Origenis</strong></span> <span class='ocrx_word' id='word_1_351' title='bbox 2392 730 2753 797; x_wconf 87' lang='lat' dir='ltr'><strong>adversarios,</strong></span> <span class='ocrx_word' id='word_1_352' title='bbox 2788 734 2871 789; x_wconf 87' lang='lat' dir='ltr'><strong>vel</strong></span> <span class='ocrx_word' id='word_1_353' title='bbox 2913 735 2980 790; x_wconf 88' lang='lat' dir='ltr'><strong>ad</strong></span> <span class='ocrx_word' id='word_1_354' title='bbox 3011 736 3184 806; x_wconf 92' lang='lat' dir='ltr'><strong>ipsum</strong></span> <span class='ocrx_word' id='word_1_355' title='bbox 3217 744 3593 797; x_wconf 80' lang='lat' dir='ltr'><strong>excusandum</strong></span> <span class='ocrx_word' id='word_1_356' title='bbox 3616 756 3700 798; x_wconf 81' lang='lat' dir='ltr'><strong>at-</strong></span> 
     </span>
    </p>
   </div>
   <div class='ocr_carea' id='block_1_47' title="bbox 2119 813 3694 893">
    <p class='ocr_par' dir='ltr' id='par_1_47' title="bbox 2119 813 3694 893">
     <span class='ocr_line' id='line_1_49' title="bbox 2119 813 3694 893; baseline 0.015 -28"><span class='ocrx_word' id='word_1_357' title='bbox 2119 813 2436 882; x_wconf 90' lang='lat' dir='ltr'><strong>tulerimus,</strong></span> <span class='ocrx_word' id='word_1_358' title='bbox 2462 816 2514 870; x_wconf 91' lang='lat' dir='ltr'><strong>in</strong></span> <span class='ocrx_word' id='word_1_359' title='bbox 2561 818 2744 874; x_wconf 90' lang='lat' dir='ltr'><strong>multis</strong></span> <span class='ocrx_word' id='word_1_360' title='bbox 2775 831 2954 877; x_wconf 89' lang='lat' dir='ltr'><strong>tamen</strong></span> <span class='ocrx_word' id='word_1_361' title='bbox 2992 839 3249 893; x_wconf 86' lang='lat' dir='ltr'><strong>peccasse</strong></span> <span class='ocrx_word' id='word_1_362' title='bbox 3277 828 3559 886; x_wconf 87' lang='lat' dir='ltr'><strong>fatendum</strong></span> <span class='ocrx_word' id='word_1_363' title='bbox 3590 845 3694 888; x_wconf 75' lang='lat' dir='ltr'><strong>est.</strong></span> 
     </span>
    </p>
   </div>
   <div class='ocr_carea' id='block_1_48' title="bbox 2114 905 3697 991">
    <p class='ocr_par' dir='ltr' id='par_1_48' title="bbox 2114 905 3697 991">
     <span class='ocr_line' id='line_1_50' title="bbox 2114 905 3697 991; baseline 0.016 -34"><span class='ocrx_word' id='word_1_364' title='bbox 2114 905 2193 959; x_wconf 82' lang='lat' dir='ltr'><strong>Ac</strong></span> <span class='ocrx_word' id='word_1_365' title='bbox 2225 905 2510 976; x_wconf 90' lang='lat' dir='ltr'><strong>plerosque</strong></span> <span class='ocrx_word' id='word_1_366' title='bbox 2529 925 2659 965; x_wconf 85' lang='lat' dir='ltr'><strong>sane</strong></span> <span class='ocrx_word' id='word_1_367' title='bbox 2683 912 2852 980; x_wconf 86' lang='lat' dir='ltr'><strong>ipsius</strong></span> <span class='ocrx_word' id='word_1_368' title='bbox 2887 931 3109 973; x_wconf 89' lang='lat' dir='ltr'><strong>errores</strong></span> <span class='ocrx_word' id='word_1_369' title='bbox 3133 935 3291 989; x_wconf 89' lang='lat' dir='ltr'><strong>supra</strong></span> <span class='ocrx_word' id='word_1_370' title='bbox 3323 921 3438 991; x_wconf 84' lang='lat' dir='ltr'><strong>jam</strong></span> <span class='ocrx_word' id='word_1_371' title='bbox 3472 927 3543 979; x_wconf 89' lang='lat' dir='ltr'><strong>ab</strong></span> <span class='ocrx_word' id='word_1_372' title='bbox 3576 928 3697 982; x_wconf 90' lang='lat' dir='ltr'><strong>aliis</strong></span> 
     </span>
    </p>
   </div>
   <div class='ocr_carea' id='block_1_49' title="bbox 2114 994 3698 1087">
    <p class='ocr_par' dir='ltr' id='par_1_49' title="bbox 2114 994 3698 1087">
     <span class='ocr_line' id='line_1_51' title="bbox 2114 994 3698 1087; baseline 0.016 -39"><span class='ocrx_word' id='word_1_373' title='bbox 2114 994 2479 1066; x_wconf 86' lang='lat' dir='ltr'><strong>deprehensos</strong></span> <span class='ocrx_word' id='word_1_374' title='bbox 2522 1005 2882 1072; x_wconf 80' lang='lat' dir='ltr'><strong>agnovimus,</strong></span> <span class='ocrx_word' id='word_1_375' title='bbox 2950 1008 3031 1063; x_wconf 87' lang='lat' dir='ltr'><strong>vel</strong></span> <span class='ocrx_word' id='word_1_376' title='bbox 3086 1012 3323 1068; x_wconf 90' lang='lat' dir='ltr'><strong>nondum</strong></span> <span class='ocrx_word' id='word_1_377' title='bbox 3377 1031 3698 1087; x_wconf 84' lang='lat' dir='ltr'><strong>perspectos</strong></span> 
     </span>
    </p>
   </div>
   <div class='ocr_carea' id='block_1_50' title="bbox 2115 1090 3694 1175">
    <p class='ocr_par' dir='ltr' id='par_1_50' title="bbox 2115 1090 3694 1175">
     <span class='ocr_line' id='line_1_52' title="bbox 2115 1090 3694 1175; baseline 0.018 -34"><span class='ocrx_word' id='word_1_378' title='bbox 2115 1090 2437 1157; x_wconf 91' lang='lat' dir='ltr'><strong>notavimus,</strong></span> <span class='ocrx_word' id='word_1_379' title='bbox 2466 1109 2589 1149; x_wconf 92' lang='lat' dir='ltr'><strong>cum</strong></span> <span class='ocrx_word' id='word_1_380' title='bbox 2615 1098 2733 1165; x_wconf 87' lang='lat' dir='ltr'><strong>ejus</strong></span> <span class='ocrx_word' id='word_1_381' title='bbox 2759 1100 3008 1171; x_wconf 88' lang='lat' dir='ltr'><strong>dogmata</strong></span> <span class='ocrx_word' id='word_1_382' title='bbox 3049 1108 3532 1175; x_wconf 89' lang='lat' dir='ltr'><strong>perpenderemus.</strong></span> <span class='ocrx_word' id='word_1_383' title='bbox 3558 1112 3694 1169; x_wconf 83' lang='lat' dir='ltr'><strong>Pec-</strong></span> 
     </span>
    </p>
   </div>
   <div class='ocr_carea' id='block_1_51' title="bbox 2114 1183 3694 1265">
    <p class='ocr_par' dir='ltr' id='par_1_51' title="bbox 2114 1183 3694 1265">
     <span class='ocr_line' id='line_1_53' title="bbox 2114 1183 3694 1265; baseline 0.015 -29"><span class='ocrx_word' id='word_1_384' title='bbox 2114 1183 2271 1237; x_wconf 88' lang='lat' dir='ltr'><strong>candi</strong></span> <span class='ocrx_word' id='word_1_385' title='bbox 2310 1198 2472 1240; x_wconf 90' lang='lat' dir='ltr'><strong>causa</strong></span> <span class='ocrx_word' id='word_1_386' title='bbox 2515 1187 2776 1255; x_wconf 87' lang='lat' dir='ltr'><strong>judicium</strong></span> <span class='ocrx_word' id='word_1_387' title='bbox 2810 1208 3048 1265; x_wconf 69' lang='lat' dir='ltr'><strong>praeceps</strong></span> <span class='ocrx_word' id='word_1_388' title='bbox 3074 1236 3088 1260; x_wconf 93' lang='lat'><strong>,</strong></span> <span class='ocrx_word' id='word_1_389' title='bbox 3127 1206 3182 1252; x_wconf 93' lang='lat' dir='ltr'><strong>et</strong></span> <span class='ocrx_word' id='word_1_390' title='bbox 3213 1198 3571 1257; x_wconf 87' lang='lat' dir='ltr'><strong>immoderata</strong></span> <span class='ocrx_word' id='word_1_391' title='bbox 3607 1206 3694 1259; x_wconf 80' lang='lat' dir='ltr'><strong>in-</strong></span> 
     </span>
    </p>
   </div>
   <div class='ocr_carea' id='block_1_52' title="bbox 2113 1272 3697 1362">
    <p class='ocr_par' dir='ltr' id='par_1_52' title="bbox 2113 1272 3697 1362">
     <span class='ocr_line' id='line_1_54' title="bbox 2113 1272 3697 1362; baseline 0.018 -38"><span class='ocrx_word' id='word_1_392' title='bbox 2113 1272 2253 1341; x_wconf 88' lang='lat' dir='ltr'><strong>genii</strong></span> <span class='ocrx_word' id='word_1_393' title='bbox 2301 1272 2518 1331; x_wconf 85' lang='lat' dir='ltr'><strong>lascivia</strong></span> <span class='ocrx_word' id='word_1_394' title='bbox 2568 1287 2622 1333; x_wconf 90' lang='lat' dir='ltr'><strong>et</strong></span> <span class='ocrx_word' id='word_1_395' title='bbox 2673 1280 2930 1348; x_wconf 84' lang='lat' dir='ltr'><strong>licentia,</strong></span> <span class='ocrx_word' id='word_1_396' title='bbox 2967 1288 3053 1340; x_wconf 91' lang='lat' dir='ltr'><strong>cui</strong></span> <span class='ocrx_word' id='word_1_397' title='bbox 3116 1297 3223 1343; x_wconf 89' lang='lat' dir='ltr'><strong>tam</strong></span> <span class='ocrx_word' id='word_1_398' title='bbox 3258 1290 3697 1362; x_wconf 84' lang='lat' dir='ltr'><strong>intemperanter</strong></span> 
     </span>
    </p>
   </div>
   <div class='ocr_carea' id='block_1_53' title="bbox 2115 1365 3695 1445">
    <p class='ocr_par' dir='ltr' id='par_1_53' title="bbox 2115 1365 3695 1445">
     <span class='ocr_line' id='line_1_55' title="bbox 2115 1365 3695 1445; baseline 0.018 -30"><span class='ocrx_word' id='word_1_399' title='bbox 2115 1365 2567 1434; x_wconf 86' lang='lat' dir='ltr'><strong>morigerabatur,</strong></span> <span class='ocrx_word' id='word_1_400' title='bbox 2589 1379 2647 1424; x_wconf 92' lang='lat' dir='ltr'><strong>ut</strong></span> <span class='ocrx_word' id='word_1_401' title='bbox 2686 1374 2923 1443; x_wconf 80' lang='lat' dir='ltr'><strong>cogitata</strong></span> <span class='ocrx_word' id='word_1_402' title='bbox 2958 1380 3160 1442; x_wconf 88' lang='lat' dir='ltr'><strong>omnia,</strong></span> <span class='ocrx_word' id='word_1_403' title='bbox 3192 1384 3357 1436; x_wconf 91' lang='lat' dir='ltr'><strong>cruda</strong></span> <span class='ocrx_word' id='word_1_404' title='bbox 3387 1387 3695 1445; x_wconf 79' lang='lat' dir='ltr'><strong>etiamnum</strong></span> 
     </span>
    </p>
   </div>
   <div class='ocr_carea' id='block_1_54' title="bbox 2112 1456 3695 1548">
    <p class='ocr_par' dir='ltr' id='par_1_54' title="bbox 2112 1456 3695 1548">
     <span class='ocr_line' id='line_1_56' title="bbox 2112 1456 3695 1548; baseline 0.019 -40"><span class='ocrx_word' id='word_1_405' title='bbox 2112 1465 2167 1509; x_wconf 92' lang='lat' dir='ltr'><strong>et</strong></span> <span class='ocrx_word' id='word_1_406' title='bbox 2192 1456 2476 1513; x_wconf 84' lang='lat' dir='ltr'><strong>immatura</strong></span> <span class='ocrx_word' id='word_1_407' title='bbox 2508 1462 2878 1530; x_wconf 91' lang='lat' dir='ltr'><strong>profunderet.</strong></span> <span class='ocrx_word' id='word_1_408' title='bbox 2925 1470 3168 1527; x_wconf 89' lang='lat' dir='ltr'><strong>Accessit</strong></span> <span class='ocrx_word' id='word_1_409' title='bbox 3215 1475 3390 1545; x_wconf 86' lang='lat' dir='ltr'><strong>inepta</strong></span> <span class='ocrx_word' id='word_1_410' title='bbox 3440 1483 3695 1548; x_wconf 71' lang='lat' dir='ltr'><strong>quaedam</strong></span> 
     </span>
    </p>
   </div>
   <div class='ocr_carea' id='block_1_55' title="bbox 2113 1544 3697 1636">
    <p class='ocr_par' dir='ltr' id='par_1_55' title="bbox 2113 1544 3697 1636">
     <span class='ocr_line' id='line_1_57' title="bbox 2113 1544 3697 1636; baseline 0.02 -38"><span class='ocrx_word' id='word_1_411' title='bbox 2113 1544 2410 1616; x_wconf 64' lang='lat' dir='ltr'><strong>Scriptura</strong></span> <span class='ocrx_word' id='word_1_412' title='bbox 2442 1552 2757 1628; x_wconf 88' lang='lat' dir='ltr'><strong>plerumque</strong></span> <span class='ocrx_word' id='word_1_413' title='bbox 2777 1560 3113 1630; x_wconf 72' lang='lat' dir='ltr'><strong>explicanda:</strong></span> <span class='ocrx_word' id='word_1_414' title='bbox 3142 1569 3277 1622; x_wconf 89' lang='lat' dir='ltr'><strong>ratio</strong></span> <span class='ocrx_word' id='word_1_415' title='bbox 3295 1544 3319 1636; x_wconf 14' lang='grc' dir='ltr'><strong>,ί</strong></span> <span class='ocrx_word' id='word_1_416' title='bbox 3347 1544 3544 1627; x_wconf 81' lang='lat' dir='ltr'><strong>vocum</strong></span> <span class='ocrx_word' id='word_1_417' title='bbox 3570 1576 3697 1630; x_wconf 86' lang='lat' dir='ltr'><strong>siu-</strong></span> 
     </span>
    </p>
   </div>
   <div class='ocr_carea' id='block_1_56' title="bbox 2111 1638 3697 1729">
    <p class='ocr_par' dir='ltr' id='par_1_56' title="bbox 2111 1638 3697 1729">
     <span class='ocr_line' id='line_1_58' title="bbox 2111 1638 3697 1729; baseline 0.022 -39"><span class='ocrx_word' id='word_1_418' title='bbox 2111 1638 2358 1707; x_wconf 86' lang='lat' dir='ltr'><strong>gularum</strong></span> <span class='ocrx_word' id='word_1_419' title='bbox 2382 1647 2695 1705; x_wconf 90' lang='lat' dir='ltr'><strong>notionibus</strong></span> <span class='ocrx_word' id='word_1_420' title='bbox 2732 1658 2985 1711; x_wconf 91' lang='lat' dir='ltr'><strong>eruendis</strong></span> <span class='ocrx_word' id='word_1_421' title='bbox 3009 1667 3063 1711; x_wconf 90' lang='lat' dir='ltr'><strong>et</strong></span> <span class='ocrx_word' id='word_1_422' title='bbox 3105 1664 3473 1729; x_wconf 84' lang='lat' dir='ltr'><strong>expendendis</strong></span> <span class='ocrx_word' id='word_1_423' title='bbox 3497 1670 3697 1725; x_wconf 86' lang='lat' dir='ltr'><strong>odiose</strong></span> 
     </span>
    </p>
   </div>
   <div class='ocr_carea' id='block_1_57' title="bbox 2121 1734 3697 1823">
    <p class='ocr_par' dir='ltr' id='par_1_57' title="bbox 2121 1734 3697 1823">
     <span class='ocr_line' id='line_1_59' title="bbox 2121 1734 3697 1823; baseline 0.021 -40"><span class='ocrx_word' id='word_1_424' title='bbox 2121 1745 2186 1785; x_wconf 91' lang='lat' dir='ltr'><strong>ac</strong></span> <span class='ocrx_word' id='word_1_425' title='bbox 2210 1734 2392 1800; x_wconf 88' lang='lat' dir='ltr'><strong>putide</strong></span> <span class='ocrx_word' id='word_1_426' title='bbox 2424 1737 2669 1807; x_wconf 88' lang='lat' dir='ltr'><strong>studens,</strong></span> <span class='ocrx_word' id='word_1_427' title='bbox 2697 1753 2751 1797; x_wconf 93' lang='lat' dir='ltr'><strong>et</strong></span> <span class='ocrx_word' id='word_1_428' title='bbox 2782 1745 2834 1797; x_wconf 90' lang='lat' dir='ltr'><strong>in</strong></span> <span class='ocrx_word' id='word_1_429' title='bbox 2880 1747 3102 1804; x_wconf 90' lang='lat' dir='ltr'><strong>minutis</strong></span> <span class='ocrx_word' id='word_1_430' title='bbox 3153 1753 3455 1823; x_wconf 82' lang='lat' dir='ltr'><strong>quibusque</strong></span> <span class='ocrx_word' id='word_1_431' title='bbox 3491 1774 3697 1815; x_wconf 89' lang='lat' dir='ltr'><strong>conse-</strong></span> 
     </span>
    </p>
   </div>
   <div class='ocr_carea' id='block_1_58' title="bbox 2109 1825 3698 1918">
    <p class='ocr_par' dir='ltr' id='par_1_58' title="bbox 2109 1825 3698 1918">
     <span class='ocr_line' id='line_1_60' title="bbox 2109 1825 3698 1918; baseline 0.02 -42"><span class='ocrx_word' id='word_1_432' title='bbox 2109 1825 2321 1879; x_wconf 88' lang='lat' dir='ltr'><strong>ctandis</strong></span> <span class='ocrx_word' id='word_1_433' title='bbox 2352 1840 2416 1881; x_wconf 84' lang='lat' dir='ltr'><strong>ac</strong></span> <span class='ocrx_word' id='word_1_434' title='bbox 2438 1827 2663 1886; x_wconf 90' lang='lat' dir='ltr'><strong>invicem</strong></span> <span class='ocrx_word' id='word_1_435' title='bbox 2690 1834 3039 1904; x_wconf 81' lang='lat' dir='ltr'><strong>conﬂigendis</strong></span> <span class='ocrx_word' id='word_1_436' title='bbox 3065 1857 3274 1898; x_wconf 87' lang='lat' dir='ltr'><strong>morose</strong></span> <span class='ocrx_word' id='word_1_437' title='bbox 3300 1854 3354 1899; x_wconf 92' lang='lat' dir='ltr'><strong>et</strong></span> <span class='ocrx_word' id='word_1_438' title='bbox 3386 1846 3589 1918; x_wconf 79' lang='lat' dir='ltr'><strong>frigide</strong></span> <span class='ocrx_word' id='word_1_439' title='bbox 3613 1852 3698 1905; x_wconf 86' lang='lat' dir='ltr'><strong>Ia-</strong></span> 
     </span>
    </p>
   </div>
   <div class='ocr_carea' id='block_1_59' title="bbox 2105 1919 3697 2009">
    <p class='ocr_par' dir='ltr' id='par_1_59' title="bbox 2105 1919 3697 2009">
     <span class='ocr_line' id='line_1_61' title="bbox 2105 1919 3697 2009; baseline 0.018 -37"><span class='ocrx_word' id='word_1_440' title='bbox 2105 1919 2324 1976; x_wconf 89' lang='lat' dir='ltr'><strong>borans.</strong></span> <span class='ocrx_word' id='word_1_441' title='bbox 2354 1924 2506 1979; x_wconf 81' lang='lat' dir='ltr'><strong>Adde</strong></span> <span class='ocrx_word' id='word_1_442' title='bbox 2534 1927 2759 1983; x_wconf 88' lang='lat' dir='ltr'><strong>nimiunt</strong></span> <span class='ocrx_word' id='word_1_443' title='bbox 2792 1933 3141 2000; x_wconf 90' lang='lat' dir='ltr'><strong>profanarum</strong></span> <span class='ocrx_word' id='word_1_444' title='bbox 3190 1939 3561 1998; x_wconf 84' lang='lat' dir='ltr'><strong>doctrinarum</strong></span> <span class='ocrx_word' id='word_1_445' title='bbox 3582 1987 3597 2009; x_wconf 92' lang='lat'><strong>,</strong></span> <span class='ocrx_word' id='word_1_446' title='bbox 3624 1962 3697 2001; x_wconf 88' lang='lat' dir='ltr'><strong>ac</strong></span> 
     </span>
    </p>
   </div>
   <div class='ocr_carea' id='block_1_60' title="bbox 2119 2010 3691 2099">
    <p class='ocr_par' dir='ltr' id='par_1_60' title="bbox 2119 2010 3691 2099">
     <span class='ocr_line' id='line_1_62' title="bbox 2119 2010 3691 2099; baseline 0.018 -35"><span class='ocrx_word' id='word_1_447' title='bbox 2119 2010 2411 2070; x_wconf 67' lang='lat' dir='ltr'><strong>Platonica:</strong></span> <span class='ocrx_word' id='word_1_448' title='bbox 2455 2020 2753 2099; x_wconf 69' lang='lat' dir='ltr'><strong>praesertim</strong></span> <span class='ocrx_word' id='word_1_449' title='bbox 2794 2024 3169 2096; x_wconf 68' lang='lat' dir='ltr'><strong>philosOphiae,</strong></span> <span class='ocrx_word' id='word_1_450' title='bbox 3200 2046 3359 2099; x_wconf 87' lang='lat' dir='ltr'><strong>quam</strong></span> <span class='ocrx_word' id='word_1_451' title='bbox 3385 2035 3691 2092; x_wconf 84' lang='lat' dir='ltr'><strong>Tertullia-</strong></span> 
     </span>
    </p>
   </div>
   <div class='ocr_carea' id='block_1_61' title="bbox 2105 2096 3689 2185">
    <p class='ocr_par' dir='ltr' id='par_1_61' title="bbox 2105 2096 3689 2185">
     <span class='ocr_line' id='line_1_63' title="bbox 2105 2096 3689 2185; baseline 0.018 -28"><span class='ocrx_word' id='word_1_452' title='bbox 2105 2118 2207 2160; x_wconf 91' lang='lat' dir='ltr'><strong>nus</strong></span> <span class='ocrx_word' id='word_1_453' title='bbox 2238 2105 2332 2161; x_wconf 87' lang='lat' dir='ltr'><strong>lib.</strong></span> <span class='ocrx_word' id='word_1_454' title='bbox 2371 2107 2447 2164; x_wconf 81' lang='lat' dir='ltr'><strong>De</strong></span> <span class='ocrx_word' id='word_1_455' title='bbox 2471 2096 2822 2184; x_wconf 34' lang='lat' dir='ltr'><strong>animaicap.</strong></span> <span class='ocrx_word' id='word_1_456' title='bbox 2855 2116 2948 2181; x_wconf 72' lang='lat'><strong>25,</strong></span> <span class='ocrx_word' id='word_1_457' title='bbox 2974 2138 2992 2170; x_wconf 70' lang='grc' dir='ltr'><strong><em>ι</em></strong></span> <span class='ocrx_word' id='word_1_458' title='bbox 3025 2121 3401 2180; x_wconf 65' lang='lat' dir='ltr'><strong>haereticorum</strong></span> <span class='ocrx_word' id='word_1_459' title='bbox 3434 2131 3689 2185; x_wconf 86' lang='lat' dir='ltr'><strong>omnium</strong></span> 
     </span>
    </p>
   </div>
   <div class='ocr_carea' id='block_1_62' title="bbox 2102 2197 3690 2286">
    <p class='ocr_par' dir='ltr' id='par_1_62' title="bbox 2102 2197 3690 2286">
     <span class='ocr_line' id='line_1_64' title="bbox 2102 2197 3690 2286; baseline 0.018 -37"><span class='ocrx_word' id='word_1_460' title='bbox 2102 2197 2598 2259; x_wconf 87' lang='lat' dir='ltr'><strong>condimentarium</strong></span> <span class='ocrx_word' id='word_1_461' title='bbox 2630 2219 2751 2262; x_wconf 84' lang='lat' dir='ltr'><strong>esse</strong></span> <span class='ocrx_word' id='word_1_462' title='bbox 2784 2207 2986 2265; x_wconf 89' lang='lat' dir='ltr'><strong>factum</strong></span> <span class='ocrx_word' id='word_1_463' title='bbox 3014 2231 3032 2265; x_wconf 83' lang='grc'>›</span> <span class='ocrx_word' id='word_1_464' title='bbox 3062 2218 3160 2279; x_wconf 91' lang='lat' dir='ltr'><strong>ait,</strong></span> <span class='ocrx_word' id='word_1_465' title='bbox 3195 2220 3457 2286; x_wconf 89' lang='lat' dir='ltr'><strong>studium,</strong></span> <span class='ocrx_word' id='word_1_466' title='bbox 3498 2223 3569 2276; x_wconf 89' lang='lat' dir='ltr'><strong>ad</strong></span> <span class='ocrx_word' id='word_1_467' title='bbox 3590 2240 3690 2278; x_wconf 84' lang='lat' dir='ltr'><strong>cu-</strong></span> 
     </span>
    </p>
   </div>
   <div class='ocr_carea' id='block_1_63' title="bbox 2096 2286 3687 2381">
    <p class='ocr_par' dir='ltr' id='par_1_63' title="bbox 2096 2286 3687 2381">
     <span class='ocr_line' id='line_1_65' title="bbox 2096 2286 3687 2381; baseline 0.019 -42"><span class='ocrx_word' id='word_1_468' title='bbox 2096 2286 2185 2355; x_wconf 87' lang='lat' dir='ltr'><strong>jus</strong></span> <span class='ocrx_word' id='word_1_469' title='bbox 2209 2304 2453 2345; x_wconf 86' lang='lat' dir='ltr'><strong>normam</strong></span> <span class='ocrx_word' id='word_1_470' title='bbox 2500 2293 2799 2366; x_wconf 86' lang='lat' dir='ltr'><strong>theologica</strong></span> <span class='ocrx_word' id='word_1_471' title='bbox 2841 2299 3093 2371; x_wconf 83' lang='lat' dir='ltr'><strong>dogmata</strong></span> <span class='ocrx_word' id='word_1_472' title='bbox 3125 2321 3248 2361; x_wconf 90' lang='lat' dir='ltr'><strong>cum</strong></span> <span class='ocrx_word' id='word_1_473' title='bbox 3275 2312 3552 2381; x_wconf 78' lang='lat' dir='ltr'><strong>exigeret,</strong></span> <span class='ocrx_word' id='word_1_474' title='bbox 3588 2316 3687 2369; x_wconf 87' lang='lat' dir='ltr'><strong>ab-</strong></span> 
     </span>
    </p>
   </div>
   <div class='ocr_carea' id='block_1_64' title="bbox 2099 2379 3686 2465">
    <p class='ocr_par' dir='ltr' id='par_1_64' title="bbox 2099 2379 3686 2465">
     <span class='ocr_line' id='line_1_66' title="bbox 2099 2379 3686 2465; baseline 0.02 -34"><span class='ocrx_word' id='word_1_475' title='bbox 2099 2379 2280 2436; x_wconf 89' lang='lat' dir='ltr'><strong>surdis</strong></span> <span class='ocrx_word' id='word_1_476' title='bbox 2313 2383 2655 2452; x_wconf 89' lang='lat' dir='ltr'><strong>opinionibus</strong></span> <span class='ocrx_word' id='word_1_477' title='bbox 2679 2389 2792 2459; x_wconf 91' lang='lat' dir='ltr'><strong>ipse</strong></span> <span class='ocrx_word' id='word_1_478' title='bbox 2823 2394 3058 2459; x_wconf 89' lang='lat' dir='ltr'><strong>primum</strong></span> <span class='ocrx_word' id='word_1_479' title='bbox 3103 2379 3517 2465; x_wconf 20' lang='lat' dir='ltr'><strong>imbu.us,vmox</strong></span> <span class='ocrx_word' id='word_1_480' title='bbox 3580 2405 3686 2461; x_wconf 88' lang='lat' dir='ltr'><strong>Ec-</strong></span> 
     </span>
    </p>
   </div>
   <div class='ocr_carea' id='block_1_65' title="bbox 2100 2470 3681 2564">
    <p class='ocr_par' dir='ltr' id='par_1_65' title="bbox 2100 2470 3681 2564">
     <span class='ocr_line' id='line_1_67' title="bbox 2100 2470 3681 2564; baseline 0.016 -39"><span class='ocrx_word' id='word_1_481' title='bbox 2100 2470 2323 2528; x_wconf 90' lang='lat' dir='ltr'><strong>clesiam</strong></span> <span class='ocrx_word' id='word_1_482' title='bbox 2371 2478 2733 2535; x_wconf 88' lang='lat' dir='ltr'><strong>conturbavit.</strong></span> <span class='ocrx_word' id='word_1_483' title='bbox 2792 2481 3035 2541; x_wconf 87' lang='lat' dir='ltr'><strong>Platonis</strong></span> <span class='ocrx_word' id='word_1_484' title='bbox 3064 2489 3281 2556; x_wconf 88' lang='lat' dir='ltr'><strong>quidem</strong></span> <span class='ocrx_word' id='word_1_485' title='bbox 3332 2494 3681 2564; x_wconf 87' lang='lat' dir='ltr'><strong>disciplinam</strong></span> 
     </span>
    </p>
   </div>
   <div class='ocr_carea' id='block_1_66' title="bbox 2100 2568 3681 2656">
    <p class='ocr_par' dir='ltr' id='par_1_66' title="bbox 2100 2568 3681 2656">
     <span class='ocr_line' id='line_1_68' title="bbox 2100 2568 3681 2656; baseline 0.015 -38"><span class='ocrx_word' id='word_1_486' title='bbox 2100 2568 2355 2622; x_wconf 86' lang='lat' dir='ltr'><strong>assectati</strong></span> <span class='ocrx_word' id='word_1_487' title='bbox 2390 2579 2515 2625; x_wconf 90' lang='lat' dir='ltr'><strong>sunt</strong></span> <span class='ocrx_word' id='word_1_488' title='bbox 2560 2575 2758 2629; x_wconf 93' lang='lat' dir='ltr'><strong>vetusti</strong></span> <span class='ocrx_word' id='word_1_489' title='bbox 2793 2575 2984 2633; x_wconf 90' lang='lat' dir='ltr'><strong>Patres</strong></span> <span class='ocrx_word' id='word_1_490' title='bbox 3012 2584 3420 2651; x_wconf 90' lang='lat' dir='ltr'><strong>quamplurimi,</strong></span> <span class='ocrx_word' id='word_1_491' title='bbox 3474 2589 3681 2656; x_wconf 83' lang='lat' dir='ltr'><strong>partim</strong></span> 
     </span>
    </p>
   </div>
   <div class='ocr_carea' id='block_1_67' title="bbox 2098 2660 3678 2743">
    <p class='ocr_par' dir='ltr' id='par_1_67' title="bbox 2098 2660 3678 2743">
     <span class='ocr_line' id='line_1_69' title="bbox 2098 2660 3678 2743; baseline 0.016 -34"><span class='ocrx_word' id='word_1_492' title='bbox 2098 2660 2420 2716; x_wconf 83' lang='lat' dir='ltr'><strong>vetustiores</strong></span> <span class='ocrx_word' id='word_1_493' title='bbox 2469 2662 2701 2734; x_wconf 83' lang='lat' dir='ltr'><strong>Origene</strong></span> <span class='ocrx_word' id='word_1_494' title='bbox 2731 2707 2746 2733; x_wconf 94' lang='lat'><strong>,</strong></span> <span class='ocrx_word' id='word_1_495' title='bbox 2793 2670 2990 2735; x_wconf 87' lang='lat' dir='ltr'><strong>partim</strong></span> <span class='ocrx_word' id='word_1_496' title='bbox 3052 2674 3241 2728; x_wconf 91' lang='lat' dir='ltr'><strong>eodem</strong></span> <span class='ocrx_word' id='word_1_497' title='bbox 3300 2679 3678 2743; x_wconf 81' lang='lat' dir='ltr'><strong>recentiores,</strong></span> 
     </span>
    </p>
   </div>
   <div class='ocr_carea' id='block_1_68' title="bbox 2096 2749 3675 2827">
    <p class='ocr_par' dir='ltr' id='par_1_68' title="bbox 2096 2749 3675 2827">
     <span class='ocr_line' id='line_1_70' title="bbox 2096 2749 3675 2827; baseline 0.016 -25"><span class='ocrx_word' id='word_1_498' title='bbox 2096 2749 2405 2821; x_wconf 89' lang='lat' dir='ltr'><strong>quicunque</strong></span> <span class='ocrx_word' id='word_1_499' title='bbox 2431 2759 2733 2825; x_wconf 66' lang='lat' dir='ltr'><strong>praesertim</strong></span> <span class='ocrx_word' id='word_1_500' title='bbox 2779 2759 3054 2817; x_wconf 74' lang='lat' dir='ltr'><strong>Nicaenum</strong></span> <span class='ocrx_word' id='word_1_501' title='bbox 3096 2767 3385 2821; x_wconf 86' lang='lat' dir='ltr'><strong>concilium</strong></span> <span class='ocrx_word' id='word_1_502' title='bbox 3419 2781 3675 2827; x_wconf 79' lang='lat' dir='ltr'><strong>anteces-</strong></span> 
     </span>
    </p>
   </div>
   <div class='ocr_carea' id='block_1_69' title="bbox 2095 2849 3677 2929">
    <p class='ocr_par' dir='ltr' id='par_1_69' title="bbox 2095 2849 3677 2929">
     <span class='ocr_line' id='line_1_71' title="bbox 2095 2849 3677 2929; baseline 0.016 -36"><span class='ocrx_word' id='word_1_503' title='bbox 2095 2851 2282 2896; x_wconf 92' lang='lat' dir='ltr'><strong>serunt</strong></span> <span class='ocrx_word' id='word_1_504' title='bbox 2312 2860 2326 2896; x_wconf 88' lang='lat'><strong>:</strong></span> <span class='ocrx_word' id='word_1_505' title='bbox 2358 2854 2416 2899; x_wconf 86' lang='lat' dir='ltr'><strong>at.</strong></span> <span class='ocrx_word' id='word_1_506' title='bbox 2442 2861 2506 2900; x_wconf 89' lang='lat' dir='ltr'><strong>ea</strong></span> <span class='ocrx_word' id='word_1_507' title='bbox 2531 2849 2701 2904; x_wconf 91' lang='lat' dir='ltr'><strong>solum</strong></span> <span class='ocrx_word' id='word_1_508' title='bbox 2734 2851 2801 2906; x_wconf 90' lang='lat' dir='ltr'><strong>ab</strong></span> <span class='ocrx_word' id='word_1_509' title='bbox 2854 2853 2942 2908; x_wconf 91' lang='lat' dir='ltr'><strong>illo</strong></span> <span class='ocrx_word' id='word_1_510' title='bbox 2978 2860 3205 2912; x_wconf 87' lang='lat' dir='ltr'><strong>mutuati</strong></span> <span class='ocrx_word' id='word_1_511' title='bbox 3247 2870 3395 2926; x_wconf 87' lang='lat' dir='ltr'><strong>suat,</strong></span> <span class='ocrx_word' id='word_1_512' title='bbox 3428 2878 3549 2929; x_wconf 74' lang='lat' dir='ltr'><strong>qua:</strong></span> <span class='ocrx_word' id='word_1_513' title='bbox 3583 2865 3677 2918; x_wconf 88' lang='lat' dir='ltr'><strong>de-</strong></span> 
     </span>
    </p>
   </div>
   <div class='ocr_carea' id='block_1_70' title="bbox 2094 2934 3671 3020">
    <p class='ocr_par' dir='ltr' id='par_1_70' title="bbox 2094 2934 3671 3020">
     <span class='ocr_line' id='line_1_72' title="bbox 2094 2934 3671 3020; baseline 0.015 -35"><span class='ocrx_word' id='word_1_514' title='bbox 2094 2934 2261 2989; x_wconf 91' lang='lat' dir='ltr'><strong>cretis</strong></span> <span class='ocrx_word' id='word_1_515' title='bbox 2285 2935 2542 2994; x_wconf 75' lang='lat' dir='ltr'><strong>Ecclesia:</strong></span> <span class='ocrx_word' id='word_1_516' title='bbox 2574 2945 3021 3014; x_wconf 82' lang='lat' dir='ltr'><strong>consentiebant;</strong></span> <span class='ocrx_word' id='word_1_517' title='bbox 3058 2948 3319 3020; x_wconf 88' lang='lat' dir='ltr'><strong>Origeues</strong></span> <span class='ocrx_word' id='word_1_518' title='bbox 3349 2969 3478 3007; x_wconf 87' lang='lat' dir='ltr'><strong>vero</strong></span> <span class='ocrx_word' id='word_1_519' title='bbox 3502 2963 3671 3009; x_wconf 77' lang='lat' dir='ltr'><strong>totam</strong></span> 
     </span>
    </p>
   </div>
   <div class='ocr_carea' id='block_1_71' title="bbox 2095 3026 3673 3102">
    <p class='ocr_par' dir='ltr' id='par_1_71' title="bbox 2095 3026 3673 3102">
     <span class='ocr_line' id='line_1_73' title="bbox 2095 3026 3673 3102; baseline 0.016 -26"><span class='ocrx_word' id='word_1_520' title='bbox 2095 3026 2429 3084; x_wconf 86' lang='lat' dir='ltr'><strong>academiam</strong></span> <span class='ocrx_word' id='word_1_521' title='bbox 2460 3032 2607 3087; x_wconf 86' lang='lat' dir='ltr'><strong>visus</strong></span> <span class='ocrx_word' id='word_1_522' title='bbox 2632 3044 2713 3090; x_wconf 88' lang='lat' dir='ltr'><strong>est</strong></span> <span class='ocrx_word' id='word_1_523' title='bbox 2738 3035 2789 3093; x_wconf 89' lang='lat' dir='ltr'><strong>in</strong></span> <span class='ocrx_word' id='word_1_524' title='bbox 2823 3037 3117 3094; x_wconf 90' lang='lat' dir='ltr'><strong>Ecclesiam</strong></span> <span class='ocrx_word' id='word_1_525' title='bbox 3138 3043 3513 3100; x_wconf 85' lang='lat' dir='ltr'><strong>transtulisse:</strong></span> <span class='ocrx_word' id='word_1_526' title='bbox 3546 3047 3673 3102; x_wconf 86' lang='lat' dir='ltr'><strong>licet</strong></span> 
     </span>
    </p>
   </div>
   <div class='ocr_carea' id='block_1_72' title="bbox 2529 3124 3670 3207">
    <p class='ocr_par' dir='ltr' id='par_1_72' title="bbox 2529 3124 3670 3207">
     <span class='ocr_line' id='line_1_74' title="bbox 2529 3124 3670 3207; baseline 0.014 -30"><span class='ocrx_word' id='word_1_527' title='bbox 2529 3124 2673 3180; x_wconf 78' lang='lat' dir='ltr'><strong>Min</strong></span> <span class='ocrx_word' id='word_1_528' title='bbox 2693 3124 2902 3194; x_wconf 55' lang='lat' dir='ltr'><strong>Cenem,</strong></span> <span class='ocrx_word' id='word_1_529' title='bbox 2942 3147 3089 3185; x_wconf 91' lang='lat' dir='ltr'><strong>num.</strong></span> <span class='ocrx_word' id='word_1_530' title='bbox 3114 3132 3171 3196; x_wconf 79' lang='lat'><strong>5,</strong></span> <span class='ocrx_word' id='word_1_531' title='bbox 3220 3153 3239 3184; x_wconf 78' lang='grc' dir='ltr'>ι</span> <span class='ocrx_word' id='word_1_532' title='bbox 3272 3135 3670 3207; x_wconf 80' lang='lat' dir='ltr'><strong>philosophiam</strong></span> 
     </span>
    </p>
   </div>
   <div class='ocr_carea' id='block_1_73' title="bbox 2096 3211 3673 3298">
    <p class='ocr_par' dir='ltr' id='par_1_73' title="bbox 2096 3211 3673 3298">
     <span class='ocr_line' id='line_1_75' title="bbox 2096 3211 3673 3298; baseline 0.015 -36"><span class='ocrx_word' id='word_1_533' title='bbox 2096 3224 2272 3279; x_wconf 89' lang='lat' dir='ltr'><strong>neque</strong></span> <span class='ocrx_word' id='word_1_534' title='bbox 2304 3211 2356 3265; x_wconf 91' lang='lat' dir='ltr'><strong>in</strong></span> <span class='ocrx_word' id='word_1_535' title='bbox 2394 3216 2645 3272; x_wconf 92' lang='lat' dir='ltr'><strong>omnibus</strong></span> <span class='ocrx_word' id='word_1_536' title='bbox 2675 3218 2775 3289; x_wconf 81' lang='lat' dir='ltr'><strong>legi</strong></span> <span class='ocrx_word' id='word_1_537' title='bbox 2810 3222 2903 3277; x_wconf 90' lang='lat' dir='ltr'><strong>Dei</strong></span> <span class='ocrx_word' id='word_1_538' title='bbox 2934 3226 3260 3279; x_wconf 89' lang='lat' dir='ltr'><strong>contrariam</strong></span> <span class='ocrx_word' id='word_1_539' title='bbox 3296 3242 3417 3282; x_wconf 88' lang='lat' dir='ltr'><strong>esse</strong></span> <span class='ocrx_word' id='word_1_540' title='bbox 3442 3270 3459 3293; x_wconf 95' lang='lat'><strong>,</strong></span> <span class='ocrx_word' id='word_1_541' title='bbox 3495 3244 3673 3298; x_wconf 86' lang='lat' dir='ltr'><strong>neque</strong></span> 
     </span>
    </p>
   </div>
   <div class='ocr_carea' id='block_1_74' title="bbox 2096 3298 3674 3393">
    <p class='ocr_par' dir='ltr' id='par_1_74' title="bbox 2096 3298 3674 3393">
     <span class='ocr_line' id='line_1_76' title="bbox 2096 3298 3674 3393; baseline 0.015 -40"><span class='ocrx_word' id='word_1_542' title='bbox 2096 3298 2150 3355; x_wconf 91' lang='lat' dir='ltr'><strong>in</strong></span> <span class='ocrx_word' id='word_1_543' title='bbox 2190 3303 2441 3360; x_wconf 88' lang='lat' dir='ltr'><strong>omnibus</strong></span> <span class='ocrx_word' id='word_1_544' title='bbox 2471 3322 2786 3366; x_wconf 90' lang='lat' dir='ltr'><strong>consonam.</strong></span> <span class='ocrx_word' id='word_1_545' title='bbox 2828 3333 2847 3365; x_wconf 72' lang='grc' dir='ltr'><strong><em>ι</em></strong></span> <span class='ocrx_word' id='word_1_546' title='bbox 2879 3314 3003 3370; x_wconf 92' lang='lat' dir='ltr'><strong>Inde</strong></span> <span class='ocrx_word' id='word_1_547' title='bbox 3048 3326 3197 3371; x_wconf 92' lang='lat' dir='ltr'><strong>tanta</strong></span> <span class='ocrx_word' id='word_1_548' title='bbox 3238 3333 3489 3374; x_wconf 89' lang='lat' dir='ltr'><strong>errorum</strong></span> <span class='ocrx_word' id='word_1_549' title='bbox 3514 3338 3674 3393; x_wconf 83' lang='lat' dir='ltr'><strong>seges</strong></span> 
     </span>
    </p>
   </div>
   <div class='ocr_carea' id='block_1_75' title="bbox 2093 3392 3671 3483">
    <p class='ocr_par' dir='ltr' id='par_1_75' title="bbox 2093 3392 3671 3483">
     <span class='ocr_line' id='line_1_77' title="bbox 2093 3392 3671 3483; baseline 0.015 -36"><span class='ocrx_word' id='word_1_550' title='bbox 2093 3392 2246 3448; x_wconf 82' lang='lat' dir='ltr'><strong>bonae</strong></span> <span class='ocrx_word' id='word_1_551' title='bbox 2275 3395 2416 3467; x_wconf 83' lang='lat' dir='ltr'><strong>frugi</strong></span> <span class='ocrx_word' id='word_1_552' title='bbox 2453 3403 2747 3459; x_wconf 87' lang='lat' dir='ltr'><strong>succrevit.</strong></span> <span class='ocrx_word' id='word_1_553' title='bbox 2797 3406 2873 3460; x_wconf 81' lang='lat' dir='ltr'><strong>Ex</strong></span> <span class='ocrx_word' id='word_1_554' title='bbox 2905 3409 2990 3463; x_wconf 91' lang='lat' dir='ltr'><strong>his</strong></span> <span class='ocrx_word' id='word_1_555' title='bbox 3014 3412 3147 3465; x_wconf 88' lang='lat' dir='ltr'><strong>satis</strong></span> <span class='ocrx_word' id='word_1_556' title='bbox 3179 3412 3343 3481; x_wconf 85' lang='lat' dir='ltr'><strong>liquet</strong></span> <span class='ocrx_word' id='word_1_557' title='bbox 3367 3430 3531 3483; x_wconf 88' lang='lat' dir='ltr'><strong>quam</strong></span> <span class='ocrx_word' id='word_1_558' title='bbox 3565 3392 3671 3470; x_wconf 87' lang='lat' dir='ltr'><strong>ina-</strong></span> 
     </span>
    </p>
   </div>
   <div class='ocr_carea' id='block_1_76' title="bbox 2093 3486 3669 3575">
    <p class='ocr_par' dir='ltr' id='par_1_76' title="bbox 2093 3486 3669 3575">
     <span class='ocr_line' id='line_1_78' title="bbox 2093 3486 3669 3575; baseline 0.016 -39"><span class='ocrx_word' id='word_1_559' title='bbox 2093 3499 2189 3537; x_wconf 90' lang='lat' dir='ltr'><strong>nes</strong></span> <span class='ocrx_word' id='word_1_560' title='bbox 2212 3486 2320 3540; x_wconf 92' lang='lat' dir='ltr'><strong>siut</strong></span> <span class='ocrx_word' id='word_1_561' title='bbox 2341 3488 2520 3545; x_wconf 78' lang='lat' dir='ltr'><strong>Ruﬁni</strong></span> <span class='ocrx_word' id='word_1_562' title='bbox 2552 3507 2800 3560; x_wconf 83' lang='lat' dir='ltr'><strong>conatus,</strong></span> <span class='ocrx_word' id='word_1_563' title='bbox 2827 3513 2948 3553; x_wconf 90' lang='lat' dir='ltr'><strong>cum</strong></span> <span class='ocrx_word' id='word_1_564' title='bbox 2984 3501 3243 3572; x_wconf 90' lang='lat' dir='ltr'><strong>quidquid</strong></span> <span class='ocrx_word' id='word_1_565' title='bbox 3279 3502 3477 3557; x_wconf 83' lang='lat' dir='ltr'><strong>falsum</strong></span> <span class='ocrx_word' id='word_1_566' title='bbox 3525 3507 3669 3575; x_wconf 90' lang='lat' dir='ltr'><strong>apud</strong></span> 
     </span>
    </p>
   </div>
   <div class='ocr_carea' id='block_1_77' title="bbox 2092 3573 3666 3659">
    <p class='ocr_par' dir='ltr' id='par_1_77' title="bbox 2092 3573 3666 3659">
     <span class='ocr_line' id='line_1_79' title="bbox 2092 3573 3666 3659; baseline 0.013 -29"><span class='ocrx_word' id='word_1_567' title='bbox 2092 3573 2382 3644; x_wconf 82' lang='lat' dir='ltr'><strong>Origenem</strong></span> <span class='ocrx_word' id='word_1_568' title='bbox 2431 3586 2693 3653; x_wconf 91' lang='lat' dir='ltr'><strong>occurrit,</strong></span> <span class='ocrx_word' id='word_1_569' title='bbox 2746 3603 2843 3657; x_wconf 90' lang='lat' dir='ltr'><strong>pro</strong></span> <span class='ocrx_word' id='word_1_570' title='bbox 2875 3594 3059 3659; x_wconf 91' lang='lat' dir='ltr'><strong>spurio</strong></span> <span class='ocrx_word' id='word_1_571' title='bbox 3087 3604 3141 3647; x_wconf 88' lang='lat' dir='ltr'><strong>et</strong></span> <span class='ocrx_word' id='word_1_572' title='bbox 3171 3597 3239 3649; x_wconf 91' lang='lat' dir='ltr'><strong>ab</strong></span> <span class='ocrx_word' id='word_1_573' title='bbox 3268 3596 3541 3650; x_wconf 68' lang='lat' dir='ltr'><strong>haereticis</strong></span> <span class='ocrx_word' id='word_1_574' title='bbox 3586 3599 3666 3651; x_wconf 93' lang='lat' dir='ltr'><strong>in-</strong></span> 
     </span>
    </p>
   </div>
   <div class='ocr_carea' id='block_1_78' title="bbox 2095 3671 3666 3757">
    <p class='ocr_par' dir='ltr' id='par_1_78' title="bbox 2095 3671 3666 3757">
     <span class='ocr_line' id='line_1_80' title="bbox 2095 3671 3666 3757; baseline 0.014 -37"><span class='ocrx_word' id='word_1_575' title='bbox 2095 3677 2243 3725; x_wconf 91' lang='lat' dir='ltr'><strong>truso</strong></span> <span class='ocrx_word' id='word_1_576' title='bbox 2270 3671 2457 3729; x_wconf 90' lang='lat' dir='ltr'><strong>haberi</strong></span> <span class='ocrx_word' id='word_1_577' title='bbox 2485 3676 2669 3746; x_wconf 74' lang='lat' dir='ltr'><strong>lubet;</strong></span> <span class='ocrx_word' id='word_1_578' title='bbox 2700 3680 2812 3751; x_wconf 77' lang='grc'><strong>(49)</strong></span> <span class='ocrx_word' id='word_1_579' title='bbox 2848 3699 2970 3737; x_wconf 81' lang='lat' dir='ltr'><strong>nam</strong></span> <span class='ocrx_word' id='word_1_580' title='bbox 3001 3686 3167 3739; x_wconf 89' lang='lat' dir='ltr'><strong>multa</strong></span> <span class='ocrx_word' id='word_1_581' title='bbox 3196 3687 3411 3755; x_wconf 90' lang='lat' dir='ltr'><strong>quidem</strong></span> <span class='ocrx_word' id='word_1_582' title='bbox 3440 3688 3666 3757; x_wconf 82' lang='lat' dir='ltr'><strong>Origeni</strong></span> 
     </span>
    </p>
   </div>
   <div class='ocr_carea' id='block_1_79' title="bbox 2090 3758 3669 3849">
    <p class='ocr_par' dir='ltr' id='par_1_79' title="bbox 2090 3758 3669 3849">
     <span class='ocr_line' id='line_1_81' title="bbox 2090 3758 3669 3849; baseline 0.016 -37"><span class='ocrx_word' id='word_1_583' title='bbox 2090 3758 2262 3815; x_wconf 82' lang='lat' dir='ltr'><strong>allicta</strong></span> <span class='ocrx_word' id='word_1_584' title='bbox 2310 3763 2473 3821; x_wconf 91' lang='lat' dir='ltr'><strong>fuisse</strong></span> <span class='ocrx_word' id='word_1_585' title='bbox 2516 3784 2701 3825; x_wconf 90' lang='lat' dir='ltr'><strong>verum</strong></span> <span class='ocrx_word' id='word_1_586' title='bbox 2762 3784 2867 3837; x_wconf 91' lang='lat' dir='ltr'><strong>est,</strong></span> <span class='ocrx_word' id='word_1_587' title='bbox 2923 3777 3014 3831; x_wconf 87' lang='lat' dir='ltr'><strong>sed</strong></span> <span class='ocrx_word' id='word_1_588' title='bbox 3060 3778 3207 3846; x_wconf 89' lang='lat' dir='ltr'><strong>plura</strong></span> <span class='ocrx_word' id='word_1_589' title='bbox 3256 3788 3453 3844; x_wconf 82' lang='lat' dir='ltr'><strong>tamen,</strong></span> <span class='ocrx_word' id='word_1_590' title='bbox 3495 3794 3669 3849; x_wconf 82' lang='lat' dir='ltr'><strong>eaque</strong></span> 
     </span>
    </p>
   </div>
   <div class='ocr_carea' id='block_1_80' title="bbox 2093 3851 3666 3934">
    <p class='ocr_par' dir='ltr' id='par_1_80' title="bbox 2093 3851 3666 3934">
     <span class='ocr_line' id='line_1_82' title="bbox 2093 3851 3666 3934; baseline 0.01 -33"><span class='ocrx_word' id='word_1_591' title='bbox 2093 3851 2253 3905; x_wconf 78' lang='lat' dir='ltr'><strong>noxia</strong></span> <span class='ocrx_word' id='word_1_592' title='bbox 2280 3863 2336 3907; x_wconf 89' lang='lat' dir='ltr'><strong>et</strong></span> <span class='ocrx_word' id='word_1_593' title='bbox 2388 3855 2648 3912; x_wconf 89' lang='lat' dir='ltr'><strong>damnosa</strong></span> <span class='ocrx_word' id='word_1_594' title='bbox 2703 3860 2772 3915; x_wconf 77' lang='lat' dir='ltr'><strong>ab</strong></span> <span class='ocrx_word' id='word_1_595' title='bbox 2824 3863 2914 3918; x_wconf 92' lang='lat' dir='ltr'><strong>illo</strong></span> <span class='ocrx_word' id='word_1_596' title='bbox 2953 3865 3191 3934; x_wconf 86' lang='lat' dir='ltr'><strong>profecta</strong></span> <span class='ocrx_word' id='word_1_597' title='bbox 3223 3881 3345 3920; x_wconf 87' lang='lat' dir='ltr'><strong>esse</strong></span> <span class='ocrx_word' id='word_1_598' title='bbox 3369 3866 3666 3919; x_wconf 77' lang='lat' dir='ltr'><strong>candidum</strong></span> 
     </span>
    </p>
   </div>
   <div class='ocr_carea' id='block_1_81' title="bbox 2090 3938 2654 4001">
    <p class='ocr_par' dir='ltr' id='par_1_81' title="bbox 2090 3938 2654 4001">
     <span class='ocr_line' id='line_1_83' title="bbox 2090 3938 2654 4001; baseline 0.021 -12"><span class='ocrx_word' id='word_1_599' title='bbox 2090 3938 2265 3992; x_wconf 90' lang='lat' dir='ltr'><strong>virum</strong></span> <span class='ocrx_word' id='word_1_600' title='bbox 2294 3942 2444 3997; x_wconf 88' lang='lat' dir='ltr'><strong>fateri</strong></span> <span class='ocrx_word' id='word_1_601' title='bbox 2482 3947 2654 4001; x_wconf 87' lang='lat' dir='ltr'><strong>decet.</strong></span> 
     </span>
    </p>
   </div>
   <div class='ocr_carea' id='block_1_82' title="bbox 2160 4030 3669 4116">
    <p class='ocr_par' dir='ltr' id='par_1_82' title="bbox 2160 4030 3669 4116">
     <span class='ocr_line' id='line_1_84' title="bbox 2160 4030 3669 4116; baseline 0.017 -33"><span class='ocrx_word' id='word_1_602' title='bbox 2160 4030 2345 4086; x_wconf 79' lang='lat' dir='ltr'><strong>XVIII.</strong></span> <span class='ocrx_word' id='word_1_603' title='bbox 2381 4033 2537 4091; x_wconf 87' lang='lat' dir='ltr'><strong>Nunc</strong></span> <span class='ocrx_word' id='word_1_604' title='bbox 2583 4042 2929 4108; x_wconf 64' lang='lat' dir='ltr'><strong>quaerendum</strong></span> <span class='ocrx_word' id='word_1_605' title='bbox 2980 4056 3224 4115; x_wconf 86' lang='lat' dir='ltr'><strong>superest</strong></span> <span class='ocrx_word' id='word_1_606' title='bbox 3273 4064 3379 4116; x_wconf 91' lang='lat' dir='ltr'><strong>quo</strong></span> <span class='ocrx_word' id='word_1_607' title='bbox 3433 4068 3669 4109; x_wconf 84' lang='lat' dir='ltr'><strong>numero</strong></span> 
     </span>
    </p>
   </div>
   <div class='ocr_carea' id='block_1_83' title="bbox 2091 4119 3663 4211">
    <p class='ocr_par' dir='ltr' id='par_1_83' title="bbox 2091 4119 3663 4211">
     <span class='ocr_line' id='line_1_85' title="bbox 2091 4119 3663 4211; baseline 0.017 -39"><span class='ocrx_word' id='word_1_608' title='bbox 2091 4119 2322 4176; x_wconf 89' lang='lat' dir='ltr'><strong>habendi</strong></span> <span class='ocrx_word' id='word_1_609' title='bbox 2355 4125 2464 4180; x_wconf 88' lang='lat' dir='ltr'><strong>sint</strong></span> <span class='ocrx_word' id='word_1_610' title='bbox 2489 4128 2609 4183; x_wconf 92' lang='lat' dir='ltr'><strong>libri</strong></span> <span class='ocrx_word' id='word_1_611' title='bbox 2637 4129 2902 4200; x_wconf 85' lang='lat' dir='ltr'><strong>Origenis,</strong></span> <span class='ocrx_word' id='word_1_612' title='bbox 2934 4134 3153 4204; x_wconf 91' lang='lat' dir='ltr'><strong>ipseque</strong></span> <span class='ocrx_word' id='word_1_613' title='bbox 3183 4138 3316 4193; x_wconf 87' lang='lat' dir='ltr'><strong>adeo</strong></span> <span class='ocrx_word' id='word_1_614' title='bbox 3344 4140 3616 4211; x_wconf 84' lang='lat' dir='ltr'><strong>Origenes</strong></span> <span class='ocrx_word' id='word_1_615' title='bbox 3649 4186 3663 4197; x_wconf 93' lang='lat'><strong>.</strong></span> 
     </span>
    </p>
   </div>
   <div class='ocr_carea' id='block_1_84' title="bbox 2090 4214 3672 4292">
    <p class='ocr_par' dir='ltr' id='par_1_84' title="bbox 2090 4214 3672 4292">
     <span class='ocr_line' id='line_1_86' title="bbox 2090 4214 3672 4292; baseline 0.018 -30"><span class='ocrx_word' id='word_1_616' title='bbox 2090 4220 2269 4266; x_wconf 88' lang='lat' dir='ltr'><strong>utrum</strong></span> <span class='ocrx_word' id='word_1_617' title='bbox 2316 4214 2402 4270; x_wconf 90' lang='lat' dir='ltr'><strong>hic</strong></span> <span class='ocrx_word' id='word_1_618' title='bbox 2431 4217 2574 4273; x_wconf 92' lang='lat' dir='ltr'><strong>inter</strong></span> <span class='ocrx_word' id='word_1_619' title='bbox 2602 4220 2887 4278; x_wconf 69' lang='lat' dir='ltr'><strong>hmreticos</strong></span> <span class='ocrx_word' id='word_1_620' title='bbox 2908 4264 2922 4289; x_wconf 89' lang='lat'><strong>,</strong></span> <span class='ocrx_word' id='word_1_621' title='bbox 2951 4226 3049 4292; x_wconf 65' lang='lat' dir='ltr'><strong>illi;</strong></span> <span class='ocrx_word' id='word_1_622' title='bbox 3085 4228 3224 4282; x_wconf 91' lang='lat' dir='ltr'><strong>inter</strong></span> <span class='ocrx_word' id='word_1_623' title='bbox 3258 4230 3545 4287; x_wconf 77' lang='lat' dir='ltr'><strong>damnatas</strong></span> <span class='ocrx_word' id='word_1_624' title='bbox 3604 4251 3672 4290; x_wconf 89' lang='lat' dir='ltr'><strong>ac</strong></span> 
     </span>
    </p>
   </div>
   <div class='ocr_carea' id='block_1_85' title="bbox 2092 4304 3667 4387">
    <p class='ocr_par' dir='ltr' id='par_1_85' title="bbox 2092 4304 3667 4387">
     <span class='ocr_line' id='line_1_87' title="bbox 2092 4304 3667 4387; baseline 0.015 -30"><span class='ocrx_word' id='word_1_625' title='bbox 2092 4304 2410 4372; x_wconf 88' lang='lat' dir='ltr'><strong>reprobatas</strong></span> <span class='ocrx_word' id='word_1_626' title='bbox 2439 4311 2769 4380; x_wconf 90' lang='lat' dir='ltr'><strong>scriptiones</strong></span> <span class='ocrx_word' id='word_1_627' title='bbox 2807 4319 3036 4383; x_wconf 88' lang='lat' dir='ltr'><strong>ponendi</strong></span> <span class='ocrx_word' id='word_1_628' title='bbox 3073 4320 3201 4373; x_wconf 88' lang='lat' dir='ltr'><strong>sint.</strong></span> <span class='ocrx_word' id='word_1_629' title='bbox 3227 4320 3378 4387; x_wconf 88' lang='lat' dir='ltr'><strong>Quod</strong></span> <span class='ocrx_word' id='word_1_630' title='bbox 3417 4324 3524 4377; x_wconf 91' lang='lat' dir='ltr'><strong>erit</strong></span> <span class='ocrx_word' id='word_1_631' title='bbox 3567 4341 3667 4379; x_wconf 86' lang='lat' dir='ltr'><strong>ca-</strong></span> 
     </span>
    </p>
   </div>
   <div class='ocr_carea' id='block_1_86' title="bbox 2090 4398 3668 4481">
    <p class='ocr_par' dir='ltr' id='par_1_86' title="bbox 2090 4398 3668 4481">
     <span class='ocr_line' id='line_1_88' title="bbox 2090 4398 3668 4481; baseline 0.014 -33"><span class='ocrx_word' id='word_1_632' title='bbox 2090 4398 2217 4465; x_wconf 87' lang='lat' dir='ltr'><strong>pitis</strong></span> <span class='ocrx_word' id='word_1_633' title='bbox 2251 4399 2411 4473; x_wconf 87' lang='lat' dir='ltr'><strong>hujus</strong></span> <span class='ocrx_word' id='word_1_634' title='bbox 2455 4401 2599 4454; x_wconf 87' lang='lat' dir='ltr'><strong>velut</strong></span> <span class='ocrx_word' id='word_1_635' title='bbox 2631 4404 3005 4461; x_wconf 78' lang='lat' dir='ltr'><strong>corollarium.</strong></span> <span class='ocrx_word' id='word_1_636' title='bbox 3038 4408 3379 4478; x_wconf 85' lang='lat' dir='ltr'><strong>Disputemus</strong></span> <span class='ocrx_word' id='word_1_637' title='bbox 3428 4417 3668 4481; x_wconf 84' lang='lat' dir='ltr'><strong>primum</strong></span> 
     </span>
    </p>
   </div>
   <div class='ocr_carea' id='block_1_87' title="bbox 409 4456 3666 4568">
    <p class='ocr_par' dir='ltr' id='par_1_87' title="bbox 409 4456 3666 4568">
     <span class='ocr_line' id='line_1_89' title="bbox 1852 4456 3666 4481; baseline 0.01 -30"><span class='ocrx_word' id='word_1_638' title='bbox 1852 4456 1855 4457; x_wconf 24' lang='grc' dir='ltr'><em>ν</em></span> <span class='ocrx_word' id='word_1_639' title='bbox 2092 4456 2107 4465; x_wconf 57' lang='grc'>,</span> <span class='ocrx_word' id='word_1_640' title='bbox 2267 4466 2272 4473; x_wconf 27' lang='grc'><strong>1</strong></span> <span class='ocrx_word' id='word_1_641' title='bbox 2322 4456 2340 4468; x_wconf 82' lang='grc'><em>,</em></span> <span class='ocrx_word' id='word_1_642' title='bbox 2742 4456 2754 4459; x_wconf 83' lang='grc'><strong>-</strong></span> <span class='ocrx_word' id='word_1_643' title='bbox 2791 4456 3004 4461; x_wconf 26' lang='grc' dir='ltr'><strong>βω---</strong></span> <span class='ocrx_word' id='word_1_644' title='bbox 3038 4456 3379 4478; x_wconf 60' lang='lat' dir='ltr'><strong>_...r-..-.....-</strong></span> 
     </span>
     <span class='ocr_line' id='line_1_90' title="bbox 409 4456 3666 4568; baseline 0.015 -58"><span class='ocrx_word' id='word_1_645' title='bbox 409 4456 748 4528; x_wconf 87' lang='lat' dir='ltr'><strong>Pamphilum</strong></span> <span class='ocrx_word' id='word_1_646' title='bbox 791 4464 1099 4521; x_wconf 85' lang='lat' dir='ltr'><strong>condidisse</strong></span> <span class='ocrx_word' id='word_1_647' title='bbox 1147 4473 1481 4528; x_wconf 89' lang='lat' dir='ltr'><strong>asserentis:</strong></span> <span class='ocrx_word' id='word_1_648' title='bbox 1510 4489 1609 4529; x_wconf 92' lang='lat' dir='ltr'><strong>nec</strong></span> <span class='ocrx_word' id='word_1_649' title='bbox 1660 4476 1802 4529; x_wconf 90' lang='lat' dir='ltr'><strong>enim</strong></span> <span class='ocrx_word' id='word_1_650' title='bbox 1856 4493 1981 4545; x_wconf 91' lang='lat' dir='ltr'><strong>pro—</strong></span> <span class='ocrx_word' id='word_1_651' title='bbox 2017 4488 2061 4541; x_wconf 83' lang='grc' dir='ltr'><strong>ι)</strong></span> <span class='ocrx_word' id='word_1_652' title='bbox 2091 4489 2155 4540; x_wconf 90' lang='lat' dir='ltr'><strong>de</strong></span> <span class='ocrx_word' id='word_1_653' title='bbox 2189 4487 2360 4542; x_wconf 89' lang='lat' dir='ltr'><strong>libris.</strong></span> <span class='ocrx_word' id='word_1_654' title='bbox 2397 4489 2453 4541; x_wconf 91' lang='lat' dir='ltr'><strong>lu</strong></span> <span class='ocrx_word' id='word_1_655' title='bbox 2487 4492 2667 4545; x_wconf 90' lang='lat' dir='ltr'><strong>varios</strong></span> <span class='ocrx_word' id='word_1_656' title='bbox 2702 4492 2987 4563; x_wconf 82' lang='lat' dir='ltr'><strong>Origenem</strong></span> <span class='ocrx_word' id='word_1_657' title='bbox 3019 4497 3305 4568; x_wconf 79' lang='lat' dir='ltr'><strong>impegisse</strong></span> <span class='ocrx_word' id='word_1_658' title='bbox 3331 4517 3551 4558; x_wconf 90' lang='lat' dir='ltr'><strong>errores</strong></span> <span class='ocrx_word' id='word_1_659' title='bbox 3576 4520 3666 4559; x_wconf 79' lang='lat' dir='ltr'><strong>sa-</strong></span> 
     </span>
    </p>
   </div>
   <div class='ocr_carea' id='block_1_88' title="bbox 408 4551 1981 4639">
    <p class='ocr_par' dir='ltr' id='par_1_88' title="bbox 408 4551 1981 4639">
     <span class='ocr_line' id='line_1_91' title="bbox 408 4551 1981 4639; baseline 0.015 -36"><span class='ocrx_word' id='word_1_660' title='bbox 408 4551 584 4619; x_wconf 90' lang='lat' dir='ltr'><strong>prium</strong></span> <span class='ocrx_word' id='word_1_661' title='bbox 613 4552 732 4624; x_wconf 79' lang='lat' dir='ltr'><strong>ejus</strong></span> <span class='ocrx_word' id='word_1_662' title='bbox 752 4570 887 4624; x_wconf 88' lang='lat' dir='ltr'><strong>opus</strong></span> <span class='ocrx_word' id='word_1_663' title='bbox 910 4560 1281 4628; x_wconf 76' lang='lat' dir='ltr'><strong>Apologett&#39;cus</strong></span> <span class='ocrx_word' id='word_1_664' title='bbox 1312 4563 1400 4619; x_wconf 93' lang='lat' dir='ltr'><strong>ille</strong></span> <span class='ocrx_word' id='word_1_665' title='bbox 1423 4566 1527 4619; x_wconf 89' lang='lat' dir='ltr'><strong>dici</strong></span> <span class='ocrx_word' id='word_1_666' title='bbox 1555 4578 1732 4635; x_wconf 83' lang='lat' dir='ltr'><strong>petest</strong></span> <span class='ocrx_word' id='word_1_667' title='bbox 1763 4610 1778 4633; x_wconf 96' lang='lat'><strong>,</strong></span> <span class='ocrx_word' id='word_1_668' title='bbox 1819 4586 1981 4639; x_wconf 88' lang='lat' dir='ltr'><strong>quem</strong></span> 
     </span>
    </p>
   </div>
   <div class='ocr_carea' id='block_1_89' title="bbox 409 4644 1979 4724">
    <p class='ocr_par' dir='ltr' id='par_1_89' title="bbox 409 4644 1979 4724">
     <span class='ocr_line' id='line_1_92' title="bbox 409 4644 1979 4724; baseline 0.015 -29"><span class='ocrx_word' id='word_1_669' title='bbox 409 4644 630 4700; x_wconf 78' lang='lat' dir='ltr'><strong>alterius</strong></span> <span class='ocrx_word' id='word_1_670' title='bbox 656 4662 819 4716; x_wconf 86' lang='lat' dir='ltr'><strong>opera</strong></span> <span class='ocrx_word' id='word_1_671' title='bbox 868 4649 1084 4718; x_wconf 91' lang='lat' dir='ltr'><strong>adjutus</strong></span> <span class='ocrx_word' id='word_1_672' title='bbox 1109 4694 1123 4716; x_wconf 94' lang='lat'><strong>,</strong></span> <span class='ocrx_word' id='word_1_673' title='bbox 1153 4654 1368 4710; x_wconf 91' lang='lat' dir='ltr'><strong>Eusebii</strong></span> <span class='ocrx_word' id='word_1_674' title='bbox 1399 4658 1629 4724; x_wconf 88' lang='lat' dir='ltr'><strong>scilicet,</strong></span> <span class='ocrx_word' id='word_1_675' title='bbox 1661 4661 1979 4719; x_wconf 80' lang='lat' dir='ltr'><strong>elaboravit.</strong></span> 
     </span>
    </p>
   </div>
   <div class='ocr_carea' id='block_1_90' title="bbox 410 4733 1981 4818">
    <p class='ocr_par' dir='ltr' id='par_1_90' title="bbox 410 4733 1981 4818">
     <span class='ocr_line' id='line_1_93' title="bbox 410 4733 1981 4818; baseline 0.014 -31"><span class='ocrx_word' id='word_1_676' title='bbox 410 4733 565 4791; x_wconf 83' lang='lat' dir='ltr'><strong>Nunc</strong></span> <span class='ocrx_word' id='word_1_677' title='bbox 594 4751 723 4793; x_wconf 89' lang='lat' dir='ltr'><strong>vero</strong></span> <span class='ocrx_word' id='word_1_678' title='bbox 750 4740 1085 4797; x_wconf 83' lang='lat' dir='ltr'><strong>arbitrentur</strong></span> <span class='ocrx_word' id='word_1_679' title='bbox 1103 4748 1240 4815; x_wconf 65' lang='lat' dir='ltr'><strong>aequi</strong></span> <span class='ocrx_word' id='word_1_680' title='bbox 1273 4757 1327 4802; x_wconf 92' lang='lat' dir='ltr'><strong>et</strong></span> <span class='ocrx_word' id='word_1_681' title='bbox 1354 4750 1551 4804; x_wconf 92' lang='lat' dir='ltr'><strong>eruditi</strong></span> <span class='ocrx_word' id='word_1_682' title='bbox 1586 4752 1835 4818; x_wconf 89' lang='lat' dir='ltr'><strong>lectores,</strong></span> <span class='ocrx_word' id='word_1_683' title='bbox 1865 4769 1981 4808; x_wconf 83' lang='lat' dir='ltr'><strong>iue-</strong></span> 
     </span>
    </p>
   </div>
   <div class='ocr_carea' id='block_1_91' title="bbox 412 4826 1983 4914">
    <p class='ocr_par' dir='ltr' id='par_1_91' title="bbox 412 4826 1983 4914">
     <span class='ocr_line' id='line_1_94' title="bbox 412 4826 1983 4914; baseline 0.014 -37"><span class='ocrx_word' id='word_1_684' title='bbox 412 4826 591 4880; x_wconf 85' lang='lat' dir='ltr'><strong>ritone</strong></span> <span class='ocrx_word' id='word_1_685' title='bbox 623 4827 1267 4905; x_wconf 71' lang='lat' dir='ltr'><strong>Ruﬁnum&#39;llieronymus</strong></span> <span class='ocrx_word' id='word_1_686' title='bbox 1296 4840 1732 4909; x_wconf 87' lang='lat' dir='ltr'><strong>reprehenderit,</strong></span> <span class='ocrx_word' id='word_1_687' title='bbox 1765 4856 1983 4914; x_wconf 90' lang='lat' dir='ltr'><strong>propter</strong></span> 
     </span>
    </p>
   </div>
   <div class='ocr_carea' id='block_1_92' title="bbox 410 4917 1980 5006">
    <p class='ocr_par' dir='ltr' id='par_1_92' title="bbox 410 4917 1980 5006">
     <span class='ocr_line' id='line_1_95' title="bbox 410 4917 1980 5006; baseline 0.014 -37"><span class='ocrx_word' id='word_1_688' title='bbox 410 4917 727 4988; x_wconf 86' lang='lat' dir='ltr'><strong>inscriptum</strong></span> <span class='ocrx_word' id='word_1_689' title='bbox 756 4919 1023 4992; x_wconf 89' lang='lat' dir='ltr'><strong>Pamphili</strong></span> <span class='ocrx_word' id='word_1_690' title='bbox 1061 4942 1257 4981; x_wconf 92' lang='lat' dir='ltr'><strong>nomen</strong></span> <span class='ocrx_word' id='word_1_691' title='bbox 1308 4929 1474 4998; x_wconf 88' lang='lat' dir='ltr'><strong>priori</strong></span> <span class='ocrx_word' id='word_1_692' title='bbox 1524 4931 1685 5002; x_wconf 83' lang='lat' dir='ltr'><strong>hujus</strong></span> <span class='ocrx_word' id='word_1_693' title='bbox 1711 4934 1980 5006; x_wconf 76' lang='lat' dir='ltr'><strong>Apologia:</strong></span> 
     </span>
    </p>
   </div>
   <div class='ocr_carea' id='block_1_93' title="bbox 408 5009 1981 5084">
    <p class='ocr_par' dir='ltr' id='par_1_93' title="bbox 408 5009 1981 5084">
     <span class='ocr_line' id='line_1_96' title="bbox 408 5009 1981 5084; baseline 0.014 -23"><span class='ocrx_word' id='word_1_694' title='bbox 408 5009 564 5065; x_wconf 88' lang='lat' dir='ltr'><strong>libro.</strong></span> <span class='ocrx_word' id='word_1_695' title='bbox 600 5013 867 5069; x_wconf 67' lang='lat' dir='ltr'><strong>Caeterum</strong></span> <span class='ocrx_word' id='word_1_696' title='bbox 902 5032 1025 5072; x_wconf 91' lang='lat' dir='ltr'><strong>cum</strong></span> <span class='ocrx_word' id='word_1_697' title='bbox 1058 5034 1151 5073; x_wconf 83' lang='lat' dir='ltr'><strong>sex</strong></span> <span class='ocrx_word' id='word_1_698' title='bbox 1185 5033 1463 5077; x_wconf 88' lang='lat' dir='ltr'><strong>constaret</strong></span> <span class='ocrx_word' id='word_1_699' title='bbox 1498 5024 1650 5081; x_wconf 86' lang='lat' dir='ltr'><strong>libris</strong></span> <span class='ocrx_word' id='word_1_700' title='bbox 1685 5027 1798 5082; x_wconf 57' lang='lat' dir='ltr'><strong>haec</strong></span> <span class='ocrx_word' id='word_1_701' title='bbox 1822 5026 1981 5084; x_wconf 88' lang='lat' dir='ltr'><strong>Pam-</strong></span> 
     </span>
    </p>
   </div>
   <div class='ocr_carea' id='block_1_94' title="bbox 407 5104 1980 5179">
    <p class='ocr_par' dir='ltr' id='par_1_94' title="bbox 407 5104 1980 5179">
     <span class='ocr_line' id='line_1_97' title="bbox 407 5104 1980 5179; baseline 0.012 -23"><span class='ocrx_word' id='word_1_702' title='bbox 407 5104 538 5171; x_wconf 88' lang='lat' dir='ltr'><strong>phili</strong></span> <span class='ocrx_word' id='word_1_703' title='bbox 567 5105 852 5177; x_wconf 76' lang='lat' dir='ltr'><strong>Apologia,</strong></span> <span class='ocrx_word' id='word_1_704' title='bbox 886 5110 1044 5179; x_wconf 71' lang='lat' dir='ltr'><strong>cujus,</strong></span> <span class='ocrx_word' id='word_1_705' title='bbox 1088 5112 1235 5179; x_wconf 90' lang='lat' dir='ltr'><strong>prior</strong></span> <span class='ocrx_word' id='word_1_706' title='bbox 1270 5113 1530 5176; x_wconf 76' lang='lat' dir='ltr'><strong>duntaxat</strong></span> <span class='ocrx_word' id='word_1_707' title='bbox 1570 5132 1600 5169; x_wconf 92' lang='lat' dir='ltr'><strong>a</strong></span> <span class='ocrx_word' id='word_1_708' title='bbox 1631 5118 1823 5174; x_wconf 76' lang='lat' dir='ltr'><strong>Ruﬁno</strong></span> <span class='ocrx_word' id='word_1_709' title='bbox 1850 5136 1980 5174; x_wconf 90' lang='lat' dir='ltr'><strong>con-</strong></span> 
     </span>
    </p>
   </div>
   <div class='ocr_carea' id='block_1_95' title="bbox 410 5206 1981 5273">
    <p class='ocr_par' dir='ltr' id='par_1_95' title="bbox 410 5206 1981 5273">
     <span class='ocr_line' id='line_1_98' title="bbox 410 5206 1981 5273; baseline 0.01 -21"><span class='ocrx_word' id='word_1_710' title='bbox 410 5213 597 5255; x_wconf 89' lang='lat' dir='ltr'><strong>versus</strong></span> <span class='ocrx_word' id='word_1_711' title='bbox 643 5206 710 5257; x_wconf 90' lang='lat' dir='ltr'><strong>ad</strong></span> <span class='ocrx_word' id='word_1_712' title='bbox 754 5218 852 5258; x_wconf 90' lang='lat' dir='ltr'><strong>nos</strong></span> <span class='ocrx_word' id='word_1_713' title='bbox 876 5207 1142 5273; x_wconf 89' lang='lat' dir='ltr'><strong>pervenit,</strong></span> <span class='ocrx_word' id='word_1_714' title='bbox 1170 5222 1272 5261; x_wconf 93' lang='lat' dir='ltr'><strong>non</strong></span> <span class='ocrx_word' id='word_1_715' title='bbox 1299 5218 1382 5263; x_wconf 92' lang='lat' dir='ltr'><strong>est</strong></span> <span class='ocrx_word' id='word_1_716' title='bbox 1409 5226 1507 5265; x_wconf 87' lang='lat' dir='ltr'><strong>cur</strong></span> <span class='ocrx_word' id='word_1_717' title='bbox 1542 5215 1769 5266; x_wconf 90' lang='lat' dir='ltr'><strong>miretur</strong></span> <span class='ocrx_word' id='word_1_718' title='bbox 1815 5214 1981 5269; x_wconf 85' lang='lat' dir='ltr'><strong>Baro-</strong></span> 
     </span>
    </p>
   </div>
   <div class='ocr_carea' id='block_1_96' title="bbox 408 5289 1980 5363">
    <p class='ocr_par' dir='ltr' id='par_1_96' title="bbox 408 5289 1980 5363">
     <span class='ocr_line' id='line_1_99' title="bbox 408 5289 1980 5363; baseline 0.011 -19"><span class='ocrx_word' id='word_1_719' title='bbox 408 5291 527 5348; x_wconf 81' lang='lat' dir='ltr'><strong>nius</strong></span> <span class='ocrx_word' id='word_1_720' title='bbox 552 5289 799 5363; x_wconf 78' lang='lat' dir='ltr'><strong>Gregorii</strong></span> <span class='ocrx_word' id='word_1_721' title='bbox 824 5294 1276 5355; x_wconf 62' lang='lat' dir='ltr'><strong>Neocwsariensis</strong></span> <span class='ocrx_word' id='word_1_722' title='bbox 1297 5294 1738 5357; x_wconf 83' lang='lat' dir='ltr'><strong>encomiasticam</strong></span> <span class='ocrx_word' id='word_1_723' title='bbox 1772 5307 1980 5361; x_wconf 88' lang='lat' dir='ltr'><strong>oratio-</strong></span> 
     </span>
    </p>
   </div>
   <div class='ocr_carea' id='block_1_97' title="bbox 407 5387 1980 5468">
    <p class='ocr_par' dir='ltr' id='par_1_97' title="bbox 407 5387 1980 5468">
     <span class='ocr_line' id='line_1_100' title="bbox 407 5387 1980 5468; baseline 0.01 -29"><span class='ocrx_word' id='word_1_724' title='bbox 407 5400 527 5439; x_wconf 91' lang='lat' dir='ltr'><strong>nem</strong></span> <span class='ocrx_word' id='word_1_725' title='bbox 566 5387 786 5455; x_wconf 88' lang='lat' dir='ltr'><strong>Origeui</strong></span> <span class='ocrx_word' id='word_1_726' title='bbox 819 5389 1018 5443; x_wconf 89' lang='lat' dir='ltr'><strong>dictam</strong></span> <span class='ocrx_word' id='word_1_727' title='bbox 1042 5430 1058 5456; x_wconf 95' lang='lat'><strong>,</strong></span> <span class='ocrx_word' id='word_1_728' title='bbox 1096 5406 1255 5460; x_wconf 89' lang='lat' dir='ltr'><strong>quam</strong></span> <span class='ocrx_word' id='word_1_729' title='bbox 1304 5408 1331 5444; x_wconf 90' lang='lat' dir='ltr'><strong>a</strong></span> <span class='ocrx_word' id='word_1_730' title='bbox 1378 5394 1658 5464; x_wconf 89' lang='lat' dir='ltr'><strong>Pamphilo</strong></span> <span class='ocrx_word' id='word_1_731' title='bbox 1712 5396 1980 5468; x_wconf 72' lang='lat' dir='ltr'><strong>Apologia:</strong></span> 
     </span>
    </p>
   </div>
   <div class='ocr_carea' id='block_1_98' title="bbox 407 5480 1978 5553">
    <p class='ocr_par' dir='ltr' id='par_1_98' title="bbox 407 5480 1978 5553">
     <span class='ocr_line' id='line_1_101' title="bbox 407 5480 1978 5553; baseline 0.006 -19"><span class='ocrx_word' id='word_1_732' title='bbox 407 5494 519 5537; x_wconf 72' lang='lat' dir='ltr'><strong>sua:</strong></span> <span class='ocrx_word' id='word_1_733' title='bbox 546 5480 807 5535; x_wconf 85' lang='lat' dir='ltr'><strong>insertam</strong></span> <span class='ocrx_word' id='word_1_734' title='bbox 850 5480 1017 5538; x_wconf 87' lang='lat' dir='ltr'><strong>fuisse</strong></span> <span class='ocrx_word' id='word_1_735' title='bbox 1053 5484 1323 5553; x_wconf 81' lang='lat' dir='ltr'><strong>proditum</strong></span> <span class='ocrx_word' id='word_1_736' title='bbox 1371 5496 1477 5552; x_wconf 86' lang='lat' dir='ltr'><strong>est,</strong></span> <span class='ocrx_word' id='word_1_737' title='bbox 1513 5488 1566 5542; x_wconf 86' lang='lat' dir='ltr'><strong>in</strong></span> <span class='ocrx_word' id='word_1_738' title='bbox 1594 5502 1658 5543; x_wconf 90' lang='lat' dir='ltr'><strong>ea</strong></span> <span class='ocrx_word' id='word_1_739' title='bbox 1689 5488 1848 5544; x_wconf 89' lang='lat' dir='ltr'><strong>hodie</strong></span> <span class='ocrx_word' id='word_1_740' title='bbox 1874 5507 1978 5545; x_wconf 88' lang='lat' dir='ltr'><strong>non</strong></span> 
     </span>
    </p>
   </div>
   <div class='ocr_carea' id='block_1_99' title="bbox 2091 4581 3670 4661">
    <p class='ocr_par' dir='ltr' id='par_1_99' title="bbox 2091 4581 3670 4661">
     <span class='ocr_line' id='line_1_102' title="bbox 2091 4581 3670 4661; baseline 0.013 -32"><span class='ocrx_word' id='word_1_741' title='bbox 2091 4583 2158 4633; x_wconf 92' lang='lat' dir='ltr'><strong>tis</strong></span> <span class='ocrx_word' id='word_1_742' title='bbox 2185 4596 2213 4631; x_wconf 87' lang='lat' dir='ltr'><strong>a</strong></span> <span class='ocrx_word' id='word_1_743' title='bbox 2252 4581 2405 4635; x_wconf 90' lang='lat' dir='ltr'><strong>nobis</strong></span> <span class='ocrx_word' id='word_1_744' title='bbox 2433 4582 2741 4639; x_wconf 87' lang='lat' dir='ltr'><strong>confessum</strong></span> <span class='ocrx_word' id='word_1_745' title='bbox 2774 4596 2877 4641; x_wconf 90' lang='lat' dir='ltr'><strong>est.</strong></span> <span class='ocrx_word' id='word_1_746' title='bbox 2911 4588 2975 4640; x_wconf 86' lang='lat' dir='ltr'><strong>At</strong></span> <span class='ocrx_word' id='word_1_747' title='bbox 3003 4591 3247 4656; x_wconf 82' lang='lat' dir='ltr'><strong>quamvis</strong></span> <span class='ocrx_word' id='word_1_748' title='bbox 3276 4607 3370 4648; x_wconf 90' lang='lat' dir='ltr'><strong>eos</strong></span> <span class='ocrx_word' id='word_1_749' title='bbox 3400 4597 3670 4661; x_wconf 83' lang='lat' dir='ltr'><strong>Operibus</strong></span> 
     </span>
    </p>
   </div>
   <div class='ocr_carea' id='block_1_100' title="bbox 2089 4664 3667 4745">
    <p class='ocr_par' dir='ltr' id='par_1_100' title="bbox 2089 4664 3667 4745">
     <span class='ocr_line' id='line_1_103' title="bbox 2089 4664 3667 4745; baseline 0.014 -28"><span class='ocrx_word' id='word_1_750' title='bbox 2089 4664 2258 4732; x_wconf 89' lang='lat' dir='ltr'><strong>ipsius</strong></span> <span class='ocrx_word' id='word_1_751' title='bbox 2294 4668 2513 4725; x_wconf 90' lang='lat' dir='ltr'><strong>aliunde</strong></span> <span class='ocrx_word' id='word_1_752' title='bbox 2535 4683 2747 4731; x_wconf 87' lang='lat' dir='ltr'><strong>assutos</strong></span> <span class='ocrx_word' id='word_1_753' title='bbox 2777 4678 3044 4739; x_wconf 89' lang='lat' dir='ltr'><strong>daremus,</strong></span> <span class='ocrx_word' id='word_1_754' title='bbox 3070 4680 3211 4745; x_wconf 90' lang='lat' dir='ltr'><strong>quod</strong></span> <span class='ocrx_word' id='word_1_755' title='bbox 3235 4682 3386 4736; x_wconf 90' lang='lat' dir='ltr'><strong>multi</strong></span> <span class='ocrx_word' id='word_1_756' title='bbox 3415 4683 3667 4739; x_wconf 71' lang='lat' dir='ltr'><strong>afﬁrma-</strong></span> 
     </span>
    </p>
   </div>
   <div class='ocr_carea' id='block_1_101' title="bbox 2086 4762 3662 4845">
    <p class='ocr_par' dir='ltr' id='par_1_101' title="bbox 2086 4762 3662 4845">
     <span class='ocr_line' id='line_1_104' title="bbox 2086 4762 3662 4845; baseline 0.016 -35"><span class='ocrx_word' id='word_1_757' title='bbox 2086 4769 2230 4827; x_wconf 90' lang='lat' dir='ltr'><strong>ruut,</strong></span> <span class='ocrx_word' id='word_1_758' title='bbox 2278 4762 2540 4834; x_wconf 83' lang='lat' dir='ltr'><strong>planeque</strong></span> <span class='ocrx_word' id='word_1_759' title='bbox 2587 4768 2651 4821; x_wconf 91' lang='lat' dir='ltr'><strong>iis</strong></span> <span class='ocrx_word' id='word_1_760' title='bbox 2684 4768 2979 4824; x_wconf 88' lang='lat' dir='ltr'><strong>immunem</strong></span> <span class='ocrx_word' id='word_1_761' title='bbox 3015 4771 3297 4843; x_wconf 77' lang='lat' dir='ltr'><strong>Origenem</strong></span> <span class='ocrx_word' id='word_1_762' title='bbox 3325 4792 3662 4845; x_wconf 80' lang='lat' dir='ltr'><strong>agnoscere-</strong></span> 
     </span>
    </p>
   </div>
   <div class='ocr_carea' id='block_1_102' title="bbox 2087 4852 3661 4935">
    <p class='ocr_par' dir='ltr' id='par_1_102' title="bbox 2087 4852 3661 4935">
     <span class='ocr_line' id='line_1_105' title="bbox 2087 4852 3661 4935; baseline 0.017 -34"><span class='ocrx_word' id='word_1_763' title='bbox 2087 4865 2234 4917; x_wconf 89' lang='lat' dir='ltr'><strong>mus,</strong></span> <span class='ocrx_word' id='word_1_764' title='bbox 2270 4852 2472 4908; x_wconf 87' lang='lat' dir='ltr'><strong>valeret</strong></span> <span class='ocrx_word' id='word_1_765' title='bbox 2508 4856 2557 4910; x_wconf 94' lang='lat' dir='ltr'><strong>id</strong></span> <span class='ocrx_word' id='word_1_766' title='bbox 2581 4859 2797 4927; x_wconf 90' lang='lat' dir='ltr'><strong>quidem</strong></span> <span class='ocrx_word' id='word_1_767' title='bbox 2830 4864 2896 4915; x_wconf 90' lang='lat' dir='ltr'><strong>ad</strong></span> <span class='ocrx_word' id='word_1_768' title='bbox 2933 4867 3341 4920; x_wconf 83' lang='lat' dir='ltr'><strong>excusationem</strong></span> <span class='ocrx_word' id='word_1_769' title='bbox 3382 4874 3661 4935; x_wconf 86' lang='lat' dir='ltr'><strong>auctoris;</strong></span> 
     </span>
    </p>
   </div>
   <div class='ocr_carea' id='block_1_103' title="bbox 2089 4945 3667 5034">
    <p class='ocr_par' dir='ltr' id='par_1_103' title="bbox 2089 4945 3667 5034">
     <span class='ocr_line' id='line_1_106' title="bbox 2089 4945 3667 5034; baseline 0.015 -39"><span class='ocrx_word' id='word_1_770' title='bbox 2089 4957 2192 4996; x_wconf 93' lang='lat' dir='ltr'><strong>non</strong></span> <span class='ocrx_word' id='word_1_771' title='bbox 2230 4945 2296 4998; x_wconf 89' lang='lat' dir='ltr'><strong>ad</strong></span> <span class='ocrx_word' id='word_1_772' title='bbox 2319 4948 2693 5016; x_wconf 86' lang='lat' dir='ltr'><strong>purgationem</strong></span> <span class='ocrx_word' id='word_1_773' title='bbox 2725 4951 3007 5008; x_wconf 86' lang='lat' dir='ltr'><strong>librorum.</strong></span> <span class='ocrx_word' id='word_1_774' title='bbox 3038 4957 3167 5011; x_wconf 89' lang='lat' dir='ltr'><strong>Cum</strong></span> <span class='ocrx_word' id='word_1_775' title='bbox 3203 4970 3413 5014; x_wconf 86' lang='lat' dir='ltr'><strong>certum</strong></span> <span class='ocrx_word' id='word_1_776' title='bbox 3445 4963 3522 5017; x_wconf 86' lang='lat' dir='ltr'><strong>sit</strong></span> <span class='ocrx_word' id='word_1_777' title='bbox 3564 4965 3667 5034; x_wconf 85' lang='lat' dir='ltr'><strong>igi-</strong></span> 
     </span>
    </p>
   </div>
   <div class='ocr_carea' id='block_1_104' title="bbox 2088 5037 3664 5125">
    <p class='ocr_par' dir='ltr' id='par_1_104' title="bbox 2088 5037 3664 5125">
     <span class='ocr_line' id='line_1_107' title="bbox 2088 5037 3664 5125; baseline 0.015 -39"><span class='ocrx_word' id='word_1_778' title='bbox 2088 5045 2175 5089; x_wconf 89' lang='lat' dir='ltr'><strong>tur</strong></span> <span class='ocrx_word' id='word_1_779' title='bbox 2202 5037 2353 5093; x_wconf 85' lang='lat' dir='ltr'><strong>falsis</strong></span> <span class='ocrx_word' id='word_1_780' title='bbox 2386 5056 2480 5095; x_wconf 91' lang='lat' dir='ltr'><strong>eos</strong></span> <span class='ocrx_word' id='word_1_781' title='bbox 2526 5052 2581 5097; x_wconf 89' lang='lat' dir='ltr'><strong>et</strong></span> <span class='ocrx_word' id='word_1_782' title='bbox 2635 5043 2815 5113; x_wconf 90' lang='lat' dir='ltr'><strong>impiis</strong></span> <span class='ocrx_word' id='word_1_783' title='bbox 2842 5056 3052 5104; x_wconf 85' lang='lat' dir='ltr'><strong>scatere</strong></span> <span class='ocrx_word' id='word_1_784' title='bbox 3086 5054 3376 5107; x_wconf 90' lang='lat' dir='ltr'><strong>sententiis</strong></span> <span class='ocrx_word' id='word_1_785' title='bbox 3400 5092 3419 5118; x_wconf 91' lang='lat'><strong>,</strong></span> <span class='ocrx_word' id='word_1_786' title='bbox 3450 5065 3509 5108; x_wconf 89' lang='lat' dir='ltr'><strong>et</strong></span> <span class='ocrx_word' id='word_1_787' title='bbox 3546 5058 3664 5125; x_wconf 78' lang='lat' dir='ltr'><strong>jam</strong></span> 
     </span>
    </p>
   </div>
   <div class='ocr_carea' id='block_1_105' title="bbox 2088 5128 3668 5207">
    <p class='ocr_par' dir='ltr' id='par_1_105' title="bbox 2088 5128 3668 5207">
     <span class='ocr_line' id='line_1_108' title="bbox 2088 5128 3668 5207; baseline 0.015 -27"><span class='ocrx_word' id='word_1_788' title='bbox 2088 5128 2213 5181; x_wconf 90' lang='lat' dir='ltr'><strong>inde</strong></span> <span class='ocrx_word' id='word_1_789' title='bbox 2262 5145 2291 5183; x_wconf 89' lang='lat' dir='ltr'><strong>a</strong></span> <span class='ocrx_word' id='word_1_790' title='bbox 2356 5134 2583 5190; x_wconf 89' lang='lat' dir='ltr'><strong>vetustis</strong></span> <span class='ocrx_word' id='word_1_791' title='bbox 2628 5140 2962 5207; x_wconf 85' lang='lat' dir='ltr'><strong>temporibus</strong></span> <span class='ocrx_word' id='word_1_792' title='bbox 3014 5142 3154 5195; x_wconf 90' lang='lat' dir='ltr'><strong>malo</strong></span> <span class='ocrx_word' id='word_1_793' title='bbox 3189 5142 3466 5199; x_wconf 88' lang='lat' dir='ltr'><strong>fermento</strong></span> <span class='ocrx_word' id='word_1_794' title='bbox 3496 5148 3668 5205; x_wconf 78' lang='lat' dir='ltr'><strong>fuisse</strong></span> 
     </span>
    </p>
   </div>
   <div class='ocr_carea' id='block_1_106' title="bbox 2087 5222 3669 5307">
    <p class='ocr_par' dir='ltr' id='par_1_106' title="bbox 2087 5222 3669 5307">
     <span class='ocr_line' id='line_1_109' title="bbox 2087 5222 3669 5307; baseline 0.01 -31"><span class='ocrx_word' id='word_1_795' title='bbox 2087 5222 2337 5289; x_wconf 84' lang='lat' dir='ltr'><strong>infectos,</strong></span> <span class='ocrx_word' id='word_1_796' title='bbox 2381 5227 2647 5294; x_wconf 67' lang='lat' dir='ltr'><strong>quaeritur</strong></span> <span class='ocrx_word' id='word_1_797' title='bbox 2684 5232 2971 5298; x_wconf 87' lang='lat' dir='ltr'><strong>penitusne</strong></span> <span class='ocrx_word' id='word_1_798' title='bbox 3020 5234 3288 5301; x_wconf 87' lang='lat' dir='ltr'><strong>repudiari</strong></span> <span class='ocrx_word' id='word_1_799' title='bbox 3334 5250 3428 5290; x_wconf 85' lang='lat' dir='ltr'><strong>eos</strong></span> <span class='ocrx_word' id='word_1_800' title='bbox 3474 5238 3669 5307; x_wconf 85' lang='lat' dir='ltr'><strong>jubeat</strong></span> 
     </span>
    </p>
   </div>
   <div class='ocr_carea' id='block_1_107' title="bbox 2087 5311 3671 5388">
    <p class='ocr_par' dir='ltr' id='par_1_107' title="bbox 2087 5311 3671 5388">
     <span class='ocr_line' id='line_1_110' title="bbox 2087 5311 3671 5388; baseline 0.011 -23"><span class='ocrx_word' id='word_1_801' title='bbox 2087 5311 2350 5378; x_wconf 78' lang='lat' dir='ltr'><strong>Ecclesia,</strong></span> <span class='ocrx_word' id='word_1_802' title='bbox 2386 5327 2442 5369; x_wconf 89' lang='lat' dir='ltr'><strong>et</strong></span> <span class='ocrx_word' id='word_1_803' title='bbox 2471 5316 2655 5385; x_wconf 89' lang='lat' dir='ltr'><strong>abjici,</strong></span> <span class='ocrx_word' id='word_1_804' title='bbox 2689 5322 3141 5388; x_wconf 89' lang='lat' dir='ltr'><strong>quemadmodmn</strong></span> <span class='ocrx_word' id='word_1_805' title='bbox 3176 5325 3559 5381; x_wconf 65' lang='lat' dir='ltr'><strong>haereticorum</strong></span> <span class='ocrx_word' id='word_1_806' title='bbox 3605 5330 3671 5382; x_wconf 85' lang='lat' dir='ltr'><strong>li—</strong></span> 
     </span>
    </p>
   </div>
   <div class='ocr_carea' id='block_1_108' title="bbox 2088 5404 3670 5488">
    <p class='ocr_par' dir='ltr' id='par_1_108' title="bbox 2088 5404 3670 5488">
     <span class='ocr_line' id='line_1_111' title="bbox 2088 5404 3670 5488; baseline 0.013 -32"><span class='ocrx_word' id='word_1_807' title='bbox 2088 5404 2169 5457; x_wconf 90' lang='lat' dir='ltr'><strong>bri</strong></span> <span class='ocrx_word' id='word_1_808' title='bbox 2206 5405 2400 5471; x_wconf 85' lang='lat' dir='ltr'><strong>solent,</strong></span> <span class='ocrx_word' id='word_1_809' title='bbox 2439 5424 2504 5460; x_wconf 90' lang='lat' dir='ltr'><strong>an</strong></span> <span class='ocrx_word' id='word_1_810' title='bbox 2545 5410 2783 5477; x_wconf 83' lang='lat' dir='ltr'><strong>ipsorum</strong></span> <span class='ocrx_word' id='word_1_811' title='bbox 2818 5428 2973 5468; x_wconf 83' lang='lat' dir='ltr'><strong>usum</strong></span> <span class='ocrx_word' id='word_1_812' title='bbox 3002 5416 3191 5469; x_wconf 88' lang='lat' dir='ltr'><strong>eadem</strong></span> <span class='ocrx_word' id='word_1_813' title='bbox 3226 5418 3309 5471; x_wconf 88' lang='lat' dir='ltr'><strong>vel</strong></span> <span class='ocrx_word' id='word_1_814' title='bbox 3353 5419 3548 5488; x_wconf 87' lang='lat' dir='ltr'><strong>probet</strong></span> <span class='ocrx_word' id='word_1_815' title='bbox 3583 5423 3670 5477; x_wconf 85' lang='lat' dir='ltr'><strong>vel</strong></span> 
     </span>
    </p>
   </div>
   <div class='ocr_carea' id='block_1_109' title="bbox 2091 5497 2565 5567">
    <p class='ocr_par' dir='ltr' id='par_1_109' title="bbox 2091 5497 2565 5567">
     <span class='ocr_line' id='line_1_112' title="bbox 2091 5497 2565 5567; baseline 0.013 -19"><span class='ocrx_word' id='word_1_816' title='bbox 2091 5507 2239 5551; x_wconf 86' lang='lat' dir='ltr'><strong>certe</strong></span> <span class='ocrx_word' id='word_1_817' title='bbox 2270 5497 2565 5567; x_wconf 86' lang='lat' dir='ltr'><strong>permittat.</strong></span> 
     </span>
    </p>
   </div>
   <div class='ocr_carea' id='block_1_110' title="bbox 475 5753 3561 5853">
    <p class='ocr_par' dir='ltr' id='par_1_110' title="bbox 475 5753 3561 5853">
     <span class='ocr_line' id='line_1_113' title="bbox 475 5753 3561 5853; baseline 0.01 -45"><span class='ocrx_word' id='word_1_818' title='bbox 475 5753 588 5825; x_wconf 58' lang='lat'><strong>(49!</strong></span> <span class='ocrx_word' id='word_1_819' title='bbox 642 5755 779 5813; x_wconf 84' lang='lat' dir='ltr'><strong>Nam</strong></span> <span class='ocrx_word' id='word_1_820' title='bbox 836 5760 999 5813; x_wconf 78' lang='lat' dir='ltr'><strong>utalia</strong></span> <span class='ocrx_word' id='word_1_821' title='bbox 1040 5760 1248 5825; x_wconf 84' lang='lat' dir='ltr'><strong>quidem</strong></span> <span class='ocrx_word' id='word_1_822' title='bbox 1303 5760 1513 5831; x_wconf 77' lang='lat' dir='ltr'><strong>Origeni</strong></span> <span class='ocrx_word' id='word_1_823' title='bbox 1566 5764 1737 5841; x_wconf 71' lang='lat' dir='ltr'><strong>aﬁirta</strong></span> <span class='ocrx_word' id='word_1_824' title='bbox 1782 5767 1944 5835; x_wconf 75' lang='lat' dir='ltr'><strong>fuisse</strong></span> <span class='ocrx_word' id='word_1_825' title='bbox 1984 5786 2159 5827; x_wconf 81' lang='lat' dir='ltr'><strong>verum</strong></span> <span class='ocrx_word' id='word_1_826' title='bbox 2204 5783 2296 5828; x_wconf 74' lang='lat' dir='ltr'><strong>cst.</strong></span> <span class='ocrx_word' id='word_1_827' title='bbox 2345 5774 2473 5831; x_wconf 83' lang='lat' dir='ltr'><strong>Vide</strong></span> <span class='ocrx_word' id='word_1_828' title='bbox 2521 5774 2897 5836; x_wconf 55' lang='lat' dir='ltr'><strong>Praefationem</strong></span> <span class='ocrx_word' id='word_1_829' title='bbox 2942 5779 3068 5835; x_wconf 85' lang='lat' dir='ltr'><strong>torui</strong></span> <span class='ocrx_word' id='word_1_830' title='bbox 3109 5778 3151 5848; x_wconf 94' lang='lat' dir='ltr'><strong>l,</strong></span> <span class='ocrx_word' id='word_1_831' title='bbox 3202 5796 3323 5853; x_wconf 80' lang='lat' dir='ltr'><strong>pag.</strong></span> <span class='ocrx_word' id='word_1_832' title='bbox 3357 5780 3473 5839; x_wconf 65' lang='lat' dir='ltr'><strong>Set</strong></span> <span class='ocrx_word' id='word_1_833' title='bbox 3503 5783 3561 5840; x_wconf 71' lang='grc' dir='ltr'><strong>τι.</strong></span> 
     </span>
    </p>
   </div>
  </div>
