3860 6226
439 346 565 401 ΗΙΙ

435 478 497 516 ea
533 476 591 516 re
617 459 933 515 decreverat
981 476 997 514 :

435 553 664 624 quas-vir
702 553 891 607 beatus
938 550 1297 621 Hieronymus
1328 564 1435 604 non
1472 550 1738 620 repudiat,
1776 550 1998 617 legenda

435 644 797 713 suscipimus,
831 642 1035 712 reliqua
1069 651 1246 696 autem
1272 641 1455 696 omnia
1497 656 1620 695 cum
1654 650 1877 694 auctore
1904 654 2002 694 suo

437 735 671 791 dicimus
711 747 833 789 esse
888 733 1184 788 renuenda.
1238 750 1257 784 ι
1296 730 1634 800 Quapropter
1683 738 1830 783 recte
1868 729 2003 783 scri—

440 812 611 895 psisse
636 825 853 880 videtur
906 822 1161 878 Socrates
1191 821 1315 876 libr.
1367 837 1443 886 vt,
1488 835 1607 891 cap.
1655 822 1745 885 l5,
1795 820 2003 875 nobiles

437 915 687 988 Origenis
713 916 1073 976 adversarios,
1096 912 1443 979 Metltodium,
1470 912 1829 977 Eustathium,
1852 911 2005 982 Apol-

439 1008 690 1065 linariu‘m
725 1017 778 1061 et
810 1006 1189 1076 Theophilum,
1241 1018 1271 1057 a
1302 1004 1517 1072 ’quihus
1546 1002 1727 1056 multis
1772 1001 1859 1055 ille
1897 1001 2005 1055 cri-

440 1100 674 1158 minibus
702 1098 1052 1168 compellatus
1094 1103 1177 1152 est
1203 1135 1219 1161 ,
1268 1095 1400 1150 satis
1444 1095 1749 1149 ostendisse
1784 1093 2003 1163 probari

438 1193 563 1259 sibi,
594 1205 925 1263 quaecunque
951 1188 1170 1244 minime
1196 1187 1685 1256 reprehendissent.
1707 1186 1857 1253 Quod
1879 1200 2003 1240 cum

440 1286 516 1342 ita
566 1285 657 1351 sit,
705 1300 809 1338 non
840 1282 1014 1339 cuivis
1045 1290 1222 1335 tamen
1265 1293 1297 1335 e
1338 1278 1498 1350 vulgo
1525 1278 1960 1333 Christianorum
1985 1318 2001 1343 ,

441 1378 535 1435 sed
586 1378 655 1433 iis
706 1376 879 1432 solum
914 1372 1333 1445 permittendum
1390 1386 1509 1427 esse
1558 1371 2003 1441 Origeniauarum

438 1470 797 1540 scriptionum
846 1484 1000 1522 usum
1035 1479 1229 1521 censeo
1256 1504 1271 1529 ,
1321 1478 1548 1533 quorum
1605 1472 1889 1534 perspecta
1935 1464 2007 1519 sit

442 1564 577 1619 ﬁdes
607 1573 661 1617 et
697 1561 967 1617 diuturnis
999 1557 1383 1629 experimentis
1414 1556 1641 1626 probata
1677 1555 2004 1610 constantia.

444 1653 553 1709 llos
590 1662 771 1709 autem
799 1653 1054 1721 probatos
1080 1648 1212 1703 edici
1246 1649 1543 1719 trapezitas
1585 1648 1769 1711 velim,
1797 1647 2009 1703 adulte-

444 1746 591 1801 rinos
622 1744 883 1800 doctrina:
915 1759 1159 1799 nummos
1194 1760 1223 1797 a
1270 1742 1526 1814 legitimis
1554 1752 1711 1796 caute
1743 1753 2007 1810 seponere

440 1839 695 1894 scientes.

511 1926 659 1985 XIX.
710 1927 958 1981 Diximus
1003 1928 1069 1981 de
1112 1926 1300 1990 libris;
1347 1926 1557 1994 deipso
1598 1922 1830 1994 Origene
1873 1921 2002 1991 quid

438 2020 779 2075 sentiendum
810 2019 900 2085 sit,
922 2019 1277 2085 exploremus.
1303 2017 1414 2070 Etsi
1451 2017 1716 2085 geminam
1743 2016 2005 2069 adversus

438 2124 561 2165 eum
590 2108 918 2163 conflaverat
966 2108 1227 2178 synodum
1262 2106 1566 2161 Demetrius
1604 2105 2005 2160 Alexandrinus

440 2199 726 2269 episc0pus
751 2241 767 2266 ,
800 2215 829 2253 a
865 2200 1061 2269 quibus
1086 2199 1374 2254 sacerdotii
1427 2199 1631 2252 honore
1665 2206 1888 2262 exutus,
1933 2196 2002 2251 ab

440 2289 699 2346 Ecclesiae
749 2290 1128 2345 communione
1183 2290 1519 2358 prohibitus,
1566 2298 1623 2344 et
1677 2288 2000 2343 Alexandria

440 2382 625 2452 pulsus
651 2391 756 2445 est,
793 2384 1164 2436 consentiente
1212 2382 1264 2435 in
1295 2383 1345 2435 id
1376 2383 1648 2436 decretum
1683 2388 1793 2434 toto
1812 2393 2005 2448 prope-

443 2473 660 2528 modum
683 2475 813 2527 orbe
839 2489 855 2526 :
882 2487 985 2526 non
1014 2481 1140 2527 ante
1172 2482 1349 2527 tamen
1386 2473 1629 2528 haeretici
1666 2473 2001 2527 notaiterum

443 2564 543 2633 ipsi
576 2564 713 2618 inuri
745 2574 918 2632 empta
949 2572 1052 2627 est,
1083 2578 1245 2633 quam
1278 2563 1602 2633 Epiphanius
1642 2577 1765 2617 cum
1794 2560 2001 2617 Joanne

439 2656 927 2719 Jcrosolymitauo,
958 2654 1282 2735 Theophilus
1326 2670 1447 2709 cum
1488 2652 1846 2708 Nitriensibus
1891 2666 2004 2706 mo-

441 2748 650 2811 nachis,
675 2745 1030 2815 Hieronymus
1049 2762 1170 2803 cum
1199 2745 1392 2802 Ruﬁno
1420 2746 1709 2802 altercatus
1735 2754 1835 2801 est.
1867 2745 2000 2799 Nam

445 2850 726 2908 postquam
765 2840 1023 2907 synodum
1053 2837 1393 2891 Alexandria:
1425 2837 1604 2908 coegit
1649 2836 2000 2906 Theophilus,

440 2943 493 2984 et
536 2930 784 2998 Origenis
814 2928 1065 2983 colubros
1096 2927 1403 2999 evangelico
1444 2941 1578 2982 ense
1612 2929 1899 2992 truncavit,
1944 2937 2004 2983 ut

441 3024 554 3091 ipse
584 3027 680 3083 ait,
712 3020 1065 3092 Epipltaltium
1103 3021 1311 3089 rogavit
1338 3033 1434 3088 per
1469 3018 1752 3088 epistolam
1773 3058 1789 3085 ,
1822 3029 1881 3073 ut
1911 3034 2001 3090 sy-

440 3116 636 3169 nodum
670 3121 783 3182 ipse
832 3120 1201 3181 congregaret,
1231 3112 1640 3181 perficeretque,
1674 3130 1693 3164 ι
1727 3121 1785 3167 ut
1811 3111 1999 3183 Orige-

440 3218 534 3258 nes
566 3205 902 3264 nominatim.
922 3213 975 3256 et
993 3202 1195 3256 nefaria
1226 3203 1449 3257 haeresis
1480 3203 1947 3270 condemnaretur;
1976 3222 1994 3254 ι

440 3297 593 3364 cujus
644 3294 869 3349 consilio
911 3293 1242 3362 Epiphanius
1283 3291 1499 3346 demum
1569 3292 1855 3347 obsecutus
1895 3303 1998 3348 est.

442 3386 626 3439 liefert
668 3384 1023 3452 Hieronymus
1070 3382 1160 3436 tib.
1218 3397 1254 3435 ll
1302 3382 1520 3452 Apolog.
1563 3386 1762 3438 advers.
1798 3382 2002 3451 Ruﬁn.,

439 3493 559 3547 cap.
594 3477 648 3543 6,
676 3489 724 3530 et
760 3478 811 3529 in
859 3482 1013 3545 epist.
1043 3478 1107 3530 ad
1136 3476 1449 3530 Pammach.
1480 3486 1534 3530 et
1562 3476 1823 3543 Marcell.,
1859 3479 2002 3531 Ana-

441 3570 663 3624 stasium
700 3568 999 3622 Romanum
1028 3567 1354 3636 pontificem,
1391 3568 1743 3638 Theophilum
1773 3571 2003 3623 Alexan-

439 3662 688 3725 drinum,
739 3659 1030 3715 Venerium
1096 3659 1542 3714 Mediolaueusem
1570 3700 1586 3725 ,
1631 3660 2000 3717 Chromatium

439 3755 838 3825 Aquileiensem
861 3794 877 3819 ,
911 3764 965 3808 et
991 3768 1203 3808 omnem
1238 3767 1345 3808 tam
1390 3752 1626 3809 Orientis
1654 3770 1814 3823 quam
1845 3756 2001 3811 Occi-

440 3848 617 3901 dentis
650 3845 1047 3901 Catholicornm
1082 3845 1342 3916 synodum
1377 3845 1489 3913 pari
1515 3849 1779 3901 sententia
1808 3856 1863 3900 et
1888 3847 2002 3916 pari

441 3941 630 4008 spiritu
661 3938 969 3991 haereticum
1004 3936 1148 3991 illum
1179 3938 1522 3992 denuntiasse
1558 3955 1571 3991 :
1604 3953 1711 4007 quo
1738 3954 1859 3992 eum
1892 3941 2005 4009 ipse

441 4046 654 4099 quoque
715 4031 868 4082 titulo
920 4029 1163 4082 infamat.
1234 4028 1563 4096 Theophilus
1618 4030 1838 4100 hydram
1881 4045 2002 4085 eum

440 4125 679 4177 omniutn
710 4122 985 4176 haareseon
1027 4131 1079 4175 et
1105 4122 1307 4175 erroris
1352 4122 1665 4190 magistrum
1700 4137 1762 4177 ac
1804 4122 2004 4192 princi-

441 4231 562 4285 pem
595 4216 859 4281 nominat,
890 4214 1081 4271 Pasch.
1113 4230 1155 4276 ι,
1185 4214 1631 4282 quemadmodum
1675 4224 1732 4269 et
1768 4214 2006 4269 Zonaras

445 4311 497 4362 iu
530 4308 713 4363 Decio.
746 4308 992 4363 Gelasius
1049 4322 1181 4378 papa
1219 4308 1271 4361 in
1303 4307 1547 4363 Romano
1586 4309 1817 4363 concilio
1858 4311 2005 4365 schi-

444 4400 726 4456 smaticum
754 4415 875 4455 eum
894 4400 1140 4469 appellat.
1165 4400 1493 4454 Antiochena
1529 4400 1811 4470 Ephrtemii
1844 4416 2005 4472 syno-

1708 340 1765 395 P.
1806 339 2121 395 DANIELIS
2169 337 2399 395 HUETII

1044 477 1063 511 ι
1121 453 1370 529 Origenis
1418 458 1672 512 nonnulla
1722 457 2002 527 opuscula,
2036 461 2080 517 Α
2111 455 2294 523 Itaque
2340 455 2686 509 anathemate
2740 453 3016 524 perculsus
3059 455 3127 510 ab
3173 468 3236 509 ea
3293 462 3350 509 et
3391 454 3676 510 hmtim

3542 340 3677 394 Hi2

2103 548 2364 619 Origenes
2396 545 2696 617 appellatus
2722 554 2823 600 est.
2862 545 3013 613 Quod
3064 562 3094 599 a
3138 554 3289 599 sexta
3316 545 3550 599 subinde
3590 559 3677 614 sy-

2104 640 2243 691 nodo
2270 637 2370 691 fuit
2396 638 2783 706 approbatum;
2821 650 2944 690 nam
2972 636 3133 704 hujus
3171 636 3311 690 inter
3337 636 3474 691 Acta
3509 636 3672 688 relata

2102 737 2184 781 est
2216 725 2506 796 Sophrouii
2534 727 2599 779 ad
2624 724 2870 792 Sergium
2900 723 3149 792 epistola,
3180 737 3284 793 qua
3310 723 3502 779 eodem
3534 723 3675 776 Ada-

2104 821 2339 872 mantius
2370 816 2643 885 appetitur
2670 813 2995 879 maledicto;
3030 821 3086 868 et
3115 813 3326 869 actione
3356 812 3425 878 8,
3474 814 3675 881 repeti-

2107 917 2194 961 tur
2234 905 2497 976 professio
2535 904 2654 958 fldei
2710 919 2738 959 a
2802 902 3036 957 Macario
3087 903 3425 957 Antiocheno
3492 902 3671 955 oblata

2104 990 2458 1055 ConStantino
2488 998 2838 1066 imperatori,
2875 998 2930 1051 in
2969 1012 3073 1064 qua
3108 996 3329 1049 damnat
3359 994 3669 1062 Origenetn,

2116 1089 2401 1157 Didymum
2428 1096 2483 1143 et
2527 1087 2840 1157 Evagrium,
2869 1100 3163 1155 eorumque
3190 1083 3549 1138 deliramenta
3575 1098 3593 1147 ;
3622 1093 3675 1138 et

2108 1180 2322 1235 actione
2365 1179 2431 1233 17
2478 1190 2533 1233 et
2583 1178 2679 1243 l8,
2728 1181 2986 1247 probatur
3028 1178 3314 1231 anathema
3376 1174 3598 1244 Origeni
3643 1190 3674 1228 a

2109 1270 2295 1340 quinta
2341 1271 2546 1342 synodo
2589 1268 2882 1335 iuﬂictum,
2923 1278 2978 1324 et
3022 1269 3075 1322 in
3115 1269 3290 1322 edicto
3327 1265 3674 1321 Constantini

2113 1362 2456 1432 imperatoris
2512 1361 2578 1415 ad
2630 1361 2879 1430 papulum
2932 1360 3263 1414 habitantem
3315 1359 3366 1412 in
3418 1357 3679 1413 Occiduis

2107 1453 2397 1523 partibus;
2431 1451 2693 1523 probatur
2749 1453 2982 1521 denique
3026 1452 3078 1505 iu
3120 1449 3345 1521 epistola
3394 1449 3594 1503 Leonis
3636 1448 3676 1502 ll

2107 1561 2257 1617 papae
2298 1548 2365 1601 ad
2422 1546 2858 1602 Constantinum.
2914 1546 3199 1601 Facundus
3262 1554 3528 1614 praeterea
3585 1545 3677 1613 qui

2110 1640 2269 1694 trium
2307 1640 2664 1709 capitulorum
2693 1639 3063 1695 defensionem
3096 1640 3352 1709 suscepit,
3382 1636 3679 1707 Origeuem

2109 1733 2252 1788 inter
2285 1735 2566 1790 haereticos
2608 1735 2728 1790 lihr.
2780 1751 2887 1800 xtt,
2924 1750 3043 1803 cap.
3076 1734 3100 1788 l
3130 1775 3146 1800 ,
3186 1741 3371 1803 aperte
3404 1740 3677 1792 recenset,

2036 1804 2078 1860 Β
2110 1827 2246 1893 Quin
2277 1837 2332 1882 et
2359 1826 2576 1881 Patrum
2610 1828 2895 1882 multorum
2930 1827 3198 1898 suﬂ'ragiis
3231 1826 3423 1881 eodem
3450 1838 3686 1878 numero

2110 1920 2349 1973 habitum
2383 1921 2547 1975 tradit
2590 1921 2942 1976 Cassiodorus
2971 1920 3092 1977 libr.
3118 1918 3196 1973 De
3240 1920 3467 1978 inuitat.
3511 1918 3680 1971 divin.

2109 2015 2391 2083 Scriptum,
2423 2032 2541 2086 cap.
2580 2017 2606 2070 l
2629 2058 2645 2084 ,
2682 2018 3161 2072 hwresiarcharum
3198 2017 3557 2072 deterrimum
3585 2032 3684 2084 ap-

2112 2113 2279 2178 pellat
2313 2112 2561 2183 Pelagius
2594 2113 2632 2168 ll
2666 2130 2825 2185 papa.
2852 2115 2933 2168 Ab
2976 2113 3215 2168 Ecclesia
3247 2129 3368 2168 cum
3414 2112 3542 2167 aliis
3574 2114 3684 2167 lia:-

2110 2207 2292 2260 reticis
2332 2207 2691 2275 proscribitur
2734 2222 2763 2260 a
2812 2208 2979 2275 prima
3042 2206 3393 2260 Lateranensi
3449 2206 3680 2274 synodo.

2108 2296 2347 2365 Denique
2384 2296 2554 2353 Graci
2599 2299 2927 2353 recentiores
2958 2337 2974 2363 ,
3019 2298 3218 2368 aliique
3253 2298 3416 2352 etiam
3463 2296 3682 2366 plurimi

2107 2388 2294 2443 eodem
2336 2390 2509 2458 ipsum
2563 2391 2800 2444 convitio
2853 2390 3222 2459 proscindunt.
3267 2387 3391 2442 Haec
3441 2402 3577 2456 ergo
3630 2388 3681 2441 in

2108 2481 2472 2550 pta-judicium
2494 2482 2716 2535 trahunt
2730 2482 2976 2551 Origeuis
2994 2478 3317 2545 adversarii,
3336 2492 3439 2533 nec
3467 2478 3685 2533 hiscere

2108 2581 2296 2626 contra
2324 2571 2487 2627 licere
2511 2571 2600 2626 ulli
2628 2571 2964 2627 existimant.

2178 2662 2279 2728 Qui
2312 2664 2616 2719 contrarias
2646 2673 2828 2719 autem
2876 2672 3155 2718 sectantur
3188 2671 3391 2731 partes,
3426 2660 3560 2716 talia
3590 2675 3681 2717 re~

2107 2764 2319 2825 gerunt,
2351 2770 2379 2809 a
2420 2754 2692 2810 Demetrio
2723 2755 2882 2815 licet.
2928 2753 3279 2825 plurimisque
3315 2754 3415 2822 ipsi
3454 2768 3682 2807 consen-

2110 2846 2368 2900 tientibus
2414 2845 2686 2915 episcopis
2734 2853 3045 2914 segregatus
3109 2844 3271 2896 fuerit
3317 2844 3387 2898 ab
3439 2842 3680 2896 Ecclesia

2108 2936 2368 3006 Origenes
2391 2979 2405 3004 ,
2439 2936 2609 3004 ipsius
2638 2944 2816 2990 tamen
2857 2950 3074 2990 causam
3118 2935 3428 3002 suscepisse
3457 2942 3516 2988 et
3558 2949 3679 3003 pro-

2107 3042 2371 3097 pugnasse
2435 3026 2821 3092 Palaestinam,
2877 3026 3169 3091 Arabiam,
3232 3025 3571 3080 Phteniciam
3633 3034 3684 3081 et

2108 3120 2362 3172 Achaiam
2392 3137 2406 3185 ;
2441 3128 2493 3173 et
2530 3119 2682 3189 juxta
2712 3120 3146 3174 testificationem
3185 3119 3500 3190 Hieronymi
3523 3158 3540 3181 ,
3580 3134 3679 3172 non

2107 3212 2273 3280 ipsius
2316 3224 2548 3274 errores,
2597 3210 2690 3265 sed
2735 3210 3169 3266 adversariorum
3212 3209 3470 3263 invidiam
3504 3209 3607 3263 has
3636 3210 3681 3263 ei

2105 3302 2291 3355 turbas
2326 3302 2638 3370 peperisse:
2690 3300 2891 3355 nullam
2933 3301 3396 3355 Demetrianarum
3445 3301 3683 3370 synodo-

2110 3408 2226 3445 rutu
2270 3393 2592 3447 mentionem
2637 3391 2836 3446 factam
2873 3408 2902 3445 a
2950 3392 3249 3460 'l‘heophilo
3278 3406 3331 3445 et
3376 3392 3683 3461 Epiphanio

2109 3484 2488 3538 infcusissimis
2554 3483 2801 3554 Origeuis
2884 3484 3254 3546 adversariis,
3320 3498 3382 3537 ac
3475 3483 3682 3537 nullam

2106 3576 2328 3644 proinde
2376 3575 2614 3645 ipsarum
2665 3576 2928 3631 ratiouem
2986 3575 3253 3629 duxisse:
3313 3576 3572 3628 eumdem
3615 3574 3682 3629 ab

2109 3665 2454 3736 Hieronymo,
2479 3674 2533 3719 et
2573 3663 2683 3731 jam
2730 3675 2857 3719 ante
2902 3679 2931 3718 a
2971 3663 3197 3736 Didymo
3226 3664 3459 3717 alterum
3488 3664 3680 3718 Eccle-

2110 3756 2313 3809 siarum
2352 3764 2471 3823 post
2498 3754 2766 3823 apostolos
2807 3755 3124 3824 magistrum
3164 3756 3504 3821 nuncupari;
3536 3752 3681 3821 quod

2108 3847 2228 3916 quis
2253 3848 2319 3901 de
2361 3848 2578 3901 homine
2610 3846 2865 3901 hzeretico
2909 3847 3113 3901 dictum
3160 3848 3343 3915 putet?
3371 3849 3568 3902 borum
3592 3863 3685 3900 au-

2109 3939 2359 3993 ctoritate
2384 3938 2551 3992 refelli
2598 3938 2952 4009 The0philum
2971 3982 2986 4007 ,
3016 3956 3139 3995 cum
3171 3940 3458 4010 Origenem
3486 3942 3679 4007 queri-

2111 4045 2199 4087 tur
2239 4032 2490 4087 Ecclesia:
2524 4032 2801 4087 doctorem
2845 4033 3143 4102 appellari:
3183 4035 3328 4100 pium
3357 4034 3679 4101 episcopum

2110 4123 2451 4179 Theotimum
2509 4123 2806 4193 Epiphanio
2854 4124 3111 4178 librorum
3158 4122 3404 4193 Origenis
3449 4124 3685 4179 damna-

2115 4217 2311 4269 tionem
2339 4217 2548 4284 urgenti
2597 4215 2963 4283 respondisse,
2996 4214 3134 4268 Οὕτε
3190 4216 3336 4268 ὅσιον
3394 4212 3536 4269 εἶναι
3590 4218 3686 4270 τὸν

2108 4307 2275 4361 πάλαι
2301 4307 2722 4378 τετελευτηκότα
2754 4307 3012 4378 ὑϐρίζειν,
3036 4307 3157 4361 οὔτε
3201 4308 3557 4380 βλασφημίας
3589 4314 3683 4364 ὲκ-

2108 4397 2197 4459 τὸς
2224 4396 2322 4467 τὴν
2361 4395 2471 4449 τῶν
2506 4396 2871 4466 παλαιοτέρων
2898 4397 3199 4450 διαϐάλλειν
3232 4399 3431 4470 κρίσιν.
3484 4402 3587 4453 καὶ
3614 4400 3682 4453 τὰ

440 4492 543 4546 dus
571 4492 859 4545 anathema
886 4491 1023 4544 dixit
1053 4490 1304 4561 Origeui';
1329 4492 1465 4545 dixit
1489 4502 1543 4546 et
1571 4493 1757 4562 quinta
1787 4493 2003 4547 univer-

2110 4491 2236 4559 παρ’
2280 4489 2502 4541 ἐκείνων
2546 4489 2978 4559 δεδοκιμασμὲνα
3012 4490 3256 4544 ἀθετεῖν.
3305 4508 3324 4541 t
3361 4490 3550 4561 Neque
3598 4496 3682 4548 fas

439 4582 592 4638 salis.
617 4581 674 4635 In
696 4596 757 4635 ea
788 4591 969 4636 autem
993 4593 1119 4636 ante
1139 4583 1318 4637 omnia
1348 4583 1629 4651 quaesitum
1658 4594 1840 4637 narrat
1869 4584 2005 4638 Eva-

366 4722 382 4738 ,
441 4675 593 4746 grius
623 4673 748 4728 libr.
781 4689 852 4741 tv,
883 4686 1001 4741 cap.
1026 4672 1114 4737 58,
1136 4683 1310 4726 utrum
1339 4673 1583 4728 homines
1605 4674 1717 4743 jam
1746 4676 1850 4728 vita
1882 4674 2006 4731 fun-

442 4770 515 4825 cti
546 4767 904 4821 anathematis
935 4764 1127 4833 subjici
1161 4767 1408 4836 possint;
1456 4766 1746 4837 Eutychius
1770 4768 1860 4836 qui
1891 4768 2005 4836 epio

440 4875 607 4930 scopo
650 4864 921 4913 Amaseno
968 4866 1087 4909 erat
1129 4875 1158 4913 a
1207 4860 1517 4929 responsis,
1547 4869 1602 4913 et
1636 4862 2004 4930 episcopatum

440 4950 981 5018 Constantinopoleos
1006 4951 1345 5019 postmodum
1368 4951 1593 5017 adeptus
1615 4960 1717 5014 est,
1752 4951 2005 5021 quaestio-

440 5058 564 5097 nem
596 5044 755 5098 solvit
778 5044 1025 5112 exemplo
1052 5042 1212 5097 .losize
1250 5043 1409 5111 regis,
1442 5044 1533 5112 qui
1568 5059 1671 5098 non
1705 5045 2005 5100 darmonum

441 5135 617 5188 solum
661 5136 970 5190 sacerdotes
1004 5136 1293 5199 interfecit,
1326 5137 1417 5190 sed
1466 5146 1797 5190 mortuorum
1840 5137 2004 5191 etiam

443 5224 645 5279 loculos
674 5223 902 5290 refodit,
925 5226 1064 5293 quod
1090 5241 1283 5293 magno
1310 5226 1573 5293 omnium,
1592 5227 1685 5281 sed
1715 5224 2005 5280 Justiniani

441 5316 741 5387 praesertim
790 5316 1047 5386 applausu
1107 5326 1388 5385 exceptum
1434 5328 1539 5371 est.
1589 5318 1773 5386 Neque
1817 5317 2002 5383 semel,

441 5410 534 5464 sed
562 5408 756 5462 iterum
785 5407 1087 5476 iterumque
1113 5407 1164 5461 in
1190 5408 1349 5461 variis
1374 5408 1562 5476 synodi
1600 5407 1758 5475 hujus
1778 5408 2005 5463 actioni-

442 5501 545 5555 bus
577 5500 628 5555 id
659 5499 1013 5567 disceptatum
1056 5509 1176 5562 est;
1225 5513 1360 5566 quas
1405 5498 1822 5568 disceptationes
1856 5515 2005 5554 sum-

443 5593 631 5647 matim
662 5592 845 5647 retulit
867 5588 1161 5646 Gratianus
1202 5591 1409 5646 Deerat.
1450 5599 1592 5660 part.
1622 5604 1695 5657 ll,
1730 5605 1876 5646 caus.
1912 5591 2003 5659 24,

445 5697 637 5755 quiest.
662 5686 720 5752 2,
754 5686 1100 5755 decrevitque
1130 5684 1343 5739 demum
1377 5688 1614 5752 synodus
1640 5684 1924 5740 haereticos
1953 5697 2007 5739 et

444 5779 498 5833 in
536 5777 640 5834 vita
683 5787 738 5834 et
769 5788 887 5846 post
915 5787 1141 5835 mortem
1173 5775 1532 5834 anathematis
1574 5789 1691 5833 esse
1723 5777 2002 5835 obnoxios.

2108 4597 2227 4635 esse
2284 4582 2553 4635 hominem
2601 4581 2923 4650 jampridem
2990 4580 3299 4636 defunctum
3348 4585 3681 4637 contumelia

2110 4670 2352 4734 afﬁcere,
2390 4684 2566 4739 neque
2594 4670 2799 4737 absque
2836 4670 3099 4725 calumnia
3134 4682 3373 4726 veterum
3410 4673 3682 4741 judicium

2112 4764 2435 4831 improbare,
2456 4771 2509 4817 et
2531 4777 2649 4831 quae
2666 4762 2735 4815 ab
2754 4763 2889 4831 ipsis
2907 4764 3122 4817 decreta
3140 4772 3267 4817 sunt
3289 4766 3628 4819 rescindere:
3657 4784 3677 4817 ι

2112 4856 2285 4923 ipsum
2310 4854 2668 4924 Epiphanium
2693 4871 2796 4907 nou
2821 4853 3069 4925 Origenis
3090 4857 3563 4924 proscriptionem,
3591 4858 3681 4910 sed

2110 4947 2367 5001 librorum
2387 4947 2500 5014 ejus
2516 4947 2774 4999 duntaxat
2796 4946 3190 5001 damnationem
3216 4948 3547 5016 postulasse:
3568 4952 3681 5004 Οὐκ

2115 5038 2277 5092 αὐτὸν
2322 5039 2601 5110 Ὠριγένην
2634 5038 2991 5110 ἀκοινώνητον
3030 5034 3167 5095 εἶναι
3206 5040 3501 5110 ὑπέφηνεν,

2112 5131 2179 5185 τὰ
2231 5130 2409 5201 βιϐλία
2457 5132 2594 5201 μόνα
2635 5129 2870 5183 διέόαλε.
2934 5149 2954 5182 t
3007 5130 3122 5185 Non
3173 5132 3346 5201 ipsum
3386 5133 3681 5204 Origeuem

2111 5236 2261 5278 extra
2296 5228 2724 5278 communionem
2782 5238 2904 5280 esse
2948 5224 3209 5290 decrevit,
3253 5225 3346 5279 sed
3381 5225 3554 5279 libros
3588 5243 3682 5280 SO-

2114 5315 2222 5369 lum
2251 5316 2568 5371 criminatus
2595 5327 2699 5381 est,
2738 5335 2758 5368 ι
2796 5318 2969 5387 inquit
2997 5315 3259 5388 Georgius
3276 5318 3681 5375 Alexandrinus

2110 5410 2399 5478 episcopus
2447 5410 2501 5462 in
2540 5408 2664 5462 Vita
2706 5408 3093 5475 Cltrysoatontt',
3139 5425 3263 5480 cap.
3308 5411 3415 5477 43,
3454 5428 3563 5466 non
3610 5415 3682 5466 ita

2114 5518 2244 5558 vero
2280 5502 2684 5573 intelligendum
2732 5500 3048 5568 Gelasium,
3099 5518 3222 5557 cum
3267 5505 3681 5559 schismaticum

2112 5611 2236 5651 eum
2268 5594 2521 5663 appellat,
2557 5594 2713 5663 quasi
2742 5595 3107 5650 secessionem
3140 5609 3168 5648 a
3201 5609 3456 5665 supremo
3488 5597 3679 5650 Eccle-

2113 5693 2206 5745 εἰπε
2235 5691 2416 5757 capite
2445 5689 2638 5744 fecisse
2670 5705 2792 5745 eum
2826 5690 3074 5753 voluerit,
3100 5690 3191 5744 sed
3226 5689 3445 5745 dissidia
3480 5706 3541 5743 ac
3570 5702 3681 5742 tur-

2112 5782 2209 5839 bas
2259 5781 2312 5837 in
2364 5780 2658 5839 Ecclesiam
2706 5782 2994 5847 intulisse;
3040 5782 3313 5852 σχίσματα
3347 5781 3582 5851 βαλόντα
3624 5784 3680 5834 ὲν

3829 1768 3831 1873 ψ

3828 2342 3831 2437 i
