3834 6226
252 325 390 380 ΗΠ

1168 315 1739 379 ORIGENIA‘NORUM
1782 324 1910 381 LIB.
1954 328 2021 393 ll,
2063 328 2215 384 CAP.
2259 328 2351 393 IV,
2396 328 2590 385 SECT.
2632 332 2676 385 Ι.

3357 331 3500 387 HIS

251 437 391 506 apud
436 433 681 490 l’hotium
732 435 851 490 cod.
879 450 1114 501 ccxxx",
1150 439 1414 507 proditum
1440 451 1541 495 est.
1588 440 1653 496 Et
1693 457 1823 497 vero
1854 453 1896 508 Α
1928 445 2094 500 ferme
2134 446 2456 501 Adamantio
2500 448 2950 502 adhaerescerent.
3003 446 3175 515 Quem
3234 460 3411 501 tamen
3462 462 3493 502 a

252 543 389 597 quas
427 527 579 582 vivus
632 527 931 581 animorum
984 528 1166 583 turbas
1207 531 1483 585 exciverat
1528 531 1811 602 Origenes.

253 618 573 672 morientem
618 616 940 673 restinxisse
979 619 1238 673 credibile
1292 630 1408 685 est;
1474 621 1618 675 nulla
1669 623 1813 676 enim

251 710 651 778 perseverantis
677 717 798 779 post
843 709 959 777 ejus
990 711 1193 764 obitum
1227 712 1334 767 odii
1370 712 1567 768 iudicia
1605 723 1816 769 veteres

256 802 417 856 nobis
460 800 733 856 memoria:
779 799 1147 869 suppeditant.
1189 801 1294 857 Sed
1339 818 1445 857 non
1495 804 1663 859 multo
1696 815 1818 875 post

253 892 307 946 in
339 891 683 959 superstitem
709 890 825 958 ejus
866 890 1070 945 famam
1117 906 1268 947 novae
1296 900 1641 963 tempestates
1664 896 1815 950 incn-

251 980 503 1034 buerunt.
547 978 787 1034 Primum
833 994 898 1035 eo
924 981 1194 1037 exstincto
1234 982 1562 1038 Methodium
1594 984 1813 1056 Tyrium

251 1071 562 1140 episcopum
594 1069 905 1125 Diocletiani
946 1073 1275 1141 temporibus
1301 1072 1603 1129 doctrinam
1646 1077 1814 1145 ipsius

249 1161 593 1233 impugnasse
633 1162 1092 1232 reperioznarrat
1134 1165 1331 1234 quippe
1372 1165 1731 1238 Hieronymus
1762 1169 1813 1222 in

249 1253 374 1309 libr.
417 1253 491 1307 De
524 1255 704 1323 script.
746 1254 950 1320 eccles.,
990 1269 1110 1326 cap.
1160 1256 1248 1320 94,
1279 1258 1511 1327 scriptos
1557 1260 1719 1315 fuisse
1748 1261 1815 1315 ab

248 1360 318 1401 eo
351 1348 516 1403 libros
541 1346 616 1403 De
644 1352 1017 1404 resurrectione
1044 1361 1234 1406 contra
1266 1352 1574 1422 Origenem,
1604 1354 1677 1409 De
1704 1354 1815 1426 Py-

248 1439 507 1504 thoniua,
559 1450 614 1495 et
633 1439 709 1495 De
734 1442 942 1495 arbitrii
972 1442 1231 1499 libertate.
1261 1444 1451 1513 Operis
1477 1445 1553 1500 De
1583 1464 1813 1502 resurre-

248 1532 416 1585 ctione
430 1530 787 1601 fragmentum
808 1534 1016 1603 insigne
1042 1532 1274 1590 Panario
1301 1551 1401 1591 suo
1431 1538 1660 1594 intexuit
1686 1540 1815 1611 Epi-

247 1623 478 1690 phanius
512 1626 640 1680 haar.
666 1625 922 1695 64,cujus
943 1637 1193 1697 excerpta
1215 1628 1375 1684 etiam
1412 1634 1817 1700 representavit

246 1711 472 1769 Photius
499 1717 619 1771 cod.
665 1732 919 1772 ccxxxtv.
949 1718 1106 1789 ldemj
1126 1720 1248 1775 cod.
1276 1735 1491 1775 ccxxxv
1510 1760 1527 1788 ,
1562 1734 1810 1795 excerpta

1920 536 2080 592 Petro
2112 538 2475 592 Alexandrino
2505 541 2754 607 episcopo
2784 551 2839 593 et
2865 550 3127 609 martyre,
3162 540 3252 604 qui
3284 538 3492 592 Metho-

1916 626 1988 681 dii
2023 628 2165 681 aetati
2213 642 2411 696 suppar
2466 628 2584 691 fuit,
2619 627 2758 681 male
2796 628 3037 680 habitum
3084 627 3314 697 reperio.
3349 625 3492 680 Loca

1916 716 2157 784 quadam
2192 731 2256 769 ex
2300 717 2471 784 ipsius
2510 716 2662 770 libris
2702 714 2908 779 profert
2934 714 3274 769 Justinianus
3300 713 3352 766 in
3377 715 3492 783 epi-

1916 806 2053 860 stola
2084 808 2148 859 ad
2186 806 2417 871 Menam,
2458 807 2596 861 unde
2622 822 2783 876 quam
2819 806 3060 860 infensus
3094 806 3196 873 ipsi
3228 806 3492 859 adversus

1916 898 2202 968 Origenem
2251 899 2462 953 animus
2508 899 2685 960 fuerit,
2731 898 3066 967 intelligitur.
3120 884 3270 951 Tunc
3305 907 3488 950 autem

1918 990 2061 1045 inter
2112 1000 2408 1047 sectatores
2458 990 2703 1061 Origenis
2748 991 3088 1045 Alexandriae
3128 989 3357 1044 ﬂorebat
3408 989 3492 1043 vir

1916 1084 2093 1152 magni
2137 1083 2370 1137 nominis
2412 1082 2622 1137 Pierius
2654 1084 2957 1153 presbyter,
2990 1097 3149 1151 quem
3188 1096 3310 1135 rara
3355 1096 3485 1134 eru—

1916 1172 2071 1236 ditio,
2103 1172 2403 1226 indefessus
2430 1173 2600 1234 labor,
2638 1171 2767 1226 felix
2795 1172 3095 1241 ingenium,
3121 1171 3491 1240 temperantiae

1916 1277 1980 1318 ac
2012 1264 2341 1331 paupertatis
2367 1263 2626 1326 studium,
2658 1263 2815 1316 utiles
2854 1272 2911 1317 et
2938 1261 3193 1331 jucunda:
3223 1262 3291 1315 ad
3320 1275 3490 1331 papu-

1917 1351 2024 1405 lum
2075 1353 2364 1407 conciones
2413 1360 2621 1406 tantum
2673 1352 3154 1418 commendarunt,
3185 1360 3245 1405 ut
3306 1351 3491 1418 junior

1917 1445 2174 1513 Origenes
2234 1446 2553 1499 diceretur:
2590 1444 2745 1511 quasi
2801 1444 2853 1497 in
2908 1459 2972 1498 ea
3022 1444 3214 1507 laude,
3267 1442 3488 1496 laudum

1916 1535 2175 1601 onmium,
2198 1550 2318 1605 quae
2342 1534 2765 1589 ecclesiasticum
2796 1536 2970 1588 virum
2996 1536 3245 1597 deceant,
3278 1548 3488 1588 summa

1917 1623 2450 1681 contineretur:'ﬂv
2491 1626 2600 1699 γὰρ
2630 1626 2750 1680 τότε
2787 1626 2845 1678 ὲν
2891 1628 3000 1689 τοῖς
3043 1624 3489 1695 ἀξιολογωτάτοις

1930 1718 2234 1789 Ὠριγὲνης.
2284 1737 2303 1770 t
2329 1719 2478 1773 Tunc
2515 1721 2659 1773 enim
2702 1720 2842 1773 inter
2873 1717 3254 1773 celeberrimos
3297 1715 3491 1787 Orige-

246 1804 401 1859 aﬂ'ert
423 1822 488 1861 ex
519 1809 757 1878 ejusdem
787 1810 977 1879 Ecloga
1010 1812 1140 1883 περὶ
1176 1812 1286 1867 τῶν
1308 1815 1573 1886 γενητῶν·
1610 1825 1663 1871 et
1688 1794 1806 1872 cod.

1918 1827 2011 1866 nes
2042 1813 2404 1877 habebatur,»
2443 1813 2614 1882 inquit
2655 1811 2879 1866 Photius
2922 1810 3043 1866 cod.
3079 1826 3225 1873 cxix,
3277 1810 3363 1863 ubi
3420 1810 3488 1863 de

243 1911 495 1965 ccxxxvl,
514 1901 746 1973 περὶτοῦ
759 1902 1120 1969 αὐτεξουσίου,
1137 1905 1328 1973 quibus
1340 1905 1589 1976 Origenis
1599 1908 1812 1977 dogma-

248 1998 304 2043 ta
336 1994 910 2064 castigantur.Ateum
926 1997 1232 2052 suidemum
1259 1997 1443 2067 judicli
1475 2001 1806 2071 pmnituisse,

243 2089 301 2135 et
326 2082 466 2136 velut
487 2085 810 2152 palinodiam
835 2098 1114 2143 canentem
1134 2091 1515 2146 admiratorem
1540 2108 1599 2148 se
1620 2092 1809 2164 Orige-

244 2173 329 2228 nis
365 2174 663 2244 professum
684 2192 804 2233 esse
829 2178 881 2232 in
906 2178 1124 2252 Dialogo
1137 2196 1296 2251 quem
1319 2181 1594 2238 Xenonem
1617 2185 1809 2241 inscri—

241 2265 370 2332 psit,
400 2275 588 2321 auctor
611 2277 695 2322 cst
725 2268 977 2326 Socrates
999 2272 1122 2327 libr.
1155 2289 1227 2341 vi,
1256 2289 1376 2345 cap.
1429 2276 1517 2330 15.
1557 2276 1670 2348 (51)
1704 2276 1809 2333 Sed

244 2351 455 2409 Socrati
511 2358 833 2413 contradicit
878 2360 1139 2420 Baronius
1185 2366 1251 2421 ad
1298 2381 1389 2422 an.
1446 2367 1593 2434 402,
1657 2386 1809 2425 men-

246 2445 497 2516 daciique
523 2464 671 2505 reum
704 2452 913 2523 peragit
942 2454 1043 2510 hoc
1076 2468 1415 2526 argumento,
1442 2462 1594 2530 quod
1622 2460 1809 2516 lauda-

244 2546 356 2591 tum
389 2541 562 2609 primo
589 2559 617 2596 a
650 2559 708 2598 se
734 2544 1021 2615 Origenem
1058 2560 1243 2616 postea
1281 2551 1552 2607 damnarit
1598 2553 1807 2610 Metho-

241 2628 364 2683 dius
386 2670 401 2694 ,
440 2640 497 2685 ut
527 2632 789 2691 Eusebius
821 2640 984 2693 tradit
1023 2641 1161 2709 apud
1201 2640 1583 2713 Hieronymum
1616 2645 1734 2700 libr.
1766 2663 1804 2714 ι,

240 2721 461 2793 Apolog.
493 2725 547 2779 in
583 2725 783 2795 Ruﬁu.,
810 2745 929 2800 cap.
965 2731 1021 2796 ἓ,
1070 2741 1273 2788 tantum
1310 2733 1463 2790 abest
1488 2745 1548 2790 ut
1586 2738 1808 2793 damna-

241 2822 355 2868 tum
386 2833 415 2870 a
441 2832 498 2872 se
524 2822 722 2888 primo,
743 2822 937 2877 deinde
962 2823 1212 2879 laudarit.
1233 2826 1395 2894 Quasi
1424 2844 1529 2884 non
1557 2828 1809 2887 laudasse

241 2909 473 2977 primum
497 2909 783 2980 Origenem
813 2916 1045 2983 potuerit
1072 2917 1392 2984 Methodius,
1417 2931 1472 2977 et
1502 2924 1806 2993 deprehen~

242 2998 321 3053 sis
346 3002 682 3069 postmodum
717 3007 996 3061 erroribus
1027 3008 1379 3079 vituperasse,
1408 3024 1463 3067 et
1492 3015 1679 3071 iisdem
1710 3019 1805 3072 de-

240 3107 386 3146 mum
439 3097 710 3153 excusatis
755 3100 820 3152 ad
883 3101 1115 3170 priorem
1173 3106 1498 3161 sententiam
1558 3110 1804 3166 rediisse.
1835 3145 1881 3206 C

249 3185 270 3206 .
299 3186 399 3206 με,
431 3188 490 3206 ,ι
522 3204 554 3206 π
609 3191 620 3203 .
811 3192 855 3206 ..
898 3195 930 3206 _.
1217 3205 1221 3206 ν
1337 3197 1367 3206 λ
1407 3200 1419 3206 -
1659 3202 1670 3206 -

239 3185 404 3241 Addit
429 3188 690 3246 Baronius
713 3206 778 3246 ex
809 3192 1059 3250 Methodii
1103 3205 1290 3251 contra
1329 3197 1612 3271 Origenem
1656 3202 1809 3259 lucu-

239 3277 576 3335 brationibus
598 3281 826 3349 plurima
843 3286 1235 3356 deprompsisse
1252 3290 1605 3361 Epiphaniam
1624 3313 1639 3363 ;
1663 3297 1808 3367 quod

240 3369 427 3426 facere
470 3374 795 3440 erubuisset,
833 3377 877 3432 si
925 3380 1117 3435 scisset
1158 3383 1440 3450 pristinam
1476 3390 1805 3443 sententiam

240 3460 566 3519 Methodium
606 3482 909 3523 revocasse.
933 3470 1148 3527 Valeret
1173 3462 1223 3527 id
1251 3488 1404 3537 sane,
1437 3475 1481 3530 si
1511 3476 1564 3530 in
1586 3476 1807 3547 Dialogo

239 3552 335 3604 illo
363 3551 587 3611 Xenone
620 3560 926 3628 scripsisset
965 3561 1291 3626 Methodins,
1330 3579 1666 3640 quaecunque
1690 3587 1719 3626 a
1750 3589 1808 3627 se

240 3643 503 3702 adversus
537 3647 824 3719 Origenem
857 3651 1001 3709 dieta
1033 3663 1179 3722 sunt,
1216 3654 1347 3711 falsa
1380 3676 1529 3725 esse;
1567 3662 1648 3716 sin
1680 3677 1808 3717 vero

241 3740 293 3793 id
327 3740 428 3795 sibi
474 3742 639 3797 voluit
680 3745 959 3812 duntaxat,
991 3763 1204 3805 errasse
1238 3753 1456 3820 quidem
1491 3754 1803 3825 Origenem,

242 3833 336 3885 sed
376 3848 560 3889 errore
605 3836 983 3906 condonando,
1039 3841 1307 3911 nimisque
1354 3858 1539 3898 severe
1575 3860 1696 3899 eum
1743 3861 1806 3900 ac

239 3923 447 3977 duriter
479 3940 508 3978 a
541 3941 599 3980 se
644 3940 946 3997 exceptum,
996 3931 1083 3984 cui
1135 3930 1320 3987 favere
1362 3934 1542 4001 potius
1591 3943 1807 4003 propter

237 4012 514 4082 pietatem,
555 4024 608 4069 et
646 4019 904 4085 praeclara
948 4019 1002 4071 in
1043 4019 1339 4073 Ecclesiam
1370 4022 1559 4075 merita
1589 4022 1804 4076 debuis-

236 4110 341 4166 set,
370 4117 475 4171 quo
500 4106 710 4159 tandem
737 4106 1161 4162 reciditBaronii
1191 4109 1567 4165 ratiocinatio?
1586 4110 1803 4166 Postre-

238 4206 385 4245 mum
430 4193 575 4248 illius
627 4196 889 4251 adversus
936 4197 1216 4252 Socratem
1273 4211 1649 4271 argumentum
1703 4203 1805 4258 hoc

235 4291 347 4344 est;
384 4284 712 4339 Methodiani
745 4286 957 4356 Dialogi
986 4291 1308 4344 mentionem
1351 4302 1566 4346 exstare
1598 4294 1801 4347 nullam

238 4375 377 4441 apud
422 4374 727 4442 Eusebium,
765 4379 963 4433 nullam
999 4384 1137 4449 apud
1170 4380 1445 4448 Rufinum,
1485 4398 1550 4437 ac
1577 4384 1802 4451 proinde

1919 1903 2078 1959 Pierii
2126 1904 2343 1973 scriptis
2386 1904 2622 1971 disserit.
2658 1904 2801 1957 Idem
2848 1905 2968 1958 cod.
3005 1918 3114 1964 ενι,
3158 1900 3485 1970 Theognosti

1915 1996 2258 2051 Alexandrini
2293 1994 2696 2066 llypotyposeon
2730 1996 2896 2050 libros
2934 2005 3137 2063 septem
3173 2006 3487 2059 recensens,

1916 2101 2038 2141 eum
2076 2087 2152 2141 ait
2187 2088 2301 2142 sive
2338 2086 2660 2153 assectandi,
2708 2087 2824 2141 sive
2863 2085 3181 2140 defendendi
3232 2083 3481 2152 Origenis

1915 2181 2091 2235 studio
2118 2182 2336 2233 ductum
2383 2180 2686 2235 decrevisse
2724 2177 2814 2233 Dei
2848 2177 3039 2231 Filium
3066 2190 3187 2231 esse
3214 2185 3485 2241 creatum,

1914 2282 1970 2327 et
2000 2273 2204 2327 ratione
2244 2271 2482 2342 praeditis
2514 2280 2721 2325 tantum
2768 2283 3020 2338 praeesse.
3065 2267 3364 2335 eademque
3410 2267 3478 2320 de

1916 2364 2119 2432 Spiritu
2153 2373 2341 2418 sancto
2366 2378 2430 2416 ac
2453 2361 2739 2430 Origenem
2775 2360 3141 2429 proposuisse,
3166 2367 3221 2412 et
3250 2372 3478 2425 corpora

1916 2455 2121 2524 angelis
2142 2453 2547 2509 acdazmonibus
2570 2455 2694 2507 item
2715 2460 2772 2505 ut
2790 2452 2936 2504 illum
2960 2450 3228 2504 tribuisse.
3244 2449 3311 2502 At
3334 2448 3484 2500 codi-

1914 2558 1976 2597 ce
2001 2551 2177 2596 tamen
2202 2558 2438 2606 ccxxx",
2457 2543 2807 2596 Athanasium
2835 2539 3022 2594 scribit
3050 2538 3269 2591 Photius
3305 2536 3481 2589 Theu-

1914 2644 2162 2702 gnostum
2196 2633 2247 2685 in
2282 2631 2465 2685 multis
2495 2630 2629 2684 locis
2655 2629 2958 2683 admittere.
2987 2626 3127 2681 Sane
3154 2625 3483 2680 studiosissi-

1913 2739 2064 2777 mum
2098 2724 2295 2786 virum,
2336 2730 2391 2776 et
2431 2721 2719 2784 disertum,
2749 2729 2804 2774 et
2831 2719 3205 2773 admirandum
3233 2731 3354 2771 eum
3388 2731 3483 2783 ap-

1915 2812 2074 2881 pellat
2119 2812 2445 2867 Athanasius
2490 2813 2557 2867 de
2607 2811 2797 2881 synodi
2866 2808 3095 2865 Nicaeum
3137 2809 3393 2875 decretis,
3426 2816 3484 2864 et

1914 2905 1980 2959 de
2023 2913 2243 2974 peccato
2284 2904 2337 2957 in
2378 2902 2638 2974 Spiritum
2685 2907 2955 2967 sanctum,
2990 2904 3264 2970 ipsiusque
3291 2902 3478 2972 praesi-

1914 2993 2057 3047 dium
2089 2994 2348 3051 adversus
2372 2996 2602 3050 Arianos
2634 3006 2857 3065 usurpat
2884 3012 2898 3047 :
2926 3005 3085 3065 atque
3116 2994 3317 3049 idcirco
3342 3009 3479 3063 prte-

1917 3087 2220 3142 termissam
2265 3089 2333 3144 ab
2371 3088 2603 3143 Eusebio
2652 3087 2976 3142 mentionem
3015 3088 3157 3141 illius
3204 3087 3480 3156 probabile

1910 3186 2017 3239 est,
2054 3177 2194 3246 quod
2229 3178 2296 3232 ab
2326 3178 2543 3232 Arianis
2582 3177 2828 3248 partibus
2880 3177 3043 3231 fuerit
3071 3177 3299 3231 alienus.
3331 3176 3478 3242 Qua-

1911 3281 2131 3340 propter
2160 3285 2446 3341 corruptas
2485 3271 2604 3341 ejus
2638 3271 2999 3342 llypotyposes
3031 3272 3099 3327 ab
3130 3270 3290 3340 hujus
3317 3278 3480 3324 sectze

1910 3362 2173 3428 patronis,
2190 3362 2646 3430 quemadmodum
2669 3375 2723 3417 et
2747 3364 3041 3417 Clementis
3070 3362 3265 3415 librum
3288 3361 3481 3414 eodem

1911 3452 2063 3509 titulo
2104 3452 2444 3523 inscriptum,
2494 3469 2599 3508 non
2654 3455 2921 3509 immerito
2948 3454 3195 3507 Andreas
3224 3451 3481 3506 Schotlns

1915 3546 2183 3615 cunjeclat
2216 3545 2267 3597 in
2315 3542 2494 3597 Schol.
2527 3545 2592 3597 ad
2625 3544 2800 3599 Photii
2833 3546 2953 3598 cod.
2984 3559 3089 3598 CVI.
3126 3541 3277 3608 Quod
3306 3541 3348 3596 si
3395 3541 3479 3594 in-

1908 3645 2057 3705 teger
2081 3635 2146 3688 ad
2196 3649 2295 3689 nos
2323 3631 2497 3689 Pbotii
2530 3636 2698 3689 codex
2730 3633 3086 3703 pervenisset,
3118 3642 3331 3686 aetatem
3361 3632 3482 3699 ejus

1908 3736 2237 3797 compertam
2266 3728 2605 3782 haberemus.
2635 3726 2808 3781 Unum
2834 3728 2933 3780 hoc
2960 3725 3104 3778 scire
3134 3724 3277 3790 licet,
3303 3724 3477 3779 Alba-

1908 3821 2065 3875 nasio
2117 3818 2475 3887 antiquiorem
2531 3818 2698 3873 fuisse
2750 3818 2934 3884 illum,
2988 3816 3225 3886 Origene
3287 3829 3478 3871 recen-

1908 3912 2118 3965 tiorem.

1976 4002 2066 4058 IV.
2106 4002 2151 4055 A
2194 4001 2445 4056 Methodii
2484 4009 2644 4055 mtate
2689 4001 2755 4056 ad
2804 4001 3003 4056 Ariana
3058 4011 3298 4072 tempora
3347 4016 3480 4055 suns

1908 4091 2124 4163 Origeni
2156 4093 2327 4148 honos
2353 4094 2568 4147 videtur
2593 4094 2920 4151 constitisse.
2950 4094 3083 4149 Orto
3110 4106 3290 4150 autem
3322 4095 3476 4160 Ario,

1907 4188 2264 4256 patrocinium
2291 4188 2478 4242 haeresi
2503 4203 2615 4243 suae
2638 4197 2938 4256 quaerentes
2964 4190 3174 4254 Ariani,
3202 4190 3478 4266 Adaman;

1907 4280 1963 4334 tii
1988 4294 2178 4335 nomen
2198 4295 2372 4333 causa:
2392 4294 2503 4333 sua:
2523 4293 2817 4348 praetexere
2836 4278 3178 4334 studuerunt.
3204 4283 3278 4333 Ex
3308 4281 3476 4349 ipsius

1904 4387 2034 4442 ergo
2052 4371 2305 4440 operibus
2334 4371 2664 4441 collegerunt
2689 4372 2972 4441 diligenter
2996 4388 3330 4441 quaecunque
3354 4372 3476 4427 Filii

240 4467 634 4535 supposititium
685 4484 823 4524 esse.
877 4470 1167 4525 Videratne
1211 4487 1340 4527 vero
1398 4473 1661 4529 Bal-anius
1704 4490 1798 4530 se;
1834 4485 1877 4537 ι)
1907 4464 2215 4533 dignitatem
2247 4463 2597 4528 labefactare,
2632 4465 2714 4519 vel
2745 4481 2895 4519 suam
2931 4466 3166 4534 denique
3196 4467 3262 4520 de
3294 4464 3477 4519 Trini-

238 4556 513 4625 Apologia:
545 4559 710 4615 libros
741 4577 769 4615 a
804 4562 1084 4630 Pamphilo
1123 4570 1177 4616 et
1214 4561 1445 4617 Eusebio
1488 4564 1539 4616 in
1573 4565 1801 4633 gratiam

235 4645 484 4716 Origenis
527 4653 778 4721 scriptos,
824 4654 875 4707 in
921 4652 1117 4722 quibus
1170 4668 1504 4722 qumcunqne
1564 4671 1661 4724 pro
1714 4658 1804 4712 illo

235 4737 420 4793 facere
460 4750 728 4809 poterant,
793 4744 1078 4814 diligenter
1120 4744 1350 4799 collecta
1402 4744 1643 4813 fuerunt,
1703 4765 1803 4804 nec

235 4826 479 4885 Xenonis
514 4834 737 4900 proinde
776 4834 984 4904 Dialogi
1021 4837 1222 4890 mentio
1262 4838 1663 4906 prmtermissa?

309 4920 398 4974 ΙΙΙ.
432 4922 576 4978 Sane
618 4934 765 4978 tanta
799 4937 917 4981 erat
959 4927 1044 4981 his
1087 4929 1420 4998 temporibus
1463 4929 1801 5000 Origenianm

232 5014 495 5067 doctrinae
524 5015 809 5071 celebritas
835 5028 890 5071 et
932 5020 1281 5084 existimatio,
1324 5033 1381 5075 ut
1408 5022 1533 5076 hinc
1566 5022 1632 5076 ad
1674 5022 1799 5076 facti

236 5105 609 5175 paenitentiam
648 5110 932 5165 adductum
978 5111 1147 5167 fuisse
1178 5115 1393 5169 credam
1447 5115 1798 5179 Methodium,

232 5210 358 5251 cum
388 5197 475 5249 vix
498 5211 818 5268 quemquam
847 5202 912 5256 ad
936 5218 1062 5257 suas
1082 5202 1358 5273 pelliceret
1381 5216 1592 5273 partes;
1616 5205 1796 5259 cuncti

306 5375 421 5446 (5|)
450 5376 555 5432 Sed
586 5377 792 5432 Socrati
808 5381 1127 5449 contradicit
1150 5380 1501 5437 Baronius....
1526 5383 1659 5449 quod
1682 5383 1797 5435 lau-

234 5446 420 5519 datum
455 5450 621 5519 prirno
653 5466 683 5499 a
713 5466 766 5501 se
791 5447 1067 5517 Origenem
1089 5459 1263 5519 postea
1297 5446 1559 5504 damnarit
1592 5452 1797 5505 Metho-

233 5518 379 5590 dius,
425 5526 480 5567 ut
511 5516 776 5590 Eusebius
817 5516 984 5590 _t_rtidit
1028 5516 1166 5589 apud
1218 5519 1593 5590 Hieronymum
1634 5522 1722 5578 lib.
1757 5538 1795 5585 ι,

232 5585 462 5653 Apolog.
509 5586 561 5639 in
609 5587 783 5640 Rufin.
813 5588 889 5641 Eu
921 5589 1029 5655 ipSa
1063 5585 1291 5642 Eusebii
1322 5585 1485 5643 verba
1536 5607 1601 5645 ex
1630 5592 1716 5645 lib.
1742 5606 1793 5645 γι

233 5655 505 5726 Apologia:
547 5657 713 5723 ipsius
746 5675 840 5725 pro
871 5657 1111 5726 Origene,
1149 5659 1325 5726 qualia
1369 5661 1585 5714 exhibet
1613 5661 1793 5714 Hiero-

234 5739 432 5792 nymus
457 5725 575 5778 loco
599 5727 764 5778 citato
790 5746 802 5781 :
837 5745 855 5777 ι
881 5725 1352 5791 ριιοιιιοιιοάιιιεηε
1380 5740 1462 5782 est
1495 5729 1790 5784 Methodius

236 5808 381 5848 nunc
409 5804 598 5850 contra
629 5795 910 5854 Origenem
941 5797 1197 5855 scribere.
1229 5799 1317 5857 nui
1346 5799 1458 5855 haec
1498 5811 1549 5855 et
1594 5802 1701 5857 haec
1727 5806 1789 5857 de

1908 4565 2016 4610 tate
2061 4555 2429 4624 opinationem
2468 4557 2659 4625 jnvare
2702 4557 3043 4610 videbantur.
3081 4559 3255 4626 Atque
3294 4559 3345 4611 id
3390 4569 3475 4611 to-

1906 4648 2127 4703 lerabile
2152 4658 2290 4711 erat,
2316 4650 2358 4701 si
2392 4650 2491 4702 hac
2522 4649 2627 4702 fine
2652 4650 2901 4703 vecordia
2934 4651 3170 4717 ipsorum
3199 4652 3471 4717 stetisset;

1904 4756 2090 4794 verum
2126 4742 2344 4795 nefariae
2384 4742 2545 4794 etiam
2589 4743 2847 4795 doctrinae
2876 4744 3021 4796 virus
3057 4745 3244 4799 iisdem
3275 4747 3472 4813 passim

1904 4832 2208 4886 all‘uderunt
2236 4832 2478 4899 scriptis,
2509 4843 2565 4885 ut
2592 4848 2744 4886 suum
2778 4834 2990 4900 penitus
3014 4834 3302 4905 Origenem
3334 4835 3476 4891 face-

1907 4932 2045 4978 rent.
2070 4924 2235 4991 Cujus
2261 4924 2326 4977 ad
2350 4924 2661 4977 elevandum
2697 4926 3098 4993 auctoritatem,
3125 4943 3227 4996 qua
3266 4937 3472 4983 tantum

1878 5060 1879 5063 η
1906 5016 2276 5085 gloriabantur
2301 5015 2513 5077 Ariani,
2535 5016 2769 5068 animum
2799 5017 3115 5085 appulerunt
3147 5020 3469 5087 orthodoxi;

1915 5107 2333 5162 reclamantibus
2388 5110 2698 5161 econtrario
2732 5109 2968 5176 Arianis,
2999 5122 3053 5164 et
3086 5127 3240 5165 suum
3287 5114 3473 5181 Orige-

1900 5202 2076 5254 niante
2119 5199 2376 5254 doctrinae
2421 5213 2484 5254 ac
2535 5196 2692 5253 fallite
2737 5201 2993 5256 honorem
3040 5206 3244 5259 servari
3278 5208 3473 5261 merito

1903 5382 2152 5455 Origenis
2180 5382 2386 5440 locutus
2421 5393 2506 5439 est
2550 5386 2909 5455 dogmatibus.
2935 5403 2953 5436 ι
2987 5383 3155 5441 Porro
3183 5388 3268 5441 hic
3298 5388 3465 5442 Euse-

1903 5454 2025 5508 bius
2049 5463 2232 5521 aperte
2264 5471 2368 5508 non
2396 5456 2529 5508 dicit
2567 5454 2892 5510 Melltodittm
2938 5456 3100 5509 fuisse
3133 5469 3288 5509 antea
3321 5460 3467 5511 lucu-

1905 5532 2139 5594 tum_pro
2166 5523 2414 5591 Origene.
2444 5524 2628 5592 Neque
2656 5530 2798 5580 enim
2829 5526 2978 5586 dicit,
3017 5526 3244 5594 qui‘hwc
3271 5536 3321 5578 et
3354 5528 3464 5580 haec

1899 5593 1966 5663 de
2000 5592 2242 5663 Origenis
2278 5594 2485 5648 locutus
2515 5594 2690 5648 fuerat
2718 5592 3080 5663 dogmatibus;
3111 5597 3203 5649 sed
3235 5607 3460 5661 tantum,

1899 5662 2109 5735 locutus
2134 5673 2214 5735 est?
2241 5680 2267 5735 :7
2291 5666 2429 5732 quod
2477 5665 2528 5717 in
2581 5662 2864 5732 utramque
2903 5676 3107 5730 partem
3157 5666 3324 5735 accipi
3373 5682 3464 5735 po-

1903 5742 2025 5785 test.
2059 5731 2170 5785 Non
2205 5731 2364 5792 igitur
2393 5736 2652 5787 mendacii
2686 5731 3021 5786 accusandus
3068 5742 3149 5786 est
3184 5731 3456 5792 Socrates.

1901 5800 2116 5859 Henric.
2151 5800 2409 5863 Valesius,
2455 5801 2581 5858 Not.
2621 5806 2677 5858 in
2713 5804 2917 5859 Socrat.
2953 5803 3026 5859 lib
3084 5819 3155 5870 vi,
3200 5820 3318 5871 cap.
3369 5807 3452 5860 15.
