1930 3113
204 163 273 195 1119

858 178 887 206 Ρ.
907 178 1063 206 υΑΝιιςιιδ
1082 177 1198 206 IIUE'I'II

1760 177 1833 205 1120

202 225 368 272 volentibus.
379 228 450 263 Quot
462 238 527 267 ergo
541 232 645 261 ferech
660 234 778 263 fautores
790 236 883 264 Itabuit
895 238 992 264 Ariana
1009 240 1030 268 Α
1045 244 1097 271 qtta
1113 237 1200 272 ipsius
1217 236 1310 264 referti
1331 240 1393 264 sunt
1416 235 1486 268 libri,
1510 234 1732 270 pmtermiltere;
1748 235 1831 261 noxia

202 270 323 321 heresis,
350 274 392 301 vel
419 283 630 313 oppugnatores,
656 281 767 308 totident
794 283 989 317 propemodum

200 314 394 351 Origeniattam
411 322 559 351 doctrinam
579 326 618 353 vel
639 327 756 361 amplexi
778 314 852 363 sunt,
875 329 918 356 vel
943 330 990 357 de-

204 364 293 390 testati
309 373 316 390 :
331 373 380 393 nec
394 367 501 396 aliunde
518 374 694 405 tempestates
710 373 841 401 adversus
862 382 923 402 euttt
939 376 990 403 hoc

202 412 323 459 Ietttpore
343 416 452 440 coortas
466 414 605 443 existimo.
629 416 749 445 Partium
773 419 887 446 istarttm
902 420 988 447 studia

202 453 346 483 manifesto
369 465 466 486 cernas
491 460 517 488 in
539 462 699 492 clarissintis
721 465 818 492 ltorum
838 470 988 501 temporum

205 500 376 537 prtesulibus,
391 504 533 534 Enstathio
544 506 712 537 Antioclteno
734 515 760 538 et
773 511 888 539 Eusebio
899 511 989 540 Caesa-

204 545 297 592 riensi.
322 547 370 576 Hit-
392 551 499 580 Arianm
523 553 648 583 factionis
672 556 794 591 signifer,
815 558 988 592 quemadmo—

200 591 263 619 dum
280 595 429 629 appetlatur
454 599 488 625 ab
515 599 677 636 Hieronymo
705 602 767 630 libr.
782 610 801 636 ι,
825 591 855 630 in
884 603 986 638 Rufin.,

199 645 261 672 cap.
279 639 305 672 2,
323 647 351 668 ut
364 642 532 678 Origeniante
545 646 621 674 fama:
640 649 802 682 consuleret,
818 650 851 677 ad
868 651 987 678 scriben-

200 683 261 711 tlatn
274 692 322 720 pro
332 687 448 723 Origene
463 691 613 727 Apologinm
626 693 730 721 induxit
743 696 858 722 amicuut
873 704 950 724 suum
961 700 988 724 et

203 730 361 760 familiarem
390 734 559 769 Pamphilum
587 740 785 775 presbyterum,
807 741 930 777 Origenis
951 744 986 770 ita

200 777 363 812 studiosum,
386 785 415 807 ut
435 789 530 810 omnes
545 783 670 819 Origenis
698 786 780 814 libros
807 782 986 824 nndequaque

200 824 368 870 conquisitos
392 826 552 856 C:esariensi
582 830 709 859 Ecclesia:
735 833 872 861 dedicaret
893 835 986 870 (verba

200 873 263 896 sunt
278 869 434 907 Hieronymi
457 874 482 901 itt
496 876 575 910 epist.
599 877 632 903 ad
646 877 775 914 Marcell.)
794 883 819 906 et
839 881 982 908 maximam

1044 289 1158 316 qumque
1175 285 1202 309 et
1219 280 1402 309 criminationi
1418 286 1567 315 opportuna
1587 280 1621 307 ad
1637 279 1765 306 invidiam
1786 278 1831 306 fa-

1043 327 1166 355 ciendam
1180 327 1323 363 colligere;
1337 326 1479 354 nonnullos
1493 326 1576 353 etiam
1597 325 1624 352 in
1642 325 1701 359 ejus
1715 324 1833 352 lectione

1045 377 1179 405 versatos,
1195 378 1337 408 postquam
1354 379 1404 408 per
1415 379 1477 400 eum
1490 371 1558 399 satis
1571 371 1718 407 profecisse
1734 378 1765 398 se
1785 370 1830 397 in-

1045 418 1223 450 teliexissent,
1249 423 1306 445 tum
1330 424 1395 445 vero
1407 424 1424 444 a
1440 417 1571 451 magistro
1589 423 1639 444 suo
1655 415 1830 448 discessisse,

1043 468 1071 491 et
1083 464 1264 492 ansthematis
1278 471 1340 492 eum
1359 463 1523 496 eonfodisse,
1539 469 1574 491 ne
1587 462 1652 497 quid
1674 461 1710 490 ab
1728 469 1762 489 eo
1773 462 1832 489 sci-

1043 511 1104 538 licet
1116 511 1252 546 accepisse
1264 510 1430 537 viderentur.
1447 509 1548 537 Deinde
1562 508 1689 543 subiicit:
1705 517 1714 534 ι
1725 507 1753 535 In
1767 512 1829 535 tan—

1044 562 1099 584 tunt
1120 561 1208 584 autem
1233 557 1329 584 horum
1352 556 1385 584 de
1408 556 1507 590 quibus
1528 563 1608 589 supra
1628 554 1745 581 diximus
1766 561 1831 588 pro-

1043 611 1136 638 gressa
1149 603 1249 630 malitia
1263 606 1315 635 est,
1330 606 1360 630 ut
1373 603 1481 637 quidam
1495 602 1576 628 etiam
1592 601 1764 629 conscribere
1780 600 1829 626 ad-

1043 657 1139 677 versus
1153 657 1215 677 eum
1230 650 1288 676 ausi
1309 649 1374 682 sint,
1392 654 1419 675 et
1441 649 1538 675 libellis
1555 648 1634 675 editis
1656 648 1787 682 derogare
1800 646 1827 673 ei

1041 695 1111 726 viro,
1135 695 1180 729 qtti
1204 701 1252 729 per
1267 697 1306 721 tot
1329 700 1415 720 annos
1441 693 1571 726 magister
1594 692 1721 718 Ecclesia:
1740 690 1800 717 fuit.
1814 698 1826 716 ι

1043 740 1138 768 Tradit
1153 740 1263 774 insuper
1278 739 1361 767 libros
1373 747 1419 766 eos
1436 739 1604 773 potissimum
1624 737 1707 764 fuisse
1721 736 1827 771 appeti-

1041 791 1094 818 tos,
1112 795 1122 812 ι
1137 793 1206 821 quos
1220 792 1269 820 per
1286 785 1402 820 spatium
1423 791 1450 812 et
1465 786 1583 819 quietem
1598 784 1623 810 in
1640 788 1745 810 secreto
1759 790 1828 809 con-

1040 833 1196 866 scripserat,
1209 840 1219 858 )
1237 831 1308 866 quod
1327 831 1353 858 in
1370 831 1404 858 iis
1418 831 1537 865 apertius
1550 829 1711 856 disseruisse
1729 828 1826 854 existi—

1041 882 1179 910 maretur;
1197 885 1252 912 pra:
1268 877 1328 905 aliis
1343 884 1405 904 vero
1419 877 1499 904 libr0>
1515 876 1583 909 Περὶ
1597 874 1706 909 ἀρχῶν,
1726 874 1752 900 ἱιι
1767 874 1828 907 qui-

201 922 295 943 eorum
317 924 421 953 partem
442 928 522 948 mantt
549 930 596 949 sua
624 923 801 957 describeret,
826 927 871 961 qui
898 926 990 955 lliero-
1006 922 1026 950 Β
1041 925 1091 952 bus
1106 925 1262 959 dogmatutn
1278 930 1386 951 suorum
1402 923 1472 949 velut
1488 930 1556 956 penu
1574 921 1762 948 collocaverat.
1773 918 1829 945 No-

201 961 273 996 nynti
294 968 374 991 aetate
398 965 425 992 in
448 967 610 995 Caesariensi
636 968 796 997 bibliotheca
820 971 901 999 etiam
932 978 987 1000 tum

201 1007 389 1057 servabantur.
405 1011 538 1057 ‘Causatn
577 1014 712 1050 Apologitu
739 1016 887 1044 scribendae
918 1018 989 1046 ltattc

202 1050 284 1079 fuisse
297 1060 390 1081 narrat
404 1054 516 1084 Photius
528 1059 588 1085 cod.
598 1066 694 1093 cxvtn,
707 1065 735 1087 nt
748 1061 782 1087 ad
796 1062 854 1096 pios
867 1062 989 1090 homines

202 1096 233 1123 ad
257 1099 362 1127 metalla
393 1102 428 1129 ob
454 1103 554 1130 Christi
579 1111 689 1132 causam
729 1105 872 1134 damttatos
900 1107 987 1135 solatii

201 1150 266 1178 ergo
280 1145 440 1174 mitteretur.
453 1148 519 1175 Cnnt
536 1156 596 1176 eam
611 1157 676 1178 vero
694 1152 825 1187 martyrio
838 1153 989 1181 exstinctus

201 1190 343 1220 absolvere
355 1201 406 1220 tton
426 1196 570 1229 potuisset,
592 1204 747 1231 supremam
765 1199 863 1233 adjecit
879 1207 987 1227 manum

199 1233 343 1271 Eusebius,
355 1243 382 1264 et
398 1239 423 1265 itt
440 1239 559 1268 Ilistoria
570 1250 678 1278 quoque
689 1243 853 1270 ecclesiatica
865 1252 914 1276 pro
927 1243 988 1272 Ori-

199 1282 321 1331 gen—iana
340 1292 422 1312 causa
447 1286 577 1320 praeclare
593 1289 754 1317 decertavit.
779 1289 863 1324 tEgre
878 1290 986 1325 quidem

200 1327 226 1353 id
242 1327 295 1354 fert
306 1328 467 1359 Anastasius
484 1332 721 1367 Bibliothecarius,
743 1343 805 1362 nam
825 1336 850 1363 in
865 1335 987 1363 Historia

199 1371 232 1398 ad
246 1380 310 1400 anu.
324 1374 389 1403 Chr.
406 1376 459 1403 2H
474 1383 501 1404 et
520 1378 584 1412 246,
605 1387 657 1407 non
676 1381 759 1408 semel
775 1382 898 1416 queritur
917 1382 986 1410 ntul-

200 1421 289 1445 torum
304 1421 404 1454 pietate
417 1430 449 1450 ac
463 1423 586 1451 doctrina
600 1425 744 1454 illustrium
759 1428 879 1455 virorum
895 1428 987 1457 laudes

199 1462 343 1492 Eusebium
360 1466 453 1502 iniquo
467 1469 573 1497 siletttio
590 1472 745 1505 obtrivisse,
758 1474 800 1500 vel
818 1474 912 1501 leviter
928 1480 988 1502 Ian-

199 1513 255 1536 tunt
271 1515 298 1538 et
322 1511 455 1541 invidiose
477 1515 612 1550 attigisse,
630 1525 684 1552 quo
702 1526 807 1546 suntma
831 1521 921 1548 omnia
939 1521 987 1548 tri-

199 1554 294 1583 bueret
309 1556 417 1592 Origcni
436 1568 500 1597 suo,
518 1563 661 1590 «nesciens
685 1571 744 1598 quae
764 1564 877 1598 diceret,
894 1566 936 1593 Vel
952 1567 985 1595 de

197 1601 296 1634 quibus
310 1602 465 1633 affirmaret.
478 1615 487 1631 ι
505 1606 586 1639 Quasi
603 1615 668 1635 vero
687 1609 769 1637 aliutn
786 1610 857 1638 fama
875 1620 906 1639 ac
927 1621 983 1640 nte-
998 1599 1020 1628 δ

199 1646 258 1674 ritis
273 1655 364 1682 parem
381 1650 489 1685 ()rigeni
509 1652 601 1679 tulerit
619 1653 677 1681 haec
693 1661 769 1684 tetas.
785 1656 859 1684 Illius
875 1658 984 1692 quidem

199 1692 291 1721 laudes
310 1696 378 1722 tttala
403 1697 516 1725 forsitan
538 1705 627 1727 mente
652 1702 821 1735 congessisse
839 1702 984 1730 Eusebium

198 1737 335 1767 fatendum
351 1748 404 1774 est,
427 1745 473 1771 sed
497 1746 586 1779 quoad
611 1753 701 1773 rerum
726 1753 861 1782 gestarum
889 1750 987 1777 attinet

200 1785 291 1819 Iidem,
306 1785 487 1822 Epiphaniam
503 1790 571 1823 fere,
589 1793 631 1819 vel
655 1791 864 1828 Hieronymum,
885 1795 985 1823 aliosve

197 1833 398 1861 consentientes
413 1834 517 1863 Itabnit.
532 1836 566 1863 At
580 1837 737 1866 Eustathius
755 1844 830 1867 stans
845 1840 878 1867 ab
890 1841 985 1867 ortho-

198 1877 286 1911 doxis,
305 1885 503 1916 proptereaque
524 1882 723 1912 Sabellianismi
743 1886 777 1911 ab
791 1885 899 1913 Arianis
922 1887 986 1913 insi-

199 1924 325 1958 mulatus,
355 1927 499 1962 Origenem
524 1930 636 1958 adortus
663 1934 715 1963 est,
737 1931 850 1965 ejusque
877 1935 986 1958 senten—

198 1969 261 1997 tiam
273 1971 307 1998 de
318 1971 541 2009 Engastrimytho
554 1975 681 2010 peculiari
695 1984 776 2011 opere
790 1977 984 2011 cxplodendant

196 2017 325 2067 suscepit.
341 2018 442 2046 Scribit
460 2020 616 2056 Pamphilus
634 2022 661 2048 in
680 2023 769 2056 priore
796 2022 866 2050 libro
884 2023 985 2057 Apolo-

196 2065 258 2094 τίω,
276 2070 356 2097 quem
374 2065 566 2099 interpretatus
585 2073 628 2095 est
651 2067 777 2101 Ruﬁnus,
805 2073 880 2096 tanto
897 2068 984 2096 homi-

198 2115 260 2133 num
276 2108 381 2136 illoruttt
402 2112 465 2139 odio
482 2117 544 2139 tunc
561 2113 690 2147 temporis
708 2114 808 2141 arsisse
829 2114 984 2149 Origeuem,

196 2158 226 2179 ut
243 2161 295 2181 non
310 2155 355 2182 ille
376 2157 464 2183 solunt
484 2167 493 2183 ι
509 2157 581 2185 velut
596 2159 740 2187 haereticus
756 2166 942 2193 accusaretur,
957 2166 985 2188 et

196 2200 344 2233 corruptio,
362 2205 388 2227 et
412 2202 527 2235 perditio
545 2203 709 2236 animaruttt,
725 2214 734 2230 ι
756 2206 803 2232 sed
821 2205 880 2239 ejus
902 2207 983 2233 etiam

195 2243 358 2278 scriptorum
374 2245 481 2275 lectioni
499 2248 582 2275 dediti
598 2250 846 2284 proscinderentur,
860 2256 887 2278 et
908 2254 983 2280 venia

195 2296 372 2319 censerentur
395 2293 508 2328 indigni,
532 2302 592 2328 quae
616 2295 650 2323 iis
675 2297 822 2324 condonari
844 2297 922 2331 solet,
938 2299 983 2332 qui

196 2336 317 2371 profanis
331 2338 371 2366 vel
387 2338 521 2368 hatreticis
539 2341 616 2369 libris
636 2342 735 2369 addicti
762 2348 836 2376 sunt,
852 2344 984 2379 planeque

196 2390 245 2416 pro
267 2384 402 2413 hzereticis
423 2385 598 2415 Itabereutur.
624 2397 633 2414 ι
648 2388 777 2424 Denique,
802 2389 900 2424 inquit,
922 2398 982 2417 cuttt

196 2427 287 2456 multis
303 2429 423 2457 honesta:
439 2432 512 2464 vitae,
530 2438 558 2460 et
577 2433 694 2468 religiosi
713 2435 840 2468 propositi
860 2435 936 2468 viris,
955 2436 982 2462 in

194 2476 294 2509 quibus
315 2476 382 2503 nihil
406 2485 517 2512 prorsus
536 2479 623 2514 eulpae
647 2480 799 2513 inveniunt,
827 2481 984 2509 inimicitias

196 2526 305 2555 propter
321 2522 371 2549 hoc
385 2523 471 2550 solum
495 2525 605 2558 habent,
628 2526 651 2554 si
669 2534 763 2553 eorunt
779 2527 897 2554 studium
910 2528 982 2555 circa

196 2569 337 2596 memorati
354 2570 403 2596 viri
421 2570 503 2598 libros
525 2573 687 2607 propensius
702 2581 763 2600 esse
785 2574 982 2609 perspexerint,

196 2614 356 2643 invidiosius
368 2617 450 2643 etiam
469 2617 519 2644 ista
536 2619 680 2653 tingentes,
694 2619 766 2653 quod
779 2619 813 2646 ab
826 2620 867 2646 Itis
884 2620 911 2646 in
925 2619 983 2647 loco

195 2667 352 2690 sanctorum
363 2663 557 2696 apostolorum,
572 2664 612 2691 vel
625 2666 831 2700 prophetarum,
844 2671 897 2692 tam
915 2666 982 2701 ipse,

195 2713 274 2739 quam
298 2706 368 2734 dicta
393 2706 451 2742 ejus
468 2708 629 2738 habeantur.
642 2719 651 2736 ι
669 2710 750 2737 Addit
766 2710 847 2745 paulo
864 2716 923 2746 post
942 2711 983 2738 in-

195 2753 290 2781 doctos
306 2754 460 2791 plerosque,
479 2763 511 2784 ac
534 2756 561 2784 in
577 2757 801 2793 Origenianorum
817 2759 981 2787 voluminum

195 2802 357 2829 tractatione
368 2804 459 2835 rudes,
473 2803 512 2830 vel
530 2811 619 2830 rertun
635 2805 660 2831 in
675 2804 824 2839 quaestione
834 2806 981 2840 positarum

196 2848 317 2881 ignaros,
332 2849 467 2884 incognita
483 2854 572 2877 tanten
584 2858 664 2878 causa
677 2851 866 2878 Adatuanliutn
879 2852 982 2879 calculo

197 2902 245 2923 suo
270 2895 399 2923 damnare
421 2895 506 2924 fuisse
531 2896 637 2930 solitos;
662 2897 729 2925 alios
749 2897 844 2925 bonam
866 2898 980 2932 frugem,

1040 978 1099 999 vem
1120 974 1212 997 autem
1233 969 1376 1005 praecipuis
1394 969 1527 1003 capitibus
1551 966 1710 994 constabant
1731 965 1829 991 crimi-

1041 1018 1163 1045 nationes
1177 1016 1308 1044 adversus
1322 1016 1408 1050 ipsum
1423 1022 1437 1040 a
1453 1013 1592 1041 malevolis
1608 1011 1740 1042 conﬂata,
1757 1017 1829 1044 quas

1042 1068 1163 1091 recenset
1186 1067 1214 1090 et
1231 1061 1332 1089 refellit
1354 1060 1520 1094 Pamphilus,
1544 1064 1572 1085 et
1592 1066 1642 1085 nos
1661 1064 1743 1091 supra
1766 1056 1830 1083 fuse

1038 1109 1218 1137 excussitnus.
1236 1107 1330 1142 Itaque
1346 1107 1464 1134 moriens
1480 1105 1642 1132 Pachomius
1663 1103 1749 1130 abbas
1766 1109 1828 1129 mo-

1040 1156 1142 1183 nachos
1161 1162 1225 1182 suos
1246 1154 1280 1181 ab
1304 1153 1529 1187 Origenianarum
1553 1149 1771 1177 lucubrationum
1787 1147 1829 1175 Ic-

1039 1202 1128 1230 ctioue
1141 1208 1236 1229 severa
1255 1199 1437 1227 obtestatione
1450 1196 1609 1224 absterruit.

1074 1247 1106 1275 V.
1121 1247 1175 1275 [ias
1190 1247 1282 1273 turbas
1296 1245 1405 1280 Origeni
1419 1245 1521 1279 peperit
1535 1242 1635 1270 Ariana
1652 1239 1744 1272 factio,
1760 1239 1826 1266 dum

1038 1295 1097 1329 ejus
1112 1293 1268 1328 sull'ragium
1284 1292 1430 1319 studiosius
1441 1290 1525 1317 ambit
1540 1299 1546 1316 :
1562 1296 1642 1324 quam
1657 1295 1719 1315 cum
1733 1286 1827 1314 acrius

1038 1340 1232 1368 ulciscerentur
1250 1338 1391 1366 orthodoxi
1403 1357 1411 1370 ,
1427 1336 1550 1371 Origenis
1565 1342 1674 1363 causam
1690 1341 1741 1361 non
1759 1333 1828 1360 satis

1038 1386 1220 1414 distinxerunt
1242 1384 1276 1412 ab
1295 1384 1407 1415 Ariana,
1433 1387 1460 1410 et
1483 1387 1626 1415 utramque
1646 1380 1824 1407 damnarunt.

1037 1431 1156 1460 AHectus
1168 1437 1275 1466 quoque
1282 1430 1376 1457 cadent
1387 1429 1485 1464 injuria
1497 1432 1539 1455 est
1549 1426 1692 1462 Dionysius
1702 1425 1827 1452 Alexan-

1036 1478 1130 1505 drinus
1151 1477 1278 1512 Origenis
1301 1475 1458 1511 discipulus,
1478 1478 1506 1502 et
1533 1474 1560 1501 in
1584 1473 1656 1501 lteste
1678 1471 1828 1500 Trinitatis

1037 1523 1216 1559 suspicionem
1242 1526 1366 1553 vocatus,
1385 1520 1456 1547 unde
1472 1519 1499 1546 in
1523 1518 1614 1545 multis
1626 1525 1641 1545 a
1654 1516 1756 1544 Basilio
1771 1524 1825 1543 non

1037 1570 1198 1602 admissum,
1212 1568 1329 1595 maxime
1346 1567 1391 1594 ubi
1405 1566 1565 1593 Arianorum
1578 1564 1755 1592 conﬁrmaret
1770 1562 1827 1590 ha:-

1039 1616 1131 1650 resim,
1145 1615 1239 1643 scribit
1254 1614 1378 1642 Gobarns
1390 1613 1460 1646 apud
1474 1612 1551 1639 Phot.
1563 1610 1625 1638 cod.
1645 1617 1770 1637 ccxxx".
1791 1609 1829 1635 At

1039 1667 1187 1697 utrumque
1205 1661 1319 1688 crimine
1333 1658 1449 1686 exsolvit
1466 1657 1640 1688 Athanasius,
1653 1660 1684 1683 ut
1698 1655 1828 1690 superius

1038 1716 1052 1736 a
1067 1707 1143 1736 nobis
1159 1707 1286 1734 traditum
1305 1709 1362 1738 est;
1381 1712 1431 1732 nec
1447 1704 1534 1739 pluris
1549 1703 1587 1730 illi
1603 1702 1654 1730 fuit
1673 1701 1826 1729 catholica-

1038 1763 1095 1781 rum
1111 1753 1237 1789 partium,
1253 1759 1333 1787 quam
1353 1751 1476 1778 veritatis
1489 1749 1628 1777 studium:
1642 1748 1755 1783 ipseque
1771 1746 1826 1774 Ba—

1037 1800 1113 1827 silius
1124 1803 1152 1827 et
1165 1797 1311 1832 Gregorius
1322 1795 1475 1830 'l‘lteologus
1486 1794 1590 1829 objecta
1605 1793 1654 1820 sibi
1664 1792 1700 1819 ab
1714 1791 1829 1818 Arianis

1037 1842 1190 1870 Adamantii
1201 1840 1366 1873 testimonia,
1376 1839 1403 1866 iu
1415 1838 1585 1866 commodum
1599 1838 1708 1865 trahere
1720 1835 1828 1863 malue~

1037 1894 1099 1916 runt
1111 1895 1231 1920 sensum,
1243 1894 1324 1922 quam
1338 1885 1499 1920 contemptis
1510 1884 1605 1912 iisdem
1617 1883 1709 1910 debito
1721 1882 1827 1909 honore

1037 1936 1174 1959 auctorem
1194 1930 1330 1957 fraudare.
1344 1928 1400 1956 luto
1418 1936 1484 1955 vero
1498 1935 1531 1955 ex
1549 1925 1671 1961 eiusdem
1689 1925 1827 1960 Operibus

1036 1974 1144 2002 assidua
1158 1973 1276 2002 lectione
1298 1981 1313 2000 a
1328 1980 1359 2001 se
1369 1972 1505 2004 contritis,
1520 1970 1630 2007 egregia
1645 1976 1761 2005 quaeque
1779 1976 1825 1997 se-

1036 2021 1105 2048 Iecta
1125 2020 1153 2047 in
1176 2027 1259 2047 unum
1285 2023 1480 2054 congesserunt
1503 2017 1647 2048 volumen,
1673 2020 1702 2043 et
1720 2015 1756 2042 ob
1783 2022 1828 2042 res

1036 2067 1167 2103 praeclare
1197 2067 1331 2101 cogitatas
1361 2065 1517 2093 Philocaliat
1554 2063 1632 2091 titulo
1662 2062 1826 2096 inscriplutn

1036 2113 1119 2148 (unde
1142 2117 1170 2140 et
1195 2112 1339 2147 Origenem
1362 2109 1506 2145 φιλόκαλον
1528 2108 1651 2136 nominat
1675 2106 1828 2141 Gregorius

1036 2161 1221 2188 Nazianzenus
1245 2160 1272 2186 in
1294 2157 1424 2193 epistolis)
1440 2157 1475 2183 ad
1492 2155 1664 2183 Theodorum
1683 2152 1826 2187 Tyaneutn

1036 2207 1193 2242 episcopum
1209 2205 1350 2232 miserunt.
1376 2202 1447 2236 Quin
1459 2202 1542 2229 etiam
1567 2199 1691 2226 feruntur
1720 2197 1804 2224 iidem
1817 2217 1825 2227 ,

1037 2251 1252 2286 quotiescunque
1275 2248 1400 2283 Origenis
1422 2247 1522 2280 scripta
1549 2244 1679 2278 legentes,
1697 2242 1827 2276 dogmata

1038 2296 1124 2331 ipsius
1139 2294 1258 2330 propria,
1272 2300 1298 2321 et
1313 2301 1328 2319 a
1342 2291 1480 2320 communi
1497 2297 1545 2316 usu
1560 2287 1741 2322 discrepantia
1758 2294 1826 2313 nau-

1036 2343 1222 2373 ciscerentur,
1253 2339 1391 2375 geminum
1415 2346 1433 2372 χ
1452 2335 1589 2367 aﬂixisse,
1620 2333 1826 2360 Platonicam:

1037 2396 1123 2421 more,
1137 2389 1183 2423 qui
1203 2395 1265 2415 cutn
1290 2386 1430 2413 Platonem
1449 2383 1614 2413 lectitarent,
1631 2380 1692 2407 loca
1707 2379 1825 2413 insignia

1038 2436 1088 2462 hoc
1101 2435 1262 2462 charactere
1276 2433 1424 2460 notabant:
1442 2437 1471 2458 ut
1487 2429 1569 2458 refert
1582 2427 1708 2456 Laertius
1723 2426 1750 2452 iu
1765 2425 1825 2452 Pla-

1037 2485 1109 2508 tone.
1131 2479 1189 2507 Hac
1211 2479 1326 2507 lectione
1350 2479 1498 2505 instructus
1521 2480 1634 2510 uterque
1658 2473 1824 2501 Arianorum

1037 2528 1151 2561 impetus
1177 2525 1284 2553 fortiter
1308 2524 1418 2552 retudit.
1439 2523 1467 2550 Id
1486 2530 1520 2549 ex
1543 2521 1656 2548 Socrate
1679 2518 1822 2547 discimus,

1004 2574 1006 2576 ⁷
1035 2573 1080 2607 qui
1095 2577 1122 2599 et
1141 2571 1204 2599 illud
1222 2571 1298 2599 addi‘.
1311 2571 1373 2598 libr.
1393 2578 1430 2601 tv,
1444 2576 1504 2601 cap.
1521 2567 1567 2599 26,
1582 2566 1663 2599 Μέγα.
1675 2564 1732 2600 γὰρ
1745 2562 1823 2594 κλέος

1035 2617 1066 2644 τὸ
1083 2616 1239 2653 Ὠριγένους
1259 2616 1320 2643 καθ’
1347 2615 1409 2649 ὅλης
1431 2614 1491 2639 τότε
1520 2613 1568 2647 τῆς
1588 2609 1749 2645 οἰκουμένης
1777 2609 1823 2642 ὲφο

1036 2663 1157 2700 ήπλωιο·
1172 2663 1283 2690 «Totum
1295 2662 1391 2695 quippe
1400 2662 1491 2686 orbem
1509 2664 1571 2685 tunc
1583 2656 1712 2690 temporis
1726 2662 1822 2688 magna

1036 2711 1162 2747 Origenis
1177 2710 1262 2745 gloria
1279 2713 1442 2744 pervaserat.
1455 2716 1464 2732 ι
1484 2705 1597 2739 Scriptis
1619 2703 1739 2739 profecto
1755 2701 1825 2734 Apo-

1035 2757 1113 2793 logiis
1130 2757 1209 2785 tutati
1223 2762 1286 2784 sunt
1303 2757 1387 2790 ipsuut
1405 2755 1454 2782 viri
1479 2754 1609 2782 illustres,
1633 2758 1687 2784 quo
1703 2753 1825 2781 tempore

1037 2804 1187 2832 defensioni
1202 2803 1260 2837 ejus
1282 2809 1392 2837 operam
1409 2808 1486 2828 suam
1503 2798 1658 2832 Pamphilus
1678 2802 1826 2823 consecra~

1037 2851 1092 2883 hat,
1108 2854 1139 2876 ut
1150 2849 1310 2877 testiﬁcatur
1325 2848 1437 2874 Photius
1449 2845 1508 2873 cod.
1523 2852 1619 2873 cxvttt.
1633 2842 1717 2876 Ipsius
1732 2845 1825 2866 tamen

1037 2896 1177 2930 nonnulla,
1204 2895 1375 2925 dissimulato
1397 2895 1460 2924 licet
1479 2893 1539 2929 ejus
1562 2893 1679 2924 nomine.
1707 2893 1827 2924 Carpunt
