3860 6226
305 291 442 351 1121

1212 291 1781 350 ORIGENIANOHUM
1821 291 1946 347 LIB.
1991 293 2054 359 ll,
2093 293 2246 350 CAP.
2291 293 2379 360 IV,
2426 295 2617 351 SECT.
2657 295 2696 352 1.

3415 297 3554 352 1122

308 414 638 470 Athanasius
692 425 747 470 et
788 414 1039 470 Basilius.
1075 415 1165 468 Ille
1197 416 1248 469 in
1289 414 1404 468 Vita
1441 416 1651 470 Αηιοηίὲ
1692 416 1876 485 lapsus
1903 417 1949 473 A
1978 416 2156 487 inepta
2208 426 2264 472 et
2307 416 2500 487 frigida
2557 418 2860 482 allusione,
2917 416 3108 487 quales
3179 419 3414 489 scriptor
3466 419 3553 474 ille

309 510 630 571 animarum,
680 517 734 562 et
769 509 1150 562 conversiones
1191 524 1223 562 e
1273 511 1544 562 mentibus
1574 510 1627 562 in
1665 509 1874 562 animas

309 599 654 669 reprehendit
703 617 717 654 :
762 599 849 653 hic
899 600 951 652 in
1025 601 1183 654 tertio
1241 600 1763 654 Commentariorum
1819 600 1876 653 in

313 689 674 745 Hexaemeron
709 692 923 745 damnat
954 694 1276 760 anagogicas
1304 692 1470 760 ipsius
1491 693 1872 763 expositiones,

309 782 505 851 quibus
535 783 760 836 virtutes
797 782 1054 851 quasdam
1086 785 1416 850 superiores,
1451 799 1570 851 qua:
1614 784 1786 838 locum
1821 785 1874 838 in

310 877 452 931 caelo
491 884 673 931 tenere
706 875 912 929 merita:
937 885 1087 937 sunt,
1112 876 1275 948 aquis
1294 891 1412 944 qua
1441 886 1569 930 sunt
1594 892 1754 944 supra
1785 877 1876 931 lir-

309 978 663 1031 mamentum,
692 966 983 1035 signiﬁcari
1013 967 1202 1031 docet;
1235 981 1355 1035 qua:
1381 981 1509 1019 vero
1541 967 1670 1021 inde
1699 967 1876 1021 detur-

308 1058 446 1113 batar
477 1065 620 1119 sunt,
651 1057 807 1125 aquis
835 1056 1007 1108 notari
1034 1071 1153 1124 qum
1190 1065 1318 1109 sunt
1346 1057 1444 1110 sub
1467 1057 1628 1113 ctelo.

382 1147 464 1202 Vl.
497 1149 626 1201 Dum
653 1162 746 1216 pro
769 1145 998 1216 Origene
1023 1157 1225 1200 starent
1252 1161 1530 1201 sermones
1561 1147 1656 1209 illi,
1697 1147 1872 1216 ipsum

307 1241 412 1295 sibi
447 1241 497 1294 in
527 1239 811 1294 scribendo
851 1240 1225 1293 assectandutn
1260 1238 1592 1307 proponebat
1643 1239 1876 1295 Hilarius

307 1333 675 1388 Pictavieusis.
724 1329 918 1385 Narrat
951 1331 1148 1400 quippe
1190 1331 1545 1401 Hieronymus
1577 1331 1620 1363 ¹³
1650 1333 1792 1386 hunc
1820 1336 1873 1386 in

306 1425 540 1495 Phrygia
589 1424 923 1479 exsulantem
970 1437 1217 1492 magnam
1271 1422 1606 1479 Psalmorum
1669 1437 1874 1495 partem

304 1516 1051 1578 commentariis.illustrasse,
1092 1517 1144 1569 in
1184 1532 1358 1587 eoque
1400 1533 1562 1585 opere
1610 1519 1874 1572 imitatum

305 1608 474 1662 fuisse
497 1605 801 1678 Origenem,
847 1607 1119 1662 nonnullis
1149 1617 1323 1662 tamen
1369 1609 1437 1662 de
1475 1623 1574 1662 suo
1614 1608 1872 1676 adjectis;

303 1697 672 1767 expositiones
729 1698 892 1753 etiam
944 1699 1000 1752 in
1049 1699 1241 1752 Jobum
1283 1706 1340 1752 et
1393 1699 1449 1752 in
1506 1694 1873 1753 Matthwum'e

1979 509 2315 564 comminisci
2365 519 2632 565 atnat:et
2681 510 3063 567 ἀνοσιώτατον.
3118 512 3248 566 Item
3299 515 3550 585 dogmata

1977 597 2092 665 ejus
2127 597 2448 670 δηλητήρια,
2473 600 2789 672 φθοροποιὰ,
2832 603 2960 666 τοὺς
2991 603 3392 676 ἁπλουστέρους
3425 622 3551 659 σκε-

1977 688 2193 754 λίζοντα
2217 707 2338 746 esse
2364 694 2516 747 dicit.

2049 779 2389 836 Manifestum
2432 797 2594 860 pprro
2635 791 2717 837 est
2762 797 2828 838 ex
2874 785 3243 855 superioribus
3288 797 3548 858 quantum

1976 872 2237 926 erraverit
2263 872 2538 927 Halloxius
2579 874 2665 930 lib.
2707 889 2759 928 Iv
2817 874 2965 943 Orig.
2997 877 3233 944 defens.,
3271 890 3459 947 quaast.
3490 881 3548 945 4,

1977 963 2175 1032 aliique
2223 965 2485 1027 nonnulli,
2526 966 2616 1032 qui
2667 976 2793 1020 ante
2839 966 3116 1035 Epiphanii
3161 983 3284 1022 cum
3340 968 3548 1024 Joanne

1976 1052 2428 1125 Jerosolymitano
2452 1065 2506 1109 et
2535 1057 2922 1126 Cbrysostomo
2966 1057 3331 1113 dissensiones
3354 1098 3370 1123 ,
3426 1059 3548 1114 Ori—

1977 1161 2165 1214 genem
2195 1163 2224 1200 a
2256 1149 2488 1202 nemiue-
2512 1164 2608 1218 pro
2645 1150 2900 1204 haeretico
2935 1148 3180 1204 habitum
3225 1151 3409 1215 fuisse,
3439 1154 3549 1221 pri-

1980 1254 2231 1307 nunnque
2260 1239 2616 1308 Epiphanium
2655 1241 2706 1294 in
2739 1256 2862 1295 eum
2897 1242 3048 1309 signa
3077 1241 3311 1296 movisse
3343 1256 3549 1296 memo-

1980 1329 2071 1383 rite
2097 1330 2494 1397 prodiderunt:
2536 1345 2658 1384 nam
2711 1348 2730 1381 ι
2774 1330 2922 1386 velut
2969 1331 3278 1386 haereticum
3322 1347 3549 1386 accusa-

1980 1430 2091 1472 tum
2121 1439 2139 1473 »
2183 1421 2349 1474 fuisse
2375 1421 2576 1475 diserte
2601 1421 2796 1476 scribit
2834 1420 3144 1490 Pamphilus
3173 1423 3224 1476 in
3249 1423 3502 1492 Apologia
3529 1441 3547 1487 ,-

1979 1517 2030 1560 et
2052 1522 2213 1576 quam
2240 1508 2494 1576 gravibus
2519 1517 2799 1577 peteretur
2823 1511 3141 1566 criminibus
3163 1512 3408 1566 declarat
3436 1513 3547 1581 ipsa

1977 1598 2093 1653 lucc
2129 1599 2403 1668 Apologia,
2449 1615 2571 1654 nam
2622 1618 2640 1651 ‹
2673 1601 2847 1668 Ipsum
2887 1617 3080 1656 nomen
3137 1602 3494 1671 Apologetici,
3525 1622 3543 1656 ι

1978 1700 2037 1746 ut
2062 1691 2135 1744 ait
2162 1691 2516 1762 Hieronymus
2531 1693 2688 1762 epist.
2719 1693 2786 1746 65
2812 1694 2877 1748 ad
2901 1693 3213 1748 Pammach.
3238 1706 3290 1750 et
3316 1695 3547 1760 0cean.,

303 1756 494 1843 (ir-amo
520 1787 765 1859 Origenis
803 1788 857 1842 in
906 1787 1137 1856 linguam
1189 1787 1434 1842 Latinam
1493 1789 1867 1844 transfudisse,
1907 1756 1950 1815 Β
1982 1799 2000 1833 t
2027 1782 2261 1836 ostendit
2295 1784 2727 1850 accusationem;
2773 1799 2875 1837 non
2909 1799 3054 1836 enim
3098 1785 3403 1838 defenditur
3445 1785 3548 1838 nisi

303 1880 505 1934 Auctor
548 1891 629 1934 est
666 1887 926 1948 praeterea
985 1879 1344 1950 Hieronymus
1387 1880 1644 1936 Euzoium
1689 1880 1871 1935 Caesa-

306 1973 538 2028 riensem
561 1975 868 2043 episcopum
895 1975 1140 2041 Gregorii
1169 1972 1495 2028 Nazianzeni
1529 1974 1873 2043 condiscipu-

303 2066 414 2120 lum
445 2075 495 2119 et
523 2065 802 2133 aequalem,
847 2083 865 2115 ι
901 2076 1207 2130 corruptam
1260 2063 1638 2118 bibliothecam
1688 2061 1872 2132 Orige-

305 2160 390 2214 nis
448 2168 503 2214 et
557 2159 816 2228 Pamphin
873 2158 926 2211 in
997 2158 1324 2212 membranis
1386 2157 1692 2210 instaurare
1753 2169 1874 2209 esse

303 2261 597 2304 conatum:
628 2267 646 2300 ι
695 2248 1048 2318 Origenianas
1088 2248 1248 2302 etiam
1285 2256 1466 2317 partes
1509 2256 1725 2300 secutos
1756 2259 1875 2300 esse

304 2339 484 2394 Titum
519 2341 831 2395 Bostrorum
858 2340 1163 2410 episcopum
1183 2379 1197 2400 ,
1228 2349 1285 2392 et
1311 2338 1590 2406 Didymum
1639 2337 1876 2390 Alexan-

302 2432 537 2496 drinum,
574 2445 732 2499 quem
782 2430 1181 2499 apertissimum
1223 2429 1528 2483 Adamantii
1570 2443 1875 2498 propugna-

303 2532 473 2577 torem
503 2522 754 2592 appellat,
782 2522 978 2592 quique
1009 2522 1166 2576 editis
1205 2522 1256 2575 in
1295 2521 1459 2575 libros
1495 2520 1637 2589 Περὶ
1675 2519 1876 2590 ἀρχῶν

299 2615 771 2672 Commentarlolis
801 2614 934 2668 nihil
973 2630 1076 2667 non
1121 2615 1482 2668 orthodoxum
1511 2615 1576 2668 iis
1610 2614 1872 2669 contineri

302 2708 590 2779 pertendit,
627 2707 1077 2776 quemadmodum
1118 2717 1172 2760 ct
1208 2706 1489 2760 Eusebius.
1528 2705 1870 2761 Ambrosium

303 2814 518 2869 quoque
551 2797 1026 2862 Mediolanensem,
1057 2796 1342 2850 Eusebium
1375 2795 1792 2860 Vercellensem,
1819 2805 1875 2851 et

306 2892 639 2946 Victorinum
665 2889 1109 2942 Petabionensem
1138 2887 1301 2941 utttlta
1335 2887 1584 2957 Origenis
1611 2889 1691 2942 vel
1722 2888 1872 2942 Lati-

301 2984 459 3038 nitati
494 2984 747 3045 donasse,
779 2980 862 3035 vel
891 2981 1128 3035 imitatos
1156 2981 1323 3035 fuisse
1367 2982 1534 3035 tradit
1574 2981 1712 3036 idem
1748 2981 1874 3037 Hic-

1976 1875 2119 1944 quod
2150 1875 2201 1928 in
2227 1875 2455 1930 crimine
2484 1886 2600 1943 est;
2633 1896 2651 1927 ο
2698 1875 2976 1932 declarant
3003 1887 3056 1932 et
3092 1878 3363 1946 Apologia:
3393 1892 3546 1931 com-

1975 1968 2158 2037 plures
2183 1984 2302 2038 quae
2326 1984 2354 2022 a
2383 1969 2564 2023 nmltis
2599 1971 2776 2038 magni
2821 1970 3053 2023 nominis
3099 1969 3232 2024 viris
3280 1969 3543 2041 Pamphili

1975 2064 2215 2126 tempore
2238 2073 2335 2126 pro
2361 2057 2592 2126 Origene
2615 2062 2935 2128 conscripta:
2956 2069 3100 2115 sunt.
3125 2060 3234 2114 Nec
3262 2073 3545 2132 repugnat,

1973 2151 2116 2220 quod
2140 2151 2472 2221 Augustinus
2501 2152 2885 2223 Hieronymum
2925 2165 3080 2224 rogat
3115 2171 3211 2225 per
3237 2157 3546 2224 epistolam,

1977 2253 2036 2298 ut
2060 2243 2159 2298 sibi
2183 2243 2434 2312 Origenis
2470 2258 2686 2299 errores
2720 2247 2960 2316 aperiat;
2995 2263 3115 2300 nam
3146 2259 3364 2317 propter
3391 2247 3546 2304 Grae-

1977 2351 2053 2393 ca:
2079 2337 2272 2406 lingua:
2313 2337 2601 2404 inscitiam,
2641 2339 2694 2392 in
2739 2352 2802 2392 ea
2845 2340 3181 2409 ignoratione
3226 2342 3328 2397 fuit
3368 2343 3548 2415 Augu-

1974 2429 2172 2484 slinus.

2049 2519 2154 2575 Vll.
2187 2521 2376 2576 Adhuc
2421 2536 2545 2574 cum
2589 2519 2823 2591 Origene
2874 2523 3135 2592 praeclare
3177 2535 3358 2581 actum
3404 2538 3544 2592 erat,

1974 2624 2150 2680 neque
2176 2621 2383 2665 tantum
2418 2611 2491 2663 illi
2534 2611 2842 2680 ignominia:
2877 2615 3188 2670 inusserant
3225 2618 3545 2683 adversarii,

1975 2714 2230 2771 quantum
2255 2704 2606 2766 celebritatis,
2645 2705 3035 2760 inclarescente
3063 2707 3112 2760 in
3143 2709 3262 2761 dies
3284 2709 3546 2762 doctrinae

1975 2795 2137 2856 latina,
2169 2791 2344 2847 fuerat
2368 2794 2593 2862 adeptus
2618 2811 2632 2858 ;
2659 2811 2779 2848 cum
2803 2798 3071 2865 susceptis
3099 2798 3361 2865 quosdam
3405 2798 3548 2852 inter

1972 2883 2367 2938 ecclesiasticos
2409 2885 2556 2938 viros
2583 2886 2908 2950 inimicitiis,
2961 2889 3154 2956 partim
3196 2888 3546 2960 Origenismi,

1973 2978 2169 3046 partim
2210 2977 2406 3047 privati
2458 2979 2564 3032 odii
2616 2995 2802 3046 causa,
2840 2981 3092 3035 max-imis
3139 2983 3375 3037 mo'tibus
3425 2985 3544 3038 uni-

301 3089 580 3150 ronymus.
625 3075 756 3128 Tam
801 3082 983 3142 aperte
1010 3080 1190 3127 autem
1225 3071 1442 3143 Origeni
1476 3073 1700 3128 adhaesit
1731 3073 1870 3129 Gre.
1901 3111 1943 3168 ο
1977 3081 2132 3120 versa
2165 3067 2401 3122 Ecclesia
2444 3083 2706 3124 concussa
2744 3079 2847 3124 est.
2894 3071 3045 3137 Quod
3076 3072 3120 3125 si
3150 3081 3405 3127 accurate
3431 3073 3544 3126 sin-

299 3169 484 3239 g'orius
507 3165 780 3236 Nyssenus
803 3205 818 3231 ,
851 3175 911 3217 ut
940 3181 1046 3218 non
1083 3180 1206 3218 eum
1247 3166 1419 3220 solum
1449 3178 1762 3235 prosecutus
1803 3168 1873 3222 sit

301 3260 572 3323 laudibus,
602 3257 695 3313 sed
724 3258 974 3327 dogmata
1010 3257 1174 3311 etiam
1205 3255 1323 3326 ejus
1360 3257 1564 3328 aliquot
1597 3261 1825 3314 tenuerit
1855 3277 1870 3313 :

300 3353 436 3404 adeo
479 3361 536 3404 ut
574 3349 643 3403 ab
685 3347 1004 3418 Orlgenistis
1052 3359 1305 3417 corrupta
1344 3349 1510 3419 ipsius
1553 3353 1775 3420 scripta.
1820 3361 1874 3407 et

301 3443 604 3497 adulterata
652 3440 908 3511 peculiari
945 3439 1084 3494 libro
1122 3442 1499 3498 demonstrare
1528 3455 1755 3498 conatus
1801 3447 1872 3500 sit

298 3533 605 3590 Germanus
638 3533 968 3603 patriarcha,
1017 3535 1172 3602 cujus
1223 3544 1478 3603 excerpta
1530 3535 1689 3589 habet
1732 3537 1872 3591 Pho-

300 3624 408 3680 tius
433 3625 553 3681 cod.
577 3639 835 3680 ccxxxnt.
864 3625 1026 3679 Certe
1052 3625 1102 3678 in
1133 3625 1496 3693 disputatione
1545 3629 1608 3680 de
1633 3629 1868 3693 homine,

298 3717 601 3772 animarum
629 3715 970 3787 προῦπαρξιν
1009 3723 1064 3770 et
1097 3717 1590 3786 μετενσωμάτωσιν
1621 3721 1871 3786 reprobat

297 3809 632 3878 Gregorius,
688 3824 718 3862 a
773 3809 992 3861 nomine
1053 3820 1232 3861 autem
1305 3807 1555 3877 Origenis
1614 3811 1868 3866 abstinet.

300 3902 684 3971 Hieronymum
743 3914 957 3968 quoque
1016 3901 1189 3969 ipsqu
1237 3900 1398 3954 etiam
1437 3909 1547 3954 tum
1594 3901 1869 3969 juvenem,

297 4001 664 4062 portentosum
709 3990 956 4061 Origenis
991 3992 1282 4062 ingenium,
1330 4001 1386 4046 et
1430 3993 1721 4062 singularis
1750 4009 1870 4049 eru-

296 4085 430 4139 ditio
476 4086 545 4137 ita
577 4094 853 4153 ceperant,
900 4094 957 4137 ut
1005 4085 1056 4138 in
1097 4085 1211 4152 ejus
1250 4085 1436 4139 laudes
1477 4101 1618 4155 saepe
1671 4103 1868 4142 excur-

299 4185 463 4238 reret,
500 4185 554 4229 et
579 4191 674 4244 pro
703 4189 853 4228 mero
876 4175 1182 4244 Origenista
1209 4175 1394 4229 haberi
1424 4186 1604 4244 posset
1629 4195 1644 4233 :
1679 4193 1865 4232 verum

295 4283 393 4337 per
447 4266 599 4336 ignes
653 4267 822 4320 cineri
880 4267 1065 4321 doloso
1122 4269 1430 4336 suppositos
1505 4269 1755 4325 incedere
1810 4287 1868 4326 se

294 4359 522 4413 subinde
548 4359 874 4427 intelligens,
902 4360 1088 4428 pedem
1121 4359 1323 4423 retulit,
1351 4369 1408 4414 ut
1435 4361 1486 4415 in
1513 4362 1866 4430 sequentibus

1977 3156 2098 3226 gula
2127 3159 2430 3211 consectari
2468 3159 2622 3212 nobis
2648 3171 2793 3213 esset
2834 3162 3189 3229 pmpositum,
3231 3163 3284 3215 in
3319 3163 3543 3217 immen-

1974 3267 2094 3308 sum
2148 3261 2419 3306 cresceret
2463 3253 2603 3306 istud
2641 3267 2809 3320 opus,
2860 3261 2914 3306 et
2967 3251 3105 3307 ultra
3157 3255 3548 3323 circumseptos

1974 3344 2336 3400 lucubrationi
2402 3346 2529 3400 huic
2582 3347 2849 3402 cancellos
2910 3363 3364 3413 excurreremus,
3415 3348 3548 3403 adeo

1975 3435 2129 3502 longa
2161 3447 2246 3491 est
2274 3437 2492 3506 injuria,
2516 3436 2685 3507 longae
2710 3438 2994 3507 ambages;
3023 3440 3115 3493 sed
3154 3456 3362 3494 summa
3409 3441 3543 3496 duu-

1975 3537 2123 3584 taxat
2157 3545 2334 3583 rerum
2380 3530 2590 3598 fastigia
2619 3545 3027 3600 persequemur.
3067 3531 3217 3597 Quod
3254 3543 3310 3586 ut
3354 3535 3543 3589 ordine

1973 3624 2245 3689 procedat,
2277 3638 2364 3676 res
2392 3622 2553 3676 altius
2597 3625 2884 3691 repetenda
2930 3633 3033 3677 est.
3077 3624 3459 3680 Consentiente
3487 3627 3539 3680 in

1971 3713 2217 3781 Origenis
2247 3713 2434 3768 laudes
2473 3724 2583 3768 toto
2620 3715 3005 3783 propemodum
3032 3717 3188 3780 orbe,
3221 3718 3444 3787 contigit
3485 3730 3543 3772 ut

1972 3805 2213 3860 nonnulli
2263 3808 2479 3876 egregia
2538 3806 2658 3874 ejus
2705 3808 2844 3860 dicta
2897 3807 3145 3878 fat-taque
3203 3826 3300 3879 pro
3349 3813 3543 3872 merito

1970 3895 2319 3962 demiranles,
2353 3896 2522 3965 ipsius
2553 3897 2716 3950 etiam
2761 3912 2976 3951 errores
3015 3913 3206 3965 parum
3254 3903 3543 3970 prudenter

1970 3996 2270 4051 tuerentur,
2298 3989 2492 4042 studiis
2525 3988 2637 4042 suis
2665 3989 2950 4058 moderari
2969 3993 3301 4057 nescientes,
3351 3993 3543 4064 Orige-

1971 4080 2131 4146 nique
2172 4089 2314 4132 recte
2339 4080 2591 4134 sentienti
2626 4081 3019 4146 adhaerescere,
3050 4084 3253 4137 erranti
3295 4088 3540 4140 nuntium

1970 4171 2263 4225 remittere.
2283 4170 2420 4225 Hinc
2441 4171 2630 4241 duplex
2666 4173 2865 4241 prodiit
2896 4173 3320 4243 Origenistarum
3347 4193 3538 4247 genus,

1965 4262 2400 4333 orthodoxorumj
2462 4274 2515 4319 et
2584 4266 3060 4322 heterodoxorum.
3120 4267 3266 4324 Inter
3350 4275 3540 4326 ortho-

1968 4356 2135 4410 doxos
2165 4355 2437 4425 ponimus,
2475 4356 2564 4424 qui
2594 4360 2839 4425 proxime
2883 4357 3082 4412 lauda-ti
3126 4370 3274 4424 sunt,
3318 4361 3535 4432 Origeni

293 4450 714 4506 declarabimus.
758 4450 866 4504 Nec
916 4459 994 4504 tot
1045 4459 1222 4504 tamen
1274 4451 1586 4520 Origeniani
1631 4455 1862 4509 nominis
1895 4450 1938 4504 ἰ)
1967 4462 2178 4500 summa
2214 4447 2399 4502 omnia
2429 4447 2634 4501 calculo
2665 4463 2764 4503 suo
2797 4450 3114 4514 tribuentes,
3171 4452 3238 4504 ab
3292 4452 3409 4520 ejus
3458 4457 3538 4507 vel

293 4543 536 4610 patronis
598 4542 870 4599 absterriti
915 4554 1039 4597 sunt
1081 4543 1396 4597 Theodorus
1441 4542 1860 4614 Mopsuestenus

290 4643 349 4687 et
373 4633 719 4703 Apollinaris,
753 4634 1040 4702 quominus
1077 4634 1150 4688 illi
1194 4636 1368 4704 palam
1414 4635 1501 4690 hic
1531 4637 1861 4702 detraheret,

293 4725 385 4778 ille
411 4723 590 4779 multis
616 4727 780 4778 etiam
805 4726 1020 4794 scriptis
1059 4727 1328 4795 opusculis
1363 4740 1734 4798 oppugnaret;
1770 4733 1861 4784 sed

293 4818 426 4872 levis
460 4828 542 4873 est
571 4818 825 4872 momenti
860 4818 1234 4872 haereticortnn
1281 4821 1555 4874 hominum
1587 4823 1860 4876 obtrecta-

293 4910 387 4964 tio.
431 4910 634 4963 Auctor
666 4925 879 4979 quoque
921 4909 1285 4980 Dialogorum,
1320 4912 1410 4979 qui
1442 4913 1677 4967 Cresario
1719 4913 1859 4968 Gre-

291 5003 429 5070 gorii
490 5000 818 5057 Nazianzeni
887 5002 1040 5056 fratri
1099 5013 1465 5064 ascrmuntur,
1531 5013 1586 5058 et
1640 5004 1857 5058 Maximi

295 5105 472 5148 tamen
522 5095 754 5149 Caesario
814 5094 1161 5161 recentioris,
1219 5104 1271 5148 et
1329 5093 1572 5164 Gregorii
1630 5095 1858 5165 Nysseni

293 5187 610 5256 fragmentis
640 5185 765 5240 l'arti
803 5193 957 5250 sunt;
990 5195 1196 5250 auctor,
1244 5187 1482 5254 inquam,
1527 5187 1615 5241 ille
1641 5189 1708 5242 de
1735 5187 1857 5243 Ori-

290 5295 426 5350 gene
484 5279 621 5333 male
668 5279 836 5333 sensit
884 5292 947 5332 ac
996 5278 1213 5347 scripsit
1261 5278 1324 5343 η’,
1389 5278 1682 5348 μυθολόγον
1735 5295 1858 5332 eum

290 5371 581 5441 appellans,
612 5371 780 5432 ἀκοὰς
835 5371 930 5440 μὲν
978 5370 1256 5438 Θέλγοντα,
1312 5369 1488 5441 ψυχὰς
1525 5371 1580 5424 δὲ
1626 5371 1687 5424 οὐ
1727 5371 1854 5442 τρέ-

290 5478 489 5532 φοντα’
531 5480 550 5514 r
578 5463 748 5516 Aures
791 5460 1007 5531 quidem
1054 5462 1408 5526 mulcentem,
1461 5464 1672 5515 animas
1729 5477 1854 5514 vero

291 5555 508 5608 minime
575 5554 991 5616 nutrientcmn
1059 5561 1113 5607 et
1161 5553 1262 5620 τῆς
1318 5552 1484 5623 ὀργῆς
1540 5551 1849 5622 ἐπώνυμον,

1969 4537 2329 4602 discedentes,
2370 4540 2452 4593 vel
2483 4539 2762 4594 discedere
2798 4551 3016 4609 paratos
3043 4544 3340 4608 erroribus,
3378 4546 3539 4598 simul

1965 4643 2127 4701 atque
2163 4631 2390 4687 fuissent
2424 4633 2710 4701 perspecti,
2764 4643 2817 4686 et
2866 4632 2935 4686 ab
2991 4632 3228 4689 Ecclesia
3275 4636 3534 4692 damnati.

1966 4722 2156 4777 Iisdem
2178 4738 2530 4778 accensemus
2555 4722 2814 4777 Joannem
2845 4723 3314 4794 Chrysostomum,
3363 4727 3539 4783 Theo-

1968 4816 2155 4869 timum
2180 4815 2547 4880 Tomitanum,
2573 4817 2848 4885 ctaliquos
2869 4833 2936 4870 ex
2966 4817 3030 4872 iis
3057 4833 3192 4886 quos
3213 4818 3534 4889 Origenismi

1964 4922 2127 4960 causa
2154 4916 2377 4961 vexatos
2412 4906 2577 4961 fuisse
2607 4907 2744 4960 infra
2782 4908 3158 4972 narrabimus;
3190 4910 3538 4966 heterodoxis

1965 4997 2284 5051 ascribimus
2309 4996 2586 5066 Dydimum
2618 4997 3061 5062 Alexandrinum,
3087 4997 3349 5054 Joannem
3380 5001 3536 5056 Jero-

1964 5088 2366 5158 solymitanum,
2401 5089 2690 5157 Evagrium
2728 5087 3032 5154 Ponticum,
3059 5089 3353 5146 Palladium
3381 5093 3538 5148 Gala-

1961 5191 2094 5243 tam,
2127 5180 2386 5234 lsidorum
2413 5221 2428 5245 ,
2494 5180 2770 5244 Ruﬁnum,
2820 5189 2875 5234 et
2921 5181 3228 5250 complures
3259 5199 3325 5236 ex
3361 5184 3528 5255 Egy-

1963 5274 2089 5342 ptiis
2143 5274 2419 5327 monachis
2476 5273 2566 5342 qui
2619 5271 2850 5326 Nitriam
2921 5287 3156 5329 montem
3189 5275 3531 5342 incolebant,

1963 5380 2205 5436 quosque
2228 5366 2579 5434 -Origcnismi
2619 5379 2829 5419 veneno
2859 5366 3065 5433 primos
3098 5365 3262 5420 fuisse
3297 5367 3534 5423 imbutos

1966 5459 2389 5513 narratNicetas
2419 5457 2673 5511 Thesaur.
2721 5457 2932 5510 orlhod.
2978 5458 3074 5525 ﬁd.
3109 5457 3230 5511 libr.
3273 5473 3348 5522 tv,
3399 5461 3530 5516 hair.

1961 5552 2051 5605 51.
2105 5550 2368 5606 Peculiari
2409 5549 2801 5604 commentario
2846 5546 3181 5617 Origenistas
3237 5554 3532 5607 monachos

359 5664 570 5741 "'llier.
601 5665 675 5741 pe
708 5667 884 5733 script.
925 5666 1100 5741 (coles.
1147 5666 1197 5719 in
1239 5665 1476 5741 Hilario;
1508 5675 1560 5720 et
1595 5667 1963 5741 librzrdnol.
2009 5667 2157 5741 adv.“
2181 5664 2354 5741 Ruﬁn.
2381 5680 2499 5741 cap.
2537 5663 2591 5725 2,
2628 5671 2682 5716 et
2894 5679 2952 5729 tt,
2985 5675 3034 5718 c.
3066 5660 3136 5727 ὃς
3213 5674 3268 5720 ct
3315 5666 3528 5741 Prolog.

290 5737 341 5788 in
370 5735 489 5791 libr.
525 5751 560 5788 ll
592 5736 788 5789 Comm.
823 5741 873 5789 in
935 5735 1114 5803 Hicin,
1150 5746 1202 5789 et
1232 5738 1387 5805 epist.
1413 5737 1499 5803 75,
1535 5739 1652 5791 adv.
1689 5736 2047 5805 Vigilantiam.

2128 5737 2168 5768 “
2204 5725 2411 5801 Di'alog.
2441 5725 2494 5796 3,
2533 5750 2673 5792 resn.
2716 5725 2837 5789 151.
