1930 3113
180 152 249 180 H23

810 150 840 177 P.
860 148 1019 177 DANIELIS
1034 147 1152 178 HUETII

1736 152 1748 178 ί
1758 153 1807 179 l2]

179 213 290 239 laudare
302 212 456 239 instituerat
468 212 592 244 Ruﬁnus,
609 212 684 239 utab
706 211 869 247 Hieronymo
888 218 965 238 acee-
980 212 1003 240 A
1018 219 1125 247 geriem.
1144 213 1185 240 vel
1200 219 1249 246 pro
1270 212 1388 247 Origene
1407 215 1566 247 argumenta
1586 210 1706 239 studiose
1728 211 1808 237 colli-

179 259 281 292 piinus,
310 257 388 291 cujus
420 258 477 284 hinc
496 263 561 285 sunt
589 258 668 284 verba
696 259 730 284 ad
757 257 964 291 Ctesiphontem,

180 310 239 337 cap.
256 303 274 330 2
290 312 298 330 :
318 312 327 328 ι
340 303 449 330 Librum
461 311 568 339 quoque
591 304 700 339 scripsit
720 304 796 339 quasi
825 304 857 331 de
875 311 966 330 mona-

178 350 248 380 chis,
260 348 411 383 multosque
429 349 454 375 in
472 356 504 376 eo
517 355 670 382 enumerat,
696 351 740 384 qni
759 356 894 384 nunquam
910 348 966 375 fue-

179 399 254 427 runt,
281 399 309 422 et
335 401 404 428 quos
428 394 512 422 fuisse
536 395 642 427 scribit,
671 394 852 430 Origenistas,
879 399 907 422 et
932 394 966 421 ab

178 440 314 475 episcopis
331 441 471 467 damnatos
491 447 552 468 esse
577 448 631 468 non
650 441 760 468 dubium
776 444 828 470 est.
857 441 966 468 Ammo-

179 485 253 511 iiium
284 484 418 516 videlicet,
444 489 472 511 et
494 485 655 518 Eusebium;
685 490 712 512 et
738 485 910 519 Euthymion,
940 489 967 512 et

180 531 266 565 ipsum
280 530 434 565 Evagriunt,
447 529 485 557 0r
497 538 615 565 quoque,
636 536 662 557 et
674 530 815 561 lsidorum,
827 534 854 557 et
870 530 966 557 mullos

178 574 257 607 alios,
276 581 346 609 quos
360 582 522 602 enumerare
545 575 651 601 tatdium
667 579 720 602 est.
752 574 785 601 Et
805 575 880 609 juxta
902 574 966 602 illud

184 620 303 648 Lucretii
316 629 323 647 :

268 676 305 701 Ai:
320 674 398 702 veluti
417 676 504 710 pueris
519 676 651 703 absinthia
670 680 734 702 tetra
747 676 876 703 medentes

268 710 333 736 Cum
349 712 412 736 dare
429 716 568 742 conantur,
588 712 662 744 prius
678 719 738 738 oras
758 712 852 745 pocula
866 711 964 737 circum

268 745 428 779 Contingunt
445 746 528 772 mellis
541 746 610 772 dulci
627 747 744 782 flavoque
759 746 858 780 liquore
870 745 890 761 ”
903 755 911 779 ;

180 805 215 831 ita
233 803 275 831 ille
290 811 373 831 unum
392 803 524 831 Joannem
546 803 572 831 in
594 804 677 839 ipsius
697 804 759 832 libri
784 805 874 839 posuit
890 805 967 839 prin-

179 849 260 884 cipio,
276 857 355 884 quem
375 855 402 876 et
419 849 582 877 catholicum
610 854 638 877 et
658 855 781 877 sanctum
803 850 886 878 fuisse
910 858 963 877 non

179 896 289 923 dubium
306 899 358 927 est,
372 900 401 922 ut
418 903 465 929 per
486 895 558 923 illius
570 896 741 923 occasionem
757 901 882 929 caeteros,
899 904 966 931 quos

179 946 307 976 posuerat
315 942 468 975 haereticos,
477 941 601 969 Ecclesia:
609 942 801 970 introduceret.
816 952 824 968 i
833 942 965 970 Joannem

179 988 403 1023 Chrysostomnm
423 988 465 1015 his
487 988 635 1023 signiﬁcari
661 994 733 1016 recte
753 989 851 1016 asserit
869 988 967 1015 Mai-iit-

179 1042 230 1061 niis
243 1034 378 1062 Victorius
391 1043 399 1067 ;
412 1034 459 1061 sed
472 1034 586 1067 fallitur,
602 1034 682 1061 alium
697 1035 767 1062 hunc
779 1043 838 1062 esse
852 1035 967 1070 opinans

180 1079 325 1115 Evagrinin
341 1080 375 1107 ab
394 1080 509 1116 Evagrio
530 1080 643 1108 Pontico
661 1081 849 1117 Hyperborita,
867 1082 906 1109 uti
932 1082 967 1110 ab

181 1125 345 1160 Hieronymo
358 1126 420 1153 alibi
441 1126 602 1161 appellatur.
622 1127 852 1160 Quemadmodum
877 1133 966 1155 autem

179 1171 348 1206 Origenistas
367 1171 463 1199 Latine
479 1172 618 1199 celebrare
641 1172 755 1199 huiiiius
772 1173 907 1207 instituit;
930 1174 967 1201 ita

181 1216 295 1251 idipsum
310 1216 403 1243 Grmce
420 1224 435 1243 a
457 1215 576 1243 Palladio
592 1217 692 1243 factum
713 1221 765 1249 est,
792 1217 818 1244 in
838 1216 968 1244 Lausiaca

180 1262 289 1288 Itistoria
308 1269 384 1296 :quo
400 1269 482 1296 opere
505 1261 598 1289 lsidori
611 1281 619 1295 ,
646 1262 791 1294 Dorotliei,
814 1261 961 1295 Aiuinonii,

182 1307 300 1342 Evagrii,
325 1307 374 1339 0r,
403 1307 573 1335 Poiainiienai
599 1307 726 1342 Origenis
746 1308 894 1343 discipulae,
922 1307 968 1335 Di-

181 1352 267 1388 dynti,
282 1352 451 1387 aliorumque
466 1353 620 1380 Adainaiitii
634 1357 798 1381 sectatorum
813 1354 883 1381 vitas
895 1361 969 1387 com-

179 1398 275 1433 plexus
289 1402 339 1425 est.
359 1397 443 1425 Porro
459 1406 507 1426 nos
520 1406 695 1433 quoscunque
707 1399 778 1425 inter
793 1398 971 1425 heterodoxos

180 1444 350 1479 Origenistas
375 1445 512 1479 ponimus,
533 1452 582 1480 pro
604 1444 739 1471 hiereticis
762 1443 856 1471 haberi
873 1444 969 1476 velint;

182 1489 338 1516 tralatitium
354 1490 425 1517 enim
440 1495 491 1523 est,
507 1498 558 1516 non
572 1497 705 1522 errorem,
718 1490 764 1517 sed
777 1490 969 1524 pertinaciam,

181 1535 337 1563 haeretieuin
356 1535 456 1563 facere.
471 1536 594 1568 Melania,
605 1540 678 1570 puta,
690 1543 723 1564 ex
736 1536 788 1563 ltoc
800 1536 863 1563 licet
878 1543 968 1571 grege,

181 1582 254 1610 inter
273 1586 383 1609 sanctos
408 1587 497 1609 tamen
517 1582 602 1609 relata
622 1586 686 1616 est;
713 1586 740 1608 et
765 1589 800 1608 ex
829 1582 969 1609 monachis

181 1627 235 1654 illis
264 1627 448 1655 Nitricnsibns
487 1628 608 1655 nonnulli
640 1629 666 1655 in
697 1628 906 1663 pseudosynodo
935 1628 969 1655 ad

181 1675 317 1708 Quercum
334 1675 427 1702 habita
450 1679 540 1702 errata
553 1682 601 1702 sua
615 1675 667 1702 sibi
684 1675 832 1703 condonari
848 1674 968 1711 postula-

181 1725 243 1747 runt
261 1725 289 1748 et
301 1721 488 1755 impetrarunt.

215 1768 304 1802 Atque
327 1768 384 1794 lucc
415 1767 630 1803 Origcnistarum
660 1767 797 1796 distinctio
827 1768 971 1803 diligenter

180 1813 298 1839 notanda
317 1818 359 1840 est
373 1821 380 1839 :
396 1821 459 1840 nam
485 1814 632 1842 monachos
652 1814 712 1842 illos
734 1814 898 1848 Nitrienses,
924 1815 969 1849 qui

182 1857 234 1883 hac
248 1861 407 1891 tempestate
421 1857 641 1893 Origenistarum
663 1859 842 1894 appellatione
858 1859 970 1886 infama-

181 1902 289 1934 baittur,
310 1902 452 1929 htcrctieos
480 1903 566 1930 fuisse
590 1910 683 1931 censet
703 1912 798 1932 ontnes
824 1905 967 1938 Baronius,

180 1956 231 1975 nec
244 1953 298 1975 tam
310 1948 435 1983 Origenis
447 1949 541 1983 gloria:
552 1949 665 1983 favisse.
677 1958 758 1985 quam
773 1950 858 1985 ipsius
875 1951 971 1985 opina-

180 1994 299 2021 tionibus
321 1994 456 2021 mordicus
485 1995 632 2023 adhaesisse
660 2002 744 2029 :qua:
773 1995 838 2022 iitilii
865 1995 970 2022 videtur

180 2040 313 2066 sententia
346 2040 541 2075 Clirysostomo
579 2045 606 2068 et
649 2041 791 2068 Theotimo
823 2040 967 2069 Tomitano

180 2086 319 2120 episcopo,
335 2087 516 2114 sanctissimis
539 2088 616 2120 viris,
637 2095 767 2122 perquam
791 2095 852 2115 esse
873 2093 970 2115 contu-

181 2132 303 2159 meliosa.
335 2132 376 2159 Ab
393 2132 459 2167 ipsis
473 2133 518 2160 alii
532 2141 641 2160 omnem
665 2134 765 2161 erroris
789 2133 969 2168 suspicionem

181 2183 299 2205 amotam
314 2185 374 2206 esse
390 2179 495 2211 volunt,
513 2183 541 2206 et
561 2179 644 2206 totius
669 2180 881 2207 concertationis
902 2180 970 2207 invi-

1017 260 1152 293 gentitius,
1163 259 1272 286 minime
1286 266 1352 286 sane
1363 258 1456 285 fuisset
1467 257 1686 292 praetermissum.
1702 255 1808 287 Super-

1017 309 1060 331 est
1085 304 1178 338 igitur,
1199 308 1229 330 iit
1251 304 1373 330 dicamus
1395 303 1563 337 Origetiistas
1587 301 1672 328 fuisse
1691 300 1808 334 duplicis

1017 352 1141 386 generis,
1156 351 1331 382 ortliodoxos,
1342 356 1368 377 et
1381 350 1578 382 heterodoxos;
1594 353 1622 376 et
1639 347 1807 375 invidiosum

1017 398 1070 424 hoc
1085 405 1182 424 nomen
1208 397 1299 424 multis
1317 396 1470 428 iimmerito,
1488 395 1611 430 pluribus
1637 394 1717 421 etiam
1745 393 1807 427 jure

1017 443 1099 470 fuisse
1112 443 1251 469 tributum.
1266 442 1359 469 Fidem
1373 440 1491 475 opinioni
1508 445 1607 467 nostra:
1626 439 1727 466 faciunt
1741 438 1807 465 hinc

1016 487 1111 515 Graeca
1127 487 1288 522 ineiiologia,
1307 494 1367 521 qua:
1385 485 1531 513 nonnullos
1552 493 1583 512 ex
1598 484 1763 520 Origenistis
1777 483 1805 510 in

1016 540 1173 561 sanctorum
1196 533 1284 560 album
1320 532 1458 564 referunt,
1491 536 1518 558 et
1543 535 1663 564 spectata
1685 529 1808 564 Chryso-

1016 581 1096 608 stonti
1112 580 1197 607 virtus
1219 586 1250 606 ac
1272 579 1373 613 pietas,
1392 578 1438 613 qui
1459 585 1505 605 eos
1523 578 1560 604 ita
1587 581 1688 603 tutatus
1709 580 1762 606 est,
1776 577 1808 601 ut

1018 626 1141 652 eamdem
1167 632 1274 659 quoque
1291 624 1342 650 sibi
1368 623 1575 658 appellationem
1600 621 1803 652 conscisceret;

1018 671 1078 698 inde
1094 670 1248 705 Hieronymi
1262 675 1289 696 et
1303 668 1445 703 Epiphanii
1461 667 1583 702 partibus
1605 666 1658 693 illis
1672 667 1806 692 haereseos

1017 721 1108 743 itotani
1122 715 1315 750 imponentium
1335 713 1500 741 testificatio.
1514 712 1639 740 Profecto
1653 719 1703 737 non
1719 718 1801 736 unam

1018 761 1101 788 fuisse
1112 760 1324 795 Origenistarnm
1333 759 1452 787 ontnium
1465 758 1625 790 doctrinam,
1635 763 1684 783 nec
1694 756 1803 782 eosdem

1017 815 1107 834 mores
1120 806 1184 834 satis
1196 814 1230 833 ex
1246 806 1395 840 Epiphanio
1405 804 1549 835 evincitur,
1569 803 1613 838 qui
1638 802 1702 829 haar.
1719 801 1755 827 65
1776 804 1806 826 et

1017 852 1062 885 64,
1079 852 1215 887 geminum
1239 851 1344 877 illorum
1359 849 1480 883 agnoscit
1494 855 1576 883 genus
1591 854 1599 873 :
1614 846 1641 873 in
1656 852 1710 880 quo
1734 844 1804 871 licet

1018 898 1119 925 incerta
1136 897 1294 933 prodiderit,
1307 900 1334 923 et
1349 900 1406 930 post
1419 895 1505 929 ipsum
1524 892 1699 927 Augustinus,
1716 889 1807 918 multi-.-

1018 945 1114 980 plicem
1129 950 1217 972 tamen
1234 943 1373 971 hominum
1389 942 1495 969 illorum
1511 940 1594 968 fuisse
1606 943 1705 966 sectam
1720 944 1756 965 ex
1771 944 1807 964 eo

1017 991 1188 1026 perspicuum
1203 996 1254 1018 est.
1276 988 1350 1016 inter
1364 996 1411 1017 eos
1427 993 1456 1016 ut
1477 986 1656 1022 integerrimis
1679 982 1807 1011 nonnulli

1017 1038 1126 1064 fuerunt
1141 1037 1271 1068 moribus,
1281 1035 1318 1062 ita
1332 1035 1430 1063 foedant
1442 1033 1578 1060 libidinem
1590 1036 1617 1058 et
1627 1029 1808 1058 Onanisniutll

1020 1083 1125 1117 aliquos
1139 1081 1295 1109 exercuisse
1311 1080 1437 1108 referenti
1452 1078 1599 1113 Epiphanio
1614 1076 1695 1104 facile
1707 1076 1804 1106 credo;

1018 1127 1149 1163 quidquid
1161 1127 1330 1154 contradicat
1341 1125 1500 1153 llalloxius:
1515 1131 1547 1151 ex
1558 1129 1645 1157 eoque
1658 1121 1805 1148 adductum

1018 1173 1141 1207 suspicor
1157 1170 1348 1206 Epiphaniuin,
1367 1175 1467 1197 utcum
1487 1172 1617 1203 praeterea
1639 1172 1690 1193 non
1711 1165 1805 1192 eadeiu

1018 1219 1118 1246 setttire
1130 1217 1299 1253 Origenistas
1314 1223 1410 1243 omnes
1427 1215 1587 1245 inaudisset,
1603 1216 1710 1249 putaret
1727 1215 1806 1243 turpe

1018 1264 1083 1292 illud
1100 1264 1210 1295 factum,
1236 1262 1307 1297 quod
1329 1268 1433 1288 ntorum
1460 1264 1519 1287 erat
1543 1259 1646 1291 vitium,
1674 1256 1807 1283 doctrinae

1018 1318 1138 1338 errorem
1160 1309 1254 1341 fuisse,
1275 1314 1357 1343 atque
1375 1308 1411 1333 ita
1428 1306 1561 1341 duplicem
1578 1309 1679 1332 sectam
1701 1302 1805 1329 consti-

1021 1360 1117 1384 tueret.
1138 1355 1173 1383 Ut
1184 1356 1240 1382 ntiti
1253 1355 1375 1389 plerique
1387 1354 1495 1380 fuerunt
1509 1352 1626 1386 ingenio,
1642 1351 1677 1377 ita
1695 1354 1808 1376 conten-

1020 1403 1081 1430 tiosi
1112 1402 1169 1435 alii,
1194 1400 1342 1429 refractarii
1367 1404 1393 1426 et
1409 1396 1638 1430 cervicosi;velut
1653 1403 1698 1429 qui
1722 1394 1807 1420 l'lix-o-

1021 1449 1094 1484 philo
1110 1446 1291 1475 Alexandrino
1316 1445 1422 1481 prtcsuli
1447 1442 1577 1470 violentas
1603 1447 1687 1475 prope
1710 1445 1810 1465 manus

1020 1495 1179 1527 intulerunt,
1200 1499 1230 1521 ut
1253 1493 1394 1520 dicemus:
1410 1490 1516 1518 dicaces
1532 1488 1577 1515 alii
1595 1492 1622 1514 et
1642 1485 1807 1521 petulantes,

1021 1542 1142 1570 dicteriis
1153 1548 1224 1576 saepe
1234 1544 1261 1567 et
1272 1537 1441 1567 contumeliis
1450 1536 1605 1565 Catliolicos
1616 1533 1807 1564 lacessebant;

1020 1592 1092 1616 velut
1118 1589 1143 1615 in
1163 1595 1211 1619 eo,
1233 1586 1303 1620 quod
1327 1592 1478 1616 narramus,
1507 1582 1629 1613 dissidio,
1649 1579 1809 1608 Catholicos

1021 1634 1189 1671 appellabant
1202 1633 1363 1663 Pelusiotas,
1371 1630 1442 1666 quod
1459 1634 1583 1664 tanquam
1599 1627 1657 1654 luto
1673 1624 1808 1671 immersi,

1000 1684 1004 1689 '
1020 1685 1047 1708 et
1062 1680 1136 1707 curvi
1152 1680 1178 1706 in
1198 1684 1284 1705 terras
1301 1686 1332 1704 ac
1356 1675 1506 1704 caelestium
1526 1674 1621 1701 inanes
1636 1676 1747 1703 essent;
1773 1670 1808 1696 ad

1019 1733 1113 1752 vocent
1136 1724 1233 1760 πῆλος,
1249 1728 1277 1750 et
1293 1730 1390 1750 nomen
1410 1720 1520 1752 Pelusii,
1548 1719 1576 1746 in
1593 1717 1806 1753 Origeuistarum

1020 1770 1207 1801 Nilrieusiuin,
1223 1773 1355 1796 eteorum
1377 1767 1422 1802 qui
1444 1767 1471 1794 in
1495 1765 1636 1793 Palzestina
1662 1762 1807 1797 degebant.

1021 1817 1119 1844 vicinia
1134 1816 1191 1849 siti,
1207 1814 1304 1850 frigido
1320 1819 1347 1841 et
1366 1813 1471 1841 scurrili
1486 1813 1548 1847 joco
1565 1810 1722 1838 alludentes.
1740 1808 1811 1834 ﬂic-

1022 1870 1149 1898 ronymus
1159 1861 1289 1896 epist.6l,
1305 1863 1339 1888 ad
1356 1860 1593 1892 Paininacli.,cap.
1606 1857 1638 1884 5:
1657 1865 1665 1880 ι
1681 1854 1727 1881 Hae
1743 1857 1812 1881 sunt

1020 1909 1138 1943 stropha:
1153 1912 1251 1935 vestrae
1272 1912 1352 1941 atque
1364 1905 1515 1940 prmstigiae,
1533 1904 1632 1938 quibus
1654 1909 1702 1928 nos
1723 1899 1810 1926 Pc-lu-

1021 1956 1114 1987 siotas,
1137 1960 1164 1982 et
1182 1954 1318 1988 jumenia,
1344 1957 1372 1980 et
1398 1951 1528 1978 animales
1554 1950 1676 1977 homines
1700 1948 1807 1977 dicitis,

1021 2001 1149 2036 quianon
1165 1999 1309 2033 recipimus
1330 2005 1361 2025 ea
1381 2004 1441 2031 qua:
1465 1996 1576 2030 spiritus
1598 1998 1668 2021 sunt.
1683 2002 1693 2019 ι
1720 1991 1811 2018 Baro~

1022 2047 1095 2073 niiim
1112 2045 1180 2080 fugit
1195 2045 1258 2072 dicti
1274 2043 1353 2078 hujus
1372 2041 1532 2077 signiﬁcatio
1543 2061 1551 2072 ,
1565 2045 1592 2067 et
1608 2047 1673 2074 pro,
1704 2047 1713 2063 ε
1726 2037 1812 2064 Pelii-

1021 2092 1114 2124 siotas,
1128 2100 1137 2117 t
1166 2090 1215 2124 legi
1236 2090 1321 2125 jubet,
1352 2088 1548 2118 «Pilosiotasn
1569 2086 1640 2121 quod
1666 2089 1812 2111 uterentur

1021 2136 1181 2171 Origenista:
1207 2144 1217 2160 ι
1231 2135 1281 2161 hac
1301 2141 1377 2165 voce,
1408 2133 1582 2167 suggillantes
1598 2135 1678 2164 atque
1690 2129 1811 2156 subsan-

1022 2187 1118 2210 naittes
1132 2181 1295 2213 Catholicos,
1319 2180 1396 2214 quasi
1416 2179 1557 2206 crederent
1580 2180 1700 2204 mortuos
1715 2182 1813 2202 resur-

181 2224 252 2250 diam
272 2229 433 2251 convertunt
452 2225 477 2252 iii
499 2225 640 2259 episcopos
652 2225 816 2261 Origenistis
837 2226 967 2258 infensos,
986 2225 1008 2252 ι)
1022 2233 1141 2255 recluros
1153 2228 1234 2254 etiam
1250 2234 1311 2253 cum
1336 2226 1406 2260 pilis,
1429 2225 1490 2251 dum
1512 2228 1584 2249 recte
1610 2222 1734 2248 dicerem
1760 2226 1812 2247 (εοο

181 2277 249 2304 quos
265 2271 381 2304 propriis
396 2271 581 2298 simultatibus
597 2271 761 2306 Origenismi
774 2279 883 2299 causam
899 2280 968 2307 prte-

183 2320 314 2348 texentcs,
329 2317 420 2351 inique
440 2318 512 2344 viros
528 2317 648 2345 insontes
664 2326 778 2345 vexasse
792 2319 967 2352 pertendunt;

182 2362 364 2396 piissiitioruin
396 2363 535 2390 hominum
570 2363 728 2399 Hieronymi
759 2369 786 2391 et
824 2363 968 2399 Epipltanii

181 2408 372 2435 auctoritatem
406 2417 438 2436 ac
470 2410 654 2436 testiitioiiium
680 2410 790 2444 insuper
815 2410 968 2443 habentes,

182 2453 270 2488 iisque
278 2453 402 2486 Palladii,
415 2456 482 2482 meri
498 2455 671 2490 Origenistie,
686 2463 701 2482 a
713 2463 767 2490 quo
778 2456 968 2491 Chrysostonii

182 2499 236 2525 vita
250 2499 401 2534 conscripta
417 2505 471 2533 est,
489 2500 647 2536 suﬁ‘ragiu’m
665 2506 870 2536 anteponentes.
894 2501 969 2528 Heri-

183 2543 275 2570 bertus
291 2544 472 2579 llosweydus,
487 2546 608 2573 historiae
622 2547 815 2574 ecclesiastica:
832 2551 970 2574 scrutator

183 2589 308 2623 diligens,
333 2590 381 2617 hos
403 2591 473 2618 inter
493 2592 598 2619 medius
617 2592 729 2625 incedit,
760 2597 787 2620 et
813 2593 886 2620 viros
909 2592 969 2619 illos

182 2635 229 2670 qui
253 2635 414 2670 (lrigenismi
441 2636 548 2663 nomine
579 2637 695 2664 traducti
722 2643 784 2664 sunt
802 2658 810 2669 ,
841 2638 968 2672 dogmata

183 2681 299 2716 primunt
308 2681 433 2717 Origenis
446 2683 610 2715 defendisse,
625 2683 722 2710 deinde
734 2691 799 2710 vero
813 2684 969 2717 repudiasse

183 2727 315 2760 conjectat
329 2735 336 2754 :
351 2728 431 2762 quod,
445 2729 467 2755 si
481 2728 517 2755 ita
531 2733 615 2761 esset,
628 2729 662 2756 ab
676 2729 793 2761 illorum,
808 2728 969 2763 velsequen-

185 2772 250 2799 tiuiti
267 2778 417 2809 temporum
439 2775 628 2810 scriptoribus,
650 2775 739 2802 omnia
759 2776 888 2803 adversus
907 2774 966 2802 Ori-

1023 2278 1225 2300 resurrecturos
1249 2280 1307 2298 cum
1334 2271 1444 2305 singulis
1462 2269 1582 2303 corporis
1601 2267 1728 2294 membris
1741 2267 1777 2292 “.
1798 2276 1807 2291 ι

1024 2317 1121 2344 Verum
1155 2316 1332 2350 expositionis
1362 2321 1460 2341 nostra:
1494 2314 1675 2347 lidejussorein
1712 2313 1812 2338 damus

1022 2363 1213 2397 Hieronymum
1239 2363 1336 2396 ipsum,
1363 2362 1442 2395 epist.
1468 2361 1511 2391 65,
1541 2360 1573 2386 ad
1591 2358 1751 2385 Paiiiitiach.
1781 2364 1808 2384 et

1022 2409 1132 2439 Ocean.,
1151 2416 1210 2442 cap.
1226 2408 1252 2435 5.
1272 2416 1280 2431 ‹
1294 2406 1452 2436 Pelusiotas,
1467 2405 1566 2439 inquit,
1590 2412 1638 2431 nos
1660 2404 1808 2438 appellant.

1021 2460 1047 2481 et
1063 2455 1159 2485 luleos,
1178 2453 1377 2486 animalesque,
1394 2456 1421 2478 et
1435 2458 1560 2481 cat-neos,
1579 2451 1648 2484 quod
1671 2458 1723 2476 non
1740 2450 1810 2476 reci-

1022 2501 1125 2534 piamus
1141 2508 1170 2526 ea
1185 2508 1245 2534 qua:
1261 2499 1372 2533 spiritus
1387 2503 1467 2528 sunt;
1489 2507 1497 2522 i
1518 2502 1545 2523 et
1559 2504 1617 2531 cap.
1635 2497 1646 2522 i
1662 2504 1669 2521 :
1685 2505 1693 2521 ι
1710 2494 1811 2521 Putant

1021 2547 1091 2573 enim
1104 2554 1146 2573 me
1160 2554 1236 2572 suutit
1252 2553 1311 2572 esse
1323 2545 1494 2580 ςυμμύστην,
1512 2548 1537 2570 et
1552 2547 1660 2577 propter
1674 2541 1808 2567 animales

1019 2597 1047 2619 cl
1061 2593 1145 2619 Iuleos
1164 2593 1232 2619 nolle
1248 2592 1334 2626 palatii
1363 2593 1486 2625 dogmata
1510 2589 1642 2616 conliteri.
1659 2597 1668 2613 ι
1693 2587 1808 2614 Manife-

1022 2639 1090 2665 stiiis
1107 2639 1186 2665 etiam
1202 2640 1227 2664 in
1238 2638 1334 2664 Jerem.
1357 2645 1432 2669 xxtx,
1450 2637 1501 2663 li:
1520 2645 1528 2661 ‹
1545 2636 1608 2668 Quae
1624 2642 1684 2661 cum
1697 2634 1812 2661 audiunt

1023 2684 1151 2717 discipuli
1167 2684 1224 2716 ejus
1248 2682 1407 2718 (Origciiis)
1434 2687 1460 2709 et
1485 2681 1647 2708 Grunnianae
1668 2680 1739 2713 (hoc
1766 2685 1810 2705 est

1024 2730 1132 2764 liulini)
1152 2730 1259 2755 familia:
1278 2734 1408 2760 stercora,
1435 2732 1530 2762 putant
1553 2734 1582 2754 se
1609 2726 1697 2753 divina
1714 2726 1812 2752 audim

1023 2777 1171 2811 ttiystcrizt;
1202 2783 1305 2810 nosque
1340 2776 1384 2810 qui
1410 2775 1462 2801 ista
1486 2773 1703 2805 contemnimus,
1731 2771 1811 2805 quasi

217 2865 239 2883 "
252 2866 358 2897 Lucret.
373 2868 419 2897 lib.
439 2877 476 2904 iv,
492 2877 562 2900 vers.
577 2871 620 2899 ll.
660 2869 681 2887 ιθ
700 2869 799 2899 Baron.
813 2870 846 2898 ad
861 2878 906 2900 an.
919 2870 982 2904 593,
998 2877 1056 2905 cap.
1074 2868 1118 2901 10,
1135 2872 1162 2896 et
1175 2867 1209 2896 ad
1223 2875 1268 2896 an.
1286 2866 1346 2900 £00,
1365 2864 1478 2901 cap.86.

1905 187 1908 272 l
