3834 6226
302 291 442 347 nas
1210 267 1781 349 omesutANOaUu
1818 292 1944 347 Lm.
1986 291 2048 352 u.
2090 291 2239 347 CAP.
2283 291 2373 354 1v,
2418 291 2612 348 sacr.
2645 292 2684 349 ι.
3412 302 3551 360 “es

301 422 401 476 pro
429 409 600 465 brutis
642 411 840 466 habent
874 411 1269 476 animantibus,
1321 423 1376 467 et
1421 418 1618 465 vocant
1669 414 1874 484 πηλου-
1911 423 1949 475 Α
1982 411 2251 465 Palladius
2303 412 2356 465 in
2406 411 2703 477 Lamiam,
2765 422 2900 470 sect.
2950 413 3018 470 78
3070 423 3126 472 et
3172 420 3548 489 sequentibus,

302 498 527 564 σιώτας,
559 516 623 555 eo
653 504 792 569 quod
839 503 893 556 in
932 503 1044 557 luto
1087 503 1242 557 istius
1288 503 1530 572 corporis
1571 504 1869 569 constituti,

301 604 411 643 non
444 590 715 658 possimus
740 594 943 647 sentire
965 593 1259 649 cmlestia’.»
1296 592 1576 664 IEgyptios
1610 594 1875 663 praecipue

303 683 619 746 monachos,
661 685 799 752 apud
821 699 958 753 quos
988 685 1219 738 maxime
1261 686 1430 753 viguit
1477 683 1871 754 Origenismus,

301 772 523 841 ingenio
564 774 676 829 fere
719 774 883 830 fuisse
928 776 1167 845 inquieto
1214 788 1269 831 et
1299 778 1534 840 turbido,
1588 789 1644 830 et
1692 792 1872 830 rerum

301 878 564 918 novarum
603 867 880 931 studioso,
909 880 1301 937 proptereaque
1340 870 1392 922 in
1423 869 1605 923 varias
1639 870 1873 923 haereses

301 953 559 1009 incidisse
586 955 783 1011 litteris
807 958 1079 1027 proditum
1102 969 1207 1012 est.
1237 959 1367 1014 lude
1394 959 1637 1023 Aeriani,
1682 959 1872 1012 Eusta-

304 1045 498 1109 thiani,
544 1047 1139 1117 Anthropomorphitte,
1184 1048 1478 1113 Joviuiani,
1531 1049 1870 1119 Eutychiani,

299 1136 501 1205 aliique
533 1139 583 1191 id
612 1153 783 1209 genus
827 1142 1069 1194 sexcenti
1105 1140 1353 1209 prodiere
1386 1159 1399 1194 :
1440 1149 1494 1197 et
1531 1157 1561 1194 a
1591 1143 1871 1196 vetustiori

298 1244 513 1298 quoque
543 1247 658 1285 :cvo
715 1231 1011 1288 Meletianis
1038 1241 1093 1287 et
1144 1233 1360 1287 Arianis
1393 1233 1659 1288 haerentes
1680 1275 1695 1302 ,
1728 1236 1873 1289 anti-

298 1323 480 1374 stitem
533 1338 688 1376 suum
752 1327 1106 1379 Athanasium
1158 1325 1371 1395 probris
1426 1325 1861 1382 ﬁxerunt.Uude

298 1412 662 1485 Hieronymus
710 1419 928 1487 Apolog.
980 1420 1192 1473 advers.
1245 1417 1426 1486 Ruﬁn.
1479 1418 1600 1472 libr.
1634 1435 1713 1478 tu,
1749 1436 1867 1490 cap.

301 1504 380 1560 7:
448 1508 760 1564 «(lontendi
838 1509 1184 1582 Aﬁgyptum,
1259 1510 1480 1564 lustravi
1546 1515 1868 1567 monasteria

297 1595 518 1663 Nitriae,
546 1609 602 1655 et
652 1601 792 1657 inter
830 1613 1142 1657 sanctorum
1182 1602 1400 1670 choros,
1440 1604 1655 1672 aspides
1704 1604 1870 1662 latere

299 1676 563 1760 perspexi.
599 1710 619 1745 ι

366 1871 501 1927 Vlll.
530 1874 609 1929 Ex
637 1876 739 1932 hoc
773 1892 1051 1935 nareseon
1098 1890 1154 1936 et
1192 1882 1569 1941 haereticorum
1628 1890 1863 1943 semina-

294 1964 378 2018 rio
403 1964 720 2035 Origenistte
761 1970 1074 2028 heterodoxi
1121 1978 1467 2032 exstiterunt.
1513 1979 1707 2035 Narrat
1739 1983 1864 2052 Epi-

294 2056 525 2124 phanius
555 2059 684 2114 har.
722 2060 812 2128 64,
845 2078 967 2133 cap.
1000 2065 1056 2129 4,
1100 2067 1152 2119 in
1189 2068 1422 2139 ngypto
1466 2073 1697 2141 primum
1740 2091 1864 2144 pro-

293 2156 546 2219 pagatum
596 2148 996 2220 Origenismum
1044 2155 1186 2222 apud
1236 2155 1517 2227 Egyptios
1572 2163 1864 2218 monachos

294 2251 397 2292 suo
422 2248 660 2307 tempore
683 2238 959 2295 ﬂoruisse.
1008 2242 1086 2296 Ac
1130 2244 1360 2313 primum
1401 2246 1626 2302 Melania
1660 2250 1860 2317 senior,

293 2329 491 2384 nobilis
540 2331 773 2396 femina,
830 2348 952 2387 cum
1006 2334 1179 2403 patria
1218 2336 1420 2391 "relicta
1471 2335 1861 2410 Jerosolymam

291 2424 510 2493 pietatis
534 2439 697 2479 causa
723 2426 1065 2492 concederet,
1107 2429 1249 2483 facta
1282 2429 1421 2485 inter
1451 2430 1636 2487 Nitriae
1671 2450 1860 2490 mona-

288 2517 426 2572 chos
485 2518 752 2571 mensium
812 2519 1020 2589 aliquot
1076 2538 1250 2587 mora,
1304 2524 1556 2594 aditoque
1614 2526 1859 2597 Didymo,

291 2608 635 2678 Origeniauis
670 2612 779 2667 illic
804 2614 1081 2669 erroribus
1122 2631 1226 2670 una
1256 2632 1379 2671 cum
1418 2617 1610 2674 Ruﬁno
1654 2620 1862 2676 itineris

288 2702 489 2756 comite
544 2702 899 2759 infecta'est.
971 2704 1213 2777 Contigit
1273 2707 1401 2762 illud
1460 2710 1606 2765 circa
1659 2727 1858 2766 annum

260 2792 490 2865 Christi
543 2794 667 2849 572.
693 2794 811 2862 Quo
835 2806 1075 2867 tempore
1114 2799 1394 2868 epistolam
1424 2800 1573 2856 dedit
1602 2804 1671 2856 ad
1707 2803 1858 2872 Ruﬁ-

288 2901 413 2937 num
448 2884 806 2957 Hieronymus
838 2890 907 2955 ",
935 2906 1039 2959 qua
1063 2892 1130 2946 ad
1155 2907 1212 2947 se
1239 2892 1292 2947 in
1317 2892 1533 2964 Syriam
1567 2905 1625 2949 ut
1656 2896 1856 2962 veniat,

285 2978 463 3034 amice
491 2982 705 3036 invitat.
734 2980 1025 3051 Postquam
1053 2995 1232 3039 autem
1257 2984 1604 3056 Jerosolymae
1628 2987 1860 3043 ﬁxerunt

286 3071 496 3138 sedem,
529 3072 775 3129 fovendis
798 3076 1099 3146 peregrinis
1117 3114 1135 3142 ,
1164 3085 1218 3130 et
1236 3077 1396 3134 rebus
1425 3078 1856 3134 Christianorum

280 3160 537 3227 iuvandis
567 3176 698 3232 opes
729 3173 785 3218 et
820 3180 1039 3234 operam
1082 3177 1491 3235 consumentes,
1526 3178 1857 3239 exceperunt

286 3251 578 3322 Evagrium
650 3253 931 3310 Ponticum
1000 3257 1473 3328 Constantinopoli
1541 3268 1720 3315 certas
1787 3260 1856 3315 ob

283 3359 483 3399 causas
521 3346 910 3413 discedentem,
957 3349 1232 3419 ipsiusque
1281 3351 1461 3406 animo
1523 3352 1722 3421 primos
1760 3350 1856 3405 Ni-

286 3435 509 3492 triensis
530 3436 853 3507 Origenismi
886 3449 1036 3493 satus
1061 3451 1432 3509 asperserunt.
1468 3439 1543 3494 lta
1574 3441 1857 3496 institutus

283 3525 570 3595 Evagrius,
621 3537 675 3581 et
716 3543 745 3580 a
774 3526 1004 3582 Melania
1058 3539 1206 3584 veste
1254 3530 1555 3584 monastica
1615 3546 1680 3584 ex
1730 3540 1856 3584 voto

286 3616 525 3682 indutus,
547 3619 600 3672 in
638 3618 928 3690 Egyptum
963 3622 1130 3686 abiit,
1167 3630 1222 3675 et
1265 3630 1550 3691 postquam
1591 3636 1713 3676 cum
1760 3623 1852 3676 Di-

283 3706 447 3776 dymo
468 3724 791 3779 congressus
817 3720 919 3775 est,
954 3712 1005 3765 iu
1030 3712 1220 3766 Nitriae
1258 3713 1476 3765 tandem
1507 3713 1854 3767 monasteriis

284 3811 407 3851 sese
454 3800 679 3865 abdidit,
728 3809 783 3855 et
828 3801 969 3855 inter
1020 3801 1278 3857 florentes
1335 3802 1449 3857 illic
1512 3801 1852 3872 Origenistas

286 3905 481 3944 nomen
511 3892 676 3947 dedit.
703 3894 905 3949 Auctor
937 3904 1019 3948 est
1047 3894 1405 3965 Hieronymus
1428 3895 1479 3949 in
1518 3892 1754 3963 Epistola
1783 3896 1849 3950 ad

283 3980 708 4051 Ctesiphontem,
747 4000 866 4054 cap.
892 3985 949 4051 2,
978 3987 1257 4055 scripsisse
1290 3986 1441 4041 illum
1488 3987 1553 4041 ad
1584 3987 1846 4058 virgines,

280 4070 351 4123 ad
385 4073 695 4135 monachos,
728 4083 821 4126 ett
862 4075 927 4128 ad
967 4089 1086 4128 eam
1130 4075 1284 4145 cuius
1318 4092 1512 4131 nomen
1553 4078 1849 4148 nigrediuis

282 4169 516 4215 testatur
563 4165 798 4232 perﬁdia:
852 4168 1142 4222 tenebras»
1192 4167 1513 4239 (Melaniam
1575 4171 1845 4225 seniorem

281 4249 549 4321 intellige)
580 4261 634 4306 et
659 4254 891 4310 edidisse
916 4257 1137 4323 insuper
1165 4258 1359 4311 librum
1386 4259 1527 4328 Περὶ
1560 4259 1846 4327 ἀπαθείας

280 4354 390 4408 quo
412 4341 621 4411 insigne
651 4342 897 4412 Origenis
920 4344 1112 4414 dogma
1159 4360 1319 4415 supra
1354 4361 1385 4400 a
1417 4363 1503 4402 me
1532 4348 1841 4403 ventilatum

280 4432 691 4498 continebatur;
733 4435 900 4489 libros
936 4450 1065 4490 vero
1114 4436 1281 4504 ipsius
1328 4452 1358 4491 a
1411 4437 1608 4493 Ruﬁno
1649 4438 1843 4494 Latine

282 4524 664 4593 interpretatos
702 4526 1046 4583 Occidentem
1075 4529 1366 4585 lectitasse.
1402 4528 1621 4602 Appulit
1652 4534 1842 4588 eodem

281 4615 485 4685 aliquot
511 4626 631 4686 post
660 4619 817 4673 annis
857 4618 1125 4675 Palladius
1165 4620 1390 4690 Galata,
1430 4633 1486 4677 et
1523 4624 1755 4678 triennio
1794 4624 1847 4678 in

279 4708 563 4763 asceteriis
630 4717 938 4774 transacto,
993 4710 1332 4779 Origenismo
1404 4714 1668 4779 imbutus,
1726 4729 1847 4768 cum

278 4797 585 4853 valetudine
640 4808 956 4865 tentaretur,
1003 4800 1057 4854 in
1103 4801 1445 4856 Palaestinam
1498 4805 1755 4867 secessit,
1795 4813 1851 4858 et

278 4890 531 4944 haustum
559 4891 609 4944 in
635 4890 867 4962 Egypto
899 4890 1223 4961 Origenismi
1260 4893 1408 4947 virus
1431 4894 1630 4962 passim
1663 4894 1846 4963 profu-

278 4982 382 5034 dit.
412 4979 815 5047 Florebattunc
855 4984 906 5036 in
958 4984 1042 5037 his
1085 4984 1219 5038 locis
1254 4986 1541 5039 sanctitate
1569 4994 1623 5038 et
1645 4986 1843 5039 virtute

277 5076 446 5131 Paula
476 5076 717 5133 Romana
746 5097 759 5133 :
791 5080 930 5133 hanc
957 5079 1197 5132 adoritur
1225 5078 1514 5142 Palladius,
1543 5086 1597 5131 et
1635 5078 1687 5130 iu
1718 5093 1844 5133 suas

277 5168 637 5238 pertraxisset
691 5179 902 5235 partes,
969 5169 1073 5223 nisi
1130 5168 1377 5239 gliscenti
1445 5170 1587 5221 malo
1637 5177 1845 5223 mature

274 5263 608 5316 occurrisset
656 5260 1034 5330 Hieronymus,
1085 5272 1139 5314 et
1192 5260 1427 5315 hominis
1494 5260 1843 5327 petulantiam

274 5351 460 5409 habita
488 5368 609 5405 cum
651 5369 716 5407 eo
749 5352 1125 5407 dissertatione
1157 5352 1509 5405 coercuisset.
1547 5350 1642 5403 Rei
1672 5350 1845 5403 histo-

277 5449 412 5501 riam
443 5448 649 5517 prolixe
684 5450 879 5513 narrat!
906 5446 1258 5514 Hieronymus
1299 5443 1350 5497 in
1385 5440 1663 5509 Epilaphio
1698 5439 1847 5493 Pau-

272 5540 364 5606 ιω,
395 5557 515 5611 cap.
542 5542 601 5595 il
631 5550 684 5594 ct
716 5541 803 5607 η,
832 5554 992 5609 quam
1025 5537 1128 5592 sibi
1157 5538 1224 5590 ab
1249 5550 1314 5589 eo
1337 5544 1575 5603 ereptam
1602 5533 1848 5601 queritur

346 5722 387 5754 ¹⁷
414 5720 629 5778 ll'erou.
678 5720 822 5789 Epist
867 5719 966 5787 41,
1008 5718 1075 5772 ad
1121 5713 1297 5784 Ruﬁn.
1376 5688 1844 5776 "‘Alias,ll0,c.
1878 5706 1928 5759 l.

1977 509 2103 562 item
2134 516 2270 561 sect.
2301 505 2430 571 124,
2456 505 2953 577 Hieronymumque
2990 509 3263 578 suggillat.

2046 598 2139 654 IX.
2167 599 2242 652 At
2278 598 2544 653 Joannem
2570 597 3084 669 Jerosolymitanum
3119 601 3404 670 prmsulem
3430 601 3543 673 jam

1976 690 2128 747 labes
2153 691 2340 745 isthaec
2370 691 2726 760 corripuerat.
2782 691 2833 745 ls
2871 701 2995 748 ante
3034 693 3282 763 adeptum
3334 696 3545 764 episco—

1974 790 2161 850 patum
2192 781 2512 847 monachus,
2545 781 2764 835 Arianis
2794 790 2848 837 et
2890 782 3289 840 Macedonianis
3334 801 3545 840 accom-

1975 872 2294 927 modaverat
2356 886 2541 935 aures,
2601 870 2777 940 iisque
2830 872 3031 928 relictis
3082 876 3148 929 ad
3210 876 3542 943 pontiﬁeiam

1972 965 2294 1034 dignitatem
2349 975 2570 1018 evectus
2618 963 2945 1033 Origenistis
3003 981 3121 1021 sese
3184 967 3537 1037 applicuerat.

1973 1055 2141 1125 Aigre
2167 1056 2216 1109 id
2240 1056 2361 1108 ιιιΙίι
2386 1056 2596 1110 scilicet
2624 1056 2957 1124 Epiphanius
2988 1055 3315 1112 Salaminius
3335 1059 3542 1128 episco-

1974 1161 2073 1214 pus
2115 1162 2210 1213 pro
2238 1161 2301 1200 eo
2322 1160 2386 1200 ac
2425 1146 2645 1211 debuit,
2671 1157 2724 1199 et
2753 1147 2946 1201 blande
2979 1162 3163 1202 coram
3195 1148 3377 1203 multis
3404 1164 3542 1216 pra:-

1972 1252 2099 1291 sens
2161 1247 2486 1306 praesentem
2533 1238 2738 1291 erroris
2792 1238 3223 1300 commonefecit.
3288 1255 3395 1308 quo
3455 1239 3542 1293 ille

1972 1344 2092 1382 cum
2118 1327 2390 1397 partiariis
2426 1342 2597 1393 usque
2639 1327 2774 1383 adeo
2803 1330 3115 1393 excanduit,
3160 1340 3216 1383 ut
3243 1329 3542 1398 Epiphanio

1970 1416 2655 1486 Anthropomorphitarum
2702 1415 2951 1469 hmresim
2988 1418 3199 1484 publice
3245 1418 3537 1487 obji'ceret;

1971 1522 2233 1576 suamque
2285 1515 2434 1558 tanta
2493 1506 2790 1574 pertinacia
2852 1505 3121 1572 defendit,
3176 1517 3234 1561 ut
3289 1510 3538 1563 eumdem

1970 1597 2327 1668 Epiphaniam
2364 1596 2560 1650 habita:
2595 1610 2716 1649 cum
2756 1595 2861 1649 illis
2916 1598 3312 1654 communionis
3362 1600 3538 1668 pomi-

1971 1698 2125 1743 teret.
2161 1687 2298 1741 llinc
2339 1686 2595 1742 eﬁ‘eratus
2640 1684 2880 1741 Joannes
2916 1688 3098 1741 animo
3136 1689 3343 1744 rixandi
3381 1690 3538 1744 avido

1896 1762 2158 1835 Bcausas
2182 1780 2433 1835 vindicta:
2477 1779 2777 1848 quaerebat,
2837 1794 2957 1833 cum
3013 1794 3140 1834 ecce
3191 1782 3535 1837 commodum

1966 1870 2339 1924 Paulinianum
2424 1867 2734 1939 Hieronymi
2820 1869 3044 1924 fratrem
3122 1872 3175 1924 in
3250 1872 3535 1928 Palaestina

1964 1971 2119 2015 extra
2178 1960 2436 2014 ditionem
2485 1974 2637 2013 suam
2687 1958 3065 2028 Epiphanius,
3120 1961 3346 2016 invitum
3412 1965 3538 2019 licet

1964 2067 2030 2106 ac
2089 2051 2499 2115 reluctantem,
2576 2050 2642 2104 ad
2715 2050 3035 2105 diaconatus
3098 2062 3154 2106 et
3215 2054 3535 2125 presbyterii

1964 2147 2278 2215 dignitatem
2337 2143 2629 2215 promovit.
2700 2142 2860 2197 Multa
2916 2144 3129 2214 publice
3184 2153 3237 2199 et
3284 2145 3534 2215 privatim

1964 2244 2289 2303 conquestus
2345 2244 2430 2289 est
2487 2233 2756 2298 Joannes,
2811 2249 2924 2288 rem
2972 2249 3092 2289 sese
3135 2236 3279 2304 apud
3346 2251 3535 2291 omnes

1965 2340 2061 2396 per
2116 2327 2328 2381 litteras
2393 2325 2771 2393 evulgaturum
2838 2324 3130 2390 minitans;
3208 2326 3260 2380 in
3342 2342 3407 2381 eo
3475 2344 3535 2383 se

1966 2417 2148 2472 lzesum
2210 2416 2431 2484 insuper
2486 2415 2736 2478 addens,
2806 2414 2948 2482 quod
3016 2429 3137 2468 cum
3202 2416 3310 2468 Deo
3373 2430 3531 2470 sacra

1965 2510 2165 2564 faceret
2193 2507 2518 2577 Epiphanius
2540 2507 2721 2560 dicere
2746 2505 2944 2560 soleret
2990 2520 3005 2558 :
3057 2504 3297 2569 Domine,
3341 2518 3533 2575 praesta

1962 2601 2178 2665 Joanni,
2213 2610 2272 2654 ut
2306 2612 2438 2655 recte
2470 2600 2668 2654 credat.
2710 2598 2930 2667 Objecta
2957 2599 3187 2653 crimina
3218 2599 3377 2653 diluit
3404 2600 3533 2669 Epi-

1962 2700 2195 2769 phanius
2248 2696 2365 2750 miti
2415 2696 2661 2766 epistola,
2722 2710 2842 2765 qua:
2890 2696 3028 2749 inter
3082 2693 3532 2765 Hicronymiauas

1963 2782 2185 2847 numero
2201 2789 2532 2861 sexagesima
2564 2789 2791 2843 habetur
2817 2788 2915 2852 ¹⁷⁶;
2950 2789 3004 2842 in
3055 2802 3160 2857 qua
3192 2803 3294 2841 non
3329 2797 3436 2841 tam
3464 2802 3524 2842 se

1962 2885 2256 2955 appetitum
2293 2885 2359 2938 ab
2391 2897 2455 2937 eo
2482 2880 2771 2951 signiﬁcat,
2811 2889 3032 2950 propter
3061 2878 3367 2948 impositum
3392 2876 3531 2931 Pau-

1962 2976 2167 3031 liniano
2195 2973 2511 3045 presbyterii
2540 2973 2909 3027 characterem
2954 2978 3108 3025 extra
3155 2986 3309 3025 suam
3367 2971 3530 3024 ditio-

1965 3087 2107 3136 nem,
2140 3085 2262 3126 cum
2296 3070 2348 3124 id
2378 3070 2428 3122 in
2448 3068 2801 3132 monasterio,
2835 3082 2939 3120 non
2975 3066 3027 3119 iu
3052 3066 3306 3135 parochia
3338 3063 3529 3119 Joanui

1960 3162 2199 3232 subjecta
2251 3175 2281 3213 a
2321 3174 2380 3215 se
2407 3160 2607 3214 factum
2649 3167 2817 3222 esset,
2860 3168 2908 3212 et
2947 3168 3161 3227 recepta
3202 3159 3341 3213 inter
3372 3157 3529 3228 Cypri

1957 3256 2237 3326 episcopos
2277 3251 2668 3306 consuetudine
2715 3251 2893 3304 facere
2944 3250 3150 3314 liceret,
3188 3264 3347 3319 quam
3388 3252 3530 3319 quod

1955 3348 2210 3403 violatam
2244 3344 2586 3413 Origeniauis
2617 3342 2955 3413 dogmatibus
2988 3341 3145 3395 ﬁdem
3181 3341 3306 3395 huic
3330 3356 3527 3410 expro-

1956 3442 2186 3495 brasset.
2215 3437 2406 3508 Capite
2450 3451 2579 3490 vero
2627 3437 2783 3489 tertio
2820 3435 2935 3489 ha:c
2972 3432 3158 3488 scribit
3188 3449 3204 3487 :
3238 3451 3257 3484 ι
3290 3432 3454 3488 Doleo
3477 3442 3532 3485 ct

1954 3533 2109 3586 valde
2136 3530 2314 3596 doleo,
2342 3529 2535 3583 videns
2554 3527 2815 3597 plurimos
2841 3526 3088 3590 fratrum,
3118 3534 3171 3578 et
3197 3540 3381 3580 eorum
3406 3541 3535 3595 prte-

1953 3628 2109 3693 cipue
2138 3624 2225 3692 qui
2258 3621 2645 3691 professionem
2675 3620 2874 3672 habent
2906 3634 3010 3671 non
3062 3618 3360 3679 minimam,
3390 3628 3443 3671 et
3474 3617 3529 3671 in

1952 3716 2176 3785 gradum
2217 3728 2431 3784 quoque
2469 3710 2755 3766 sacerdotii
2806 3709 3099 3763 maximum
3144 3715 3530 3776 pervenerunt,

1951 3807 2067 3877 ejus
2095 3804 2384 3877 (Origenis)
2421 3799 2859 3872 persuasionibus
2889 3800 3163 3867 deceptos,
3202 3807 3257 3852 et
3305 3813 3530 3867 perver-

1950 3898 2162 3952 sissima
2208 3895 2457 3950 doctrina
2492 3893 2644 3947 cibos
2687 3891 2862 3945 factos
2897 3904 3016 3944 esse
3043 3888 3261 3944 diaboli.
3295 3908 3314 3941 ι
3374 3887 3530 3945 Unde

1949 3999 2173 4060 apparet
2202 4003 2361 4055 quam
2396 3986 2595 4039 multos
2618 3983 2728 4051 jam
2773 3992 2885 4036 tum
2919 3980 3244 4049 Origeuismi
3289 3996 3419 4035 aura
3452 3981 3532 4033 af-

1947 4080 2147 4133 llasset.
2175 4078 2394 4131 Domum
2422 4079 2472 4128 in
2503 4077 2617 4130 lucc
2640 4074 2805 4129 verba
2831 4073 3112 4127 concludit
3139 4085 3154 4124 :
3184 4088 3202 4122 ι
3235 4070 3529 4125 Palladium

1948 4186 2076 4226 vero
2095 4170 2339 4225 Galatam
2357 4170 2448 4238 qui
2477 4167 2746 4238 quondam
2770 4165 2929 4221 nobis
2953 4167 3154 4220 charus
3178 4165 3369 4229 fuit,et
3390 4179 3532 4217 nunc

1952 4262 2329 4317 misericordia
2368 4260 2460 4315 Dei
2496 4260 2720 4329 indiget,
2748 4272 2899 4320 cave,
2928 4256 3051 4326 quia
3091 4256 3338 4324 Origems
3367 4256 3534 4309 haere-

1946 4356 2047 4409 sim
2072 4356 2329 4425 prwdicat
2352 4363 2406 4406 et
2432 4355 2609 4416 docet,
2630 4366 2697 4405 ne
2725 4349 2865 4403 forte
2888 4350 3098 4418 aliquos
3120 4348 3183 4401 de
3215 4346 3408 4416 populo
3434 4335 3529 4397 tibi

1949 4446 2156 4500 credito
2196 4444 2261 4497 ad
2294 4441 2701 4511 perversitatem
2733 4440 2812 4492 sui
2854 4439 3070 4492 inducat
3096 4437 3319 4489 erroris.
3342 4453 3359 4484 ι
3399 4435 3529 4487 Data

1955 4548 2040 4591 est
2063 4538 2175 4591 haec
2193 4534 2421 4605 epistola
2453 4547 2597 4586 anno
2620 4531 2821 4586 Christi
2848 4529 2975 4591 592,
3008 4528 3239 4581 Arcadio
3265 4538 3318 4579 et
3335 4525 3531 4579 Ruﬁno

1954 4639 2121 4688 coss.,
2149 4640 2255 4693 qua
2285 4623 2578 4692 publicata,
2612 4620 2834 4688 aliisque
2863 4619 3102 4687 ejusdem
3132 4615 3434 4685 argumenti
3460 4616 3527 4668 ad

1955 4715 2272 4770 Palaestinos
2300 4713 2580 4781 episc0pos
2627 4720 2681 4763 et
2731 4710 3042 4774 monachos,
3072 4720 3128 4761 et
3170 4707 3234 4760 ad
3274 4705 3526 4760 Siricium

1956 4824 2145 4878 papam
2175 4805 2243 4859 ab
2283 4820 2348 4860 eo
2388 4804 2548 4868 dalis,
2602 4800 2951 4856 dissensionis
2990 4816 3174 4853 rumor
3219 4798 3527 4851 universum

1954 4902 2139 4951 orbem
2186 4897 2440 4949 continuo
2490 4904 2813 4965 pervagatus
2865 4902 2971 4947 est.
3013 4891 3300 4945 Sciendum
3348 4900 3527 4941 autem

1951 4991 2335 5060 llieronymum
2380 5001 2597 5057 quoque
2633 4988 2772 5039 inter
2819 4995 2875 5038 et
2926 4984 3210 5047 Joannem,
3278 4981 3526 5050 ejusdem

1950 5077 2274 5141 Pauliniani,
2325 5076 2491 5129 multo
2551 5089 2681 5129 vero
2731 5074 2897 5126 maris
2952 5071 3278 5137 Origeuismi
3342 5084 3527 5129 causa,

1949 5170 2172 5224 dissidia
2204 5166 2613 5231 intercessisse;
2646 5180 2768 5217 nam
2794 5180 2915 5217 cum
2948 5165 3014 5217 ab
3038 5163 3337 5230 Epiphanio
3360 5168 3529 5215 staret

1952 5239 2331 5327 Hieronymus,
2360 5265 2414 5308 et
2450 5269 2555 5308 non
2590 5253 2762 5309 solum
2803 5268 2888 5307 res
2928 5253 2979 5305 in
3013 5251 3316 5307 l‘auliniani
3362 5264 3525 5319 uego-

1955 5348 2029 5401 tio
2056 5355 2237 5416 gestas
2269 5344 2667 5413 comprobaret,
2704 5343 2799 5398 sed
2847 5343 3095 5413 Origenis
3125 5343 3288 5395 ctiam
3312 5353 3528 5393 errores

1950 5439 2127 5508 palam
2150 5439 2452 5501 damnaret,
2480 5450 2547 5490 eo
2578 5435 2875 5490 iracundire
2904 5433 3165 5505 processit
3189 5433 3442 5493 Joannes,
3470 5439 3528 5483 ut

1951 5533 2020 5587 ab
2044 5531 2300 5589 Ecclesia).
2337 5531 2718 5588 communione
2756 5529 3146 5600 Hieronymum
3196 5534 3525 5595 segregaret,
