  <div class='ocr_page' id='page_1' title='image "/cluster/home/n/w/nwhite01/storage/ocr_20150623/17/nnc1.0046978615/573.png"; bbox 0 0 3860 6226; ppageno 0'>
   <div class='ocr_carea' id='block_1_1' title="bbox 410 305 547 360">
    <p class='ocr_par' dir='ltr' id='par_1_1' title="bbox 410 305 547 360">
     <span class='ocr_line' id='line_1_1' title="bbox 410 305 547 360; baseline -0.022 0"><span class='ocrx_word' id='word_1_1' title='bbox 410 305 547 360; x_wconf 72' lang='lat'><strong>“27</strong></span> 
     </span>
    </p>
   </div>
   <div class='ocr_carea' id='block_1_2' title="bbox 1688 307 2369 367">
    <p class='ocr_par' dir='ltr' id='par_1_2' title="bbox 1688 307 2369 367">
     <span class='ocr_line' id='line_1_2' title="bbox 1688 307 2369 367; baseline 0.001 -3"><span class='ocrx_word' id='word_1_2' title='bbox 1688 310 1745 364; x_wconf 81' lang='grc' dir='ltr'><strong>Ρ.</strong></span> <span class='ocrx_word' id='word_1_3' title='bbox 1782 307 2096 365; x_wconf 82' lang='lat' dir='ltr'><strong>DANIELIS</strong></span> <span class='ocrx_word' id='word_1_4' title='bbox 2134 308 2369 367; x_wconf 84' lang='lat' dir='ltr'><strong>HUETII</strong></span> 
     </span>
    </p>
   </div>
   <div class='ocr_carea' id='block_1_3' title="bbox 3522 317 3666 371">
    <p class='ocr_par' dir='ltr' id='par_1_3' title="bbox 3522 317 3666 371">
     <span class='ocr_line' id='line_1_3' title="bbox 3522 317 3666 371; baseline 0.007 -1"><span class='ocrx_word' id='word_1_5' title='bbox 3522 317 3666 371; x_wconf 72' lang='lat'><strong>“9.8</strong></span> 
     </span>
    </p>
   </div>
   <div class='ocr_carea' id='block_1_4' title="bbox 410 425 3661 499">
    <p class='ocr_par' dir='ltr' id='par_1_4' title="bbox 410 425 3661 499">
     <span class='ocr_line' id='line_1_4' title="bbox 410 425 3661 499; baseline 0.002 -23"><span class='ocrx_word' id='word_1_6' title='bbox 410 425 861 487; x_wconf 79' lang='lat' dir='ltr'><strong>quemadmodum</strong></span> <span class='ocrx_word' id='word_1_7' title='bbox 901 430 1043 497; x_wconf 85' lang='lat' dir='ltr'><strong>apud</strong></span> <span class='ocrx_word' id='word_1_8' title='bbox 1069 427 1478 484; x_wconf 85' lang='lat' dir='ltr'><strong>Pammachium</strong></span> <span class='ocrx_word' id='word_1_9' title='bbox 1521 431 1762 499; x_wconf 84' lang='lat' dir='ltr'><strong>queritur</strong></span> <span class='ocrx_word' id='word_1_10' title='bbox 1794 430 1982 483; x_wconf 85' lang='lat' dir='ltr'><strong>Iliero-</strong></span> <span class='ocrx_word' id='word_1_11' title='bbox 2014 432 2059 488; x_wconf 81' lang='grc' dir='ltr'>Α</span> <span class='ocrx_word' id='word_1_12' title='bbox 2086 427 2188 481; x_wconf 91' lang='lat' dir='ltr'><strong>sibi</strong></span> <span class='ocrx_word' id='word_1_13' title='bbox 2222 428 2430 483; x_wconf 88' lang='lat' dir='ltr'><strong>litteras</strong></span> <span class='ocrx_word' id='word_1_14' title='bbox 2462 427 2689 485; x_wconf 85' lang='lat' dir='ltr'><strong>reddere</strong></span> <span class='ocrx_word' id='word_1_15' title='bbox 2723 429 2916 483; x_wconf 83' lang='lat' dir='ltr'><strong>noluit.</strong></span> <span class='ocrx_word' id='word_1_16' title='bbox 2953 427 3209 495; x_wconf 86' lang='lat' dir='ltr'><strong>Querenti</strong></span> <span class='ocrx_word' id='word_1_17' title='bbox 3257 437 3435 484; x_wconf 89' lang='lat' dir='ltr'><strong>autem</strong></span> <span class='ocrx_word' id='word_1_18' title='bbox 3466 428 3661 484; x_wconf 88' lang='lat' dir='ltr'><strong>Hiero-</strong></span> 
     </span>
    </p>
   </div>
   <div class='ocr_carea' id='block_1_5' title="bbox 412 519 1978 592">
    <p class='ocr_par' dir='ltr' id='par_1_5' title="bbox 412 519 1978 592">
     <span class='ocr_line' id='line_1_5' title="bbox 412 519 1978 592; baseline 0.006 -26"><span class='ocrx_word' id='word_1_19' title='bbox 412 529 606 585; x_wconf 85' lang='lat' dir='ltr'><strong>nymus</strong></span> <span class='ocrx_word' id='word_1_20' title='bbox 657 519 820 587; x_wconf 87' lang='lat' dir='ltr'><strong>epist.</strong></span> <span class='ocrx_word' id='word_1_21' title='bbox 852 519 953 585; x_wconf 79' lang='lat'><strong>61,</strong></span> <span class='ocrx_word' id='word_1_22' title='bbox 1008 536 1128 589; x_wconf 89' lang='lat' dir='ltr'><strong>cap.</strong></span> <span class='ocrx_word' id='word_1_23' title='bbox 1156 521 1246 577; x_wconf 72' lang='lat'><strong>15.</strong></span> <span class='ocrx_word' id='word_1_24' title='bbox 1285 540 1303 572; x_wconf 87' lang='grc' dir='ltr'><strong>ι</strong></span> <span class='ocrx_word' id='word_1_25' title='bbox 1342 522 1451 592; x_wconf 83' lang='lat' dir='ltr'><strong>Ego</strong></span> <span class='ocrx_word' id='word_1_26' title='bbox 1494 522 1756 585; x_wconf 85' lang='lat' dir='ltr'><strong>misellus,</strong></span> <span class='ocrx_word' id='word_1_27' title='bbox 1787 523 1978 591; x_wconf 90' lang='lat' dir='ltr'><strong>inquit,</strong></span> 
     </span>
    </p>
   </div>
   <div class='ocr_carea' id='block_1_6' title="bbox 407 607 1981 684">
    <p class='ocr_par' dir='ltr' id='par_1_6' title="bbox 407 607 1981 684">
     <span class='ocr_line' id='line_1_6' title="bbox 407 607 1981 684; baseline 0.006 -25"><span class='ocrx_word' id='word_1_28' title='bbox 407 607 535 662; x_wconf 89' lang='lat' dir='ltr'><strong>dum</strong></span> <span class='ocrx_word' id='word_1_29' title='bbox 559 608 611 661; x_wconf 94' lang='lat' dir='ltr'><strong>in</strong></span> <span class='ocrx_word' id='word_1_30' title='bbox 648 608 937 666; x_wconf 76' lang='lat' dir='ltr'><strong>solitudine</strong></span> <span class='ocrx_word' id='word_1_31' title='bbox 965 612 1245 679; x_wconf 84' lang='lat' dir='ltr'><strong>delitesco,</strong></span> <span class='ocrx_word' id='word_1_32' title='bbox 1274 629 1303 667; x_wconf 89' lang='lat' dir='ltr'><strong>a</strong></span> <span class='ocrx_word' id='word_1_33' title='bbox 1331 625 1481 668; x_wconf 87' lang='lat' dir='ltr'><strong>tanto</strong></span> <span class='ocrx_word' id='word_1_34' title='bbox 1510 614 1760 682; x_wconf 90' lang='lat' dir='ltr'><strong>pontiﬁce</strong></span> <span class='ocrx_word' id='word_1_35' title='bbox 1784 630 1981 684; x_wconf 85' lang='lat' dir='ltr'><strong>repen—</strong></span> 
     </span>
    </p>
   </div>
   <div class='ocr_carea' id='block_1_7' title="bbox 408 703 1982 774">
    <p class='ocr_par' dir='ltr' id='par_1_7' title="bbox 408 703 1982 774">
     <span class='ocr_line' id='line_1_7' title="bbox 408 703 1982 774; baseline 0.007 -24"><span class='ocrx_word' id='word_1_36' title='bbox 408 705 463 751; x_wconf 89' lang='lat' dir='ltr'><strong>te</strong></span> <span class='ocrx_word' id='word_1_37' title='bbox 496 706 775 755; x_wconf 79' lang='lat' dir='ltr'><strong>tauncatus</strong></span> <span class='ocrx_word' id='word_1_38' title='bbox 800 703 1097 774; x_wconf 79' lang='lat' dir='ltr'><strong>presbyteri</strong></span> <span class='ocrx_word' id='word_1_39' title='bbox 1132 719 1326 759; x_wconf 82' lang='lat' dir='ltr'><strong>nomen</strong></span> <span class='ocrx_word' id='word_1_40' title='bbox 1368 705 1542 759; x_wconf 92' lang='lat' dir='ltr'><strong>amisi.</strong></span> <span class='ocrx_word' id='word_1_41' title='bbox 1579 722 1598 757; x_wconf 73' lang='grc' dir='ltr'><strong>ι</strong></span> <span class='ocrx_word' id='word_1_42' title='bbox 1634 704 1744 761; x_wconf 84' lang='lat' dir='ltr'><strong>Nec</strong></span> <span class='ocrx_word' id='word_1_43' title='bbox 1777 707 1982 761; x_wconf 87' lang='lat' dir='ltr'><strong>idcirco</strong></span> 
     </span>
    </p>
   </div>
   <div class='ocr_carea' id='block_1_8' title="bbox 394 792 1980 866">
    <p class='ocr_par' dir='ltr' id='par_1_8' title="bbox 394 792 1980 866">
     <span class='ocr_line' id='line_1_8' title="bbox 394 792 1980 866; baseline 0.006 -24"><span class='ocrx_word' id='word_1_44' title='bbox 394 798 586 844; x_wconf 61' lang='lat' dir='ltr'><strong>iamen</strong></span> <span class='ocrx_word' id='word_1_45' title='bbox 624 792 864 847; x_wconf 63' lang='lat' dir='ltr'><strong>ecclesiae</strong></span> <span class='ocrx_word' id='word_1_46' title='bbox 900 794 1163 863; x_wconf 86' lang='lat' dir='ltr'><strong>ingressu,</strong></span> <span class='ocrx_word' id='word_1_47' title='bbox 1207 796 1291 849; x_wconf 91' lang='lat' dir='ltr'><strong>vel</strong></span> <span class='ocrx_word' id='word_1_48' title='bbox 1339 797 1710 866; x_wconf 88' lang='lat' dir='ltr'><strong>episcoporum</strong></span> <span class='ocrx_word' id='word_1_49' title='bbox 1739 813 1801 852; x_wconf 89' lang='lat' dir='ltr'><strong>ac</strong></span> <span class='ocrx_word' id='word_1_50' title='bbox 1821 799 1980 854; x_wconf 82' lang='lat' dir='ltr'><strong>Citri-</strong></span> 
     </span>
    </p>
   </div>
   <div class='ocr_carea' id='block_1_9' title="bbox 408 883 1981 960">
    <p class='ocr_par' dir='ltr' id='par_1_9' title="bbox 408 883 1981 960">
     <span class='ocr_line' id='line_1_9' title="bbox 408 883 1981 960; baseline 0.008 -25"><span class='ocrx_word' id='word_1_51' title='bbox 408 883 710 938; x_wconf 88' lang='lat' dir='ltr'><strong>stianorum</strong></span> <span class='ocrx_word' id='word_1_52' title='bbox 741 886 1003 940; x_wconf 80' lang='lat' dir='ltr'><strong>societate</strong></span> <span class='ocrx_word' id='word_1_53' title='bbox 1031 900 1091 941; x_wconf 89' lang='lat' dir='ltr'><strong>se</strong></span> <span class='ocrx_word' id='word_1_54' title='bbox 1120 887 1450 956; x_wconf 91' lang='lat' dir='ltr'><strong>prohibitum</strong></span> <span class='ocrx_word' id='word_1_55' title='bbox 1487 889 1588 943; x_wconf 89' lang='lat' dir='ltr'><strong>isto</strong></span> <span class='ocrx_word' id='word_1_56' title='bbox 1616 891 1790 960; x_wconf 77' lang='lat' dir='ltr'><strong>capite</strong></span> <span class='ocrx_word' id='word_1_57' title='bbox 1817 904 1870 947; x_wconf 93' lang='lat' dir='ltr'><strong>et</strong></span> <span class='ocrx_word' id='word_1_58' title='bbox 1897 907 1981 946; x_wconf 91' lang='lat' dir='ltr'><strong>se—</strong></span> 
     </span>
    </p>
   </div>
   <div class='ocr_carea' id='block_1_10' title="bbox 406 974 1981 1049">
    <p class='ocr_par' dir='ltr' id='par_1_10' title="bbox 406 974 1981 1049">
     <span class='ocr_line' id='line_1_10' title="bbox 406 974 1981 1049; baseline 0.008 -24"><span class='ocrx_word' id='word_1_59' title='bbox 406 974 593 1042; x_wconf 92' lang='lat' dir='ltr'><strong>quenti</strong></span> <span class='ocrx_word' id='word_1_60' title='bbox 629 983 876 1034; x_wconf 80' lang='lat' dir='ltr'><strong>testatur.</strong></span> <span class='ocrx_word' id='word_1_61' title='bbox 904 977 1064 1031; x_wconf 81' lang='lat' dir='ltr'><strong>Addit</strong></span> <span class='ocrx_word' id='word_1_62' title='bbox 1091 978 1316 1047; x_wconf 89' lang='lat' dir='ltr'><strong>epistola</strong></span> <span class='ocrx_word' id='word_1_63' title='bbox 1340 978 1428 1040; x_wconf 75' lang='lat'><strong>62,</strong></span> <span class='ocrx_word' id='word_1_64' title='bbox 1453 994 1573 1049; x_wconf 73' lang='lat' dir='ltr'><strong>quae</strong></span> <span class='ocrx_word' id='word_1_65' title='bbox 1600 991 1679 1035; x_wconf 90' lang='lat' dir='ltr'><strong>est</strong></span> <span class='ocrx_word' id='word_1_66' title='bbox 1708 983 1774 1036; x_wconf 93' lang='lat' dir='ltr'><strong>ad</strong></span> <span class='ocrx_word' id='word_1_67' title='bbox 1803 979 1981 1037; x_wconf 86' lang='lat' dir='ltr'><strong>Theo-</strong></span> 
     </span>
    </p>
   </div>
   <div class='ocr_carea' id='block_1_11' title="bbox 406 1065 1977 1142">
    <p class='ocr_par' dir='ltr' id='par_1_11' title="bbox 406 1065 1977 1142">
     <span class='ocr_line' id='line_1_11' title="bbox 406 1065 1977 1142; baseline 0.006 -24"><span class='ocrx_word' id='word_1_68' title='bbox 406 1065 637 1133; x_wconf 83' lang='lat' dir='ltr'><strong>philum,</strong></span> <span class='ocrx_word' id='word_1_69' title='bbox 684 1082 804 1138; x_wconf 88' lang='lat' dir='ltr'><strong>cap.</strong></span> <span class='ocrx_word' id='word_1_70' title='bbox 831 1068 885 1133; x_wconf 79' lang='grc'><strong>4,</strong></span> <span class='ocrx_word' id='word_1_71' title='bbox 925 1070 1180 1125; x_wconf 83' lang='lat' dir='ltr'><strong>exsilium</strong></span> <span class='ocrx_word' id='word_1_72' title='bbox 1210 1071 1309 1125; x_wconf 88' lang='lat' dir='ltr'><strong>sibi</strong></span> <span class='ocrx_word' id='word_1_73' title='bbox 1352 1085 1382 1123; x_wconf 91' lang='lat' dir='ltr'><strong>a</strong></span> <span class='ocrx_word' id='word_1_74' title='bbox 1415 1070 1623 1127; x_wconf 79' lang='lat' dir='ltr'><strong>Joanne</strong></span> <span class='ocrx_word' id='word_1_75' title='bbox 1655 1075 1977 1142; x_wconf 88' lang='lat' dir='ltr'><strong>postulatum</strong></span> 
     </span>
    </p>
   </div>
   <div class='ocr_carea' id='block_1_12' title="bbox 405 1154 1977 1229">
    <p class='ocr_par' dir='ltr' id='par_1_12' title="bbox 405 1154 1977 1229">
     <span class='ocr_line' id='line_1_12' title="bbox 405 1154 1977 1229; baseline 0.006 -18"><span class='ocrx_word' id='word_1_76' title='bbox 405 1154 575 1213; x_wconf 88' lang='lat' dir='ltr'><strong>fuisse</strong></span> <span class='ocrx_word' id='word_1_77' title='bbox 609 1167 664 1213; x_wconf 92' lang='lat' dir='ltr'><strong>et</strong></span> <span class='ocrx_word' id='word_1_78' title='bbox 700 1159 1081 1229; x_wconf 88' lang='lat' dir='ltr'><strong>impetratum;</strong></span> <span class='ocrx_word' id='word_1_79' title='bbox 1113 1161 1336 1217; x_wconf 92' lang='lat' dir='ltr'><strong>minime</strong></span> <span class='ocrx_word' id='word_1_80' title='bbox 1369 1173 1545 1219; x_wconf 88' lang='lat' dir='ltr'><strong>tamen</strong></span> <span class='ocrx_word' id='word_1_81' title='bbox 1568 1180 1628 1221; x_wconf 89' lang='lat' dir='ltr'><strong>se</strong></span> <span class='ocrx_word' id='word_1_82' title='bbox 1656 1166 1709 1219; x_wconf 93' lang='lat' dir='ltr'><strong>in</strong></span> <span class='ocrx_word' id='word_1_83' title='bbox 1731 1166 1977 1221; x_wconf 77' lang='lat' dir='ltr'><strong>exsilium</strong></span> 
     </span>
    </p>
   </div>
   <div class='ocr_carea' id='block_1_13' title="bbox 405 1247 914 1317">
    <p class='ocr_par' dir='ltr' id='par_1_13' title="bbox 405 1247 914 1317">
     <span class='ocr_line' id='line_1_13' title="bbox 405 1247 914 1317; baseline 0.008 -14"><span class='ocrx_word' id='word_1_84' title='bbox 405 1247 575 1305; x_wconf 79' lang='lat' dir='ltr'><strong>fuisse</strong></span> <span class='ocrx_word' id='word_1_85' title='bbox 606 1250 914 1317; x_wconf 86' lang='lat' dir='ltr'><strong>depulsum.</strong></span> 
     </span>
    </p>
   </div>
   <div class='ocr_carea' id='block_1_14' title="bbox 478 1338 1980 1415">
    <p class='ocr_par' dir='ltr' id='par_1_14' title="bbox 478 1338 1980 1415">
     <span class='ocr_line' id='line_1_14' title="bbox 478 1338 1980 1415; baseline 0.006 -21"><span class='ocrx_word' id='word_1_86' title='bbox 478 1338 546 1394; x_wconf 77' lang='grc' dir='ltr'><strong>Χ.</strong></span> <span class='ocrx_word' id='word_1_87' title='bbox 576 1338 830 1395; x_wconf 80' lang='lat' dir='ltr'><strong>Ruﬁnum</strong></span> <span class='ocrx_word' id='word_1_88' title='bbox 854 1342 1055 1396; x_wconf 81' lang='lat' dir='ltr'><strong>interea</strong></span> <span class='ocrx_word' id='word_1_89' title='bbox 1092 1342 1207 1398; x_wconf 47' lang='lat' dir='ltr'><strong>haec</strong></span> <span class='ocrx_word' id='word_1_90' title='bbox 1236 1360 1449 1415; x_wconf 88' lang='lat' dir='ltr'><strong>quoque</strong></span> <span class='ocrx_word' id='word_1_91' title='bbox 1479 1346 1763 1401; x_wconf 64' lang='lat' dir='ltr'><strong>discordiae</strong></span> <span class='ocrx_word' id='word_1_92' title='bbox 1793 1360 1980 1403; x_wconf 83' lang='lat' dir='ltr'><strong>conta-</strong></span> 
     </span>
    </p>
   </div>
   <div class='ocr_carea' id='block_1_15' title="bbox 407 1432 1978 1512">
    <p class='ocr_par' dir='ltr' id='par_1_15' title="bbox 407 1432 1978 1512">
     <span class='ocr_line' id='line_1_15' title="bbox 407 1432 1978 1512; baseline 0.007 -27"><span class='ocrx_word' id='word_1_93' title='bbox 407 1432 496 1501; x_wconf 87' lang='lat' dir='ltr'><strong>gio</strong></span> <span class='ocrx_word' id='word_1_94' title='bbox 525 1433 742 1498; x_wconf 80' lang='lat' dir='ltr'><strong>infecit;</strong></span> <span class='ocrx_word' id='word_1_95' title='bbox 788 1449 911 1488; x_wconf 87' lang='lat' dir='ltr'><strong>nam</strong></span> <span class='ocrx_word' id='word_1_96' title='bbox 958 1450 1079 1489; x_wconf 90' lang='lat' dir='ltr'><strong>cum</strong></span> <span class='ocrx_word' id='word_1_97' title='bbox 1117 1438 1279 1492; x_wconf 86' lang='lat' dir='ltr'><strong>semel</strong></span> <span class='ocrx_word' id='word_1_98' title='bbox 1306 1439 1546 1493; x_wconf 87' lang='lat' dir='ltr'><strong>haustam</strong></span> <span class='ocrx_word' id='word_1_99' title='bbox 1591 1440 1845 1512; x_wconf 81' lang='lat' dir='ltr'><strong>Origeuis</strong></span> <span class='ocrx_word' id='word_1_100' title='bbox 1883 1447 1978 1496; x_wconf 81' lang='lat' dir='ltr'><strong>do-</strong></span> 
     </span>
    </p>
   </div>
   <div class='ocr_carea' id='block_1_16' title="bbox 404 1521 1977 1591">
    <p class='ocr_par' dir='ltr' id='par_1_16' title="bbox 404 1521 1977 1591">
     <span class='ocr_line' id='line_1_16' title="bbox 404 1521 1977 1591; baseline 0.007 -17"><span class='ocrx_word' id='word_1_101' title='bbox 404 1521 633 1575; x_wconf 88' lang='lat' dir='ltr'><strong>ctrinam</strong></span> <span class='ocrx_word' id='word_1_102' title='bbox 660 1522 710 1574; x_wconf 94' lang='lat' dir='ltr'><strong>iu</strong></span> <span class='ocrx_word' id='word_1_103' title='bbox 740 1523 858 1577; x_wconf 83' lang='lat' dir='ltr'><strong>sinu</strong></span> <span class='ocrx_word' id='word_1_104' title='bbox 882 1521 1106 1591; x_wconf 89' lang='lat' dir='ltr'><strong>foveret,</strong></span> <span class='ocrx_word' id='word_1_105' title='bbox 1141 1528 1381 1581; x_wconf 80' lang='lat' dir='ltr'><strong>eamdem</strong></span> <span class='ocrx_word' id='word_1_106' title='bbox 1426 1529 1475 1582; x_wconf 94' lang='lat' dir='ltr'><strong>in</strong></span> <span class='ocrx_word' id='word_1_107' title='bbox 1510 1528 1717 1585; x_wconf 90' lang='lat' dir='ltr'><strong>Joanne</strong></span> <span class='ocrx_word' id='word_1_108' title='bbox 1771 1544 1825 1586; x_wconf 91' lang='lat' dir='ltr'><strong>et</strong></span> <span class='ocrx_word' id='word_1_109' title='bbox 1857 1532 1977 1587; x_wconf 88' lang='lat' dir='ltr'><strong>Pal-</strong></span> 
     </span>
    </p>
   </div>
   <div class='ocr_carea' id='block_1_17' title="bbox 405 1610 1978 1689">
    <p class='ocr_par' dir='ltr' id='par_1_17' title="bbox 405 1610 1978 1689">
     <span class='ocr_line' id='line_1_17' title="bbox 405 1610 1978 1689; baseline 0.01 -25"><span class='ocrx_word' id='word_1_110' title='bbox 405 1610 572 1675; x_wconf 85' lang='lat' dir='ltr'><strong>ladio,</strong></span> <span class='ocrx_word' id='word_1_111' title='bbox 606 1613 836 1683; x_wconf 83' lang='lat' dir='ltr'><strong>aliisque</strong></span> <span class='ocrx_word' id='word_1_112' title='bbox 864 1628 1221 1689; x_wconf 74' lang='lat' dir='ltr'><strong>oppugnatam</strong></span> <span class='ocrx_word' id='word_1_113' title='bbox 1253 1619 1509 1676; x_wconf 82' lang='lat' dir='ltr'><strong>defendit.</strong></span> <span class='ocrx_word' id='word_1_114' title='bbox 1549 1621 1685 1677; x_wconf 90' lang='lat' dir='ltr'><strong>Hinc</strong></span> <span class='ocrx_word' id='word_1_115' title='bbox 1737 1624 1864 1678; x_wconf 91' lang='lat' dir='ltr'><strong>illud</strong></span> <span class='ocrx_word' id='word_1_116' title='bbox 1893 1634 1978 1679; x_wconf 93' lang='lat' dir='ltr'><strong>est</strong></span> 
     </span>
    </p>
   </div>
   <div class='ocr_carea' id='block_1_18' title="bbox 404 1701 1972 1785">
    <p class='ocr_par' dir='ltr' id='par_1_18' title="bbox 404 1701 1972 1785">
     <span class='ocr_line' id='line_1_18' title="bbox 404 1701 1972 1785; baseline 0.01 -29"><span class='ocrx_word' id='word_1_117' title='bbox 404 1701 689 1772; x_wconf 87' lang='lat' dir='ltr'><strong>Epiphanii</strong></span> <span class='ocrx_word' id='word_1_118' title='bbox 720 1705 770 1759; x_wconf 91' lang='lat' dir='ltr'><strong>in</strong></span> <span class='ocrx_word' id='word_1_119' title='bbox 800 1706 1026 1775; x_wconf 90' lang='lat' dir='ltr'><strong>cpistola</strong></span> <span class='ocrx_word' id='word_1_120' title='bbox 1055 1709 1121 1763; x_wconf 93' lang='lat' dir='ltr'><strong>ad</strong></span> <span class='ocrx_word' id='word_1_121' title='bbox 1154 1708 1410 1765; x_wconf 81' lang='lat' dir='ltr'><strong>Joannem</strong></span> <span class='ocrx_word' id='word_1_122' title='bbox 1436 1710 1692 1778; x_wconf 84' lang='lat' dir='ltr'><strong>Jerosol.,</strong></span> <span class='ocrx_word' id='word_1_123' title='bbox 1726 1729 1845 1785; x_wconf 89' lang='lat' dir='ltr'><strong>cap.</strong></span> <span class='ocrx_word' id='word_1_124' title='bbox 1877 1715 1912 1769; x_wconf 75' lang='grc'><strong>4</strong></span> <span class='ocrx_word' id='word_1_125' title='bbox 1957 1734 1972 1771; x_wconf 89' lang='lat'><strong>:</strong></span> 
     </span>
    </p>
   </div>
   <div class='ocr_carea' id='block_1_19' title="bbox 2084 519 3667 590">
    <p class='ocr_par' dir='ltr' id='par_1_19' title="bbox 2084 519 3667 590">
     <span class='ocr_line' id='line_1_19' title="bbox 2084 519 3667 590; baseline 0.003 -19"><span class='ocrx_word' id='word_1_126' title='bbox 2084 532 2247 588; x_wconf 90' lang='lat' dir='ltr'><strong>nymo</strong></span> <span class='ocrx_word' id='word_1_127' title='bbox 2281 534 2345 574; x_wconf 89' lang='lat' dir='ltr'><strong>ac</strong></span> <span class='ocrx_word' id='word_1_128' title='bbox 2370 520 2569 574; x_wconf 89' lang='lat' dir='ltr'><strong>dicenti</strong></span> <span class='ocrx_word' id='word_1_129' title='bbox 2605 538 2618 573; x_wconf 89' lang='lat'><strong>:</strong></span> <span class='ocrx_word' id='word_1_130' title='bbox 2659 539 2678 572; x_wconf 80' lang='grc' dir='ltr'><strong>ι</strong></span> <span class='ocrx_word' id='word_1_131' title='bbox 2716 520 2772 575; x_wconf 87' lang='lat' dir='ltr'><strong>Si</strong></span> <span class='ocrx_word' id='word_1_132' title='bbox 2817 521 3023 589; x_wconf 78' lang='lat' dir='ltr'><strong>legatus</strong></span> <span class='ocrx_word' id='word_1_133' title='bbox 3050 534 3130 584; x_wconf 89' lang='lat' dir='ltr'><strong>es,</strong></span> <span class='ocrx_word' id='word_1_134' title='bbox 3170 519 3333 573; x_wconf 87' lang='lat' dir='ltr'><strong>redde</strong></span> <span class='ocrx_word' id='word_1_135' title='bbox 3378 520 3667 590; x_wconf 76' lang='lat' dir='ltr'><strong>legationis</strong></span> 
     </span>
    </p>
   </div>
   <div class='ocr_carea' id='block_1_20' title="bbox 2082 610 3665 685">
    <p class='ocr_par' dir='ltr' id='par_1_20' title="bbox 2082 610 3665 685">
     <span class='ocr_line' id='line_1_20' title="bbox 2082 610 3665 685; baseline 0.003 -20"><span class='ocrx_word' id='word_1_136' title='bbox 2082 610 2375 679; x_wconf 87' lang='lat' dir='ltr'><strong>epistolas;</strong></span> <span class='ocrx_word' id='word_1_137' title='bbox 2400 612 2444 667; x_wconf 92' lang='lat' dir='ltr'><strong>si</strong></span> <span class='ocrx_word' id='word_1_138' title='bbox 2473 613 2728 682; x_wconf 91' lang='lat' dir='ltr'><strong>epistolas</strong></span> <span class='ocrx_word' id='word_1_139' title='bbox 2755 628 2859 667; x_wconf 89' lang='lat' dir='ltr'><strong>non</strong></span> <span class='ocrx_word' id='word_1_140' title='bbox 2888 615 3079 678; x_wconf 87' lang='lat' dir='ltr'><strong>habes,</strong></span> <span class='ocrx_word' id='word_1_141' title='bbox 3113 613 3381 683; x_wconf 87' lang='lat' dir='ltr'><strong>quomodo</strong></span> <span class='ocrx_word' id='word_1_142' title='bbox 3421 614 3665 685; x_wconf 86' lang='lat' dir='ltr'><strong>legatum</strong></span> 
     </span>
    </p>
   </div>
   <div class='ocr_carea' id='block_1_21' title="bbox 2084 703 3665 775">
    <p class='ocr_par' dir='ltr' id='par_1_21' title="bbox 2084 703 3665 775">
     <span class='ocr_line' id='line_1_21' title="bbox 2084 703 3665 775; baseline 0.004 -19"><span class='ocrx_word' id='word_1_143' title='bbox 2084 708 2137 756; x_wconf 87' lang='lat' dir='ltr'><strong>te</strong></span> <span class='ocrx_word' id='word_1_144' title='bbox 2185 703 2475 769; x_wconf 82' lang='lat' dir='ltr'><strong>probabis?</strong></span> <span class='ocrx_word' id='word_1_145' title='bbox 2514 721 2533 756; x_wconf 72' lang='grc' dir='ltr'><strong>ι</strong></span> <span class='ocrx_word' id='word_1_146' title='bbox 2569 704 2774 759; x_wconf 88' lang='lat' dir='ltr'><strong>litteras</strong></span> <span class='ocrx_word' id='word_1_147' title='bbox 2807 706 3021 775; x_wconf 87' lang='lat' dir='ltr'><strong>quidem</strong></span> <span class='ocrx_word' id='word_1_148' title='bbox 3070 708 3138 760; x_wconf 89' lang='lat' dir='ltr'><strong>ad</strong></span> <span class='ocrx_word' id='word_1_149' title='bbox 3181 721 3304 761; x_wconf 85' lang='lat' dir='ltr'><strong>eum</strong></span> <span class='ocrx_word' id='word_1_150' title='bbox 3351 707 3556 762; x_wconf 85' lang='lat' dir='ltr'><strong>habere</strong></span> <span class='ocrx_word' id='word_1_151' title='bbox 3599 722 3665 762; x_wconf 78' lang='lat' dir='ltr'><strong>ac</strong></span> 
     </span>
    </p>
   </div>
   <div class='ocr_carea' id='block_1_22' title="bbox 2085 792 3664 862">
    <p class='ocr_par' dir='ltr' id='par_1_22' title="bbox 2085 792 3664 862">
     <span class='ocr_line' id='line_1_22' title="bbox 2085 792 3664 862; baseline 0.003 -17"><span class='ocrx_word' id='word_1_152' title='bbox 2085 792 2385 862; x_wconf 90' lang='lat' dir='ltr'><strong>respondit,</strong></span> <span class='ocrx_word' id='word_1_153' title='bbox 2417 803 2663 862; x_wconf 84' lang='lat' dir='ltr'><strong>rogatum</strong></span> <span class='ocrx_word' id='word_1_154' title='bbox 2697 810 2757 850; x_wconf 90' lang='lat' dir='ltr'><strong>se</strong></span> <span class='ocrx_word' id='word_1_155' title='bbox 2783 805 2958 849; x_wconf 88' lang='lat' dir='ltr'><strong>tamen</strong></span> <span class='ocrx_word' id='word_1_156' title='bbox 2985 810 3014 849; x_wconf 93' lang='lat' dir='ltr'><strong>a</strong></span> <span class='ocrx_word' id='word_1_157' title='bbox 3046 794 3253 852; x_wconf 89' lang='lat' dir='ltr'><strong>Joanne</strong></span> <span class='ocrx_word' id='word_1_158' title='bbox 3290 812 3356 851; x_wconf 90' lang='lat' dir='ltr'><strong>ne</strong></span> <span class='ocrx_word' id='word_1_159' title='bbox 3385 799 3664 853; x_wconf 80' lang='lat' dir='ltr'><strong>redderet.</strong></span> 
     </span>
    </p>
   </div>
   <div class='ocr_carea' id='block_1_23' title="bbox 2082 882 3662 959">
    <p class='ocr_par' dir='ltr' id='par_1_23' title="bbox 2082 882 3662 959">
     <span class='ocr_line' id='line_1_23' title="bbox 2082 882 3662 959; baseline 0.006 -22"><span class='ocrx_word' id='word_1_160' title='bbox 2082 882 2158 938; x_wconf 90' lang='lat' dir='ltr'><strong>Ita</strong></span> <span class='ocrx_word' id='word_1_161' title='bbox 2205 883 2407 939; x_wconf 84' lang='lat' dir='ltr'><strong>favoris</strong></span> <span class='ocrx_word' id='word_1_162' title='bbox 2459 885 2513 940; x_wconf 92' lang='lat' dir='ltr'><strong>in</strong></span> <span class='ocrx_word' id='word_1_163' title='bbox 2543 885 2766 941; x_wconf 88' lang='lat' dir='ltr'><strong>alteram</strong></span> <span class='ocrx_word' id='word_1_164' title='bbox 2817 896 3024 957; x_wconf 89' lang='lat' dir='ltr'><strong>partem</strong></span> <span class='ocrx_word' id='word_1_165' title='bbox 3071 890 3379 959; x_wconf 86' lang='lat' dir='ltr'><strong>suspicione</strong></span> <span class='ocrx_word' id='word_1_166' title='bbox 3431 889 3662 958; x_wconf 86' lang='lat' dir='ltr'><strong>injecta,</strong></span> 
     </span>
    </p>
   </div>
   <div class='ocr_carea' id='block_1_24' title="bbox 2081 976 3664 1048">
    <p class='ocr_par' dir='ltr' id='par_1_24' title="bbox 2081 976 3664 1048">
     <span class='ocr_line' id='line_1_24' title="bbox 2081 976 3664 1048; baseline 0.004 -19"><span class='ocrx_word' id='word_1_167' title='bbox 2081 990 2232 1045; x_wconf 89' lang='lat' dir='ltr'><strong>spem</strong></span> <span class='ocrx_word' id='word_1_168' title='bbox 2266 976 2417 1046; x_wconf 90' lang='lat' dir='ltr'><strong>pacis</strong></span> <span class='ocrx_word' id='word_1_169' title='bbox 2443 976 2692 1046; x_wconf 85' lang='lat' dir='ltr'><strong>peremit,</strong></span> <span class='ocrx_word' id='word_1_170' title='bbox 2724 992 2889 1048; x_wconf 90' lang='lat' dir='ltr'><strong>reque</strong></span> <span class='ocrx_word' id='word_1_171' title='bbox 2925 979 3118 1035; x_wconf 88' lang='lat' dir='ltr'><strong>infecta</strong></span> <span class='ocrx_word' id='word_1_172' title='bbox 3162 981 3431 1035; x_wconf 86' lang='lat' dir='ltr'><strong>discessit.</strong></span> <span class='ocrx_word' id='word_1_173' title='bbox 3472 980 3664 1035; x_wconf 84' lang='lat' dir='ltr'><strong>Disce-</strong></span> 
     </span>
    </p>
   </div>
   <div class='ocr_carea' id='block_1_25' title="bbox 2081 1067 3661 1142">
    <p class='ocr_par' dir='ltr' id='par_1_25' title="bbox 2081 1067 3661 1142">
     <span class='ocr_line' id='line_1_25' title="bbox 2081 1067 3661 1142; baseline 0.006 -21"><span class='ocrx_word' id='word_1_174' title='bbox 2081 1067 2227 1122; x_wconf 91' lang='lat' dir='ltr'><strong>denti</strong></span> <span class='ocrx_word' id='word_1_175' title='bbox 2251 1068 2565 1139; x_wconf 82' lang='lat' dir='ltr'><strong>Apologiam</strong></span> <span class='ocrx_word' id='word_1_176' title='bbox 2593 1085 2691 1139; x_wconf 93' lang='lat' dir='ltr'><strong>pro</strong></span> <span class='ocrx_word' id='word_1_177' title='bbox 2722 1086 2817 1126; x_wconf 89' lang='lat' dir='ltr'><strong>sua</strong></span> <span class='ocrx_word' id='word_1_178' title='bbox 2847 1087 3009 1127; x_wconf 88' lang='lat' dir='ltr'><strong>causa</strong></span> <span class='ocrx_word' id='word_1_179' title='bbox 3043 1077 3110 1128; x_wconf 90' lang='lat' dir='ltr'><strong>ad</strong></span> <span class='ocrx_word' id='word_1_180' title='bbox 3140 1074 3491 1142; x_wconf 80' lang='lat' dir='ltr'><strong>Theophilum</strong></span> <span class='ocrx_word' id='word_1_181' title='bbox 3536 1086 3661 1129; x_wconf 83' lang='lat' dir='ltr'><strong>tra-</strong></span> 
     </span>
    </p>
   </div>
   <div class='ocr_carea' id='block_1_26' title="bbox 2083 1159 3660 1229">
    <p class='ocr_par' dir='ltr' id='par_1_26' title="bbox 2083 1159 3660 1229">
     <span class='ocr_line' id='line_1_26' title="bbox 2083 1159 3660 1229; baseline 0.007 -17"><span class='ocrx_word' id='word_1_182' title='bbox 2083 1160 2501 1224; x_wconf 87' lang='lat' dir='ltr'><strong>diditJoannes,</strong></span> <span class='ocrx_word' id='word_1_183' title='bbox 2542 1159 2694 1229; x_wconf 86' lang='lat' dir='ltr'><strong>cujus</strong></span> <span class='ocrx_word' id='word_1_184' title='bbox 2723 1161 3078 1218; x_wconf 83' lang='lat' dir='ltr'><strong>lucubratioui</strong></span> <span class='ocrx_word' id='word_1_185' title='bbox 3119 1165 3439 1221; x_wconf 79' lang='lat' dir='ltr'><strong>interfuerat</strong></span> <span class='ocrx_word' id='word_1_186' title='bbox 3483 1167 3660 1223; x_wconf 88' lang='lat' dir='ltr'><strong>Isido-</strong></span> 
     </span>
    </p>
   </div>
   <div class='ocr_carea' id='block_1_27' title="bbox 2081 1254 3654 1323">
    <p class='ocr_par' dir='ltr' id='par_1_27' title="bbox 2081 1254 3654 1323">
     <span class='ocr_line' id='line_1_27' title="bbox 2081 1254 3654 1323; baseline 0.006 -20"><span class='ocrx_word' id='word_1_187' title='bbox 2081 1264 2193 1313; x_wconf 90' lang='lat' dir='ltr'><strong>rus,</strong></span> <span class='ocrx_word' id='word_1_188' title='bbox 2234 1261 2287 1304; x_wconf 92' lang='lat' dir='ltr'><strong>et</strong></span> <span class='ocrx_word' id='word_1_189' title='bbox 2311 1266 2531 1320; x_wconf 87' lang='lat' dir='ltr'><strong>operam</strong></span> <span class='ocrx_word' id='word_1_190' title='bbox 2569 1268 2719 1307; x_wconf 90' lang='lat' dir='ltr'><strong>suam</strong></span> <span class='ocrx_word' id='word_1_191' title='bbox 2754 1254 3083 1322; x_wconf 81' lang='lat' dir='ltr'><strong>contulerat;</strong></span> <span class='ocrx_word' id='word_1_192' title='bbox 3111 1273 3130 1308; x_wconf 88' lang='grc' dir='ltr'><strong>ι</strong></span> <span class='ocrx_word' id='word_1_193' title='bbox 3167 1266 3225 1311; x_wconf 83' lang='grc' dir='ltr'><strong>ιιι</strong></span> <span class='ocrx_word' id='word_1_194' title='bbox 3262 1259 3402 1314; x_wconf 92' lang='lat' dir='ltr'><strong>idem</strong></span> <span class='ocrx_word' id='word_1_195' title='bbox 3424 1271 3591 1323; x_wconf 86' lang='lat' dir='ltr'><strong>esset,</strong></span> <span class='ocrx_word' id='word_1_196' title='bbox 3632 1281 3654 1313; x_wconf 80' lang='grc' dir='ltr'><strong>ι</strong></span> 
     </span>
    </p>
   </div>
   <div class='ocr_carea' id='block_1_28' title="bbox 2079 1341 3662 1417">
    <p class='ocr_par' dir='ltr' id='par_1_28' title="bbox 2079 1341 3662 1417">
     <span class='ocr_line' id='line_1_28' title="bbox 2079 1341 3662 1417; baseline 0.009 -22"><span class='ocrx_word' id='word_1_197' title='bbox 2079 1342 2153 1396; x_wconf 91' lang='lat' dir='ltr'><strong>ait</strong></span> <span class='ocrx_word' id='word_1_198' title='bbox 2195 1341 2571 1415; x_wconf 81' lang='lat' dir='ltr'><strong>Hieronymus,</strong></span> <span class='ocrx_word' id='word_1_199' title='bbox 2608 1347 2766 1416; x_wconf 87' lang='lat' dir='ltr'><strong>epist.</strong></span> <span class='ocrx_word' id='word_1_200' title='bbox 2798 1348 2886 1413; x_wconf 71' lang='grc'><strong>61,</strong></span> <span class='ocrx_word' id='word_1_201' title='bbox 2917 1363 3040 1417; x_wconf 92' lang='lat' dir='ltr'><strong>cap.</strong></span> <span class='ocrx_word' id='word_1_202' title='bbox 3068 1349 3103 1402; x_wconf 72' lang='grc'><strong>2</strong></span> <span class='ocrx_word' id='word_1_203' title='bbox 3126 1359 3181 1405; x_wconf 92' lang='lat' dir='ltr'><strong>et</strong></span> <span class='ocrx_word' id='word_1_204' title='bbox 3218 1350 3303 1415; x_wconf 88' lang='lat' dir='ltr'><strong>l5,</strong></span> <span class='ocrx_word' id='word_1_205' title='bbox 3341 1370 3360 1403; x_wconf 85' lang='grc' dir='ltr'><strong>ι</strong></span> <span class='ocrx_word' id='word_1_206' title='bbox 3390 1363 3446 1406; x_wconf 90' lang='lat' dir='ltr'><strong>et</strong></span> <span class='ocrx_word' id='word_1_207' title='bbox 3480 1355 3662 1408; x_wconf 86' lang='lat' dir='ltr'><strong>dicta-</strong></span> 
     </span>
    </p>
   </div>
   <div class='ocr_carea' id='block_1_29' title="bbox 2083 1433 3657 1499">
    <p class='ocr_par' dir='ltr' id='par_1_29' title="bbox 2083 1433 3657 1499">
     <span class='ocr_line' id='line_1_29' title="bbox 2083 1433 3657 1499; baseline 0.009 -15"><span class='ocrx_word' id='word_1_208' title='bbox 2083 1442 2168 1487; x_wconf 92' lang='lat' dir='ltr'><strong>tor</strong></span> <span class='ocrx_word' id='word_1_209' title='bbox 2194 1444 2250 1488; x_wconf 92' lang='lat' dir='ltr'><strong>et</strong></span> <span class='ocrx_word' id='word_1_210' title='bbox 2285 1433 2496 1499; x_wconf 82' lang='lat' dir='ltr'><strong>baiulus</strong></span> <span class='ocrx_word' id='word_1_211' title='bbox 2530 1436 2851 1494; x_wconf 90' lang='lat' dir='ltr'><strong>litterarum.</strong></span> <span class='ocrx_word' id='word_1_212' title='bbox 2882 1458 2902 1491; x_wconf 72' lang='grc' dir='ltr'><strong>ι</strong></span> <span class='ocrx_word' id='word_1_213' title='bbox 2937 1438 3226 1495; x_wconf 80' lang='lat' dir='ltr'><strong>Maximam</strong></span> <span class='ocrx_word' id='word_1_214' title='bbox 3284 1442 3500 1497; x_wconf 87' lang='lat' dir='ltr'><strong>interim</strong></span> <span class='ocrx_word' id='word_1_215' title='bbox 3540 1446 3657 1498; x_wconf 90' lang='lat' dir='ltr'><strong>fra-</strong></span> 
     </span>
    </p>
   </div>
   <div class='ocr_carea' id='block_1_30' title="bbox 2082 1527 3659 1595">
    <p class='ocr_par' dir='ltr' id='par_1_30' title="bbox 2082 1527 3659 1595">
     <span class='ocr_line' id='line_1_30' title="bbox 2082 1527 3659 1595; baseline 0.009 -19"><span class='ocrx_word' id='word_1_216' title='bbox 2082 1532 2222 1579; x_wconf 92' lang='lat' dir='ltr'><strong>trum</strong></span> <span class='ocrx_word' id='word_1_217' title='bbox 2264 1527 2680 1595; x_wconf 88' lang='lat' dir='ltr'><strong>multitudinem,</strong></span> <span class='ocrx_word' id='word_1_218' title='bbox 2719 1537 2774 1584; x_wconf 90' lang='lat' dir='ltr'><strong>et</strong></span> <span class='ocrx_word' id='word_1_219' title='bbox 2803 1533 3188 1587; x_wconf 89' lang='lat' dir='ltr'><strong>monachorum</strong></span> <span class='ocrx_word' id='word_1_220' title='bbox 3224 1534 3419 1591; x_wconf 90' lang='lat' dir='ltr'><strong>choros</strong></span> <span class='ocrx_word' id='word_1_221' title='bbox 3453 1537 3507 1589; x_wconf 92' lang='lat' dir='ltr'><strong>in</strong></span> <span class='ocrx_word' id='word_1_222' title='bbox 3548 1534 3659 1590; x_wconf 86' lang='lat' dir='ltr'><strong>Pa-</strong></span> 
     </span>
    </p>
   </div>
   <div class='ocr_carea' id='block_1_31' title="bbox 2079 1615 3658 1686">
    <p class='ocr_par' dir='ltr' id='par_1_31' title="bbox 2079 1615 3658 1686">
     <span class='ocr_line' id='line_1_31' title="bbox 2079 1615 3658 1686; baseline 0.007 -16"><span class='ocrx_word' id='word_1_223' title='bbox 2079 1615 2286 1672; x_wconf 64' lang='lat' dir='ltr'><strong>laestina</strong></span> <span class='ocrx_word' id='word_1_224' title='bbox 2316 1616 2415 1671; x_wconf 91' lang='lat' dir='ltr'><strong>sibi</strong></span> <span class='ocrx_word' id='word_1_225' title='bbox 2454 1632 2558 1671; x_wconf 93' lang='lat' dir='ltr'><strong>non</strong></span> <span class='ocrx_word' id='word_1_226' title='bbox 2584 1621 3047 1676; x_wconf 87' lang='lat' dir='ltr'><strong>communicantes</strong></span> <span class='ocrx_word' id='word_1_227' title='bbox 3090 1623 3274 1681; x_wconf 82' lang='lat' dir='ltr'><strong>(verba</strong></span> <span class='ocrx_word' id='word_1_228' title='bbox 3302 1636 3429 1686; x_wconf 85' lang='lat' dir='ltr'><strong>sunt</strong></span> <span class='ocrx_word' id='word_1_229' title='bbox 3458 1625 3658 1681; x_wconf 80' lang='lat' dir='ltr'><strong>Hiero-</strong></span> 
     </span>
    </p>
   </div>
   <div class='ocr_carea' id='block_1_32' title="bbox 2080 1706 3659 1783">
    <p class='ocr_par' dir='ltr' id='par_1_32' title="bbox 2080 1706 3659 1783">
     <span class='ocr_line' id='line_1_32' title="bbox 2080 1706 3659 1783; baseline 0.008 -23"><span class='ocrx_word' id='word_1_230' title='bbox 2080 1706 2249 1777; x_wconf 88' lang='lat' dir='ltr'><strong>nymi)</strong></span> <span class='ocrx_word' id='word_1_231' title='bbox 2280 1707 2432 1777; x_wconf 91' lang='lat' dir='ltr'><strong>quasi</strong></span> <span class='ocrx_word' id='word_1_232' title='bbox 2455 1707 2637 1763; x_wconf 90' lang='lat' dir='ltr'><strong>hostes</strong></span> <span class='ocrx_word' id='word_1_233' title='bbox 2664 1709 2907 1779; x_wconf 89' lang='lat' dir='ltr'><strong>publicos</strong></span> <span class='ocrx_word' id='word_1_234' title='bbox 2929 1711 3213 1766; x_wconf 73' lang='lat' dir='ltr'><strong>aestimavit</strong></span> <span class='ocrx_word' id='word_1_235' title='bbox 3241 1712 3505 1783; x_wconf 88' lang='lat' dir='ltr'><strong>Joannes;</strong></span> <span class='ocrx_word' id='word_1_236' title='bbox 3530 1731 3659 1772; x_wconf 76' lang='lat' dir='ltr'><strong>cum</strong></span> 
     </span>
    </p>
   </div>
   <div class='ocr_carea' id='block_1_33' title="bbox 410 1789 3659 1875">
    <p class='ocr_par' dir='ltr' id='par_1_33' title="bbox 410 1789 3659 1875">
     <span class='ocr_line' id='line_1_33' title="bbox 410 1789 3659 1875; baseline 0.006 -29"><span class='ocrx_word' id='word_1_237' title='bbox 410 1811 430 1845; x_wconf 83' lang='grc' dir='ltr'><strong>ι</strong></span> <span class='ocrx_word' id='word_1_238' title='bbox 461 1790 539 1848; x_wconf 88' lang='lat' dir='ltr'><strong>Te</strong></span> <span class='ocrx_word' id='word_1_239' title='bbox 571 1803 771 1860; x_wconf 90' lang='lat' dir='ltr'><strong>autem,</strong></span> <span class='ocrx_word' id='word_1_240' title='bbox 802 1794 988 1864; x_wconf 87' lang='lat' dir='ltr'><strong>frater,</strong></span> <span class='ocrx_word' id='word_1_241' title='bbox 1014 1798 1205 1853; x_wconf 87' lang='lat' dir='ltr'><strong>liberet</strong></span> <span class='ocrx_word' id='word_1_242' title='bbox 1236 1800 1394 1866; x_wconf 89' lang='lat' dir='ltr'><strong>Deus,</strong></span> <span class='ocrx_word' id='word_1_243' title='bbox 1426 1812 1480 1856; x_wconf 92' lang='lat' dir='ltr'><strong>et</strong></span> <span class='ocrx_word' id='word_1_244' title='bbox 1512 1814 1757 1859; x_wconf 90' lang='lat' dir='ltr'><strong>sanctum</strong></span> <span class='ocrx_word' id='word_1_245' title='bbox 1807 1820 1976 1874; x_wconf 89' lang='lat' dir='ltr'><strong>popu-</strong></span> <span class='ocrx_word' id='word_1_246' title='bbox 2007 1791 2049 1847; x_wconf 81' lang='grc' dir='ltr'><strong>Β</strong></span> <span class='ocrx_word' id='word_1_247' title='bbox 2077 1799 2143 1853; x_wconf 74' lang='lat' dir='ltr'><strong>ad</strong></span> <span class='ocrx_word' id='word_1_248' title='bbox 2176 1797 2293 1868; x_wconf 73' lang='lat' dir='ltr'><strong>eius</strong></span> <span class='ocrx_word' id='word_1_249' title='bbox 2326 1800 2698 1870; x_wconf 70' lang='lat' dir='ltr'><strong>refugienda&quot;!</strong></span> <span class='ocrx_word' id='word_1_250' title='bbox 2730 1804 3162 1863; x_wconf 83' lang='lat' dir='ltr'><strong>communionem</strong></span> <span class='ocrx_word' id='word_1_251' title='bbox 3220 1789 3502 1875; x_wconf 74' lang='lat' dir='ltr'><strong>Epiphauii</strong></span> <span class='ocrx_word' id='word_1_252' title='bbox 3537 1825 3659 1862; x_wconf 57' lang='lat' dir='ltr'><strong>mo.</strong></span> 
     </span>
    </p>
   </div>
   <div class='ocr_carea' id='block_1_34' title="bbox 402 1883 1976 1956">
    <p class='ocr_par' dir='ltr' id='par_1_34' title="bbox 402 1883 1976 1956">
     <span class='ocr_line' id='line_1_34' title="bbox 402 1883 1976 1956; baseline 0.009 -17"><span class='ocrx_word' id='word_1_253' title='bbox 402 1883 512 1939; x_wconf 92' lang='lat' dir='ltr'><strong>lum</strong></span> <span class='ocrx_word' id='word_1_254' title='bbox 558 1885 760 1942; x_wconf 86' lang='lat' dir='ltr'><strong>Christi</strong></span> <span class='ocrx_word' id='word_1_255' title='bbox 787 1889 879 1956; x_wconf 90' lang='lat' dir='ltr'><strong>qui</strong></span> <span class='ocrx_word' id='word_1_256' title='bbox 912 1888 1009 1943; x_wconf 92' lang='lat' dir='ltr'><strong>tibi</strong></span> <span class='ocrx_word' id='word_1_257' title='bbox 1039 1891 1279 1945; x_wconf 88' lang='lat' dir='ltr'><strong>creditus</strong></span> <span class='ocrx_word' id='word_1_258' title='bbox 1317 1901 1439 1956; x_wconf 52' lang='lat' dir='ltr'><strong>est,‘</strong></span> <span class='ocrx_word' id='word_1_259' title='bbox 1462 1900 1517 1947; x_wconf 90' lang='lat' dir='ltr'><strong>et</strong></span> <span class='ocrx_word' id='word_1_260' title='bbox 1554 1910 1741 1950; x_wconf 91' lang='lat' dir='ltr'><strong>omnes</strong></span> <span class='ocrx_word' id='word_1_261' title='bbox 1782 1897 1976 1954; x_wconf 86' lang='lat' dir='ltr'><strong>fratres</strong></span> 
     </span>
    </p>
   </div>
   <div class='ocr_carea' id='block_1_35' title="bbox 402 1978 1975 2057">
    <p class='ocr_par' dir='ltr' id='par_1_35' title="bbox 402 1978 1975 2057">
     <span class='ocr_line' id='line_1_35' title="bbox 402 1978 1975 2057; baseline 0.01 -27"><span class='ocrx_word' id='word_1_262' title='bbox 402 1978 493 2046; x_wconf 88' lang='lat' dir='ltr'><strong>qui</strong></span> <span class='ocrx_word' id='word_1_263' title='bbox 522 1990 695 2033; x_wconf 89' lang='lat' dir='ltr'><strong>tecum</strong></span> <span class='ocrx_word' id='word_1_264' title='bbox 716 1988 862 2043; x_wconf 89' lang='lat' dir='ltr'><strong>sunt,</strong></span> <span class='ocrx_word' id='word_1_265' title='bbox 888 1988 943 2033; x_wconf 88' lang='lat' dir='ltr'><strong>et</strong></span> <span class='ocrx_word' id='word_1_266' title='bbox 968 1981 1198 2035; x_wconf 80' lang='lat' dir='ltr'><strong>maxime</strong></span> <span class='ocrx_word' id='word_1_267' title='bbox 1225 1980 1475 2037; x_wconf 79' lang='lat' dir='ltr'><strong>Ruﬁnum</strong></span> <span class='ocrx_word' id='word_1_268' title='bbox 1503 1987 1873 2057; x_wconf 85' lang='lat' dir='ltr'><strong>presbyterum</strong></span> <span class='ocrx_word' id='word_1_269' title='bbox 1907 1991 1975 2045; x_wconf 90' lang='lat' dir='ltr'><strong>ab</strong></span> 
     </span>
    </p>
   </div>
   <div class='ocr_carea' id='block_1_36' title="bbox 406 2066 1976 2147">
    <p class='ocr_par' dir='ltr' id='par_1_36' title="bbox 406 2066 1976 2147">
     <span class='ocr_line' id='line_1_36' title="bbox 406 2066 1976 2147; baseline 0.011 -27"><span class='ocrx_word' id='word_1_270' title='bbox 406 2066 595 2124; x_wconf 63' lang='lat' dir='ltr'><strong>haeresi</strong></span> <span class='ocrx_word' id='word_1_271' title='bbox 617 2069 887 2137; x_wconf 83' lang='lat' dir='ltr'><strong>Origenis,</strong></span> <span class='ocrx_word' id='word_1_272' title='bbox 911 2081 965 2126; x_wconf 91' lang='lat' dir='ltr'><strong>et</strong></span> <span class='ocrx_word' id='word_1_273' title='bbox 1000 2070 1069 2126; x_wconf 89' lang='lat' dir='ltr'><strong>ah</strong></span> <span class='ocrx_word' id='word_1_274' title='bbox 1094 2070 1216 2127; x_wconf 90' lang='lat' dir='ltr'><strong>aliis</strong></span> <span class='ocrx_word' id='word_1_275' title='bbox 1245 2074 1540 2132; x_wconf 65' lang='lat' dir='ltr'><strong>haaresibns</strong></span> <span class='ocrx_word' id='word_1_276' title='bbox 1596 2089 1649 2132; x_wconf 90' lang='lat' dir='ltr'><strong>et</strong></span> <span class='ocrx_word' id='word_1_277' title='bbox 1676 2081 1976 2147; x_wconf 88' lang='lat' dir='ltr'><strong>perditione</strong></span> 
     </span>
    </p>
   </div>
   <div class='ocr_carea' id='block_1_37' title="bbox 400 2160 1973 2241">
    <p class='ocr_par' dir='ltr' id='par_1_37' title="bbox 400 2160 1973 2241">
     <span class='ocr_line' id='line_1_37' title="bbox 400 2160 1973 2241; baseline 0.01 -28"><span class='ocrx_word' id='word_1_278' title='bbox 400 2172 608 2214; x_wconf 85' lang='lat' dir='ltr'><strong>earum.</strong></span> <span class='ocrx_word' id='word_1_279' title='bbox 650 2179 670 2212; x_wconf 72' lang='grc' dir='ltr'><strong>ι</strong></span> <span class='ocrx_word' id='word_1_280' title='bbox 707 2160 815 2217; x_wconf 88' lang='lat' dir='ltr'><strong>Nec</strong></span> <span class='ocrx_word' id='word_1_281' title='bbox 846 2164 1003 2218; x_wconf 90' lang='lat' dir='ltr'><strong>aliam</strong></span> <span class='ocrx_word' id='word_1_282' title='bbox 1036 2165 1106 2219; x_wconf 91' lang='lat' dir='ltr'><strong>ob</strong></span> <span class='ocrx_word' id='word_1_283' title='bbox 1137 2181 1353 2220; x_wconf 86' lang='lat' dir='ltr'><strong>causam</strong></span> <span class='ocrx_word' id='word_1_284' title='bbox 1381 2184 1408 2221; x_wconf 89' lang='lat' dir='ltr'><strong>a</strong></span> <span class='ocrx_word' id='word_1_285' title='bbox 1441 2169 1671 2223; x_wconf 79' lang='lat' dir='ltr'><strong>conﬂata</strong></span> <span class='ocrx_word' id='word_1_286' title='bbox 1699 2171 1811 2241; x_wconf 88' lang='lat' dir='ltr'><strong>jam</strong></span> <span class='ocrx_word' id='word_1_287' title='bbox 1850 2174 1973 2230; x_wconf 86' lang='lat' dir='ltr'><strong>inde</strong></span> 
     </span>
    </p>
   </div>
   <div class='ocr_carea' id='block_1_38' title="bbox 402 2248 1975 2327">
    <p class='ocr_par' dir='ltr' id='par_1_38' title="bbox 402 2248 1975 2327">
     <span class='ocr_line' id='line_1_38' title="bbox 402 2248 1975 2327; baseline 0.011 -26"><span class='ocrx_word' id='word_1_288' title='bbox 402 2261 433 2301; x_wconf 90' lang='lat' dir='ltr'><strong>a</strong></span> <span class='ocrx_word' id='word_1_289' title='bbox 473 2248 655 2304; x_wconf 91' lang='lat' dir='ltr'><strong>multis</strong></span> <span class='ocrx_word' id='word_1_290' title='bbox 681 2252 838 2307; x_wconf 88' lang='lat' dir='ltr'><strong>annis</strong></span> <span class='ocrx_word' id='word_1_291' title='bbox 880 2267 1003 2309; x_wconf 91' lang='lat' dir='ltr'><strong>cum</strong></span> <span class='ocrx_word' id='word_1_292' title='bbox 1035 2252 1361 2327; x_wconf 90' lang='lat' dir='ltr'><strong>Ilierouymo</strong></span> <span class='ocrx_word' id='word_1_293' title='bbox 1395 2260 1793 2318; x_wconf 89' lang='lat' dir='ltr'><strong>necessitudine</strong></span> <span class='ocrx_word' id='word_1_294' title='bbox 1822 2262 1975 2319; x_wconf 82' lang='lat' dir='ltr'><strong>Ruﬁ-</strong></span> 
     </span>
    </p>
   </div>
   <div class='ocr_carea' id='block_1_39' title="bbox 406 2340 757 2396">
    <p class='ocr_par' dir='ltr' id='par_1_39' title="bbox 406 2340 757 2396">
     <span class='ocr_line' id='line_1_39' title="bbox 406 2340 757 2396; baseline 0.009 -3"><span class='ocrx_word' id='word_1_295' title='bbox 406 2353 510 2393; x_wconf 88' lang='lat' dir='ltr'><strong>nus</strong></span> <span class='ocrx_word' id='word_1_296' title='bbox 542 2340 757 2396; x_wconf 89' lang='lat' dir='ltr'><strong>defecit.</strong></span> 
     </span>
    </p>
   </div>
   <div class='ocr_carea' id='block_1_40' title="bbox 470 2430 1976 2519">
    <p class='ocr_par' dir='ltr' id='par_1_40' title="bbox 470 2430 1976 2519">
     <span class='ocr_line' id='line_1_40' title="bbox 470 2430 1976 2519; baseline 0.01 -34"><span class='ocrx_word' id='word_1_297' title='bbox 470 2430 563 2486; x_wconf 81' lang='lat' dir='ltr'><strong>Xl.</strong></span> <span class='ocrx_word' id='word_1_298' title='bbox 591 2432 1094 2503; x_wconf 85' lang='lat' dir='ltr'><strong>lugravescentihus</strong></span> <span class='ocrx_word' id='word_1_299' title='bbox 1144 2436 1195 2491; x_wconf 95' lang='lat' dir='ltr'><strong>in</strong></span> <span class='ocrx_word' id='word_1_300' title='bbox 1227 2438 1342 2493; x_wconf 91' lang='lat' dir='ltr'><strong>dies</strong></span> <span class='ocrx_word' id='word_1_301' title='bbox 1398 2437 1659 2497; x_wconf 90' lang='lat' dir='ltr'><strong>Joannem</strong></span> <span class='ocrx_word' id='word_1_302' title='bbox 1700 2443 1976 2519; x_wconf 86' lang='lat' dir='ltr'><strong>Jerosoly-</strong></span> 
     </span>
    </p>
   </div>
   <div class='ocr_carea' id='block_1_41' title="bbox 401 2523 1973 2600">
    <p class='ocr_par' dir='ltr' id='par_1_41' title="bbox 401 2523 1973 2600">
     <span class='ocr_line' id='line_1_41' title="bbox 401 2523 1973 2600; baseline 0.01 -24"><span class='ocrx_word' id='word_1_303' title='bbox 401 2523 661 2577; x_wconf 89' lang='lat' dir='ltr'><strong>tnitanum</strong></span> <span class='ocrx_word' id='word_1_304' title='bbox 690 2525 829 2580; x_wconf 91' lang='lat' dir='ltr'><strong>inter</strong></span> <span class='ocrx_word' id='word_1_305' title='bbox 853 2536 906 2580; x_wconf 93' lang='lat' dir='ltr'><strong>et</strong></span> <span class='ocrx_word' id='word_1_306' title='bbox 926 2527 1280 2597; x_wconf 82' lang='lat' dir='ltr'><strong>Epiphaniam</strong></span> <span class='ocrx_word' id='word_1_307' title='bbox 1303 2530 1459 2600; x_wconf 89' lang='lat' dir='ltr'><strong>odiis,</strong></span> <span class='ocrx_word' id='word_1_308' title='bbox 1477 2543 1654 2590; x_wconf 91' lang='lat' dir='ltr'><strong>tantos</strong></span> <span class='ocrx_word' id='word_1_309' title='bbox 1679 2538 1973 2593; x_wconf 89' lang='lat' dir='ltr'><strong>amicorum</strong></span> 
     </span>
    </p>
   </div>
   <div class='ocr_carea' id='block_1_42' title="bbox 403 2620 1977 2692">
    <p class='ocr_par' dir='ltr' id='par_1_42' title="bbox 403 2620 1977 2692">
     <span class='ocr_line' id='line_1_42' title="bbox 403 2620 1977 2692; baseline 0.011 -27"><span class='ocrx_word' id='word_1_310' title='bbox 403 2621 583 2667; x_wconf 91' lang='lat' dir='ltr'><strong>motus</strong></span> <span class='ocrx_word' id='word_1_311' title='bbox 606 2629 947 2685; x_wconf 89' lang='lat' dir='ltr'><strong>compescere</strong></span> <span class='ocrx_word' id='word_1_312' title='bbox 976 2620 1180 2674; x_wconf 90' lang='lat' dir='ltr'><strong>studuit</strong></span> <span class='ocrx_word' id='word_1_313' title='bbox 1208 2622 1507 2678; x_wconf 84' lang='lat' dir='ltr'><strong>Archelaus</strong></span> <span class='ocrx_word' id='word_1_314' title='bbox 1548 2638 1750 2691; x_wconf 88' lang='lat' dir='ltr'><strong>c0mes,</strong></span> <span class='ocrx_word' id='word_1_315' title='bbox 1779 2627 1882 2692; x_wconf 89' lang='lat' dir='ltr'><strong>vir,</strong></span> <span class='ocrx_word' id='word_1_316' title='bbox 1919 2637 1977 2682; x_wconf 91' lang='lat' dir='ltr'><strong>ut</strong></span> 
     </span>
    </p>
   </div>
   <div class='ocr_carea' id='block_1_43' title="bbox 400 2704 1972 2777">
    <p class='ocr_par' dir='ltr' id='par_1_43' title="bbox 400 2704 1972 2777">
     <span class='ocr_line' id='line_1_43' title="bbox 400 2704 1972 2777; baseline 0.01 -19"><span class='ocrx_word' id='word_1_317' title='bbox 400 2704 476 2759; x_wconf 85' lang='lat' dir='ltr'><strong>ait</strong></span> <span class='ocrx_word' id='word_1_318' title='bbox 526 2704 907 2777; x_wconf 82' lang='lat' dir='ltr'><strong>Hieronymus,</strong></span> <span class='ocrx_word' id='word_1_319' title='bbox 967 2726 987 2761; x_wconf 86' lang='grc' dir='ltr'><strong>ι</strong></span> <span class='ocrx_word' id='word_1_320' title='bbox 1031 2711 1421 2770; x_wconf 86' lang='lat' dir='ltr'><strong>disertissimus</strong></span> <span class='ocrx_word' id='word_1_321' title='bbox 1480 2725 1536 2770; x_wconf 90' lang='lat' dir='ltr'><strong>et</strong></span> <span class='ocrx_word' id='word_1_322' title='bbox 1586 2718 1972 2774; x_wconf 89' lang='lat' dir='ltr'><strong>christianissi-</strong></span> 
     </span>
    </p>
   </div>
   <div class='ocr_carea' id='block_1_44' title="bbox 403 2796 1973 2875">
    <p class='ocr_par' dir='ltr' id='par_1_44' title="bbox 403 2796 1973 2875">
     <span class='ocr_line' id='line_1_44' title="bbox 403 2796 1973 2875; baseline 0.01 -26"><span class='ocrx_word' id='word_1_323' title='bbox 403 2810 544 2850; x_wconf 88' lang='lat' dir='ltr'><strong>mus.</strong></span> <span class='ocrx_word' id='word_1_324' title='bbox 595 2814 614 2847; x_wconf 77' lang='grc' dir='ltr'><strong>ι</strong></span> <span class='ocrx_word' id='word_1_325' title='bbox 648 2796 853 2853; x_wconf 81' lang='lat' dir='ltr'><strong>Placuit</strong></span> <span class='ocrx_word' id='word_1_326' title='bbox 891 2799 944 2854; x_wconf 93' lang='lat' dir='ltr'><strong>in</strong></span> <span class='ocrx_word' id='word_1_327' title='bbox 985 2802 1196 2871; x_wconf 90' lang='lat' dir='ltr'><strong>primis,</strong></span> <span class='ocrx_word' id='word_1_328' title='bbox 1227 2815 1285 2860; x_wconf 93' lang='lat' dir='ltr'><strong>ut</strong></span> <span class='ocrx_word' id='word_1_329' title='bbox 1322 2806 1572 2875; x_wconf 90' lang='lat' dir='ltr'><strong>quoniam</strong></span> <span class='ocrx_word' id='word_1_330' title='bbox 1619 2808 1826 2864; x_wconf 62' lang='lat' dir='ltr'><strong>violata;</strong></span> <span class='ocrx_word' id='word_1_331' title='bbox 1854 2809 1973 2866; x_wconf 90' lang='lat' dir='ltr'><strong>ﬁdei</strong></span> 
     </span>
    </p>
   </div>
   <div class='ocr_carea' id='block_1_45' title="bbox 398 2888 1975 2971">
    <p class='ocr_par' dir='ltr' id='par_1_45' title="bbox 398 2888 1975 2971">
     <span class='ocr_line' id='line_1_45' title="bbox 398 2888 1975 2971; baseline 0.01 -31"><span class='ocrx_word' id='word_1_332' title='bbox 398 2888 637 2957; x_wconf 86' lang='lat' dir='ltr'><strong>suspicio</strong></span> <span class='ocrx_word' id='word_1_333' title='bbox 691 2892 987 2960; x_wconf 90' lang='lat' dir='ltr'><strong>peperisset</strong></span> <span class='ocrx_word' id='word_1_334' title='bbox 1038 2896 1382 2962; x_wconf 79' lang='lat' dir='ltr'><strong>discordiam,</strong></span> <span class='ocrx_word' id='word_1_335' title='bbox 1436 2898 1674 2969; x_wconf 88' lang='lat' dir='ltr'><strong>ejusdem</strong></span> <span class='ocrx_word' id='word_1_336' title='bbox 1712 2900 1975 2971; x_wconf 89' lang='lat' dir='ltr'><strong>professio</strong></span> 
     </span>
    </p>
   </div>
   <div class='ocr_carea' id='block_1_46' title="bbox 398 2979 1972 3049">
    <p class='ocr_par' dir='ltr' id='par_1_46' title="bbox 398 2979 1972 3049">
     <span class='ocr_line' id='line_1_46' title="bbox 398 2979 1972 3049; baseline 0.01 -18"><span class='ocrx_word' id='word_1_337' title='bbox 398 2979 543 3034; x_wconf 87' lang='lat' dir='ltr'><strong>viam</strong></span> <span class='ocrx_word' id='word_1_338' title='bbox 578 2981 644 3035; x_wconf 89' lang='lat' dir='ltr'><strong>ad</strong></span> <span class='ocrx_word' id='word_1_339' title='bbox 677 2984 1019 3039; x_wconf 86' lang='lat' dir='ltr'><strong>concordiam</strong></span> <span class='ocrx_word' id='word_1_340' title='bbox 1050 2989 1305 3043; x_wconf 90' lang='lat' dir='ltr'><strong>muniret.</strong></span> <span class='ocrx_word' id='word_1_341' title='bbox 1333 2989 1597 3047; x_wconf 90' lang='lat' dir='ltr'><strong>Coudicto</strong></span> <span class='ocrx_word' id='word_1_342' title='bbox 1647 2992 1866 3049; x_wconf 75' lang='lat' dir='ltr'><strong>ftederis</strong></span> <span class='ocrx_word' id='word_1_343' title='bbox 1892 2993 1972 3046; x_wconf 89' lang='lat' dir='ltr'><strong>lo-</strong></span> 
     </span>
    </p>
   </div>
   <div class='ocr_carea' id='block_1_47' title="bbox 398 3070 1971 3155">
    <p class='ocr_par' dir='ltr' id='par_1_47' title="bbox 398 3070 1971 3155">
     <span class='ocr_line' id='line_1_47' title="bbox 398 3070 1971 3155; baseline 0.01 -31"><span class='ocrx_word' id='word_1_344' title='bbox 398 3085 485 3137; x_wconf 90' lang='lat' dir='ltr'><strong>eo,</strong></span> <span class='ocrx_word' id='word_1_345' title='bbox 513 3080 567 3127; x_wconf 77' lang='lat' dir='ltr'><strong>et</strong></span> <span class='ocrx_word' id='word_1_346' title='bbox 590 3070 700 3140; x_wconf 90' lang='lat' dir='ltr'><strong>jam</strong></span> <span class='ocrx_word' id='word_1_347' title='bbox 727 3084 917 3129; x_wconf 90' lang='lat' dir='ltr'><strong>coacto</strong></span> <span class='ocrx_word' id='word_1_348' title='bbox 938 3077 1346 3145; x_wconf 87' lang='lat' dir='ltr'><strong>monachorum,</strong></span> <span class='ocrx_word' id='word_1_349' title='bbox 1371 3082 1708 3152; x_wconf 89' lang='lat' dir='ltr'><strong>aliorumque</strong></span> <span class='ocrx_word' id='word_1_350' title='bbox 1728 3085 1971 3155; x_wconf 61' lang='lat' dir='ltr'><strong>compluo</strong></span> 
     </span>
    </p>
   </div>
   <div class='ocr_carea' id='block_1_48' title="bbox 400 3161 1969 3237">
    <p class='ocr_par' dir='ltr' id='par_1_48' title="bbox 400 3161 1969 3237">
     <span class='ocr_line' id='line_1_48' title="bbox 400 3161 1969 3237; baseline 0.01 -22"><span class='ocrx_word' id='word_1_351' title='bbox 400 3161 729 3227; x_wconf 71' lang='lat' dir='ltr'><strong>riumcmtu,</strong></span> <span class='ocrx_word' id='word_1_352' title='bbox 762 3178 899 3218; x_wconf 82' lang='lat' dir='ltr'><strong>unus</strong></span> <span class='ocrx_word' id='word_1_353' title='bbox 953 3166 1368 3235; x_wconf 73' lang='lat' dir='ltr'><strong>exspectabatur</strong></span> <span class='ocrx_word' id='word_1_354' title='bbox 1420 3169 1689 3237; x_wconf 85' lang='lat' dir='ltr'><strong>Joannes,</strong></span> <span class='ocrx_word' id='word_1_355' title='bbox 1732 3189 1852 3229; x_wconf 86' lang='lat' dir='ltr'><strong>cum</strong></span> <span class='ocrx_word' id='word_1_356' title='bbox 1884 3176 1969 3231; x_wconf 89' lang='lat' dir='ltr'><strong>ille</strong></span> 
     </span>
    </p>
   </div>
   <div class='ocr_carea' id='block_1_49' title="bbox 398 3251 1969 3330">
    <p class='ocr_par' dir='ltr' id='par_1_49' title="bbox 398 3251 1969 3330">
     <span class='ocr_line' id='line_1_49' title="bbox 398 3251 1969 3330; baseline 0.01 -25"><span class='ocrx_word' id='word_1_357' title='bbox 398 3251 726 3308; x_wconf 73' lang='lat' dir='ltr'><strong>muliercula:</strong></span> <span class='ocrx_word' id='word_1_358' title='bbox 774 3254 954 3308; x_wconf 90' lang='lat' dir='ltr'><strong>nescio</strong></span> <span class='ocrx_word' id='word_1_359' title='bbox 994 3254 1147 3324; x_wconf 87' lang='lat' dir='ltr'><strong>cujus</strong></span> <span class='ocrx_word' id='word_1_360' title='bbox 1179 3261 1422 3313; x_wconf 86' lang='lat' dir='ltr'><strong>morbum</strong></span> <span class='ocrx_word' id='word_1_361' title='bbox 1452 3274 1731 3330; x_wconf 84' lang='lat' dir='ltr'><strong>causatus,</strong></span> <span class='ocrx_word' id='word_1_362' title='bbox 1769 3281 1881 3320; x_wconf 83' lang='lat' dir='ltr'><strong>rem</strong></span> <span class='ocrx_word' id='word_1_363' title='bbox 1916 3268 1969 3321; x_wconf 94' lang='lat' dir='ltr'><strong>in</strong></span> 
     </span>
    </p>
   </div>
   <div class='ocr_carea' id='block_1_50' title="bbox 395 3343 1969 3419">
    <p class='ocr_par' dir='ltr' id='par_1_50' title="bbox 395 3343 1969 3419">
     <span class='ocr_line' id='line_1_50' title="bbox 395 3343 1969 3419; baseline 0.01 -22"><span class='ocrx_word' id='word_1_364' title='bbox 395 3343 540 3397; x_wconf 89' lang='lat' dir='ltr'><strong>aliud</strong></span> <span class='ocrx_word' id='word_1_365' title='bbox 571 3344 780 3398; x_wconf 85' lang='lat' dir='ltr'><strong>distulit</strong></span> <span class='ocrx_word' id='word_1_366' title='bbox 812 3355 1040 3415; x_wconf 87' lang='lat' dir='ltr'><strong>tempus,</strong></span> <span class='ocrx_word' id='word_1_367' title='bbox 1101 3350 1448 3419; x_wconf 89' lang='lat' dir='ltr'><strong>monentique</strong></span> <span class='ocrx_word' id='word_1_368' title='bbox 1496 3355 1779 3419; x_wconf 86' lang='lat' dir='ltr'><strong>Archelao,</strong></span> <span class='ocrx_word' id='word_1_369' title='bbox 1822 3366 1877 3411; x_wconf 92' lang='lat' dir='ltr'><strong>et</strong></span> <span class='ocrx_word' id='word_1_370' title='bbox 1901 3359 1969 3412; x_wconf 87' lang='lat' dir='ltr'><strong>ad</strong></span> 
     </span>
    </p>
   </div>
   <div class='ocr_carea' id='block_1_51' title="bbox 396 3434 1968 3505">
    <p class='ocr_par' dir='ltr' id='par_1_51' title="bbox 396 3434 1968 3505">
     <span class='ocr_line' id='line_1_51' title="bbox 396 3434 1968 3505; baseline 0.013 -20"><span class='ocrx_word' id='word_1_371' title='bbox 396 3434 776 3502; x_wconf 89' lang='lat' dir='ltr'><strong>paciscendqu</strong></span> <span class='ocrx_word' id='word_1_372' title='bbox 806 3436 1078 3503; x_wconf 83' lang='lat' dir='ltr'><strong>invitanti,</strong></span> <span class='ocrx_word' id='word_1_373' title='bbox 1106 3440 1294 3494; x_wconf 89' lang='lat' dir='ltr'><strong>eadem</strong></span> <span class='ocrx_word' id='word_1_374' title='bbox 1326 3459 1453 3497; x_wconf 85' lang='lat' dir='ltr'><strong>usus</strong></span> <span class='ocrx_word' id='word_1_375' title='bbox 1484 3447 1835 3504; x_wconf 90' lang='lat' dir='ltr'><strong>excusatione</strong></span> <span class='ocrx_word' id='word_1_376' title='bbox 1863 3466 1968 3505; x_wconf 93' lang='lat' dir='ltr'><strong>non</strong></span> 
     </span>
    </p>
   </div>
   <div class='ocr_carea' id='block_1_52' title="bbox 396 3524 1970 3610">
    <p class='ocr_par' dir='ltr' id='par_1_52' title="bbox 396 3524 1970 3610">
     <span class='ocr_line' id='line_1_52' title="bbox 396 3524 1970 3610; baseline 0.013 -34"><span class='ocrx_word' id='word_1_377' title='bbox 396 3524 596 3593; x_wconf 90' lang='lat' dir='ltr'><strong>paruit.</strong></span> <span class='ocrx_word' id='word_1_378' title='bbox 621 3525 757 3581; x_wconf 88' lang='lat' dir='ltr'><strong>Tum</strong></span> <span class='ocrx_word' id='word_1_379' title='bbox 787 3541 915 3583; x_wconf 91' lang='lat' dir='ltr'><strong>vero</strong></span> <span class='ocrx_word' id='word_1_380' title='bbox 941 3530 1100 3583; x_wconf 87' lang='lat' dir='ltr'><strong>ollicii</strong></span> <span class='ocrx_word' id='word_1_381' title='bbox 1131 3534 1213 3585; x_wconf 85' lang='lat' dir='ltr'><strong>sui</strong></span> <span class='ocrx_word' id='word_1_382' title='bbox 1249 3548 1368 3588; x_wconf 88' lang='lat' dir='ltr'><strong>esse</strong></span> <span class='ocrx_word' id='word_1_383' title='bbox 1403 3540 1617 3592; x_wconf 78' lang='lat' dir='ltr'><strong>censuit</strong></span> <span class='ocrx_word' id='word_1_384' title='bbox 1643 3536 1970 3610; x_wconf 87' lang='lat' dir='ltr'><strong>Theophilus</strong></span> 
     </span>
    </p>
   </div>
   <div class='ocr_carea' id='block_1_53' title="bbox 394 3613 1970 3697">
    <p class='ocr_par' dir='ltr' id='par_1_53' title="bbox 394 3613 1970 3697">
     <span class='ocr_line' id='line_1_53' title="bbox 394 3613 1970 3697; baseline 0.013 -30"><span class='ocrx_word' id='word_1_385' title='bbox 394 3613 793 3672; x_wconf 81' lang='lat' dir='ltr'><strong>Alexandrinus</strong></span> <span class='ocrx_word' id='word_1_386' title='bbox 844 3618 1107 3675; x_wconf 78' lang='lat' dir='ltr'><strong>laboranti</strong></span> <span class='ocrx_word' id='word_1_387' title='bbox 1156 3622 1410 3679; x_wconf 73' lang='lat' dir='ltr'><strong>Ecclesiae</strong></span> <span class='ocrx_word' id='word_1_388' title='bbox 1461 3643 1807 3697; x_wconf 83' lang='lat' dir='ltr'><strong>succurrere;</strong></span> <span class='ocrx_word' id='word_1_389' title='bbox 1855 3631 1970 3687; x_wconf 90' lang='lat' dir='ltr'><strong>sive</strong></span> 
     </span>
    </p>
   </div>
   <div class='ocr_carea' id='block_1_54' title="bbox 394 3706 1970 3788">
    <p class='ocr_par' dir='ltr' id='par_1_54' title="bbox 394 3706 1970 3788">
     <span class='ocr_line' id='line_1_54' title="bbox 394 3706 1970 3788; baseline 0.011 -29"><span class='ocrx_word' id='word_1_390' title='bbox 394 3706 539 3761; x_wconf 82' lang='lat' dir='ltr'><strong>fama</strong></span> <span class='ocrx_word' id='word_1_391' title='bbox 573 3709 863 3777; x_wconf 87' lang='lat' dir='ltr'><strong>excitatus,</strong></span> <span class='ocrx_word' id='word_1_392' title='bbox 910 3713 1048 3779; x_wconf 89' lang='lat' dir='ltr'><strong>sive,</strong></span> <span class='ocrx_word' id='word_1_393' title='bbox 1077 3715 1218 3783; x_wconf 91' lang='lat' dir='ltr'><strong>quod</strong></span> <span class='ocrx_word' id='word_1_394' title='bbox 1251 3718 1430 3785; x_wconf 89' lang='lat' dir='ltr'><strong>potius</strong></span> <span class='ocrx_word' id='word_1_395' title='bbox 1451 3720 1791 3788; x_wconf 80' lang='lat' dir='ltr'><strong>crediderim,</strong></span> <span class='ocrx_word' id='word_1_396' title='bbox 1830 3723 1970 3778; x_wconf 91' lang='lat' dir='ltr'><strong>iuvi-</strong></span> 
     </span>
    </p>
   </div>
   <div class='ocr_carea' id='block_1_55' title="bbox 395 3799 1969 3882">
    <p class='ocr_par' dir='ltr' id='par_1_55' title="bbox 395 3799 1969 3882">
     <span class='ocr_line' id='line_1_55' title="bbox 395 3799 1969 3882; baseline 0.011 -32"><span class='ocrx_word' id='word_1_397' title='bbox 395 3806 589 3853; x_wconf 87' lang='lat' dir='ltr'><strong>tatusa</strong></span> <span class='ocrx_word' id='word_1_398' title='bbox 619 3799 848 3855; x_wconf 90' lang='lat' dir='ltr'><strong>Joanne.</strong></span> <span class='ocrx_word' id='word_1_399' title='bbox 884 3803 1141 3860; x_wconf 91' lang='lat' dir='ltr'><strong>Isidorum</strong></span> <span class='ocrx_word' id='word_1_400' title='bbox 1177 3807 1360 3876; x_wconf 81' lang='lat' dir='ltr'><strong>itaque</strong></span> <span class='ocrx_word' id='word_1_401' title='bbox 1392 3809 1807 3865; x_wconf 81' lang='lat' dir='ltr'><strong>Alexandrinum</strong></span> <span class='ocrx_word' id='word_1_402' title='bbox 1844 3827 1969 3882; x_wconf 87' lang='lat' dir='ltr'><strong>pre-</strong></span> 
     </span>
    </p>
   </div>
   <div class='ocr_carea' id='block_1_56' title="bbox 394 3889 1968 3971">
    <p class='ocr_par' dir='ltr' id='par_1_56' title="bbox 394 3889 1968 3971">
     <span class='ocr_line' id='line_1_56' title="bbox 394 3889 1968 3971; baseline 0.011 -30"><span class='ocrx_word' id='word_1_403' title='bbox 394 3889 673 3958; x_wconf 83' lang='lat' dir='ltr'><strong>sbyterum</strong></span> <span class='ocrx_word' id='word_1_404' title='bbox 694 3906 759 3946; x_wconf 89' lang='lat' dir='ltr'><strong>ac</strong></span> <span class='ocrx_word' id='word_1_405' title='bbox 790 3896 1134 3960; x_wconf 81' lang='lat' dir='ltr'><strong>monachum,</strong></span> <span class='ocrx_word' id='word_1_406' title='bbox 1166 3900 1379 3966; x_wconf 88' lang='lat' dir='ltr'><strong>pietatis</strong></span> <span class='ocrx_word' id='word_1_407' title='bbox 1412 3900 1552 3953; x_wconf 87' lang='lat' dir='ltr'><strong>fama</strong></span> <span class='ocrx_word' id='word_1_408' title='bbox 1597 3904 1968 3971; x_wconf 85' lang='lat' dir='ltr'><strong>conspicuum,</strong></span> 
     </span>
    </p>
   </div>
   <div class='ocr_carea' id='block_1_57' title="bbox 396 3978 1970 4056">
    <p class='ocr_par' dir='ltr' id='par_1_57' title="bbox 396 3978 1970 4056">
     <span class='ocr_line' id='line_1_57' title="bbox 396 3978 1970 4056; baseline 0.012 -24"><span class='ocrx_word' id='word_1_409' title='bbox 396 3978 630 4050; x_wconf 85' lang='lat' dir='ltr'><strong>legatqu</strong></span> <span class='ocrx_word' id='word_1_410' title='bbox 653 3984 720 4035; x_wconf 87' lang='lat' dir='ltr'><strong>ad</strong></span> <span class='ocrx_word' id='word_1_411' title='bbox 749 3981 1033 4052; x_wconf 88' lang='lat' dir='ltr'><strong>Joannem,</strong></span> <span class='ocrx_word' id='word_1_412' title='bbox 1063 3988 1327 4056; x_wconf 87' lang='lat' dir='ltr'><strong>aliosque,</strong></span> <span class='ocrx_word' id='word_1_413' title='bbox 1364 3992 1725 4047; x_wconf 88' lang='lat' dir='ltr'><strong>sedandarum</strong></span> <span class='ocrx_word' id='word_1_414' title='bbox 1749 4006 1970 4051; x_wconf 83' lang='lat' dir='ltr'><strong>conten-</strong></span> 
     </span>
    </p>
   </div>
   <div class='ocr_carea' id='block_1_58' title="bbox 395 4071 1970 4149">
    <p class='ocr_par' dir='ltr' id='par_1_58' title="bbox 395 4071 1970 4149">
     <span class='ocr_line' id='line_1_58' title="bbox 395 4071 1970 4149; baseline 0.014 -28"><span class='ocrx_word' id='word_1_415' title='bbox 395 4071 601 4123; x_wconf 89' lang='lat' dir='ltr'><strong>tionunt</strong></span> <span class='ocrx_word' id='word_1_416' title='bbox 634 4087 795 4126; x_wconf 89' lang='lat' dir='ltr'><strong>causa</strong></span> <span class='ocrx_word' id='word_1_417' title='bbox 826 4075 992 4129; x_wconf 90' lang='lat' dir='ltr'><strong>mittit</strong></span> <span class='ocrx_word' id='word_1_418' title='bbox 1042 4092 1163 4130; x_wconf 91' lang='lat' dir='ltr'><strong>cum</strong></span> <span class='ocrx_word' id='word_1_419' title='bbox 1205 4078 1416 4144; x_wconf 86' lang='lat' dir='ltr'><strong>litteris,</strong></span> <span class='ocrx_word' id='word_1_420' title='bbox 1473 4083 1670 4149; x_wconf 89' lang='lat' dir='ltr'><strong>quibus</strong></span> <span class='ocrx_word' id='word_1_421' title='bbox 1721 4082 1970 4143; x_wconf 82' lang='lat' dir='ltr'><strong>incensos</strong></span> 
     </span>
    </p>
   </div>
   <div class='ocr_carea' id='block_1_59' title="bbox 396 4160 1967 4238">
    <p class='ocr_par' dir='ltr' id='par_1_59' title="bbox 396 4160 1967 4238">
     <span class='ocr_line' id='line_1_59' title="bbox 396 4160 1967 4238; baseline 0.013 -28"><span class='ocrx_word' id='word_1_422' title='bbox 396 4160 607 4215; x_wconf 89' lang='lat' dir='ltr'><strong>animos</strong></span> <span class='ocrx_word' id='word_1_423' title='bbox 654 4162 900 4230; x_wconf 86' lang='lat' dir='ltr'><strong>delinire,</strong></span> <span class='ocrx_word' id='word_1_424' title='bbox 931 4174 985 4219; x_wconf 89' lang='lat' dir='ltr'><strong>et</strong></span> <span class='ocrx_word' id='word_1_425' title='bbox 1034 4168 1085 4220; x_wconf 93' lang='lat' dir='ltr'><strong>iu</strong></span> <span class='ocrx_word' id='word_1_426' title='bbox 1136 4170 1361 4238; x_wconf 90' lang='lat' dir='ltr'><strong>gratiam</strong></span> <span class='ocrx_word' id='word_1_427' title='bbox 1405 4174 1663 4225; x_wconf 85' lang='lat' dir='ltr'><strong>reducere</strong></span> <span class='ocrx_word' id='word_1_428' title='bbox 1706 4177 1967 4231; x_wconf 88' lang='lat' dir='ltr'><strong>teutabat.</strong></span> 
     </span>
    </p>
   </div>
   <div class='ocr_carea' id='block_1_60' title="bbox 402 4248 1968 4337">
    <p class='ocr_par' dir='ltr' id='par_1_60' title="bbox 402 4248 1968 4337">
     <span class='ocr_line' id='line_1_60' title="bbox 402 4248 1968 4337; baseline 0.014 -35"><span class='ocrx_word' id='word_1_429' title='bbox 402 4248 597 4305; x_wconf 85' lang='lat' dir='ltr'><strong>Verum</strong></span> <span class='ocrx_word' id='word_1_430' title='bbox 650 4268 746 4307; x_wconf 88' lang='lat' dir='ltr'><strong>sua</strong></span> <span class='ocrx_word' id='word_1_431' title='bbox 799 4270 923 4325; x_wconf 90' lang='lat' dir='ltr'><strong>spes</strong></span> <span class='ocrx_word' id='word_1_432' title='bbox 971 4257 1327 4330; x_wconf 89' lang='lat' dir='ltr'><strong>Theophilum</strong></span> <span class='ocrx_word' id='word_1_433' title='bbox 1362 4265 1518 4335; x_wconf 88' lang='lat' dir='ltr'><strong>longe</strong></span> <span class='ocrx_word' id='word_1_434' title='bbox 1552 4268 1766 4335; x_wconf 87' lang='lat' dir='ltr'><strong>fefellit;</strong></span> <span class='ocrx_word' id='word_1_435' title='bbox 1807 4284 1968 4337; x_wconf 89' lang='lat' dir='ltr'><strong>quem</strong></span> 
     </span>
    </p>
   </div>
   <div class='ocr_carea' id='block_1_61' title="bbox 394 4343 1967 4429">
    <p class='ocr_par' dir='ltr' id='par_1_61' title="bbox 394 4343 1967 4429">
     <span class='ocr_line' id='line_1_61' title="bbox 394 4343 1967 4429; baseline 0.011 -34"><span class='ocrx_word' id='word_1_436' title='bbox 394 4343 539 4396; x_wconf 86' lang='lat' dir='ltr'><strong>enim</strong></span> <span class='ocrx_word' id='word_1_437' title='bbox 592 4344 918 4415; x_wconf 82' lang='lat' dir='ltr'><strong>allegaverat</strong></span> <span class='ocrx_word' id='word_1_438' title='bbox 958 4348 1244 4419; x_wconf 90' lang='lat' dir='ltr'><strong>lsidorttm,</strong></span> <span class='ocrx_word' id='word_1_439' title='bbox 1290 4371 1470 4412; x_wconf 90' lang='lat' dir='ltr'><strong>merus</strong></span> <span class='ocrx_word' id='word_1_440' title='bbox 1494 4369 1612 4414; x_wconf 89' lang='lat' dir='ltr'><strong>erat</strong></span> <span class='ocrx_word' id='word_1_441' title='bbox 1642 4360 1967 4429; x_wconf 81' lang='lat' dir='ltr'><strong>Origenista,</strong></span> 
     </span>
    </p>
   </div>
   <div class='ocr_carea' id='block_1_62' title="bbox 2078 1891 3659 1967">
    <p class='ocr_par' dir='ltr' id='par_1_62' title="bbox 2078 1891 3659 1967">
     <span class='ocr_line' id='line_1_62' title="bbox 2078 1891 3659 1967; baseline 0.006 -22"><span class='ocrx_word' id='word_1_442' title='bbox 2078 1891 2193 1946; x_wconf 93' lang='lat' dir='ltr'><strong>nitu</strong></span> <span class='ocrx_word' id='word_1_443' title='bbox 2225 1891 2454 1948; x_wconf 81' lang='lat' dir='ltr'><strong>fuissent</strong></span> <span class='ocrx_word' id='word_1_444' title='bbox 2486 1895 2774 1964; x_wconf 90' lang='lat' dir='ltr'><strong>compulsi.</strong></span> <span class='ocrx_word' id='word_1_445' title='bbox 2810 1896 3147 1967; x_wconf 73' lang='lat' dir='ltr'><strong>Responsum</strong></span> <span class='ocrx_word' id='word_1_446' title='bbox 3173 1910 3431 1967; x_wconf 61' lang='lat' dir='ltr'><strong>praeterea</strong></span> <span class='ocrx_word' id='word_1_447' title='bbox 3458 1903 3531 1956; x_wconf 91' lang='lat' dir='ltr'><strong>ad</strong></span> <span class='ocrx_word' id='word_1_448' title='bbox 3558 1918 3659 1957; x_wconf 61' lang='lat' dir='ltr'><strong>suo</strong></span> 
     </span>
    </p>
   </div>
   <div class='ocr_carea' id='block_1_63' title="bbox 2077 1987 3664 2062">
    <p class='ocr_par' dir='ltr' id='par_1_63' title="bbox 2077 1987 3664 2062">
     <span class='ocr_line' id='line_1_63' title="bbox 2077 1987 3664 2062; baseline 0.006 -26"><span class='ocrx_word' id='word_1_449' title='bbox 2077 1998 2175 2054; x_wconf 90' lang='lat' dir='ltr'><strong>pra</strong></span> <span class='ocrx_word' id='word_1_450' title='bbox 2207 1996 2559 2040; x_wconf 89' lang='lat' dir='ltr'><strong>memoratam</strong></span> <span class='ocrx_word' id='word_1_451' title='bbox 2594 1987 2873 2057; x_wconf 85' lang='lat' dir='ltr'><strong>Epiphauii</strong></span> <span class='ocrx_word' id='word_1_452' title='bbox 2905 1988 3189 2058; x_wconf 90' lang='lat' dir='ltr'><strong>epistolam</strong></span> <span class='ocrx_word' id='word_1_453' title='bbox 3234 1992 3363 2046; x_wconf 89' lang='lat' dir='ltr'><strong>dare</strong></span> <span class='ocrx_word' id='word_1_454' title='bbox 3390 1992 3664 2062; x_wconf 84' lang='lat' dir='ltr'><strong>dedigna-</strong></span> 
     </span>
    </p>
   </div>
   <div class='ocr_carea' id='block_1_64' title="bbox 2079 2075 3663 2153">
    <p class='ocr_par' dir='ltr' id='par_1_64' title="bbox 2079 2075 3663 2153">
     <span class='ocr_line' id='line_1_64' title="bbox 2079 2075 3663 2153; baseline 0.007 -27"><span class='ocrx_word' id='word_1_455' title='bbox 2079 2083 2184 2139; x_wconf 93' lang='lat' dir='ltr'><strong>tus,</strong></span> <span class='ocrx_word' id='word_1_456' title='bbox 2220 2075 2441 2146; x_wconf 77' lang='lat' dir='ltr'><strong>legatos,</strong></span> <span class='ocrx_word' id='word_1_457' title='bbox 2482 2079 2624 2146; x_wconf 92' lang='lat' dir='ltr'><strong>quod</strong></span> <span class='ocrx_word' id='word_1_458' title='bbox 2667 2078 2817 2147; x_wconf 92' lang='lat' dir='ltr'><strong>prius</strong></span> <span class='ocrx_word' id='word_1_459' title='bbox 2868 2080 3144 2135; x_wconf 89' lang='lat' dir='ltr'><strong>minitatus</strong></span> <span class='ocrx_word' id='word_1_460' title='bbox 3175 2081 3374 2146; x_wconf 88' lang='lat' dir='ltr'><strong>fuerat,</strong></span> <span class='ocrx_word' id='word_1_461' title='bbox 3403 2097 3663 2153; x_wconf 59' lang='lat' dir='ltr'><strong>quaqua-</strong></span> 
     </span>
    </p>
   </div>
   <div class='ocr_carea' id='block_1_65' title="bbox 2075 2170 3664 2242">
    <p class='ocr_par' dir='ltr' id='par_1_65' title="bbox 2075 2170 3664 2242">
     <span class='ocr_line' id='line_1_65' title="bbox 2075 2170 3664 2242; baseline 0.005 -21"><span class='ocrx_word' id='word_1_462' title='bbox 2075 2183 2268 2223; x_wconf 88' lang='lat' dir='ltr'><strong>versus</strong></span> <span class='ocrx_word' id='word_1_463' title='bbox 2282 2170 2461 2234; x_wconf 87' lang='lat' dir='ltr'><strong>mittit,</strong></span> <span class='ocrx_word' id='word_1_464' title='bbox 2480 2170 2569 2240; x_wconf 91' lang='lat' dir='ltr'><strong>qui</strong></span> <span class='ocrx_word' id='word_1_465' title='bbox 2588 2171 2954 2226; x_wconf 86' lang='lat' dir='ltr'><strong>accusatorias</strong></span> <span class='ocrx_word' id='word_1_466' title='bbox 2978 2172 3030 2226; x_wconf 94' lang='lat' dir='ltr'><strong>in</strong></span> <span class='ocrx_word' id='word_1_467' title='bbox 3058 2170 3416 2242; x_wconf 89' lang='lat' dir='ltr'><strong>Epiphanium</strong></span> <span class='ocrx_word' id='word_1_468' title='bbox 3442 2174 3664 2229; x_wconf 79' lang='lat' dir='ltr'><strong>litteras</strong></span> 
     </span>
    </p>
   </div>
   <div class='ocr_carea' id='block_1_66' title="bbox 2078 2261 3665 2337">
    <p class='ocr_par' dir='ltr' id='par_1_66' title="bbox 2078 2261 3665 2337">
     <span class='ocr_line' id='line_1_66' title="bbox 2078 2261 3665 2337; baseline 0.003 -21"><span class='ocrx_word' id='word_1_469' title='bbox 2078 2262 2143 2316; x_wconf 88' lang='lat' dir='ltr'><strong>ad</strong></span> <span class='ocrx_word' id='word_1_470' title='bbox 2169 2261 2529 2331; x_wconf 90' lang='lat' dir='ltr'><strong>Theophilum</strong></span> <span class='ocrx_word' id='word_1_471' title='bbox 2579 2265 3001 2322; x_wconf 83' lang='lat' dir='ltr'><strong>Alexandrinum</strong></span> <span class='ocrx_word' id='word_1_472' title='bbox 3049 2284 3079 2323; x_wconf 89' lang='lat' dir='ltr'><strong>a</strong></span> <span class='ocrx_word' id='word_1_473' title='bbox 3110 2284 3169 2323; x_wconf 90' lang='lat' dir='ltr'><strong>se</strong></span> <span class='ocrx_word' id='word_1_474' title='bbox 3196 2268 3535 2337; x_wconf 87' lang='lat' dir='ltr'><strong>conscriptas</strong></span> <span class='ocrx_word' id='word_1_475' title='bbox 3560 2283 3665 2337; x_wconf 91' lang='lat' dir='ltr'><strong>per</strong></span> 
     </span>
    </p>
   </div>
   <div class='ocr_carea' id='block_1_67' title="bbox 2077 2355 3664 2428">
    <p class='ocr_par' dir='ltr' id='par_1_67' title="bbox 2077 2355 3664 2428">
     <span class='ocr_line' id='line_1_67' title="bbox 2077 2355 3664 2428; baseline 0.004 -21"><span class='ocrx_word' id='word_1_476' title='bbox 2077 2363 2244 2408; x_wconf 85' lang='lat' dir='ltr'><strong>totum</strong></span> <span class='ocrx_word' id='word_1_477' title='bbox 2267 2355 2451 2411; x_wconf 91' lang='lat' dir='ltr'><strong>orbem</strong></span> <span class='ocrx_word' id='word_1_478' title='bbox 2482 2357 2920 2423; x_wconf 89' lang='lat' dir='ltr'><strong>disseminareut,</strong></span> <span class='ocrx_word' id='word_1_479' title='bbox 2954 2360 3046 2413; x_wconf 89' lang='lat' dir='ltr'><strong>sed</strong></span> <span class='ocrx_word' id='word_1_480' title='bbox 3077 2360 3129 2413; x_wconf 93' lang='lat' dir='ltr'><strong>iu</strong></span> <span class='ocrx_word' id='word_1_481' title='bbox 3177 2359 3467 2415; x_wconf 86' lang='lat' dir='ltr'><strong>Occidente</strong></span> <span class='ocrx_word' id='word_1_482' title='bbox 3489 2360 3664 2428; x_wconf 88' lang='lat' dir='ltr'><strong>potis-</strong></span> 
     </span>
    </p>
   </div>
   <div class='ocr_carea' id='block_1_68' title="bbox 2074 2445 3661 2521">
    <p class='ocr_par' dir='ltr' id='par_1_68' title="bbox 2074 2445 3661 2521">
     <span class='ocr_line' id='line_1_68' title="bbox 2074 2445 3661 2521; baseline 0.003 -22"><span class='ocrx_word' id='word_1_483' title='bbox 2074 2445 2291 2509; x_wconf 87' lang='lat' dir='ltr'><strong>simum,</strong></span> <span class='ocrx_word' id='word_1_484' title='bbox 2322 2448 2538 2517; x_wconf 89' lang='lat' dir='ltr'><strong>quibus,</strong></span> <span class='ocrx_word' id='word_1_485' title='bbox 2591 2461 2645 2503; x_wconf 90' lang='lat' dir='ltr'><strong>ut</strong></span> <span class='ocrx_word' id='word_1_486' title='bbox 2691 2448 2929 2518; x_wconf 90' lang='lat' dir='ltr'><strong>loquitur</strong></span> <span class='ocrx_word' id='word_1_487' title='bbox 2964 2450 3319 2521; x_wconf 81' lang='lat' dir='ltr'><strong>Hieronymus</strong></span> <span class='ocrx_word' id='word_1_488' title='bbox 3364 2450 3525 2518; x_wconf 87' lang='lat' dir='ltr'><strong>epist.</strong></span> <span class='ocrx_word' id='word_1_489' title='bbox 3563 2450 3661 2512; x_wconf 67' lang='grc'><strong>62,</strong></span> 
     </span>
    </p>
   </div>
   <div class='ocr_carea' id='block_1_69' title="bbox 2075 2539 3661 2608">
    <p class='ocr_par' dir='ltr' id='par_1_69' title="bbox 2075 2539 3661 2608">
     <span class='ocr_line' id='line_1_69' title="bbox 2075 2539 3661 2608; baseline 0.001 -14"><span class='ocrx_word' id='word_1_490' title='bbox 2075 2554 2195 2608; x_wconf 88' lang='lat' dir='ltr'><strong>cap.</strong></span> <span class='ocrx_word' id='word_1_491' title='bbox 2241 2541 2310 2606; x_wconf 78' lang='lat'><strong>3,</strong></span> <span class='ocrx_word' id='word_1_492' title='bbox 2346 2539 2770 2596; x_wconf 90' lang='lat' dir='ltr'><strong>Occidentalium</strong></span> <span class='ocrx_word' id='word_1_493' title='bbox 2824 2545 3164 2596; x_wconf 90' lang='lat' dir='ltr'><strong>sacerdotum</strong></span> <span class='ocrx_word' id='word_1_494' title='bbox 3215 2556 3375 2596; x_wconf 89' lang='lat' dir='ltr'><strong>aures</strong></span> <span class='ocrx_word' id='word_1_495' title='bbox 3408 2556 3661 2596; x_wconf 88' lang='lat' dir='ltr'><strong>commo-</strong></span> 
     </span>
    </p>
   </div>
   <div class='ocr_carea' id='block_1_70' title="bbox 2075 2640 2244 2688">
    <p class='ocr_par' dir='ltr' id='par_1_70' title="bbox 2075 2640 2244 2688">
     <span class='ocr_line' id='line_1_70' title="bbox 2075 2640 2244 2688; baseline 0.018 -3"><span class='ocrx_word' id='word_1_496' title='bbox 2075 2640 2244 2688; x_wconf 73' lang='lat' dir='ltr'><strong>reret.</strong></span> 
     </span>
    </p>
   </div>
   <div class='ocr_carea' id='block_1_71' title="bbox 2146 2721 3661 2795">
    <p class='ocr_par' dir='ltr' id='par_1_71' title="bbox 2146 2721 3661 2795">
     <span class='ocr_line' id='line_1_71' title="bbox 2146 2721 3661 2795; baseline 0 -18"><span class='ocrx_word' id='word_1_497' title='bbox 2146 2721 2257 2779; x_wconf 82' lang='lat' dir='ltr'><strong>XII.</strong></span> <span class='ocrx_word' id='word_1_498' title='bbox 2294 2722 2386 2777; x_wconf 91' lang='lat' dir='ltr'><strong>His</strong></span> <span class='ocrx_word' id='word_1_499' title='bbox 2412 2724 2623 2779; x_wconf 87' lang='lat' dir='ltr'><strong>excitus</strong></span> <span class='ocrx_word' id='word_1_500' title='bbox 2650 2721 3049 2789; x_wconf 88' lang='lat' dir='ltr'><strong>Pammachius,</strong></span> <span class='ocrx_word' id='word_1_501' title='bbox 3077 2724 3245 2779; x_wconf 81' lang='lat' dir='ltr'><strong>Roma</strong></span> <span class='ocrx_word' id='word_1_502' title='bbox 3260 2722 3661 2795; x_wconf 81' lang='lat' dir='ltr'><strong>Hieronymum</strong></span> 
     </span>
    </p>
   </div>
   <div class='ocr_carea' id='block_1_72' title="bbox 2077 2815 3663 2886">
    <p class='ocr_par' dir='ltr' id='par_1_72' title="bbox 2077 2815 3663 2886">
     <span class='ocr_line' id='line_1_72' title="bbox 2077 2815 3663 2886; baseline 0.002 -19"><span class='ocrx_word' id='word_1_503' title='bbox 2077 2825 2229 2885; x_wconf 89' lang='lat' dir='ltr'><strong>rogat</strong></span> <span class='ocrx_word' id='word_1_504' title='bbox 2261 2830 2359 2884; x_wconf 82' lang='lat' dir='ltr'><strong>per</strong></span> <span class='ocrx_word' id='word_1_505' title='bbox 2388 2815 2616 2881; x_wconf 87' lang='lat' dir='ltr'><strong>litteras,</strong></span> <span class='ocrx_word' id='word_1_506' title='bbox 2646 2825 2706 2872; x_wconf 91' lang='lat' dir='ltr'><strong>ut</strong></span> <span class='ocrx_word' id='word_1_507' title='bbox 2731 2818 2986 2886; x_wconf 88' lang='lat' dir='ltr'><strong>quoniam</strong></span> <span class='ocrx_word' id='word_1_508' title='bbox 3016 2817 3306 2872; x_wconf 89' lang='lat' dir='ltr'><strong>multorum</strong></span> <span class='ocrx_word' id='word_1_509' title='bbox 3339 2819 3556 2870; x_wconf 89' lang='lat' dir='ltr'><strong>animos</strong></span> <span class='ocrx_word' id='word_1_510' title='bbox 3603 2816 3663 2870; x_wconf 83' lang='lat' dir='ltr'><strong>in</strong></span> 
     </span>
    </p>
   </div>
   <div class='ocr_carea' id='block_1_73' title="bbox 2075 2906 3654 2979">
    <p class='ocr_par' dir='ltr' id='par_1_73' title="bbox 2075 2906 3654 2979">
     <span class='ocr_line' id='line_1_73' title="bbox 2075 2906 3654 2979; baseline 0.001 -18"><span class='ocrx_word' id='word_1_511' title='bbox 2075 2906 2286 2961; x_wconf 86' lang='lat' dir='ltr'><strong>diversa</strong></span> <span class='ocrx_word' id='word_1_512' title='bbox 2336 2906 2678 2962; x_wconf 88' lang='lat' dir='ltr'><strong>distrahehat</strong></span> <span class='ocrx_word' id='word_1_513' title='bbox 2709 2909 2823 2963; x_wconf 59' lang='lat' dir='ltr'><strong>haec</strong></span> <span class='ocrx_word' id='word_1_514' title='bbox 2853 2909 3154 2971; x_wconf 87' lang='lat' dir='ltr'><strong>altercatio,</strong></span> <span class='ocrx_word' id='word_1_515' title='bbox 3194 2907 3485 2979; x_wconf 85' lang='lat' dir='ltr'><strong>Epiphanii</strong></span> <span class='ocrx_word' id='word_1_516' title='bbox 3523 2923 3654 2963; x_wconf 83' lang='lat' dir='ltr'><strong>can-</strong></span> 
     </span>
    </p>
   </div>
   <div class='ocr_carea' id='block_1_74' title="bbox 2075 2997 3664 3067">
    <p class='ocr_par' dir='ltr' id='par_1_74' title="bbox 2075 2997 3664 3067">
     <span class='ocr_line' id='line_1_74' title="bbox 2075 2997 3664 3067; baseline -0.003 -13"><span class='ocrx_word' id='word_1_517' title='bbox 2075 3013 2189 3054; x_wconf 90' lang='lat' dir='ltr'><strong>sam</strong></span> <span class='ocrx_word' id='word_1_518' title='bbox 2218 2998 2360 3061; x_wconf 89' lang='lat' dir='ltr'><strong>aliis,</strong></span> <span class='ocrx_word' id='word_1_519' title='bbox 2394 2998 2514 3054; x_wconf 91' lang='lat' dir='ltr'><strong>aliis</strong></span> <span class='ocrx_word' id='word_1_520' title='bbox 2537 2997 2759 3053; x_wconf 88' lang='lat' dir='ltr'><strong>Joannis</strong></span> <span class='ocrx_word' id='word_1_521' title='bbox 2789 2999 3087 3064; x_wconf 89' lang='lat' dir='ltr'><strong>tuentibus,</strong></span> <span class='ocrx_word' id='word_1_522' title='bbox 3115 3013 3266 3053; x_wconf 87' lang='lat' dir='ltr'><strong>suam</strong></span> <span class='ocrx_word' id='word_1_523' title='bbox 3299 3000 3413 3067; x_wconf 89' lang='lat' dir='ltr'><strong>ipse</strong></span> <span class='ocrx_word' id='word_1_524' title='bbox 3439 3008 3664 3055; x_wconf 88' lang='lat' dir='ltr'><strong>senten-</strong></span> 
     </span>
    </p>
   </div>
   <div class='ocr_carea' id='block_1_75' title="bbox 2077 3088 3659 3161">
    <p class='ocr_par' dir='ltr' id='par_1_75' title="bbox 2077 3088 3659 3161">
     <span class='ocr_line' id='line_1_75' title="bbox 2077 3088 3659 3161; baseline -0.001 -16"><span class='ocrx_word' id='word_1_525' title='bbox 2077 3090 2206 3145; x_wconf 90' lang='lat' dir='ltr'><strong>tiam</strong></span> <span class='ocrx_word' id='word_1_526' title='bbox 2238 3102 2599 3160; x_wconf 85' lang='lat' dir='ltr'><strong>expromeret.</strong></span> <span class='ocrx_word' id='word_1_527' title='bbox 2629 3088 2832 3144; x_wconf 82' lang='lat' dir='ltr'><strong>Morem</strong></span> <span class='ocrx_word' id='word_1_528' title='bbox 2856 3090 3022 3159; x_wconf 90' lang='lat' dir='ltr'><strong>gessit</strong></span> <span class='ocrx_word' id='word_1_529' title='bbox 3051 3090 3432 3161; x_wconf 86' lang='lat' dir='ltr'><strong>Hieronymus,</strong></span> <span class='ocrx_word' id='word_1_530' title='bbox 3465 3106 3536 3147; x_wconf 86' lang='lat' dir='ltr'><strong>ac</strong></span> <span class='ocrx_word' id='word_1_531' title='bbox 3570 3091 3659 3146; x_wconf 75' lang='lat' dir='ltr'><strong>lu-</strong></span> 
     </span>
    </p>
   </div>
   <div class='ocr_carea' id='block_1_76' title="bbox 2070 3180 3659 3251">
    <p class='ocr_par' dir='ltr' id='par_1_76' title="bbox 2070 3180 3659 3251">
     <span class='ocr_line' id='line_1_76' title="bbox 2070 3180 3659 3251; baseline -0.001 -15"><span class='ocrx_word' id='word_1_532' title='bbox 2070 3180 2283 3236; x_wconf 91' lang='lat' dir='ltr'><strong>culenta</strong></span> <span class='ocrx_word' id='word_1_533' title='bbox 2316 3180 2681 3251; x_wconf 90' lang='lat' dir='ltr'><strong>responsione,</strong></span> <span class='ocrx_word' id='word_1_534' title='bbox 2706 3196 2850 3236; x_wconf 90' lang='lat' dir='ltr'><strong>anno</strong></span> <span class='ocrx_word' id='word_1_535' title='bbox 2901 3180 3104 3236; x_wconf 89' lang='lat' dir='ltr'><strong>Christi</strong></span> <span class='ocrx_word' id='word_1_536' title='bbox 3143 3182 3249 3236; x_wconf 78' lang='lat'><strong>595</strong></span> <span class='ocrx_word' id='word_1_537' title='bbox 3278 3183 3423 3248; x_wconf 84' lang='lat' dir='ltr'><strong>data,</strong></span> <span class='ocrx_word' id='word_1_538' title='bbox 3467 3198 3659 3238; x_wconf 86' lang='lat' dir='ltr'><strong>veram</strong></span> 
     </span>
    </p>
   </div>
   <div class='ocr_carea' id='block_1_77' title="bbox 2070 3273 3661 3343">
    <p class='ocr_par' dir='ltr' id='par_1_77' title="bbox 2070 3273 3661 3343">
     <span class='ocr_line' id='line_1_77' title="bbox 2070 3273 3661 3343; baseline 0.001 -17"><span class='ocrx_word' id='word_1_539' title='bbox 2070 3287 2135 3327; x_wconf 90' lang='lat' dir='ltr'><strong>ac</strong></span> <span class='ocrx_word' id='word_1_540' title='bbox 2156 3273 2443 3343; x_wconf 79' lang='lat' dir='ltr'><strong>genuinam</strong></span> <span class='ocrx_word' id='word_1_541' title='bbox 2465 3273 2827 3328; x_wconf 89' lang='lat' dir='ltr'><strong>contentionis</strong></span> <span class='ocrx_word' id='word_1_542' title='bbox 2854 3287 3075 3327; x_wconf 90' lang='lat' dir='ltr'><strong>causam</strong></span> <span class='ocrx_word' id='word_1_543' title='bbox 3098 3286 3224 3329; x_wconf 88' lang='lat' dir='ltr'><strong>esse</strong></span> <span class='ocrx_word' id='word_1_544' title='bbox 3251 3273 3516 3339; x_wconf 89' lang='lat' dir='ltr'><strong>ostendit,</strong></span> <span class='ocrx_word' id='word_1_545' title='bbox 3546 3289 3661 3327; x_wconf 88' lang='lat' dir='ltr'><strong>non</strong></span> 
     </span>
    </p>
   </div>
   <div class='ocr_carea' id='block_1_78' title="bbox 2070 3363 3665 3433">
    <p class='ocr_par' dir='ltr' id='par_1_78' title="bbox 2070 3363 3665 3433">
     <span class='ocr_line' id='line_1_78' title="bbox 2070 3363 3665 3433; baseline 0.001 -15"><span class='ocrx_word' id='word_1_546' title='bbox 2070 3363 2370 3419; x_wconf 89' lang='lat' dir='ltr'><strong>Pauliniani</strong></span> <span class='ocrx_word' id='word_1_547' title='bbox 2422 3365 2912 3428; x_wconf 88' lang='lat' dir='ltr'><strong>consecrationem,</strong></span> <span class='ocrx_word' id='word_1_548' title='bbox 2964 3378 3126 3433; x_wconf 92' lang='lat' dir='ltr'><strong>quam</strong></span> <span class='ocrx_word' id='word_1_549' title='bbox 3184 3364 3479 3419; x_wconf 70' lang='lat' dir='ltr'><strong>iracundia:</strong></span> <span class='ocrx_word' id='word_1_550' title='bbox 3541 3380 3665 3420; x_wconf 58' lang='lat' dir='ltr'><strong>suae</strong></span> 
     </span>
    </p>
   </div>
   <div class='ocr_carea' id='block_1_79' title="bbox 2068 3453 3660 3527">
    <p class='ocr_par' dir='ltr' id='par_1_79' title="bbox 2068 3453 3660 3527">
     <span class='ocr_line' id='line_1_79' title="bbox 2068 3453 3660 3527; baseline 0 -16"><span class='ocrx_word' id='word_1_551' title='bbox 2068 3454 2301 3511; x_wconf 88' lang='lat' dir='ltr'><strong>Joannes</strong></span> <span class='ocrx_word' id='word_1_552' title='bbox 2347 3456 2733 3527; x_wconf 64' lang='lat' dir='ltr'><strong>praetendebat,</strong></span> <span class='ocrx_word' id='word_1_553' title='bbox 2778 3457 2871 3509; x_wconf 87' lang='lat' dir='ltr'><strong>sed</strong></span> <span class='ocrx_word' id='word_1_554' title='bbox 2904 3453 3329 3526; x_wconf 86' lang='lat' dir='ltr'><strong>Origenismum.</strong></span> <span class='ocrx_word' id='word_1_555' title='bbox 3366 3471 3531 3526; x_wconf 85' lang='lat' dir='ltr'><strong>quem</strong></span> <span class='ocrx_word' id='word_1_556' title='bbox 3586 3458 3660 3511; x_wconf 85' lang='lat' dir='ltr'><strong>ad</strong></span> 
     </span>
    </p>
   </div>
   <div class='ocr_carea' id='block_1_80' title="bbox 2069 3547 3660 3619">
    <p class='ocr_par' dir='ltr' id='par_1_80' title="bbox 2069 3547 3660 3619">
     <span class='ocr_line' id='line_1_80' title="bbox 2069 3547 3660 3619; baseline -0.001 -14"><span class='ocrx_word' id='word_1_557' title='bbox 2069 3558 2192 3605; x_wconf 92' lang='lat' dir='ltr'><strong>octo</strong></span> <span class='ocrx_word' id='word_1_558' title='bbox 2217 3557 2526 3605; x_wconf 88' lang='lat' dir='ltr'><strong>revocatum</strong></span> <span class='ocrx_word' id='word_1_559' title='bbox 2566 3549 2742 3619; x_wconf 86' lang='lat' dir='ltr'><strong>capita</strong></span> <span class='ocrx_word' id='word_1_560' title='bbox 2778 3548 2968 3604; x_wconf 88' lang='lat' dir='ltr'><strong>Joauni</strong></span> <span class='ocrx_word' id='word_1_561' title='bbox 2999 3549 3268 3616; x_wconf 85' lang='lat' dir='ltr'><strong>objectnm</strong></span> <span class='ocrx_word' id='word_1_562' title='bbox 3300 3547 3466 3604; x_wconf 85' lang='lat' dir='ltr'><strong>fuisse</strong></span> <span class='ocrx_word' id='word_1_563' title='bbox 3523 3565 3660 3604; x_wconf 55' lang='lat' dir='ltr'><strong>nar.</strong></span> 
     </span>
    </p>
   </div>
   <div class='ocr_carea' id='block_1_81' title="bbox 2071 3641 3660 3711">
    <p class='ocr_par' dir='ltr' id='par_1_81' title="bbox 2071 3641 3660 3711">
     <span class='ocr_line' id='line_1_81' title="bbox 2071 3641 3660 3711; baseline 0.001 -15"><span class='ocrx_word' id='word_1_564' title='bbox 2071 3648 2175 3706; x_wconf 91' lang='lat' dir='ltr'><strong>rat,</strong></span> <span class='ocrx_word' id='word_1_565' title='bbox 2227 3653 2259 3695; x_wconf 79' lang='grc' dir='ltr'><strong>θ</strong></span> <span class='ocrx_word' id='word_1_566' title='bbox 2308 3642 2505 3711; x_wconf 89' lang='lat' dir='ltr'><strong>quibus</strong></span> <span class='ocrx_word' id='word_1_567' title='bbox 2538 3641 2640 3695; x_wconf 89' lang='lat' dir='ltr'><strong>tria</strong></span> <span class='ocrx_word' id='word_1_568' title='bbox 2695 3650 2902 3695; x_wconf 90' lang='lat' dir='ltr'><strong>tantum</strong></span> <span class='ocrx_word' id='word_1_569' title='bbox 2947 3642 3282 3710; x_wconf 76' lang='lat' dir='ltr'><strong>purgaverit.</strong></span> <span class='ocrx_word' id='word_1_570' title='bbox 3326 3642 3507 3710; x_wconf 81' lang='lat' dir='ltr'><strong>Atque</strong></span> <span class='ocrx_word' id='word_1_571' title='bbox 3538 3642 3660 3697; x_wconf 70' lang='lat' dir='ltr'><strong>haec</strong></span> 
     </span>
    </p>
   </div>
   <div class='ocr_carea' id='block_1_82' title="bbox 2069 3730 3661 3802">
    <p class='ocr_par' dir='ltr' id='par_1_82' title="bbox 2069 3730 3661 3802">
     <span class='ocr_line' id='line_1_82' title="bbox 2069 3730 3661 3802; baseline 0 -15"><span class='ocrx_word' id='word_1_572' title='bbox 2069 3730 2356 3802; x_wconf 89' lang='lat' dir='ltr'><strong>diligenter</strong></span> <span class='ocrx_word' id='word_1_573' title='bbox 2385 3732 2561 3786; x_wconf 91' lang='lat' dir='ltr'><strong>notari</strong></span> <span class='ocrx_word' id='word_1_574' title='bbox 2598 3730 2785 3800; x_wconf 89' lang='lat' dir='ltr'><strong>juheo,</strong></span> <span class='ocrx_word' id='word_1_575' title='bbox 2822 3740 2880 3785; x_wconf 92' lang='lat' dir='ltr'><strong>ut</strong></span> <span class='ocrx_word' id='word_1_576' title='bbox 2926 3731 3049 3785; x_wconf 90' lang='lat' dir='ltr'><strong>inde</strong></span> <span class='ocrx_word' id='word_1_577' title='bbox 3074 3730 3505 3802; x_wconf 89' lang='lat' dir='ltr'><strong>Origenistarum</strong></span> <span class='ocrx_word' id='word_1_578' title='bbox 3553 3734 3661 3787; x_wconf 78' lang='lat' dir='ltr'><strong>hu-</strong></span> 
     </span>
    </p>
   </div>
   <div class='ocr_carea' id='block_1_83' title="bbox 2064 3823 3657 3893">
    <p class='ocr_par' dir='ltr' id='par_1_83' title="bbox 2064 3823 3657 3893">
     <span class='ocr_line' id='line_1_83' title="bbox 2064 3823 3657 3893; baseline 0.001 -16"><span class='ocrx_word' id='word_1_579' title='bbox 2064 3823 2154 3893; x_wconf 89' lang='lat' dir='ltr'><strong>jus</strong></span> <span class='ocrx_word' id='word_1_580' title='bbox 2183 3824 2357 3879; x_wconf 69' lang='lat' dir='ltr'><strong>aetatis</strong></span> <span class='ocrx_word' id='word_1_581' title='bbox 2376 3824 2620 3878; x_wconf 88' lang='lat' dir='ltr'><strong>doctrina</strong></span> <span class='ocrx_word' id='word_1_582' title='bbox 2649 3832 2704 3878; x_wconf 94' lang='lat' dir='ltr'><strong>et</strong></span> <span class='ocrx_word' id='word_1_583' title='bbox 2732 3825 2981 3893; x_wconf 86' lang='lat' dir='ltr'><strong>dogmata</strong></span> <span class='ocrx_word' id='word_1_584' title='bbox 3007 3824 3059 3877; x_wconf 93' lang='lat' dir='ltr'><strong>in</strong></span> <span class='ocrx_word' id='word_1_585' title='bbox 3082 3823 3450 3878; x_wconf 87' lang='lat' dir='ltr'><strong>controversia</strong></span> <span class='ocrx_word' id='word_1_586' title='bbox 3474 3824 3657 3892; x_wconf 83' lang='lat' dir='ltr'><strong>posita</strong></span> 
     </span>
    </p>
   </div>
   <div class='ocr_carea' id='block_1_84' title="bbox 2069 3912 3657 3984">
    <p class='ocr_par' dir='ltr' id='par_1_84' title="bbox 2069 3912 3657 3984">
     <span class='ocr_line' id='line_1_84' title="bbox 2069 3912 3657 3984; baseline -0.001 -15"><span class='ocrx_word' id='word_1_587' title='bbox 2069 3914 2304 3984; x_wconf 88' lang='lat' dir='ltr'><strong>spectari</strong></span> <span class='ocrx_word' id='word_1_588' title='bbox 2333 3914 2561 3984; x_wconf 88' lang='lat' dir='ltr'><strong>possint.</strong></span> <span class='ocrx_word' id='word_1_589' title='bbox 2588 3913 2825 3968; x_wconf 86' lang='lat' dir='ltr'><strong>Primum</strong></span> <span class='ocrx_word' id='word_1_590' title='bbox 2875 3912 3003 3967; x_wconf 86' lang='lat' dir='ltr'><strong>illud</strong></span> <span class='ocrx_word' id='word_1_591' title='bbox 3030 3922 3149 3978; x_wconf 90' lang='lat' dir='ltr'><strong>est;</strong></span> <span class='ocrx_word' id='word_1_592' title='bbox 3191 3930 3292 3968; x_wconf 90' lang='lat' dir='ltr'><strong>nec</strong></span> <span class='ocrx_word' id='word_1_593' title='bbox 3335 3913 3533 3969; x_wconf 86' lang='lat' dir='ltr'><strong>Filium</strong></span> <span class='ocrx_word' id='word_1_594' title='bbox 3573 3917 3657 3968; x_wconf 86' lang='lat' dir='ltr'><strong>vi-</strong></span> 
     </span>
    </p>
   </div>
   <div class='ocr_carea' id='block_1_85' title="bbox 2069 4003 3657 4075">
    <p class='ocr_par' dir='ltr' id='par_1_85' title="bbox 2069 4003 3657 4075">
     <span class='ocr_line' id='line_1_85' title="bbox 2069 4003 3657 4075; baseline -0.002 -14"><span class='ocrx_word' id='word_1_595' title='bbox 2069 4005 2201 4061; x_wconf 88' lang='lat' dir='ltr'><strong>dere</strong></span> <span class='ocrx_word' id='word_1_596' title='bbox 2239 4019 2398 4075; x_wconf 86' lang='lat' dir='ltr'><strong>posse</strong></span> <span class='ocrx_word' id='word_1_597' title='bbox 2441 4003 2681 4070; x_wconf 89' lang='lat' dir='ltr'><strong>Patrem,</strong></span> <span class='ocrx_word' id='word_1_598' title='bbox 2731 4019 2831 4058; x_wconf 92' lang='lat' dir='ltr'><strong>nec</strong></span> <span class='ocrx_word' id='word_1_599' title='bbox 2856 4004 3117 4072; x_wconf 82' lang='lat' dir='ltr'><strong>Spiritqu</strong></span> <span class='ocrx_word' id='word_1_600' title='bbox 3159 4005 3341 4061; x_wconf 77' lang='lat' dir='ltr'><strong>videre</strong></span> <span class='ocrx_word' id='word_1_601' title='bbox 3367 4020 3531 4075; x_wconf 88' lang='lat' dir='ltr'><strong>posse</strong></span> <span class='ocrx_word' id='word_1_602' title='bbox 3561 4004 3657 4060; x_wconf 81' lang='lat' dir='ltr'><strong>Fi-</strong></span> 
     </span>
    </p>
   </div>
   <div class='ocr_carea' id='block_1_86' title="bbox 2070 4095 3657 4165">
    <p class='ocr_par' dir='ltr' id='par_1_86' title="bbox 2070 4095 3657 4165">
     <span class='ocr_line' id='line_1_86' title="bbox 2070 4095 3657 4165; baseline 0.003 -17"><span class='ocrx_word' id='word_1_603' title='bbox 2070 4095 2238 4160; x_wconf 91' lang='lat' dir='ltr'><strong>lium;</strong></span> <span class='ocrx_word' id='word_1_604' title='bbox 2268 4096 2589 4160; x_wconf 91' lang='lat' dir='ltr'><strong>secundum,</strong></span> <span class='ocrx_word' id='word_1_605' title='bbox 2620 4095 2853 4147; x_wconf 89' lang='lat' dir='ltr'><strong>animam</strong></span> <span class='ocrx_word' id='word_1_606' title='bbox 2889 4104 3110 4162; x_wconf 87' lang='lat' dir='ltr'><strong>propter</strong></span> <span class='ocrx_word' id='word_1_607' title='bbox 3147 4107 3367 4165; x_wconf 88' lang='lat' dir='ltr'><strong>peccata</strong></span> <span class='ocrx_word' id='word_1_608' title='bbox 3424 4109 3457 4149; x_wconf 90' lang='lat' dir='ltr'><strong>e</strong></span> <span class='ocrx_word' id='word_1_609' title='bbox 3506 4098 3657 4152; x_wconf 61' lang='lat' dir='ltr'><strong>caelo</strong></span> 
     </span>
    </p>
   </div>
   <div class='ocr_carea' id='block_1_87' title="bbox 2070 4186 3652 4258">
    <p class='ocr_par' dir='ltr' id='par_1_87' title="bbox 2070 4186 3652 4258">
     <span class='ocr_line' id='line_1_87' title="bbox 2070 4186 3652 4258; baseline 0.001 -18"><span class='ocrx_word' id='word_1_610' title='bbox 2070 4186 2309 4241; x_wconf 89' lang='lat' dir='ltr'><strong>fuissein</strong></span> <span class='ocrx_word' id='word_1_611' title='bbox 2339 4201 2560 4256; x_wconf 90' lang='lat' dir='ltr'><strong>corpus,</strong></span> <span class='ocrx_word' id='word_1_612' title='bbox 2584 4187 2663 4241; x_wconf 89' lang='lat' dir='ltr'><strong>sic</strong></span> <span class='ocrx_word' id='word_1_613' title='bbox 2681 4197 2935 4254; x_wconf 87' lang='lat' dir='ltr'><strong>tauquam</strong></span> <span class='ocrx_word' id='word_1_614' title='bbox 2960 4188 3011 4240; x_wconf 94' lang='lat' dir='ltr'><strong>in</strong></span> <span class='ocrx_word' id='word_1_615' title='bbox 3036 4200 3309 4241; x_wconf 88' lang='lat' dir='ltr'><strong>carcerem</strong></span> <span class='ocrx_word' id='word_1_616' title='bbox 3340 4187 3652 4258; x_wconf 89' lang='lat' dir='ltr'><strong>dejectam;</strong></span> 
     </span>
    </p>
   </div>
   <div class='ocr_carea' id='block_1_88' title="bbox 2072 4277 3657 4348">
    <p class='ocr_par' dir='ltr' id='par_1_88' title="bbox 2072 4277 3657 4348">
     <span class='ocr_line' id='line_1_88' title="bbox 2072 4277 3657 4348; baseline 0.001 -15"><span class='ocrx_word' id='word_1_617' title='bbox 2072 4281 2314 4344; x_wconf 87' lang='lat' dir='ltr'><strong>tertium,</strong></span> <span class='ocrx_word' id='word_1_618' title='bbox 2344 4277 2580 4333; x_wconf 87' lang='lat' dir='ltr'><strong>futurum</strong></span> <span class='ocrx_word' id='word_1_619' title='bbox 2614 4287 2674 4333; x_wconf 93' lang='lat' dir='ltr'><strong>ut</strong></span> <span class='ocrx_word' id='word_1_620' title='bbox 2712 4278 2979 4332; x_wconf 89' lang='lat' dir='ltr'><strong>diabolum</strong></span> <span class='ocrx_word' id='word_1_621' title='bbox 3010 4287 3066 4333; x_wconf 87' lang='lat' dir='ltr'><strong>et</strong></span> <span class='ocrx_word' id='word_1_622' title='bbox 3090 4278 3359 4333; x_wconf 65' lang='lat' dir='ltr'><strong>dmmoues</strong></span> <span class='ocrx_word' id='word_1_623' title='bbox 3400 4291 3657 4348; x_wconf 87' lang='lat' dir='ltr'><strong>peccato-</strong></span> 
     </span>
    </p>
   </div>
   <div class='ocr_carea' id='block_1_89' title="bbox 2070 4368 3655 4440">
    <p class='ocr_par' dir='ltr' id='par_1_89' title="bbox 2070 4368 3655 4440">
     <span class='ocr_line' id='line_1_89' title="bbox 2070 4368 3655 4440; baseline 0.001 -15"><span class='ocrx_word' id='word_1_624' title='bbox 2070 4385 2187 4425; x_wconf 87' lang='lat' dir='ltr'><strong>rqu</strong></span> <span class='ocrx_word' id='word_1_625' title='bbox 2211 4368 2501 4440; x_wconf 88' lang='lat' dir='ltr'><strong>aliquando</strong></span> <span class='ocrx_word' id='word_1_626' title='bbox 2530 4368 2816 4437; x_wconf 73' lang='lat' dir='ltr'><strong>pmniteat,</strong></span> <span class='ocrx_word' id='word_1_627' title='bbox 2836 4378 3040 4423; x_wconf 90' lang='lat' dir='ltr'><strong>etcum</strong></span> <span class='ocrx_word' id='word_1_628' title='bbox 3074 4369 3279 4425; x_wconf 89' lang='lat' dir='ltr'><strong>sanctis</strong></span> <span class='ocrx_word' id='word_1_629' title='bbox 3300 4370 3351 4424; x_wconf 94' lang='lat' dir='ltr'><strong>in</strong></span> <span class='ocrx_word' id='word_1_630' title='bbox 3382 4371 3530 4425; x_wconf 64' lang='lat' dir='ltr'><strong>caelo</strong></span> <span class='ocrx_word' id='word_1_631' title='bbox 3566 4388 3655 4427; x_wconf 78' lang='lat' dir='ltr'><strong>re-</strong></span> 
     </span>
    </p>
   </div>
   <div class='ocr_carea' id='block_1_90' title="bbox 393 4432 3649 4556">
    <p class='ocr_par' dir='ltr' id='par_1_90' title="bbox 393 4432 3649 4556">
     <span class='ocr_line' id='line_1_90' title="bbox 393 4432 3649 4556; baseline 0.01 -70"><span class='ocrx_word' id='word_1_632' title='bbox 393 4432 715 4556; x_wconf 60' lang='lat' dir='ltr'><strong>?rigeuistis</strong></span> <span class='ocrx_word' id='word_1_633' title='bbox 739 4436 944 4505; x_wconf 84' lang='lat' dir='ltr'><strong>favens,</strong></span> <span class='ocrx_word' id='word_1_634' title='bbox 966 4445 1246 4500; x_wconf 86' lang='lat' dir='ltr'><strong>turbandis</strong></span> <span class='ocrx_word' id='word_1_635' title='bbox 1276 4449 1436 4503; x_wconf 87' lang='lat' dir='ltr'><strong>rebus</strong></span> <span class='ocrx_word' id='word_1_636' title='bbox 1461 4466 1620 4519; x_wconf 84' lang='lat' dir='ltr'><strong>quant</strong></span> <span class='ocrx_word' id='word_1_637' title='bbox 1647 4467 1969 4521; x_wconf 77' lang='lat' dir='ltr'><strong>compouen—</strong></span> <span class='ocrx_word' id='word_1_638' title='bbox 1997 4497 2045 4556; x_wconf 68' lang='grc' dir='ltr'><strong>υ</strong></span> <span class='ocrx_word' id='word_1_639' title='bbox 2071 4470 2263 4531; x_wconf 73' lang='lat' dir='ltr'><strong>gnem;</strong></span> <span class='ocrx_word' id='word_1_640' title='bbox 2295 4432 2575 4530; x_wconf 72' lang='lat' dir='ltr'><strong>quartum,</strong></span> <span class='ocrx_word' id='word_1_641' title='bbox 2615 4459 2880 4514; x_wconf 77' lang='lat' dir='ltr'><strong>Adamum</strong></span> <span class='ocrx_word' id='word_1_642' title='bbox 2906 4468 2960 4514; x_wconf 89' lang='lat' dir='ltr'><strong>et</strong></span> <span class='ocrx_word' id='word_1_643' title='bbox 2992 4458 3159 4514; x_wconf 85' lang='lat' dir='ltr'><strong>Evam</strong></span> <span class='ocrx_word' id='word_1_644' title='bbox 3193 4471 3316 4515; x_wconf 89' lang='lat' dir='ltr'><strong>ante</strong></span> <span class='ocrx_word' id='word_1_645' title='bbox 3349 4473 3649 4532; x_wconf 84' lang='lat' dir='ltr'><strong>peccatum</strong></span> 
     </span>
    </p>
   </div>
   <div class='ocr_carea' id='block_1_91' title="bbox 393 4527 3650 4627">
    <p class='ocr_par' dir='ltr' id='par_1_91' title="bbox 393 4527 3650 4627">
     <span class='ocr_line' id='line_1_91' title="bbox 393 4527 3650 4627; baseline 0.01 -48"><span class='ocrx_word' id='word_1_646' title='bbox 393 4527 476 4580; x_wconf 88' lang='lat' dir='ltr'><strong>dis</strong></span> <span class='ocrx_word' id='word_1_647' title='bbox 499 4529 703 4595; x_wconf 87' lang='lat' dir='ltr'><strong>aptior;</strong></span> <span class='ocrx_word' id='word_1_648' title='bbox 742 4547 864 4584; x_wconf 89' lang='lat' dir='ltr'><strong>nam</strong></span> <span class='ocrx_word' id='word_1_649' title='bbox 894 4543 1020 4589; x_wconf 89' lang='lat' dir='ltr'><strong>ante</strong></span> <span class='ocrx_word' id='word_1_650' title='bbox 1059 4543 1170 4591; x_wconf 89' lang='lat' dir='ltr'><strong>tres</strong></span> <span class='ocrx_word' id='word_1_651' title='bbox 1196 4553 1409 4594; x_wconf 90' lang='lat' dir='ltr'><strong>menses</strong></span> <span class='ocrx_word' id='word_1_652' title='bbox 1445 4559 1604 4611; x_wconf 79' lang='lat' dir='ltr'><strong>quam</strong></span> <span class='ocrx_word' id='word_1_653' title='bbox 1643 4546 1966 4601; x_wconf 86' lang='lat' dir='ltr'><strong>veniretJe-</strong></span> <span class='ocrx_word' id='word_1_654' title='bbox 1997 4527 2045 4556; x_wconf 74' lang='grc' dir='ltr'><em>υ</em></span> <span class='ocrx_word' id='word_1_655' title='bbox 2068 4527 2294 4621; x_wconf 80' lang='lat' dir='ltr'><strong>corpore</strong></span> <span class='ocrx_word' id='word_1_656' title='bbox 2312 4527 2583 4619; x_wconf 72' lang='lat' dir='ltr'><strong>caruisse,</strong></span> <span class='ocrx_word' id='word_1_657' title='bbox 2612 4554 2850 4608; x_wconf 91' lang='lat' dir='ltr'><strong>humana</strong></span> <span class='ocrx_word' id='word_1_658' title='bbox 2895 4565 3075 4610; x_wconf 88' lang='lat' dir='ltr'><strong>autem</strong></span> <span class='ocrx_word' id='word_1_659' title='bbox 3133 4568 3357 4623; x_wconf 88' lang='lat' dir='ltr'><strong>corpora</strong></span> <span class='ocrx_word' id='word_1_660' title='bbox 3400 4555 3467 4609; x_wconf 93' lang='lat' dir='ltr'><strong>iis</strong></span> <span class='ocrx_word' id='word_1_661' title='bbox 3530 4568 3650 4627; x_wconf 77' lang='lat' dir='ltr'><strong>post</strong></span> 
     </span>
    </p>
   </div>
   <div class='ocr_carea' id='block_1_92' title="bbox 393 4620 1965 4710">
    <p class='ocr_par' dir='ltr' id='par_1_92' title="bbox 393 4620 1965 4710">
     <span class='ocr_line' id='line_1_92' title="bbox 393 4620 1965 4710; baseline 0.016 -40"><span class='ocrx_word' id='word_1_662' title='bbox 393 4620 738 4689; x_wconf 87' lang='lat' dir='ltr'><strong>rosolymam,</strong></span> <span class='ocrx_word' id='word_1_663' title='bbox 765 4623 969 4681; x_wconf 89' lang='lat' dir='ltr'><strong>litteras</strong></span> <span class='ocrx_word' id='word_1_664' title='bbox 1013 4629 1237 4684; x_wconf 87' lang='lat' dir='ltr'><strong>dederat</strong></span> <span class='ocrx_word' id='word_1_665' title='bbox 1264 4633 1332 4687; x_wconf 89' lang='lat' dir='ltr'><strong>ad</strong></span> <span class='ocrx_word' id='word_1_666' title='bbox 1371 4633 1708 4691; x_wconf 86' lang='lat' dir='ltr'><strong>Vincentium</strong></span> <span class='ocrx_word' id='word_1_667' title='bbox 1741 4643 1965 4710; x_wconf 82' lang='lat' dir='ltr'><strong>presby-</strong></span> 
     </span>
    </p>
   </div>
   <div class='ocr_carea' id='block_1_93' title="bbox 395 4713 1962 4789">
    <p class='ocr_par' dir='ltr' id='par_1_93' title="bbox 395 4713 1962 4789">
     <span class='ocr_line' id='line_1_93' title="bbox 395 4713 1962 4789; baseline 0.015 -30"><span class='ocrx_word' id='word_1_668' title='bbox 395 4716 591 4774; x_wconf 87' lang='lat' dir='ltr'><strong>terum,</strong></span> <span class='ocrx_word' id='word_1_669' title='bbox 622 4713 815 4780; x_wconf 88' lang='lat' dir='ltr'><strong>quibus</strong></span> <span class='ocrx_word' id='word_1_670' title='bbox 840 4730 962 4769; x_wconf 91' lang='lat' dir='ltr'><strong>eum</strong></span> <span class='ocrx_word' id='word_1_671' title='bbox 997 4727 1055 4771; x_wconf 92' lang='lat' dir='ltr'><strong>ut</strong></span> <span class='ocrx_word' id='word_1_672' title='bbox 1086 4718 1139 4772; x_wconf 92' lang='lat' dir='ltr'><strong>in</strong></span> <span class='ocrx_word' id='word_1_673' title='bbox 1173 4721 1471 4777; x_wconf 86' lang='lat' dir='ltr'><strong>orthodoxa</strong></span> <span class='ocrx_word' id='word_1_674' title='bbox 1504 4724 1627 4789; x_wconf 89' lang='lat' dir='ltr'><strong>ﬁde,</strong></span> <span class='ocrx_word' id='word_1_675' title='bbox 1670 4727 1769 4781; x_wconf 92' lang='lat' dir='ltr'><strong>hoc</strong></span> <span class='ocrx_word' id='word_1_676' title='bbox 1800 4738 1885 4782; x_wconf 86' lang='lat' dir='ltr'><strong>est</strong></span> <span class='ocrx_word' id='word_1_677' title='bbox 1910 4730 1962 4782; x_wconf 92' lang='lat' dir='ltr'><strong>in</strong></span> 
     </span>
    </p>
   </div>
   <div class='ocr_carea' id='block_1_94' title="bbox 391 4798 1964 4882">
    <p class='ocr_par' dir='ltr' id='par_1_94' title="bbox 391 4798 1964 4882">
     <span class='ocr_line' id='line_1_94' title="bbox 391 4798 1964 4882; baseline 0.013 -27"><span class='ocrx_word' id='word_1_678' title='bbox 391 4798 750 4870; x_wconf 85' lang='lat' dir='ltr'><strong>Origenismo,</strong></span> <span class='ocrx_word' id='word_1_679' title='bbox 777 4820 1149 4874; x_wconf 85' lang='lat' dir='ltr'><strong>perseveraret</strong></span> <span class='ocrx_word' id='word_1_680' title='bbox 1178 4814 1528 4882; x_wconf 88' lang='lat' dir='ltr'><strong>hortabatur;</strong></span> <span class='ocrx_word' id='word_1_681' title='bbox 1570 4818 1876 4874; x_wconf 86' lang='lat' dir='ltr'><strong>adfuturum</strong></span> <span class='ocrx_word' id='word_1_682' title='bbox 1906 4836 1964 4875; x_wconf 87' lang='lat' dir='ltr'><strong>se</strong></span> 
     </span>
    </p>
   </div>
   <div class='ocr_carea' id='block_1_95' title="bbox 392 4897 1958 4977">
    <p class='ocr_par' dir='ltr' id='par_1_95' title="bbox 392 4897 1958 4977">
     <span class='ocr_line' id='line_1_95' title="bbox 392 4897 1958 4977; baseline 0.015 -35"><span class='ocrx_word' id='word_1_683' title='bbox 392 4897 701 4961; x_wconf 88' lang='lat' dir='ltr'><strong>propediem</strong></span> <span class='ocrx_word' id='word_1_684' title='bbox 747 4897 813 4951; x_wconf 88' lang='lat' dir='ltr'><strong>ad</strong></span> <span class='ocrx_word' id='word_1_685' title='bbox 858 4912 1061 4954; x_wconf 88' lang='lat' dir='ltr'><strong>cuneos</strong></span> <span class='ocrx_word' id='word_1_686' title='bbox 1103 4905 1532 4961; x_wconf 84' lang='lat' dir='ltr'><strong>adversariorum</strong></span> <span class='ocrx_word' id='word_1_687' title='bbox 1584 4911 1958 4977; x_wconf 77' lang='lat' dir='ltr'><strong>proterendos.</strong></span> 
     </span>
    </p>
   </div>
   <div class='ocr_carea' id='block_1_96' title="bbox 398 4984 1958 5074">
    <p class='ocr_par' dir='ltr' id='par_1_96' title="bbox 398 4984 1958 5074">
     <span class='ocr_line' id='line_1_96' title="bbox 398 4984 1958 5074; baseline 0.015 -39"><span class='ocrx_word' id='word_1_688' title='bbox 398 4984 567 5074; x_wconf 54' lang='lat' dir='ltr'><strong>Verba</strong></span> <span class='ocrx_word' id='word_1_689' title='bbox 597 4998 721 5039; x_wconf 89' lang='lat' dir='ltr'><strong>sunt</strong></span> <span class='ocrx_word' id='word_1_690' title='bbox 747 4987 1055 5062; x_wconf 90' lang='lat' dir='ltr'><strong>Hieronymi</strong></span> <span class='ocrx_word' id='word_1_691' title='bbox 1080 4996 1236 5065; x_wconf 87' lang='lat' dir='ltr'><strong>epist.</strong></span> <span class='ocrx_word' id='word_1_692' title='bbox 1257 4997 1347 5064; x_wconf 89' lang='lat'><strong>6|,</strong></span> <span class='ocrx_word' id='word_1_693' title='bbox 1370 4998 1437 5053; x_wconf 89' lang='lat' dir='ltr'><strong>ad</strong></span> <span class='ocrx_word' id='word_1_694' title='bbox 1469 4998 1806 5066; x_wconf 63' lang='lat' dir='ltr'><strong>Pammacln,</strong></span> <span class='ocrx_word' id='word_1_695' title='bbox 1838 5019 1958 5074; x_wconf 88' lang='lat' dir='ltr'><strong>cap.</strong></span> 
     </span>
    </p>
   </div>
   <div class='ocr_carea' id='block_1_97' title="bbox 393 5073 1966 5163">
    <p class='ocr_par' dir='ltr' id='par_1_97' title="bbox 393 5073 1966 5163">
     <span class='ocr_line' id='line_1_97' title="bbox 393 5073 1966 5163; baseline 0.015 -39"><span class='ocrx_word' id='word_1_696' title='bbox 393 5073 483 5138; x_wconf 76' lang='lat' dir='ltr'><strong>Ib,</strong></span> <span class='ocrx_word' id='word_1_697' title='bbox 517 5074 670 5143; x_wconf 80' lang='lat' dir='ltr'><strong>cujus</strong></span> <span class='ocrx_word' id='word_1_698' title='bbox 721 5080 948 5149; x_wconf 88' lang='lat' dir='ltr'><strong>vestigia</strong></span> <span class='ocrx_word' id='word_1_699' title='bbox 992 5096 1242 5140; x_wconf 89' lang='lat' dir='ltr'><strong>accurate</strong></span> <span class='ocrx_word' id='word_1_700' title='bbox 1273 5089 1669 5158; x_wconf 89' lang='lat' dir='ltr'><strong>persequimur.</strong></span> <span class='ocrx_word' id='word_1_701' title='bbox 1722 5090 1813 5146; x_wconf 91' lang='lat' dir='ltr'><strong>Sic</strong></span> <span class='ocrx_word' id='word_1_702' title='bbox 1836 5073 1966 5163; x_wconf 80' lang='lat' dir='ltr'><strong>ergo</strong></span> 
     </span>
    </p>
   </div>
   <div class='ocr_carea' id='block_1_98' title="bbox 393 5165 1963 5251">
    <p class='ocr_par' dir='ltr' id='par_1_98' title="bbox 393 5165 1963 5251">
     <span class='ocr_line' id='line_1_98' title="bbox 393 5165 1963 5251; baseline 0.014 -34"><span class='ocrx_word' id='word_1_703' title='bbox 393 5165 668 5220; x_wconf 87' lang='lat' dir='ltr'><strong>animatus</strong></span> <span class='ocrx_word' id='word_1_704' title='bbox 697 5172 949 5238; x_wconf 84' lang='lat' dir='ltr'><strong>egregius</strong></span> <span class='ocrx_word' id='word_1_705' title='bbox 998 5174 1084 5228; x_wconf 92' lang='lat' dir='ltr'><strong>ille</strong></span> <span class='ocrx_word' id='word_1_706' title='bbox 1130 5178 1278 5245; x_wconf 90' lang='lat' dir='ltr'><strong>pacis</strong></span> <span class='ocrx_word' id='word_1_707' title='bbox 1333 5190 1634 5249; x_wconf 88' lang='lat' dir='ltr'><strong>sequester,</strong></span> <span class='ocrx_word' id='word_1_708' title='bbox 1679 5182 1963 5251; x_wconf 88' lang='lat' dir='ltr'><strong>Joannem,</strong></span> 
     </span>
    </p>
   </div>
   <div class='ocr_carea' id='block_1_99' title="bbox 393 5253 1969 5342">
    <p class='ocr_par' dir='ltr' id='par_1_99' title="bbox 393 5253 1969 5342">
     <span class='ocr_line' id='line_1_99' title="bbox 393 5253 1969 5342; baseline 0.013 -36"><span class='ocrx_word' id='word_1_709' title='bbox 393 5253 632 5324; x_wconf 85' lang='lat' dir='ltr'><strong>aliosque</strong></span> <span class='ocrx_word' id='word_1_710' title='bbox 658 5258 1011 5317; x_wconf 88' lang='lat' dir='ltr'><strong>dissensionis</strong></span> <span class='ocrx_word' id='word_1_711' title='bbox 1050 5265 1205 5333; x_wconf 87' lang='lat' dir='ltr'><strong>hujus</strong></span> <span class='ocrx_word' id='word_1_712' title='bbox 1252 5271 1540 5338; x_wconf 73' lang='lat' dir='ltr'><strong>participes</strong></span> <span class='ocrx_word' id='word_1_713' title='bbox 1586 5272 1719 5336; x_wconf 87' lang='lat' dir='ltr'><strong>adit,</strong></span> <span class='ocrx_word' id='word_1_714' title='bbox 1749 5272 1969 5342; x_wconf 83' lang='lat' dir='ltr'><strong>legatio-</strong></span> 
     </span>
    </p>
   </div>
   <div class='ocr_carea' id='block_1_100' title="bbox 392 5353 1963 5424">
    <p class='ocr_par' dir='ltr' id='par_1_100' title="bbox 392 5353 1963 5424">
     <span class='ocr_line' id='line_1_100' title="bbox 392 5353 1963 5424; baseline 0.01 -22"><span class='ocrx_word' id='word_1_715' title='bbox 392 5360 626 5416; x_wconf 84' lang='lat' dir='ltr'><strong>nemque</strong></span> <span class='ocrx_word' id='word_1_716' title='bbox 654 5364 806 5403; x_wconf 81' lang='lat' dir='ltr'><strong>suam</strong></span> <span class='ocrx_word' id='word_1_717' title='bbox 841 5353 1130 5410; x_wconf 87' lang='lat' dir='ltr'><strong>renuntiat.</strong></span> <span class='ocrx_word' id='word_1_718' title='bbox 1166 5355 1231 5409; x_wconf 87' lang='lat' dir='ltr'><strong>Et</strong></span> <span class='ocrx_word' id='word_1_719' title='bbox 1266 5372 1449 5424; x_wconf 89' lang='lat' dir='ltr'><strong>pacem</strong></span> <span class='ocrx_word' id='word_1_720' title='bbox 1483 5360 1823 5415; x_wconf 87' lang='lat' dir='ltr'><strong>conciliasset</strong></span> <span class='ocrx_word' id='word_1_721' title='bbox 1851 5361 1963 5417; x_wconf 84' lang='lat' dir='ltr'><strong>for-</strong></span> 
     </span>
    </p>
   </div>
   <div class='ocr_carea' id='block_1_101' title="bbox 392 5439 1963 5515">
    <p class='ocr_par' dir='ltr' id='par_1_101' title="bbox 392 5439 1963 5515">
     <span class='ocr_line' id='line_1_101' title="bbox 392 5439 1963 5515; baseline 0.01 -25"><span class='ocrx_word' id='word_1_722' title='bbox 392 5446 556 5502; x_wconf 88' lang='lat' dir='ltr'><strong>tassc,</strong></span> <span class='ocrx_word' id='word_1_723' title='bbox 585 5439 629 5492; x_wconf 89' lang='lat' dir='ltr'><strong>si</strong></span> <span class='ocrx_word' id='word_1_724' title='bbox 661 5456 764 5494; x_wconf 88' lang='lat' dir='ltr'><strong>non</strong></span> <span class='ocrx_word' id='word_1_725' title='bbox 787 5441 1022 5496; x_wconf 87' lang='lat' dir='ltr'><strong>animum</strong></span> <span class='ocrx_word' id='word_1_726' title='bbox 1048 5442 1370 5515; x_wconf 87' lang='lat' dir='ltr'><strong>Origenismi</strong></span> <span class='ocrx_word' id='word_1_727' title='bbox 1411 5447 1677 5503; x_wconf 87' lang='lat' dir='ltr'><strong>fermento</strong></span> <span class='ocrx_word' id='word_1_728' title='bbox 1700 5449 1963 5506; x_wconf 88' lang='lat' dir='ltr'><strong>imbutum</strong></span> 
     </span>
    </p>
   </div>
   <div class='ocr_carea' id='block_1_102' title="bbox 392 5528 1966 5601">
    <p class='ocr_par' dir='ltr' id='par_1_102' title="bbox 392 5528 1966 5601">
     <span class='ocr_line' id='line_1_102' title="bbox 392 5528 1966 5601; baseline 0.013 -21"><span class='ocrx_word' id='word_1_729' title='bbox 392 5528 749 5598; x_wconf 88' lang='lat' dir='ltr'><strong>prodidisset;</strong></span> <span class='ocrx_word' id='word_1_730' title='bbox 782 5548 904 5587; x_wconf 92' lang='lat' dir='ltr'><strong>cum</strong></span> <span class='ocrx_word' id='word_1_731' title='bbox 930 5536 1073 5590; x_wconf 90' lang='lat' dir='ltr'><strong>enim</strong></span> <span class='ocrx_word' id='word_1_732' title='bbox 1101 5539 1361 5595; x_wconf 66' lang='lat' dir='ltr'><strong>doctrina:</strong></span> <span class='ocrx_word' id='word_1_733' title='bbox 1395 5542 1521 5596; x_wconf 88' lang='lat' dir='ltr'><strong>huic</strong></span> <span class='ocrx_word' id='word_1_734' title='bbox 1552 5540 1817 5598; x_wconf 82' lang='lat' dir='ltr'><strong>infensum</strong></span> <span class='ocrx_word' id='word_1_735' title='bbox 1844 5544 1966 5601; x_wconf 91' lang='lat' dir='ltr'><strong>Hie-</strong></span> 
     </span>
    </p>
   </div>
   <div class='ocr_carea' id='block_1_103' title="bbox 396 5629 1963 5701">
    <p class='ocr_par' dir='ltr' id='par_1_103' title="bbox 396 5629 1963 5701">
     <span class='ocr_line' id='line_1_103' title="bbox 396 5629 1963 5701; baseline 0.013 -29"><span class='ocrx_word' id='word_1_736' title='bbox 396 5633 677 5690; x_wconf 86' lang='lat' dir='ltr'><strong>ronymum</strong></span> <span class='ocrx_word' id='word_1_737' title='bbox 736 5641 854 5681; x_wconf 90' lang='lat' dir='ltr'><strong>esse</strong></span> <span class='ocrx_word' id='word_1_738' title='bbox 882 5629 1064 5694; x_wconf 78' lang='lat' dir='ltr'><strong>sciret,</strong></span> <span class='ocrx_word' id='word_1_739' title='bbox 1124 5630 1317 5686; x_wconf 90' lang='lat' dir='ltr'><strong>iterum</strong></span> <span class='ocrx_word' id='word_1_740' title='bbox 1358 5633 1569 5701; x_wconf 89' lang='lat' dir='ltr'><strong>quidem</strong></span> <span class='ocrx_word' id='word_1_741' title='bbox 1599 5648 1662 5688; x_wconf 90' lang='lat' dir='ltr'><strong>ac</strong></span> <span class='ocrx_word' id='word_1_742' title='bbox 1693 5636 1853 5692; x_wconf 90' lang='lat' dir='ltr'><strong>tertio</strong></span> <span class='ocrx_word' id='word_1_743' title='bbox 1897 5639 1963 5692; x_wconf 87' lang='lat' dir='ltr'><strong>ad</strong></span> 
     </span>
    </p>
   </div>
   <div class='ocr_carea' id='block_1_104' title="bbox 394 5718 1962 5796">
    <p class='ocr_par' dir='ltr' id='par_1_104' title="bbox 394 5718 1962 5796">
     <span class='ocr_line' id='line_1_104' title="bbox 394 5718 1962 5796; baseline 0.01 -26"><span class='ocrx_word' id='word_1_744' title='bbox 394 5730 517 5771; x_wconf 92' lang='lat' dir='ltr'><strong>eum</strong></span> <span class='ocrx_word' id='word_1_745' title='bbox 558 5718 838 5787; x_wconf 79' lang='lat' dir='ltr'><strong>TlteOpbili</strong></span> <span class='ocrx_word' id='word_1_746' title='bbox 886 5726 1101 5781; x_wconf 83' lang='lat' dir='ltr'><strong>nomine</strong></span> <span class='ocrx_word' id='word_1_747' title='bbox 1148 5728 1401 5796; x_wconf 87' lang='lat' dir='ltr'><strong>accessit,</strong></span> <span class='ocrx_word' id='word_1_748' title='bbox 1433 5730 1750 5787; x_wconf 87' lang='lat' dir='ltr'><strong>commissas</strong></span> <span class='ocrx_word' id='word_1_749' title='bbox 1782 5741 1962 5786; x_wconf 87' lang='lat' dir='ltr'><strong>autem</strong></span> 
     </span>
    </p>
   </div>
   <div class='ocr_carea' id='block_1_105' title="bbox 2071 4644 3648 4718">
    <p class='ocr_par' dir='ltr' id='par_1_105' title="bbox 2071 4644 3648 4718">
     <span class='ocr_line' id='line_1_105' title="bbox 2071 4644 3648 4718; baseline 0.005 -22"><span class='ocrx_word' id='word_1_750' title='bbox 2071 4654 2349 4712; x_wconf 88' lang='lat' dir='ltr'><strong>peccatum</strong></span> <span class='ocrx_word' id='word_1_751' title='bbox 2392 4644 2775 4716; x_wconf 89' lang='lat' dir='ltr'><strong>circumposita</strong></span> <span class='ocrx_word' id='word_1_752' title='bbox 2818 4646 3013 4701; x_wconf 92' lang='lat' dir='ltr'><strong>tunicis</strong></span> <span class='ocrx_word' id='word_1_753' title='bbox 3043 4646 3280 4716; x_wconf 85' lang='lat' dir='ltr'><strong>pelliceis</strong></span> <span class='ocrx_word' id='word_1_754' title='bbox 3305 4647 3648 4718; x_wconf 82' lang='lat' dir='ltr'><strong>signiﬁcari;</strong></span> 
     </span>
    </p>
   </div>
   <div class='ocr_carea' id='block_1_106' title="bbox 2069 4734 3648 4806">
    <p class='ocr_par' dir='ltr' id='par_1_106' title="bbox 2069 4734 3648 4806">
     <span class='ocr_line' id='line_1_106' title="bbox 2069 4734 3648 4806; baseline 0.004 -20"><span class='ocrx_word' id='word_1_755' title='bbox 2069 4734 2340 4802; x_wconf 90' lang='lat' dir='ltr'><strong>quintum,</strong></span> <span class='ocrx_word' id='word_1_756' title='bbox 2394 4749 2612 4790; x_wconf 90' lang='lat' dir='ltr'><strong>carnem</strong></span> <span class='ocrx_word' id='word_1_757' title='bbox 2664 4737 2975 4806; x_wconf 89' lang='lat' dir='ltr'><strong>neutiquam</strong></span> <span class='ocrx_word' id='word_1_758' title='bbox 3019 4740 3337 4793; x_wconf 87' lang='lat' dir='ltr'><strong>suscitatum</strong></span> <span class='ocrx_word' id='word_1_759' title='bbox 3395 4738 3486 4802; x_wconf 86' lang='lat' dir='ltr'><strong>iri,</strong></span> <span class='ocrx_word' id='word_1_760' title='bbox 3540 4756 3648 4794; x_wconf 86' lang='lat' dir='ltr'><strong>non</strong></span> 
     </span>
    </p>
   </div>
   <div class='ocr_carea' id='block_1_107' title="bbox 2070 4826 3650 4899">
    <p class='ocr_par' dir='ltr' id='par_1_107' title="bbox 2070 4826 3650 4899">
     <span class='ocr_line' id='line_1_107' title="bbox 2070 4826 3650 4899; baseline 0.007 -22"><span class='ocrx_word' id='word_1_761' title='bbox 2070 4826 2310 4878; x_wconf 87' lang='lat' dir='ltr'><strong>membra</strong></span> <span class='ocrx_word' id='word_1_762' title='bbox 2353 4826 2530 4881; x_wconf 91' lang='lat' dir='ltr'><strong>denuo</strong></span> <span class='ocrx_word' id='word_1_763' title='bbox 2565 4827 2724 4881; x_wconf 92' lang='lat' dir='ltr'><strong>simul</strong></span> <span class='ocrx_word' id='word_1_764' title='bbox 2752 4842 2874 4884; x_wconf 89' lang='lat' dir='ltr'><strong>esse</strong></span> <span class='ocrx_word' id='word_1_765' title='bbox 2900 4830 3307 4899; x_wconf 83' lang='lat' dir='ltr'><strong>compingeuda,</strong></span> <span class='ocrx_word' id='word_1_766' title='bbox 3357 4845 3497 4887; x_wconf 86' lang='lat' dir='ltr'><strong>sexu</strong></span> <span class='ocrx_word' id='word_1_767' title='bbox 3552 4833 3650 4887; x_wconf 56' lang='lat' dir='ltr'><strong>bo.</strong></span> 
     </span>
    </p>
   </div>
   <div class='ocr_carea' id='block_1_108' title="bbox 2069 4917 3650 4992">
    <p class='ocr_par' dir='ltr' id='par_1_108' title="bbox 2069 4917 3650 4992">
     <span class='ocr_line' id='line_1_108' title="bbox 2069 4917 3650 4992; baseline 0.006 -22"><span class='ocrx_word' id='word_1_768' title='bbox 2069 4917 2242 4971; x_wconf 91' lang='lat' dir='ltr'><strong>mines</strong></span> <span class='ocrx_word' id='word_1_769' title='bbox 2288 4919 2499 4987; x_wconf 91' lang='lat' dir='ltr'><strong>peuitus</strong></span> <span class='ocrx_word' id='word_1_770' title='bbox 2541 4919 2839 4985; x_wconf 89' lang='lat' dir='ltr'><strong>carituros;</strong></span> <span class='ocrx_word' id='word_1_771' title='bbox 2903 4934 3141 4986; x_wconf 86' lang='lat' dir='ltr'><strong>sextum,</strong></span> <span class='ocrx_word' id='word_1_772' title='bbox 3176 4921 3492 4992; x_wconf 83' lang='lat' dir='ltr'><strong>paradisum</strong></span> <span class='ocrx_word' id='word_1_773' title='bbox 3538 4935 3650 4978; x_wconf 79' lang='lat' dir='ltr'><strong>ter-</strong></span> 
     </span>
    </p>
   </div>
   <div class='ocr_carea' id='block_1_109' title="bbox 2069 5006 3649 5082">
    <p class='ocr_par' dir='ltr' id='par_1_109' title="bbox 2069 5006 3649 5082">
     <span class='ocr_line' id='line_1_109' title="bbox 2069 5006 3649 5082; baseline 0.003 -22"><span class='ocrx_word' id='word_1_774' title='bbox 2069 5015 2297 5061; x_wconf 86' lang='lat' dir='ltr'><strong>restrem</strong></span> <span class='ocrx_word' id='word_1_775' title='bbox 2326 5006 2611 5075; x_wconf 90' lang='lat' dir='ltr'><strong>allegorice</strong></span> <span class='ocrx_word' id='word_1_776' title='bbox 2651 5010 3052 5079; x_wconf 90' lang='lat' dir='ltr'><strong>intelligendum</strong></span> <span class='ocrx_word' id='word_1_777' title='bbox 3081 5027 3097 5076; x_wconf 91' lang='lat'><strong>;</strong></span> <span class='ocrx_word' id='word_1_778' title='bbox 3125 5011 3439 5079; x_wconf 90' lang='lat' dir='ltr'><strong>septimum,</strong></span> <span class='ocrx_word' id='word_1_779' title='bbox 3468 5026 3649 5082; x_wconf 75' lang='lat' dir='ltr'><strong>aquas</strong></span> 
     </span>
    </p>
   </div>
   <div class='ocr_carea' id='block_1_110' title="bbox 2069 5099 3646 5171">
    <p class='ocr_par' dir='ltr' id='par_1_110' title="bbox 2069 5099 3646 5171">
     <span class='ocr_line' id='line_1_110' title="bbox 2069 5099 3646 5171; baseline 0.005 -22"><span class='ocrx_word' id='word_1_780' title='bbox 2069 5111 2188 5165; x_wconf 76' lang='lat' dir='ltr'><strong>qua:</strong></span> <span class='ocrx_word' id='word_1_781' title='bbox 2241 5111 2403 5166; x_wconf 90' lang='lat' dir='ltr'><strong>super</strong></span> <span class='ocrx_word' id='word_1_782' title='bbox 2428 5099 2623 5153; x_wconf 66' lang='lat' dir='ltr'><strong>caelum</strong></span> <span class='ocrx_word' id='word_1_783' title='bbox 2673 5100 2728 5153; x_wconf 92' lang='lat' dir='ltr'><strong>iu</strong></span> <span class='ocrx_word' id='word_1_784' title='bbox 2761 5102 3041 5171; x_wconf 79' lang='lat' dir='ltr'><strong>Scriptura</strong></span> <span class='ocrx_word' id='word_1_785' title='bbox 3073 5118 3194 5157; x_wconf 90' lang='lat' dir='ltr'><strong>esse</strong></span> <span class='ocrx_word' id='word_1_786' title='bbox 3226 5104 3506 5169; x_wconf 87' lang='lat' dir='ltr'><strong>dicuntur,</strong></span> <span class='ocrx_word' id='word_1_787' title='bbox 3550 5120 3646 5157; x_wconf 80' lang='lat' dir='ltr'><strong>au-</strong></span> 
     </span>
    </p>
   </div>
   <div class='ocr_carea' id='block_1_111' title="bbox 2070 5187 3641 5258">
    <p class='ocr_par' dir='ltr' id='par_1_111' title="bbox 2070 5187 3641 5258">
     <span class='ocr_line' id='line_1_111' title="bbox 2070 5187 3641 5258; baseline 0.005 -17"><span class='ocrx_word' id='word_1_788' title='bbox 2070 5187 2219 5255; x_wconf 86' lang='lat' dir='ltr'><strong>gelos</strong></span> <span class='ocrx_word' id='word_1_789' title='bbox 2245 5202 2389 5250; x_wconf 89' lang='lat' dir='ltr'><strong>esse,</strong></span> <span class='ocrx_word' id='word_1_790' title='bbox 2418 5202 2539 5258; x_wconf 77' lang='lat' dir='ltr'><strong>qua:</strong></span> <span class='ocrx_word' id='word_1_791' title='bbox 2569 5203 2730 5258; x_wconf 82' lang='lat' dir='ltr'><strong>supra</strong></span> <span class='ocrx_word' id='word_1_792' title='bbox 2797 5201 2848 5245; x_wconf 87' lang='lat' dir='ltr'><strong>et</strong></span> <span class='ocrx_word' id='word_1_793' title='bbox 2889 5191 3023 5245; x_wconf 89' lang='lat' dir='ltr'><strong>infra</strong></span> <span class='ocrx_word' id='word_1_794' title='bbox 3058 5202 3283 5258; x_wconf 89' lang='lat' dir='ltr'><strong>terram,</strong></span> <span class='ocrx_word' id='word_1_795' title='bbox 3329 5194 3641 5257; x_wconf 70' lang='lat' dir='ltr'><strong>daemones;</strong></span> 
     </span>
    </p>
   </div>
   <div class='ocr_carea' id='block_1_112' title="bbox 2069 5281 3648 5352">
    <p class='ocr_par' dir='ltr' id='par_1_112' title="bbox 2069 5281 3648 5352">
     <span class='ocr_line' id='line_1_112' title="bbox 2069 5281 3648 5352; baseline 0.007 -22"><span class='ocrx_word' id='word_1_796' title='bbox 2069 5288 2426 5347; x_wconf 91' lang='lat' dir='ltr'><strong>postremum,</strong></span> <span class='ocrx_word' id='word_1_797' title='bbox 2458 5281 2747 5350; x_wconf 87' lang='lat' dir='ltr'><strong>imaginem</strong></span> <span class='ocrx_word' id='word_1_798' title='bbox 2778 5281 2869 5337; x_wconf 91' lang='lat' dir='ltr'><strong>Dei</strong></span> <span class='ocrx_word' id='word_1_799' title='bbox 2893 5285 3170 5352; x_wconf 89' lang='lat' dir='ltr'><strong>peccando</strong></span> <span class='ocrx_word' id='word_1_800' title='bbox 3200 5285 3474 5339; x_wconf 89' lang='lat' dir='ltr'><strong>hominem</strong></span> <span class='ocrx_word' id='word_1_801' title='bbox 3507 5288 3648 5341; x_wconf 85' lang='lat' dir='ltr'><strong>ami-</strong></span> 
     </span>
    </p>
   </div>
   <div class='ocr_carea' id='block_1_113' title="bbox 2070 5370 3652 5449">
    <p class='ocr_par' dir='ltr' id='par_1_113' title="bbox 2070 5370 3652 5449">
     <span class='ocr_line' id='line_1_113' title="bbox 2070 5370 3652 5449; baseline 0.004 -24"><span class='ocrx_word' id='word_1_802' title='bbox 2070 5374 2226 5429; x_wconf 85' lang='lat' dir='ltr'><strong>sisse.</strong></span> <span class='ocrx_word' id='word_1_803' title='bbox 2261 5370 2501 5427; x_wconf 91' lang='lat' dir='ltr'><strong>Plurima</strong></span> <span class='ocrx_word' id='word_1_804' title='bbox 2538 5382 2797 5441; x_wconf 67' lang='lat' dir='ltr'><strong>praeterea</strong></span> <span class='ocrx_word' id='word_1_805' title='bbox 2841 5374 2979 5429; x_wconf 90' lang='lat' dir='ltr'><strong>lectu</strong></span> <span class='ocrx_word' id='word_1_806' title='bbox 3010 5375 3170 5444; x_wconf 88' lang='lat' dir='ltr'><strong>digna</strong></span> <span class='ocrx_word' id='word_1_807' title='bbox 3200 5375 3361 5431; x_wconf 81' lang='lat' dir='ltr'><strong>habet</strong></span> <span class='ocrx_word' id='word_1_808' title='bbox 3389 5377 3507 5430; x_wconf 69' lang='lat' dir='ltr'><strong>haec</strong></span> <span class='ocrx_word' id='word_1_809' title='bbox 3538 5379 3652 5449; x_wconf 82' lang='lat' dir='ltr'><strong>epi-</strong></span> 
     </span>
    </p>
   </div>
   <div class='ocr_carea' id='block_1_114' title="bbox 2062 5465 3648 5534">
    <p class='ocr_par' dir='ltr' id='par_1_114' title="bbox 2062 5465 3648 5534">
     <span class='ocr_line' id='line_1_114' title="bbox 2062 5465 3648 5534; baseline 0.004 -16"><span class='ocrx_word' id='word_1_810' title='bbox 2062 5465 2221 5529; x_wconf 82' lang='lat' dir='ltr'><strong>stola,</strong></span> <span class='ocrx_word' id='word_1_811' title='bbox 2253 5465 2300 5519; x_wconf 85' lang='lat' dir='ltr'><strong>si</strong></span> <span class='ocrx_word' id='word_1_812' title='bbox 2329 5466 2453 5534; x_wconf 89' lang='lat' dir='ltr'><strong>quis</strong></span> <span class='ocrx_word' id='word_1_813' title='bbox 2480 5475 2788 5520; x_wconf 85' lang='lat' dir='ltr'><strong>accuratam</strong></span> <span class='ocrx_word' id='word_1_814' title='bbox 2818 5475 3120 5534; x_wconf 84' lang='lat' dir='ltr'><strong>temporum</strong></span> <span class='ocrx_word' id='word_1_815' title='bbox 3148 5467 3360 5523; x_wconf 88' lang='lat' dir='ltr'><strong>illorum</strong></span> <span class='ocrx_word' id='word_1_816' title='bbox 3390 5470 3648 5525; x_wconf 76' lang='lat' dir='ltr'><strong>notitiam</strong></span> 
     </span>
    </p>
   </div>
   <div class='ocr_carea' id='block_1_115' title="bbox 2062 5555 3650 5626">
    <p class='ocr_par' dir='ltr' id='par_1_115' title="bbox 2062 5555 3650 5626">
     <span class='ocr_line' id='line_1_115' title="bbox 2062 5555 3650 5626; baseline 0.005 -16"><span class='ocrx_word' id='word_1_817' title='bbox 2062 5555 2319 5625; x_wconf 90' lang='lat' dir='ltr'><strong>consequi</strong></span> <span class='ocrx_word' id='word_1_818' title='bbox 2358 5556 2526 5626; x_wconf 92' lang='lat' dir='ltr'><strong>cupit.</strong></span> <span class='ocrx_word' id='word_1_819' title='bbox 2563 5556 2620 5611; x_wconf 90' lang='lat' dir='ltr'><strong>Id</strong></span> <span class='ocrx_word' id='word_1_820' title='bbox 2666 5556 2935 5625; x_wconf 69' lang='lat' dir='ltr'><strong>przecipue</strong></span> <span class='ocrx_word' id='word_1_821' title='bbox 2981 5558 3282 5614; x_wconf 85' lang='lat' dir='ltr'><strong>manifestis</strong></span> <span class='ocrx_word' id='word_1_822' title='bbox 3333 5561 3650 5618; x_wconf 86' lang='lat' dir='ltr'><strong>rationibus</strong></span> 
     </span>
    </p>
   </div>
   <div class='ocr_carea' id='block_1_116' title="bbox 2061 5643 3651 5715">
    <p class='ocr_par' dir='ltr' id='par_1_116' title="bbox 2061 5643 3651 5715">
     <span class='ocr_line' id='line_1_116' title="bbox 2061 5643 3651 5715; baseline 0.006 -18"><span class='ocrx_word' id='word_1_823' title='bbox 2061 5643 2380 5714; x_wconf 82' lang='lat' dir='ltr'><strong>comprobat</strong></span> <span class='ocrx_word' id='word_1_824' title='bbox 2407 5643 2783 5713; x_wconf 83' lang='lat' dir='ltr'><strong>Hieronymus,</strong></span> <span class='ocrx_word' id='word_1_825' title='bbox 2810 5646 2954 5715; x_wconf 89' lang='lat' dir='ltr'><strong>quod</strong></span> <span class='ocrx_word' id='word_1_826' title='bbox 2978 5647 3233 5714; x_wconf 88' lang='lat' dir='ltr'><strong>diximus,</strong></span> <span class='ocrx_word' id='word_1_827' title='bbox 3269 5660 3394 5704; x_wconf 89' lang='lat' dir='ltr'><strong>ante</strong></span> <span class='ocrx_word' id='word_1_828' title='bbox 3418 5654 3651 5706; x_wconf 80' lang='lat' dir='ltr'><strong>ordina-</strong></span> 
     </span>
    </p>
   </div>
   <div class='ocr_carea' id='block_1_117' title="bbox 2065 5734 3647 5808">
    <p class='ocr_par' dir='ltr' id='par_1_117' title="bbox 2065 5734 3647 5808">
     <span class='ocr_line' id='line_1_117' title="bbox 2065 5734 3647 5808; baseline 0.007 -19"><span class='ocrx_word' id='word_1_829' title='bbox 2065 5744 2176 5791; x_wconf 89' lang='lat' dir='ltr'><strong>tum</strong></span> <span class='ocrx_word' id='word_1_830' title='bbox 2224 5734 2622 5804; x_wconf 88' lang='lat' dir='ltr'><strong>Paulinianum,</strong></span> <span class='ocrx_word' id='word_1_831' title='bbox 2663 5738 2773 5805; x_wconf 89' lang='lat' dir='ltr'><strong>jam</strong></span> <span class='ocrx_word' id='word_1_832' title='bbox 2809 5737 3058 5808; x_wconf 80' lang='lat' dir='ltr'><strong>Origcuis</strong></span> <span class='ocrx_word' id='word_1_833' title='bbox 3090 5755 3251 5798; x_wconf 84' lang='lat' dir='ltr'><strong>causa</strong></span> <span class='ocrx_word' id='word_1_834' title='bbox 3281 5741 3550 5799; x_wconf 87' lang='lat' dir='ltr'><strong>Joannem</strong></span> <span class='ocrx_word' id='word_1_835' title='bbox 3589 5758 3647 5800; x_wconf 82' lang='lat' dir='ltr'><strong>et</strong></span> 
     </span>
    </p>
   </div>
  </div>
