3860 6226
208 358 344 415 1129

1063 366 1627 433 ORIGENIANORIIM
1666 379 1792 437 LIB.
1835 380 1898 447 II,
1938 382 2089 439 CAP.
2130 382 2218 447 IV,
2263 382 2453 439 SECT.
2496 384 2537 437 I.

3306 394 3442 452 “30

202 475 556 544 Epiphanium
599 477 738 533 inter
766 493 824 533 se
857 478 1022 537 fuisse
1066 486 1370 544 altercatos.
1404 491 1758 558 Quamobrem
1791 501 1835 557 Α
1865 496 2021 553 Certe
2053 500 2119 551 ab
2155 499 2237 553 his
2267 497 2693 553 dissensionibus
2723 503 2958 555 animum
2998 504 3177 574 procul
3221 508 3305 562 hic
3342 512 3441 563 ha-

204 569 503 624 IIalloxium
569 572 756 636 miror,
813 584 867 628 et
931 580 1257 636 recentiores
1316 586 1609 653 quosdam,
1669 593 1758 658 qui

199 661 462 728 nodieque
491 663 885 730 contradicant,
922 682 1019 723 nec
1056 668 1365 744 Hieronymi
1397 678 1569 732 solum
1612 683 1762 735 testi-

198 751 435 805 inonium
487 752 636 809 llocci
688 754 907 823 faciant,
966 761 1058 813 sed
1110 771 1162 815 et
1202 764 1502 835 Epiphauii,
1545 771 1637 840 qui
1686 773 1756 827 ita

192 841 454 897 Joannem
503 845 795 915 alloquitur
829 865 843 901 :
882 867 901 899 ‹
943 849 1108 905 Video
1148 854 1292 907 enim
1342 859 1483 925 quod
1542 872 1759 929 propter

195 930 336 986 hanc
361 948 578 987 causam
614 936 791 990 omnis
824 946 998 993 vestra
1042 940 1337 1011 indignatio
1368 948 1632 1003 concitata
1664 951 1754 1016 sit,

192 1024 335 1091 quod
358 1023 581 1078 dixerim
613 1026 783 1090 vobis,
815 1028 927 1081 Arii
955 1038 1178 1097 patrem,
1212 1031 1492 1103 Origenem
1528 1041 1752 1109 scilicet,

189 1125 246 1167 et
277 1115 501 1169 aliarum
533 1117 808 1172 hmreseon
837 1120 1071 1175 radicem
1118 1134 1170 1177 et
1206 1138 1482 1195 parentem
1538 1130 1755 1188 laudare

190 1221 297 1260 non
323 1208 545 1263 debetis.
588 1207 654 1262 Et
688 1224 807 1263 cum
845 1226 940 1265 vos
968 1228 1238 1283 rogarem,
1268 1234 1333 1273 ne
1366 1220 1436 1273 ita
1473 1224 1753 1291 erraretis,

186 1304 244 1348 et
275 1312 570 1364 monerem,
606 1301 1030 1367 eontradixistis,
1062 1316 1112 1358 et
1152 1322 1236 1362 me
1282 1309 1347 1362 ad
1382 1311 1655 1366 tristitiam
1700 1324 1754 1367 et

186 1386 455 1457 lacrymas
494 1391 791 1446 adduxistis
835 1409 849 1444 :
893 1408 997 1448 non
1024 1398 1193 1451 solum
1222 1408 1399 1455 autem
1440 1419 1544 1468 me,
1575 1405 1667 1458 sed
1698 1416 1752 1459 et

184 1478 320 1533 alios
349 1480 609 1549 plurimos
657 1485 971 1553 catholicos,
1018 1491 1106 1557 qui
1137 1491 1454 1546 intererant.
1502 1494 1648 1559 Inde,
1693 1505 1752 1551 ut

186 1570 445 1641 intelligo,
482 1573 595 1628 [nec
628 1584 709 1629 est
749 1579 925 1634 omnis
982 1582 1298 1651 indignatio,
1342 1592 1396 1637 et
1427 1585 1528 1640 iste
1562 1585 1746 1655 furor;

182 1671 242 1716 et
286 1663 485 1717 idcirco
548 1667 972 1733 eommiuamini,
1016 1673 1157 1740 quod
1203 1674 1429 1729 mittatis
1463 1676 1747 1731 adversum

182 1772 273 1812 me
303 1758 575 1825 epistolas,
622 1770 684 1814 ut
709 1761 813 1815 hue
846 1762 1076 1832 illucque
1110 1779 1287 1820 sermo
1323 1779 1500 1822 vester
1540 1770 1749 1824 discur-

1870 585 2005 652 buit,
2038 602 2209 655 neque
2234 588 2457 640 multum
2503 603 2620 643 sese
2647 590 2971 661 interposuit
3013 594 3437 665 Origcnistarum

1868 680 2028 733 rebus
2067 696 2079 731 :
2116 694 2331 734 errores
2395 682 2654 737 duntaxat
2716 684 3026 741 Adamantii
3078 704 3174 755 pro
3222 706 3277 743 re
3313 701 3438 747 nata

1868 768 2216 838 impugnavit,
2246 769 2387 823 velut
2420 770 2470 823 in
2502 771 2654 826 libris
2688 773 2759 827 De
2792 777 2994 830 civitate
3024 779 3135 832 Dei.
3176 782 3439 855 Ilierony~

1866 875 2008 913 mum
2037 868 2214 915 autem
2255 862 2320 915 ad
2355 861 2814 932 redintegrandam
2859 880 2979 919 cum
3019 867 3213 925 Rulino
3246 874 3436 930 amici~

1867 951 1992 1003 tiam
2030 951 2183 1005 valde
2215 951 2455 1004 hortatus
2474 961 2576 1005 est.

1932 1040 2046 1096 XV.
2070 1046 2224 1098 Anno
2251 1058 2280 1097 a
2302 1044 2499 1098 Christi
2526 1055 2645 1098 ortu
2675 1046 2796 1112 597,
2828 1059 2944 1116 post
2986 1051 3168 1120 viginti
3197 1055 3432 1125 quinque

1863 1145 2121 1185 annorum
2146 1133 2526 1187 discessionem
2558 1134 2784 1189 Romam
2817 1154 3027 1194 reversa
3061 1153 3141 1197 est
3182 1144 3427 1213 Melania.

1862 1219 2055 1276 Ruﬁno
2112 1222 2364 1275 itinerum
2414 1226 2561 1278 socio
2623 1227 2899 1282 comitata.
2950 1229 3179 1287 Causam
3225 1239 3431 1297 reditus

1858 1328 1975 1367 eam
2004 1314 2169 1369 fuisse
2190 1316 2320 1369 dicit
2355 1314 2623 1371 Palladius
2652 1333 2666 1370 :
2693 1319 2973 1375 Melaniam
3008 1335 3219 1393 neptem
3251 1344 3428 1399 suam,

1858 1401 2066 1458 Piniaui
2119 1420 2360 1471 uxorem,
2416 1410 2742 1475 nuptiarum,
2782 1416 3071 1483 mundique
3118 1429 3425 1486 pertmsam,

1856 1494 2072 1549 Christo
2100 1498 2362 1567 reliquum
2386 1502 2509 1555 vitae
2533 1518 2850 1560 consecrare
2877 1508 3012 1561 velle
3042 1524 3160 1562 cum
3189 1515 3429 1582 accepis-

1856 1595 1956 1649 set,
2002 1589 2229 1642 veritam
2270 1590 2539 1646 seniorem
2594 1610 2659 1648 ne
2695 1595 2746 1649 in
2787 1613 3071 1664 perversos
3102 1602 3428 1659 secessionis

1854 1691 1964 1731 suae
1994 1679 2155 1732 duces
2196 1681 2370 1749 neptis
2397 1698 2492 1735 sua
2536 1684 2817 1749 incideret,
2854 1687 3076 1743 Romam
3121 1694 3425 1765 advolasse,

1852 1779 2081 1835 eamque
2110 1770 2347 1824 consiliis
2377 1771 2665 1840 adjuvisse.
2723 1776 2896 1830 Aliam
2942 1778 3153 1835 itineris
3206 1798 3424 1839 causam

178 1857 291 1902 rat.
342 1869 361 1900 ι
402 1850 641 1920 Denique
697 1855 1029 1921 propositum
1082 1856 1189 1910 sibi
1238 1872 1359 1913 esse
1401 1859 1640 1915 declarat
1693 1863 1744 1915 in
1778 1858 2091 1928 Bassignat
2158 1861 2457 1929 Baronius,
2529 1864 2752 1922 Romam
2846 1886 3035 1939 nempe
3100 1874 3424 1945 Origenismi

180 1940 370 1994 eadem
399 1942 625 2009 epistola
650 1943 1025 2014 Ilieronymus,
1044 1962 1205 2017 opere
1223 1950 1475 2019 peculiari
1500 1954 1748 2024 dogmata

177 2029 429 2100 Origenis
450 2035 775 2090 convellere.

250 2142 384 2199 XIII.
414 2146 631 2203 Veritus
657 2150 858 2206 interea
889 2168 956 2207 ne
981 2154 1175 2213 litteris
1202 2158 1449 2227 Joannis,
1477 2173 1532 2219 et
1558 2164 1746 2223 Isidnri

174 2236 696 2297 insusurrationibus
723 2255 1014 2316 occupatus
1048 2248 1326 2319 Theophili
1370 2255 1584 2312 animus
1610 2260 1748 2315 male

174 2331 244 2383 de
265 2332 681 2388 orthodoxorum
716 2351 878 2392 causa
904 2340 1144 2405 sentiret,
1168 2358 1377 2412 :equum
1405 2348 1555 2401 duxit
1572 2361 1749 2420 gesta-

172 2438 296 2476 rum
325 2440 501 2479 rerum
534 2427 812 2483 historiam
850 2431 917 2486 ad
960 2448 1080 2487 eum
1123 2439 1477 2506 perscribere,
1506 2458 1670 2513 seque
1693 2453 1746 2499 et

168 2516 417 2586 gregales
443 2532 568 2573 suos
598 2521 739 2588 apud
768 2537 889 2575 eum
920 2538 1171 2595 purgare.
1210 2528 1400 2583 Pacem
1429 2546 1557 2601 ergo
1588 2548 1744 2604 Opta-

168 2619 235 2659 re
258 2620 337 2671 se,
403 2607 468 2659 ad
510 2623 736 2678 eamque
774 2613 1162 2669 conciliandam
1203 2629 1450 2685 paratum
1502 2621 1744 2683 declarat

164 2713 269 2769 per
319 2699 622 2769 epistolam,
674 2703 985 2772 quaa'inter
1028 2704 1474 2787 Hieronymianas
1523 2732 1743 2773 numero

171 2790 506 2857 sexagesima
569 2794 801 2847 secunda
856 2794 1100 2861 habetur,
1150 2809 1203 2852 et
1255 2802 1437 2857 eodem
1471 2819 1612 2862 anno
1639 2809 1743 2864 595

164 2880 295 2934 data
323 2891 405 2935 est
444 2898 458 2935 :
498 2883 661 2938 multa
697 2885 887 2942 deinde
918 2888 1161 2958 imposita
1190 2892 1290 2946 sibi
1334 2908 1364 2947 a
1402 2894 1608 2954 Joanne
1636 2902 1742 2954 eri-

166 2972 314 3025 mina
338 2973 611 3042 confutat;
640 2976 690 3029 in
722 2978 915 3047 quibus
943 2983 1325 3038 advertendum
1358 2995 1440 3042 est
1464 2989 1743 3048 insimula-

164 3075 282 3118 tum
328 3081 447 3119 eum
490 3083 519 3120 a
563 3067 788 3135 Joanne,
824 3074 962 3141 quod
1004 3072 1247 3146 Origenis
1281 3093 1442 3147 opera
1495 3086 1735 3152 quaedam

162 3154 361 3211 L'atine
388 3158 657 3224 vertisset,
693 3165 1029 3233 respondisse
1064 3185 1077 3220 :
1113 3186 1132 3217 ‹
1168 3167 1277 3223 Hoc
1319 3187 1424 3226 non
1469 3176 1613 3230 solus
1638 3193 1736 3246 ego
1762 3210 1805 3267 ρ

164 3250 294 3315 feci,
324 3253 414 3305 sed
451 3263 505 3306 et
545 3255 820 3311 confessor
840 3258 1075 3314 Ililarius
1102 3260 1230 3316 fecit
1252 3281 1267 3329 ;
1292 3275 1346 3319 et
1375 3275 1549 3323 tamen
1584 3280 1732 3326 uter-

159 3360 270 3412 que
296 3355 536 3399 nostrum
571 3350 729 3402 noxia
759 3366 981 3420 quaeque
1024 3356 1346 3412 detruncans
1380 3362 1525 3415 utilia
1559 3372 1731 3421 trans-

159 3436 317 3501 tulit;
357 3456 375 3487 ι
404 3445 454 3491 et
473 3439 629 3507 paulo
655 3452 772 3510 post
803 3460 817 3495 :
850 3461 868 3493 ι
901 3443 1207 3501 Sicutenim
1238 3450 1730 3520 interpretationem

158 3540 217 3582 et
250 3530 500 3584 idiomata
532 3531 929 3603 Scripturarum
985 3536 1200 3609 Origeni
1239 3558 1451 3614 semper
1487 3550 1727 3616 attribui,

163 3621 235 3673 ita
293 3621 598 3691 dogmatum
650 3629 1082 3686 constantissime
1128 3633 1326 3688 abstuli
1358 3639 1662 3696 veritatem.
1704 3663 1723 3695 ι

164 3710 233 3766 lit
263 3714 791 3785 ostendatprmterea
830 3735 988 3789 quam
1040 3738 1176 3778 vana
1222 3736 1365 3780 esset
1397 3727 1619 3785 Joannis
1662 3732 1729 3787 de

161 3805 459 3860 Pauliniani
485 3809 821 3866 ordinatione
847 3814 1082 3882 querela,
1112 3817 1411 3871 ordinatum
1434 3835 1552 3874 eum
1582 3838 1729 3877 asse-

162 3894 232 3946 rit
274 3895 325 3947 in
356 3895 885 3967 Eleutheropolitano
914 3905 1205 3971 territorio,
1239 3924 1344 3961 non
1385 3912 1435 3963 in
1476 3911 1723 3969 Ailiensi.

160 3987 589 4057 EleutherOpolis
624 4001 799 4045 autem
831 4009 893 4048 ea
917 4005 996 4049 est
1027 3995 1272 4065 llebrou;
1307 4001 1474 4067 .‘Elia,
1506 4004 1727 4062 Jerusa-

158 4079 287 4134 lem.
315 4081 552 4151 Denique
575 4094 851 4153 postquam
875 4087 941 4141 ad
964 4093 1358 4156 procurandum
1376 4095 1477 4148 sibi
1501 4097 1723 4151 exitium

156 4170 417 4228 Joannem
450 4174 741 4244 laborasse,
768 4186 821 4232 et
855 4180 1225 4237 auctoritatem
1256 4186 1522 4254 publicam
1554 4205 1617 4243 ac
1641 4205 1726 4245 re—

158 4265 358 4335 scripta
388 4267 707 4324 sollicitasse
745 4282 965 4339 questus
997 4282 1099 4339 est,
1123 4290 1317 4345 cupere
1349 4293 1409 4332 se
1436 4281 1721 4350 signiﬁcat,

155 4364 215 4409 ut
239 4357 519 4439 discordiae
547 4376 733 4416 omnes
768 4364 1066 4432 sopiantur.
1111 4367 1346 4440 Utraque
1372 4384 1520 4442 parte
1545 4377 1723 4432 audita

153 4451 437 4505 veritatem
480 4436 764 4524 perspexit
823 4455 1167 4529 TheOphilus,
1213 4436 1274 4516 et.
1311 4436 1465 4520 malis
1517 4470 1723 4526 artibus

152 4557 259 4596 non
289 4542 483 4596 bonam
506 4559 723 4599 causam
754 4562 784 4601 a
816 4547 1021 4605 Joanne
1056 4553 1282 4623 aliisque
1309 4556 1473 4612 foveri
1506 4575 1723 4632 compe-
1754 4555 1798 4608 Β

154 4629 321 4697 rieus,
348 4630 626 4686 adversam
674 4635 747 4690 ita
798 4639 1075 4709 amplexus
1104 4652 1205 4707 est,
1253 4654 1309 4697 ut
1349 4659 1603 4717 utrosque
1635 4661 1715 4704 ta-

149 4735 275 4773 men
311 4724 376 4774 ad
403 4723 667 4778 sinceram
693 4731 1039 4785 concordiam
1076 4749 1336 4792 revocare
1365 4739 1644 4810 niteretur,
1664 4755 1715 4799 el

148 4825 511 4884 repugnantes
533 4817 866 4887 Origenistas
896 4824 1127 4881 molliter
1155 4844 1217 4883 ac
1238 4829 1469 4900 benigne
1494 4833 1717 4891 adhibe-

148 4915 252 4959 ret.

222 5016 361 5073 XIV.
391 5020 677 5087 Caeterum,
703 5025 771 5079 ad
818 5030 1172 5084 coercendam
1222 5037 1488 5101 serpentis
1527 5037 1715 5109 Orige-

146 5111 306 5165 nismi
348 5111 507 5177 luem,
529 5127 785 5183 sequente
814 5134 955 5173 anno
979 5120 1335 5192 Hieronymus
1360 5126 1711 5197 Augustinum

147 5209 347 5274 pietate
382 5204 660 5262 ﬂorentem
700 5219 755 5264 et
791 5213 1111 5281 eruditione,
1145 5220 1360 5287 quicum
1392 5222 1492 5276 sibi
1526 5225 1712 5279 notitia

144 5294 323 5364 aliqua
350 5297 746 5367 intercesserat,
774 5305 988 5369 parario
1010 5305 1199 5377 Alypio
1226 5310 1539 5380 Tagastensi
1565 5326 1713 5382 post-

145 5388 366 5441 modum
406 5388 678 5457 episeopo,
707 5392 905 5463 quique
933 5394 1044 5463 jam
1074 5409 1197 5453 aute
1228 5409 1414 5470 optare
1443 5418 1503 5458 se
1542 5406 1711 5475 signi-

144 5478 424 5546 ﬁcaverat,
469 5488 526 5533 ut
556 5482 805 5550 Origenis
831 5498 993 5554 opera
1040 5490 1108 5541 ab
1156 5488 1479 5562 llieronymo
1522 5491 1711 5550 Latine

143 5568 521 5634 redderentur,
549 5582 731 5628 monet
754 5588 848 5643 per
867 5576 1166 5646 epistolam,
1202 5596 1319 5649 qua:
1339 5583 1627 5649 intercidit,
1652 5594 1709 5641 ut

142 5658 197 5711 in
228 5657 476 5727 Origenis
499 5662 881 5731 scriptionibus
910 5676 1095 5725 cautus
1126 5671 1355 5739 incedat,
1400 5677 1709 5745 approbatis

141 5747 477 5814 melioribus,
504 5754 845 5821 sequioribus
869 5756 1117 5828 rejectis;
1141 5771 1197 5815 at
1219 5763 1459 5834 Origenis
1479 5767 1577 5821 sibi
1604 5782 1705 5824 no-

139 5839 245 5893 tari
277 5853 489 5896 errores
523 5848 869 5912 responsione
895 5864 989 5904 sua
1036 5854 1361 5925 Augustinus
1395 5859 1701 5928 postulavit.

384 5939 654 6002 PATROL.
695 5944 811 6008 Gn.
843 5947 1033 6011 XVII.

1852 1951 2138 2006 invehendi
2194 1955 2450 2019 studium,
2503 1959 2588 2012 cui
2654 1960 2897 2016 Melania:
2956 1965 3184 2032 junioris
3241 1982 3423 2024 seces-

1850 2059 1940 2097 sus
1992 2046 2129 2113 apud
2184 2046 2395 2117 vulgum
2456 2051 2675 2105 obtentu
2742 2053 2920 2109 fuerit.
2970 2055 3255 2127 Opinionis
3313 2078 3423 2119 suae

1851 2147 2126 2193 auctorem
2179 2154 2282 2194 non
2318 2141 2493 2207 dedit;
2524 2144 2855 2211 conjecturis
2887 2156 3090 2202 tantum
3134 2151 3423 2211 obsecutus

1848 2237 1949 2283 est.

1919 2319 2056 2375 XVI.
2087 2321 2255 2375 Simul
2286 2334 2446 2393 atque.
2478 2326 2700 2380 Romam
2731 2330 2931 2398 appulit
2965 2329 3212 2396 Ruﬁnus,
3253 2333 3420 2389 libros

1850 2409 2101 2482 Origenis
2127 2415 2267 2482 Περὶ
2290 2415 2493 2484 ἀρχῶν
2524 2434 2553 2471 a
2577 2434 2634 2471 se
2658 2419 2937 2475 Latinitati
2973 2423 3211 2479 redditos
3239 2426 3289 2479 iu
3318 2443 3415 2495 pu-

1849 2503 2046 2557 blicum
2082 2504 2345 2572 editurus,
2375 2508 2606 2575 priorem
2629 2511 2900 2582 Apologiw
2930 2513 3193 2583 Pamphili
3224 2518 3417 2573 librum

1846 2606 2167 2647 conversum
2194 2596 2376 2667 itidem
2409 2614 2437 2650 a
2469 2614 2527 2652 se
2550 2610 2599 2654 et
2628 2602 3033 2672 interpolatum,
3061 2620 3113 2662 et
3136 2624 3239 2663 una
3266 2627 3418 2666 suam

1846 2681 1923 2736 De
1957 2683 2342 2740 adulleratione
2391 2689 2644 2743 librorum
2682 2691 2924 2762 Origem‘s
2987 2696 3413 2757 lucubrationem

1845 2773 2122 2838 prmmisit,
2180 2777 2245 2829 ad
2306 2776 2444 2831 viam
2513 2780 2848 2850 Origenismo
2916 2791 3411 2847 communiendam.

1846 2860 2146 2933 Utrumque
2178 2866 2398 2923 Macarii
2428 2871 2644 2926 hortatu
2673 2890 2984 2945 aggressum
3009 2895 3067 2935 se
3102 2891 3329 2937 testatur
3356 2885 3412 2940 in

1842 2952 2246 3019 praefationibus
2290 2973 2301 3007 ε
2333 2968 2388 3011 at
2414 2960 2465 3014 id
2487 2962 2555 3014 ab
2584 2978 2648 3017 eo
2689 2979 2784 3032 per
2813 2968 3205 3025 simulationem
3242 2972 3417 3041 jacta-

1856 3049 1965 3094 tum
2016 3047 2211 3099 asserit
2251 3047 2611 3121 Hieronymus
2653 3054 2869 3122 Apolog.
2906 3058 3000 3113 lib.
3024 3074 3082 3126 ιι,
3114 3077 3232 3132 cap.
3264 3065 3318 3118 5.
3354 3065 3413 3119 In

1842 3132 2156 3201 praefatione
2200 3139 2265 3192 ad
2298 3139 2586 3198 Macarium
2632 3144 2894 3216 Pamphili
2955 3153 3219 3222 Apologia?
3276 3172 3414 3224 prae-

1850 3233 2015 3293 texta,
2053 3242 2156 3281 non
2189 3230 2415 3286 obscure
2444 3236 2611 3305 tangit
2646 3236 2731 3291 ille
2759 3240 3112 3307 Epiphanium
3136 3256 3189 3299 el
3217 3245 3411 3302 Hiero-

1834 3330 2080 3383 nymum,
2132 3335 2255 3373 cum
2312 3324 2377 3376 de
2416 3339 2510 3378 sua
2548 3328 2992 3396 interpretatione
3043 3336 3123 3390 sic
3152 3338 3407 3394 disserit:

1838 3423 1856 3455 ‹
1894 3406 2022 3461 Mihi
2100 3420 2278 3465 tamen
2349 3429 2452 3468 non
2502 3418 2686 3473 dubito
2752 3423 2880 3490 quin
2930 3414 3183 3482 oll‘ensam
3234 3432 3413 3489 maxi-

1833 3512 1975 3551 mam
2025 3514 2297 3569 comparet
2350 3522 2554 3573 eorum,
2586 3510 2674 3578 qui
2724 3526 2785 3565 se
2824 3513 2976 3571 laesos
3013 3530 3197 3586 putant
3228 3524 3295 3575 ab
3322 3537 3408 3589 eo,

1832 3587 1924 3655 qui
1972 3589 2037 3641 de
2071 3591 2301 3661 Origene
2334 3610 2437 3649 non
2478 3598 2676 3668 aliquid
2702 3604 2841 3658 male
2858 3590 3123 3665 ‘senserit.
3164 3630 3183 3662 ι
3227 3587 3406 3683 Atque

1830 3676 1944 3731 haec
1985 3680 2215 3736 similem
2271 3685 2438 3755 ipsius
2491 3697 2935 3760 conquestionem
2985 3700 3035 3752 in
3090 3705 3404 3759 memoriam

1830 3782 2103 3839 revocant,
2128 3789 2286 3842 quam
2324 3778 2373 3832 in
2394 3784 2794 3847 perorationem
2822 3789 2888 3841 ad
2910 3790 3406 3860 interpretationem

1830 3857 2352 3920 Commentariorum
2381 3870 2626 3938 Origenis
2655 3876 2705 3927 in
2728 3874 3024 3944 Epistolam
3057 3884 3125 3933 ad
3142 3881 3405 3941 Romanos

1831 3949 2042 4006 intersit
2077 3970 2090 4005 :
2131 3973 2149 4005 ι
2186 3954 2288 4011 Sed
2329 3959 2640 4029 delectabit,
2667 3966 2859 4036 inquit,
2888 3969 3172 4027 indulsisse
3200 3974 3405 4031 labori-

1827 4041 1950 4109 bus,
1980 4044 2023 4098 si
2052 4048 2208 4103 modo
2232 4065 2357 4114 non,
2389 4062 2445 4106 ut
2486 4055 2539 4109 in
2582 4058 2703 4113 aliis
2739 4064 2944 4130 experti
2976 4078 3187 4131 sumus,
3230 4070 3403 4125 male-

1827 4134 1958 4188 vola;
1992 4149 2199 4193 mentes
2223 4142 2417 4213 vigiliis
2461 4150 2658 4203 nostris
2688 4155 3040 4212 contumelias
3074 4160 3320 4228 reddant,
3354 4163 3403 4219 ei

1827 4240 1930 4277 non
1961 4228 2133 4281 studia
2162 4229 2670 4306 obtrectationibus,
2718 4252 2772 4297 et
2803 4243 3014 4301 labores
3052 4264 3402 4309 remuneren-

1830 4323 1915 4366 tur
1959 4315 2186 4372 iusidiis.
2236 4321 2442 4378 Novum
2496 4330 2693 4400 quippe
2730 4337 2871 4401 apud
2897 4351 2991 4391 eos
3022 4340 3189 4409 culpae
3230 4358 3401 4413 genus

1826 4405 2096 4473 subimus;
2134 4429 2153 4462 ι
2189 4421 2241 4466 et
2272 4430 2391 4468 mox
2432 4433 2447 4470 :
2480 4438 2497 4469 ι
2538 4420 2648 4475 lloc
2697 4435 2877 4480 autem
2902 4439 3095 4498 ,totum
3139 4434 3271 4488 mihi
3300 4436 3401 4489 do-

1827 4505 1978 4558 nant,
2004 4514 2107 4552 non
2137 4516 2318 4557 amore
2346 4512 2469 4571 mei,
2496 4512 2591 4563 sed
2619 4514 2742 4568 odio
2790 4520 3025 4574 auctoris
3084 4522 3237 4591 [Sed
3277 4526 3398 4578 red-

1823 4603 2007 4643 eamus
2045 4592 2109 4644 ad
2131 4593 2398 4665 Apologia:
2432 4602 2817 4669 praefationem.
2854 4608 3142 4681 Postquam
3166 4630 3397 4687 purgan-

1825 4679 1874 4731 di
1906 4680 1987 4733 sui
2022 4697 2206 4749 causa,
2236 4688 2379 4742 velut
2426 4692 2816 4759 professionem
2869 4702 2991 4757 lidei
3026 4705 3252 4761 Ruﬁnus
3281 4712 3394 4764 edi-

1824 4769 1901 4822 dit
1936 4786 1948 4821 :
1987 4789 2003 4820 ι
2040 4772 2183 4841 ῘΙὶὩΟ,
2233 4777 2424 4846 inquit,
2473 4782 2825 4858 Jerosolymis
2862 4792 2912 4844 in
2944 4794 3179 4851 Ecclesia
3219 4799 3308 4854 Dei
3362 4817 3392 4856 a

1823 4871 2012 4915 sancto
2048 4869 2326 4923 sacerdote
2360 4873 2473 4939 ejus
2501 4874 2703 4932 Joanne
2724 4882 3114 4953 praedicantur;
3154 4890 3267 4945 haec
3293 4907 3392 4948 nos

1823 4963 1943 5001 cum
1992 4951 2105 5019 ipso
2158 4966 2211 5009 et
2266 4960 2494 5017 dicimus
2551 4976 2606 5019 et
2649 4978 2911 5028 tenemus.
2944 4995 2963 5028 ι
3006 4976 3392 5051 Ilierouymum

1822 5040 1983 5095 etiarn
2014 5042 2119 5098 “his
2150 5047 2331 5103 verbis
2377 5052 2601 5109 defricat
2651 5060 2702 5113 in
2744 5077 2841 5117 suo
2883 5066 2958 5119 De
3007 5040 3390 5128 adulteralione

1820 5128 2069 5186 librorum
2096 5133 2332 5209 Origem's
2356 5141 2533 5198 libello
2568 5165 2580 5199 :
2623 5166 2640 5198 ι
2671 5152 2932 5210 Auetores
2963 5160 3385 5218 obtrectatorum

1819 5222 1935 5291 ejus
1969 5224 2259 5303 (Origenis)
2290 5233 2322 5285 ii
2351 5245 2475 5288 sunt
2513 5240 2603 5307 qui
2636 5244 2719 5296 vel
2750 5246 2801 5298 in
2832 5246 3067 5304 Ecclesia
3111 5253 3388 5322 disputare

1819 5313 1978 5373 latius
2008 5321 2199 5386 solent,
2230 5326 2308 5380 vel
2339 5329 2497 5383 etiam
2518 5331 2684 5388 libros
2713 5338 2971 5408 scribere,
2997 5344 3089 5412 qui
3122 5355 3290 5398 totum
3320 5348 3387 5397 de

1818 5404 2051 5476 Origene
2092 5414 2172 5467 vel
2198 5414 2507 5489 loquuntur,
2528 5424 2609 5478 vel
2639 5427 2885 5484 scribunt
2912 5450 2925 5486 :
2958 5450 3023 5488 ne
3054 5450 3183 5505 ergo
3204 5437 3385 5505 plures

1816 5498 2053 5568 ipsorum
2090 5504 2233 5562 furta
2263 5525 2769 5592 cognoscanthquae
2822 5526 3029 5595 utique,
3082 5530 3130 5581 si
3188 5530 3382 5599 ingrati

1814 5589 1867 5643 in
1900 5594 2211 5663 magistrum
2253 5618 2358 5656 non
2386 5620 2590 5672 essent,
2615 5630 2951 5685 nequaquam
2982 5619 3272 5687 criminosa
3297 5628 3380 5673 vi-

1815 5679 2087 5752 derentur,
2118 5690 2474 5761 simpliciores
2496 5679 2735 5773 quosque
2766 5679 2834 5762 ab
2862 5709 2979 5777 ejus
3009 5709 3238 5764 lectione
3289 5713 3382 5766 de-

1814 5781 2039 5831 terrent.
2081 5800 2099 5832 ι
2125 5780 2259 5836 Nam
2289 5801 2412 5841 cum
2442 5788 2726 5860 Origenem
2779 5800 3007 5856 miriﬁce
3053 5802 3379 5857 celebrasset

1809 5866 2167 5943 Hieronymus
2189 5877 2351 5935 etiam
2384 5891 2492 5939 tum
2511 5886 2744 5958 juvenis,
2769 5900 2821 5945 et
2851 5894 2967 5962 plus
2984 5896 3242 5968 quamO70
3270 5897 3376 5952 ho-

3009 5990 3085 6049 36
