1930 3113
236 151 302 178 H51

865 154 894 182 P.
912 154 1067 182 DANIELIS
1088 155 1203 183 HUETII

1783 159 1853 186 “3?.

235 211 366 239 miletiros
388 211 471 247 ipsius
494 212 587 244 libros,
608 212 688 240 multa
712 213 791 240 etiam
817 214 850 241 de
875 215 954 242 tomis
987 216 1014 242 in
1030 218 1053 245 Α
1102 215 1182 243 XVII.
1201 216 1233 242 At
1256 215 1441 243 Pammachius
1465 220 1492 242 et
1510 215 1632 243 Oceanus
1659 217 1691 243 de
1715 217 1798 244 rebus
1826 219 1851 244 in

234 258 391 293 Apostolum
415 259 522 293 scriptis
546 258 641 286 Latine
657 259 827 293 reddidisset,
849 268 882 288 ex
904 261 1016 295 ejusque

234 303 310 331 libris
323 303 538 331 Commentarios
553 311 616 332 suos
627 304 825 338 locupletasscl,
839 313 901 332 mox
913 305 940 332 in
954 314 1014 333 eutn

234 349 376 375 calcitrare
400 350 491 384 caepit.
519 348 679 384 Nentiquam
705 358 767 378 vero
798 351 840 378 his
871 353 1014 387 perstringi

233 393 425 430 Hieronymum
440 400 515 429 putat
534 394 681 429 Halloxius,
693 398 754 431 quia
767 397 823 431 jant
843 399 1015 426 reconciliata

232 439 320 467 fuerat
334 441 406 468 inter
422 448 468 468 eos
479 442 576 476 gratia,
588 447 615 469 et
630 442 709 477 paulo
719 444 842 478 superius
858 444 1012 480 Hieronymi

232 493 291 513 cum
305 486 383 514 laude
394 487 553 515 meminerat
566 488 607 515 his
615 488 704 516 verbis
717 498 723 516 :
737 499 746 515 ε
758 489 899 518 Damasins
910 491 1014 525 episco-

231 540 292 567 pus,
301 540 360 560 cum
373 533 406 560 de
420 534 580 569 recipiendis
588 534 782 568 Apollinaristis
795 535 951 564 deliberatio
962 537 1012 563 ha-

230 581 350 611 beretur,
363 579 505 607 editionem
520 580 709 608 ecclesiastica;
723 582 793 613 ﬁdei,
807 582 849 609 cui
864 582 942 610 iidem
954 583 1012 610 edi-

231 624 307 657 tioni,
319 625 340 651 si
356 624 485 652 Ecclesiae.
497 625 571 661 iungi
584 626 677 657 velint.
688 627 859 654 subscribere
870 628 1010 661 deberent,

228 670 446 697 conscribendam
460 671 598 698 mandavit
612 672 698 699 amico
715 679 764 699 suo
777 674 883 701 cuidam
900 673 1010 709 presby-

228 719 286 742 tero
301 715 360 743 viro
381 715 569 749 disertissimo,
585 717 629 751 qui
646 717 695 744 hoc
713 717 750 744 illi
769 725 803 744 ex
825 725 900 746 more
926 726 1008 753 nego-

228 761 292 787 tium
303 761 475 796 procurabat.
488 771 498 787 ι
509 762 615 789 Addere
624 767 730 796 poterat
740 762 877 791 Halloxius
885 764 1008 791 eumdem

226 815 241 834 a
253 806 351 834 Ruﬁno
362 807 474 834 honoris
490 815 569 834 causa
584 808 749 835 nominatum
761 809 787 835 in
802 809 958 842 praefatione
974 810 1008 837 li-

225 852 334 880 brorum
349 853 418 888 Περὶ
439 852 549 887 ἀρχῶν,
563 854 608 888 qui
629 854 680 882 hoc
699 859 819 889 tempore
838 856 1004 890 prodierunt.

224 898 323 925 Verum
339 898 390 925 hoc
402 904 462 926 erat
476 899 584 934 ingenio
601 898 733 933 Ruﬁnus;
750 900 836 934 palam
859 901 886 928 in
899 909 930 929 os
945 901 1003 929 lau-

223 943 315 974 dabat,
328 943 398 970 clam
411 942 585 977 detrahebat;
599 944 759 972 simuliatem
777 945 882 973 fovebat
897 946 922 974 in
933 947 1003 981 sinu,

223 988 368 1015 amicitiam
384 987 470 1015 fronte
487 989 608 1023 gerebat.
623 989 714 1024 Itaque
731 990 837 1025 palpum
852 999 943 1018 coram
954 993 1004 1019 ob-

223 1034 349 1061 trudebat
372 1034 546 1070 Hieronymo,
569 1040 598 1062 ut
619 1035 708 1063 aerius
731 1036 836 1064 occulte
857 1038 1002 1065 morderet.

220 1079 277 1107 Hoc
296 1080 421 1115 amplius,
434 1080 612 1117 Hieronymus
625 1082 681 1116 ipse
694 1082 803 1117 Apolog.
825 1083 843 1109 2
856 1084 883 1109 in
898 1083 1001 1118 Ruﬁn.,

220 1133 279 1159 cap.
292 1125 318 1157 6,
329 1126 385 1153 haec
401 1127 481 1153 verba
499 1127 534 1154 ita
550 1128 655 1162 repetit,
669 1128 745 1162 quasi
761 1130 916 1163 neutiquam
929 1130 961 1157 ad
974 1137 1004 1158 se

219 1172 372 1206 pertineant
388 1180 394 1198 :
412 1173 459 1199 sed
474 1172 514 1200 vel
526 1173 606 1201 tacite
621 1174 709 1201 notari
725 1181 754 1202 se
765 1182 817 1202 non
834 1175 937 1209 sensit;
962 1176 1003 1204 vel

219 1222 388 1252 perspectam
411 1218 573 1246 calumniam
590 1219 714 1248 simulate
731 1221 848 1249 reticuit.
869 1221 933 1250 Utut
949 1227 1001 1257 est,

219 1271 297 1290 suum
311 1269 418 1292 maneat
431 1264 523 1293 lectori
532 1265 662 1300 judicium
677 1275 683 1293 :
701 1268 841 1302 sequentia
856 1273 931 1296 certe
944 1277 1002 1296 ma-

218 1307 315 1336 nifeste
335 1309 512 1344 Epiphanium
536 1315 629 1345 petunt
645 1320 651 1338 :
669 1321 678 1338 t
698 1313 819 1348 Denique
833 1313 943 1347 quidam
966 1322 1000 1342 ex

217 1354 292 1388 ipsis,
313 1355 358 1389 qui
381 1363 411 1383 se
435 1356 508 1384 velut
532 1357 731 1393 evangelizandi
754 1360 940 1387 necessitatem
954 1368 1002 1395 per

217 1406 310 1428 omnes
324 1406 417 1435 gentes
428 1406 454 1429 et
469 1409 517 1437 per
531 1410 624 1431 omnes
643 1404 748 1439 linguas
764 1405 862 1433 habere
876 1409 952 1440 putat
969 1406 1002 1434 de

217 1445 333 1481 Origene
353 1447 422 1474 male
445 1447 580 1481 loquendi,
600 1456 646 1476 sex
658 1449 740 1477 millia
757 1449 885 1477 librorum
901 1451 960 1485 ejus
973 1459 1002 1479 se

216 1490 323 1526 legftsse,
338 1492 533 1527 quamplurima
548 1493 662 1521 fratrum
683 1495 852 1522 multitudine
866 1496 1001 1530 audiente,

216 1537 357 1565 r0nlessus
369 1542 421 1565 est.
442 1547 451 1563 ι
465 1539 537 1572 Ipsos
553 1539 649 1567 deinde
664 1540 842 1575 Περὶάρχῶν
859 1541 942 1570 libros
955 1541 1001 1569 Ur-

214 1582 243 1610 bi
255 1583 401 1617 pfopinans
415 1583 537 1616 Ruﬁnus,
553 1592 606 1618 quo
627 1586 711 1620 magis
738 1585 853 1614 lectores
876 1586 999 1620 illiceret,

214 1627 400 1663 praefationem
417 1629 491 1663 operi
513 1630 642 1664 praeﬁxit,
667 1638 752 1665 eaque
772 1631 918 1659 declaravit
940 1640 1001 1660 sese

214 1674 324 1708 reliquis
335 1674 502 1709 dogmatibus
515 1675 623 1703 intactis
637 1676 719 1704 falsas
733 1676 856 1712 Origenis
868 1678 900 1705 de
910 1677 1000 1706 Trini-

216 1725 271 1748 tate
293 1722 458 1754 sententias,
484 1726 575 1757 utpote
600 1723 633 1749 ab
655 1723 788 1751 haereticis
815 1723 941 1757 insertas,
957 1724 999 1752 vel

214 1766 383 1800 emendasse,
401 1767 443 1794 vel
456 1767 658 1802 praetermisisse
674 1776 681 1794 :
697 1775 823 1803 grassans
850 1769 921 1796 enim
948 1771 1000 1798 hoc

213 1815 334 1846 tempore
348 1812 516 1839 Arianismus
531 1812 659 1840 adversus
671 1812 824 1848 Origenem,
840 1814 917 1850 cujus
940 1823 999 1842 am-

213 1856 305 1884 biebat
316 1857 505 1892 patrocinium,
521 1857 673 1886 Catbolicos
687 1864 878 1887 commoverat.
902 1860 999 1888 Exem-

212 1905 258 1938 pto
273 1910 379 1937 quoque
401 1902 568 1939 Hieronymi,
587 1904 731 1932 multorum
752 1904 808 1939 jam
827 1905 953 1940 Origenis
965 1907 999 1934 li-

211 1948 323 1975 brorum
343 1948 509 1983 interpretis,
529 1949 671 1977 adductum
685 1957 715 1977 se
730 1951 862 1986 signiﬁcat
875 1951 925 1979 hac
941 1951 998 1986 ipsa

211 1993 523 2028 praefatiouc‘Ruﬁnus,
551 1999 580 2021 ut
606 1996 760 2031 scriptionis
787 1996 858 2024 illius
882 2004 997 2024 conver-

211 2040 315 2067 sionem
332 2041 490 2075 susciperet.
509 2040 541 2068 Et
558 2049 651 2076 causa;
668 2046 759 2069 tamen
774 2042 810 2069 ita
829 2041 930 2069 diﬁisus
943 2046 995 2076 est,

211 2091 241 2114 ut
264 2086 415 2122 prmfationi
437 2094 533 2114 nomen
553 2095 630 2115 suum
646 2088 782 2116 ascribere
796 2096 849 2116 non
865 2088 993 2122 auderet;

210 2137 238 2160 et
254 2140 365 2160 assensu
377 2138 506 2168 preterea
522 2133 661 2169 Theophili
679 2138 706 2162 et
723 2134 878 2169 Hieronymi
893 2133 995 2169 gloria-

210 2183 297 2206 retur.

1067 261 1138 289 Urbe
1150 261 1232 296 gestis
1247 261 1438 295 Hieronymum
1453 262 1594 289 certiorem
1611 262 1723 294 faciunt,
1732 268 1761 289 et
1776 262 1854 289 Ruti-

1065 307 1174 334 nianam
1189 306 1318 334 librorum
1333 307 1402 340 Περὶ
1413 306 1514 341 ἀρχῶν
1528 307 1776 341 interpretationem
1788 315 1851 335 cum

1065 352 1219 387 praefatione
1234 352 1432 385 transmittunt,
1454 352 1640 386 postulauitque
1654 356 1684 379 ut
1696 352 1780 380 libros
1791 360 1853 380 eos-

1064 399 1124 426 dem
1141 399 1244 425 meliori
1259 398 1309 425 ﬁde
1322 403 1471 432 convertat,
1488 403 1515 425 et
1536 398 1646 433 injectas
1663 398 1696 425 de
1714 406 1744 426 se
1762 399 1851 432 suspi-

1063 445 1156 472 ciones
1173 444 1269 471 diluat.
1283 443 1411 470 Redierat
1422 451 1482 471 cum
1493 443 1538 470 illo
1546 442 1601 477 jam
1611 445 1672 476 jtum
1689 443 1715 470 in
1732 443 1850 477 gratiam

1063 488 1186 520 Ruﬁnus,
1204 496 1265 515 cutn
1283 487 1457 523 Jerosolymis
1482 488 1705 522 proﬁcisceretur.
1729 486 1850 514 Subdola

1062 536 1154 571 itaque
1170 536 1257 563 Ruﬁni
1272 536 1429 571 praefatione
1442 536 1511 563 clam
1525 543 1646 563 arrosum
1666 543 1695 563 se
1715 540 1743 563 et
1761 535 1848 570 impe-

1063 583 1141 609 titnm
1155 582 1274 609 sentiens
1290 581 1481 617 Hieronymus,
1491 588 1518 608 et
1534 582 1603 608 inter
1618 580 1788 615 Origenistas
1798 587 1847 614 po-

1061 628 1155 660 situm,
1169 627 1240 655 hanc
1250 635 1309 655 cum
1326 635 1358 654 eo
1376 627 1502 662 injuriam
1514 627 1600 654 amice
1613 631 1641 653 et
1656 626 1755 653 leuiter
1764 633 1847 660 expo-

1060 674 1172 701 stulavit
1198 681 1245 708 per
1267 674 1406 708 epistolam
1419 692 1426 705 ,
1443 672 1595 707 cujus.hoc
1620 677 1661 700 est
1681 671 1846 699 exordium:

1063 729 1072 745 ι
1086 720 1133 747 Diu
1149 725 1175 747 te
1189 720 1281 747 Romae
1295 724 1427 747 tnoratum
1439 726 1529 746 sermo
1542 718 1664 753 proprius
1677 717 1810 744 indicavit
1820 725 1842 747 ;ι

1059 767 1130 793 unde
1149 766 1211 793 licet
1235 765 1371 800 conjicere
1386 765 1441 800 jam
1464 769 1526 791 ante
1544 763 1577 791 ad
1592 770 1651 790 eum
1665 763 1771 790 litteras
1790 761 1846 789 Ru-

1059 811 1141 838 ﬁnum
1159 810 1273 838 dedisse.
1294 809 1348 837 Sed
1367 817 1427 837 cum
1450 816 1498 844 per
1518 813 1635 835 vecturae
1654 815 1746 834 moras
1757 807 1846 834 serius

1057 856 1169 884 Romam
1187 856 1274 883 delata
1292 855 1388 882 fuisset
1403 853 1559 890 Hieronymi
1575 853 1722 887 responsio,
1742 859 1846 879 renun-

1023 886 1042 914 Β
1059 903 1153 930 tiatum
1170 902 1273 929 interea
1284 901 1375 928 fuerat
1396 900 1493 927 Ruﬁno
1506 886 1608 926 novam
1621 886 1756 925 librorum
1771 897 1846 932 Περὶ

1056 948 1156 983 ἀρχῶν
1167 946 1416 982 interpretationem
1429 945 1463 973 ab
1473 952 1505 972 eo
1520 944 1622 979 parari,
1633 951 1713 978 quam
1728 950 1765 971 eo
1780 950 1845 971 eon-

1056 994 1116 1022 silio
1130 993 1265 1021 conditam
1281 1000 1296 1019 a
1310 999 1340 1020 se
1356 991 1451 1019 scribit
1462 990 1640 1025 Hieronymus
1652 990 1766 1023 Apolog.
1794 988 1844 1016 lib.

1057 1047 1076 1072 ι,
1090 1046 1149 1073 cap.
1165 1038 1194 1072 Ξ,
1211 1045 1262 1065 non
1278 1042 1307 1064 ut
1321 1036 1444 1064 crederet
1456 1036 1539 1063 lector
1555 1035 1587 1062 iis
1604 1041 1661 1068 qua
1677 1034 1845 1068 interpreta-

1057 1084 1153 1116 batur;
1167 1082 1214 1110 sed
1237 1089 1270 1109 ne
1291 1081 1413 1109 crederet
1437 1081 1470 1108 iis
1492 1087 1551 1115 qua:
1574 1085 1635 1106 ante
1662 1078 1845 1106 transtulerat

1057 1128 1179 1155 Ruﬁnus.
1190 1128 1277 1162 Atque
1296 1127 1333 1154 ita
1351 1127 1482 1160 dirempta
1498 1126 1567 1153 inter
1581 1133 1626 1152 ρος
1641 1126 1739 1157 gratia,
1750 1125 1843 1152 datam

1055 1173 1089 1200 ad
1118 1172 1243 1200 Ruﬁnum
1270 1171 1411 1207 epistolam
1431 1170 1587 1206 Hieronymi
1612 1170 1775 1203 familiares,
1798 1171 1845 1205 qui

1055 1218 1201 1245 curandam
1218 1225 1277 1245 eam
1297 1221 1475 1252 acceperant,
1493 1220 1711 1251 suppresserunt.
1742 1215 1846 1243 Susce-

1055 1264 1258 1301 ptam-interim,
1274 1263 1442 1292 Pammachii
1461 1267 1488 1291 et
1503 1263 1603 1291 Oceani
1624 1267 1731 1298 rogatu,
1751 1263 1845 1290 since-

1055 1312 1154 1339 riorem
1167 1311 1295 1338 librorum
1310 1310 1348 1337 De
1358 1309 1493 1344 principiis
1504 1308 1707 1336 conversionem
1721 1307 1846 1336 absolvit

1055 1348 1241 1390 Hieronymus,
1250 1360 1277 1383 et
1290 1356 1322 1383 ad
1334 1362 1381 1383 eos
1400 1355 1510 1382 Romam
1523 1353 1604 1385 misit,
1621 1360 1683 1380 cum
1702 1352 1846 1381 luculenta

1055 1403 1179 1438 epistola,
1189 1410 1240 1438 qua
1253 1402 1377 1437 Origenis
1388 1402 1537 1429 doctrinam
1547 1405 1574 1428 et
1586 1394 1771 1428 eritditionem
1786 1401 1846 1427 lau-

1054 1450 1132 1478 dasse
1145 1457 1174 1477 se
1183 1449 1293 1481 latetur,
1311 1448 1437 1483 dogmata
1450 1446 1568 1475 tenuisse
1588 1451 1730 1481 pernegat.
1746 1455 1757 1472 (
1774 1446 1846 1473 Lau-

1054 1495 1132 1526 davi,
1156 1493 1251 1528 inquit,
1277 1493 1468 1527 interpretem,
1494 1498 1545 1518 non
1568 1491 1772 1525 dogmatisten;
1806 1491 1847 1518 in~

1054 1541 1174 1576 genium,
1196 1547 1248 1567 non
1265 1539 1343 1566 ﬁdem
1357 1546 1365 1571 ;
1381 1537 1580 1571 philosophum,
1603 1543 1656 1563 non
1673 1536 1844 1570 apostolum.

1054 1586 1129 1621 Quod
1140 1586 1161 1613 si
1177 1585 1268 1613 volunt
1279 1591 1359 1619 super
1375 1584 1489 1618 Origene
1508 1590 1596 1610 meum
1611 1583 1684 1609 scire
1693 1581 1845 1616 judicium,

1052 1633 1139 1667 legant
1164 1632 1189 1658 in
1215 1630 1390 1657 Ecclesiasten
1415 1628 1641 1659 Commentarios,
1659 1628 1801 1662 replicent
1818 1628 1845 1655 in

1050 1678 1196 1713 Epistolani
1217 1677 1248 1703 ad
1264 1676 1392 1710 Ephesios
1413 1675 1463 1702 tria
1486 1675 1631 1707 volumina,
1644 1679 1672 1700 ct
1688 1675 1845 1709 intelligent

1051 1732 1092 1751 me
1101 1731 1205 1757 semper
1218 1722 1274 1757 ejus
1287 1721 1453 1755 dogmatibus
1465 1720 1639 1752 contraiisse;
1656 1729 1665 1746 ι
1678 1724 1706 1747 et
1720 1721 1823 1747 itemm
1836 1729 1842 1746 :

1053 1780 1060 1795 t
1080 1770 1105 1796 Si
1120 1770 1182 1796 tnihi
1200 1767 1489 1801 creditis,0rigenistes
1506 1774 1642 1801 nunquam
1664 1766 1704 1793 fui
1721 1775 1730 1800 ;
1750 1767 1774 1794 si
1791 1775 1843 1794 non

1049 1816 1167 1847 creditis,
1184 1822 1253 1841 nunc
1276 1821 1333 1840 esse
1361 1813 1484 1844 cessavi;
1502 1821 1510 1837 ι
1533 1817 1560 1838 et
1581 1813 1709 1845 sequenti
1729 1813 1842 1847 capite:

1051 1872 1059 1887 ι
1079 1861 1131 1888 Fac
1149 1867 1191 1888 me
1204 1867 1310 1887 errasse
1326 1860 1352 1885 in
1366 1858 1588 1889 adolescentia,et
1601 1857 1841 1892 philosophorum.

1048 1908 1073 1934 id
1096 1911 1136 1934 est
1153 1906 1289 1941 gentilium
1314 1904 1410 1931 stu-liis
1436 1904 1569 1931 eruditum
1585 1904 1610 1929 in
1626 1904 1766 1938 principio
1780 1904 1842 1931 ﬁdei

1047 1954 1169 1987 dogmata
1198 1953 1335 1987 ignorasse
1356 1950 1509 1977 Christiana
1528 1958 1535 1982 ;
1552 1954 1579 1976 et
1603 1950 1654 1976 hoc
1681 1955 1798 1983 putasse
1815 1951 1841 1977 in

1047 1998 1184 2032 apostolis,
1200 1998 1271 2031 quod
1292 1997 1318 2022 in
1342 1996 1503 2030 Pythagora,
1515 2000 1542 2022 et
1557 1994 1678 2026 Platone,
1693 2000 1720 2021 et
1740 1995 1840 2030 Empe-

1046 2044 1122 2071 docle
1137 2044 1251 2078 legeram
1271 2052 1276 2069 :
1292 2051 1338 2069 cur
1354 2041 1456 2077 parvuli
1471 2041 1497 2067 in
1511 2041 1616 2068 Christo
1630 2046 1713 2074 atque
1731 2041 1840 2068 lacten-

1046 2090 1079 2116 tis
1094 2096 1212 2116 errorem
1229 2087 1370 2122 sequimini
1385 2086 1396 2112 ?
1409 2094 1456 2113 cur
1471 2087 1503 2113 ab
1517 2093 1548 2113 eo
1566 2085 1734 2119 impietatem
1754 2085 1839 2113 disci-

1046 2135 1090 2166 tis,
1109 2134 1153 2168 qui
1182 2133 1294 2160 necdum
1322 2134 1448 2167 pictatem
1475 2130 1609 2157 noverat?
1627 2129 1758 2157 Secunda
1777 2134 1839 2164 post

1045 2179 1210 2214 naufragium
1227 2178 1315 2205 tabula
1334 2182 1375 2205 est
1393 2177 1499 2211 culpam
1517 2175 1676 2211 simpliciter
1693 2176 1835 2203 conﬁteri.

244 2224 334 2252 Multis
351 2225 490 2253 enimvero
511 2225 586 2252 cordi
611 2224 660 2252 luit
688 2233 755 2260 opus
772 2226 836 2255 illud
860 2236 874 2255 a
898 2228 994 2257 Ruﬁno
1009 2233 1031 2261 ι)
1046 2225 1143 2252 imitati
1159 2225 1223 2252 estis
1245 2229 1392 2256 errantem,
1413 2223 1555 2250 imitamini
1580 2227 1605 2249 et
1631 2228 1803 2249 correctum.
1826 2231 1834 2247 ι

210 2272 378 2303 translatum,
395 2276 423 2299 et
442 2270 552 2306 Origeni
575 2271 743 2305 sacerdotes,
767 2268 913 2301 monachos
929 2279 957 2301 et
978 2280 994 2301 e

207 2316 425 2350 Christianorum
435 2317 515 2352 vulgo
530 2317 627 2345 multos
643 2317 810 2352 adjunx'it,et
825 2317 914 2346 Siricii
927 2327 993 2354 quo-

208 2370 261 2398 que
276 2370 349 2398 papa:
370 2363 537 2398 simplicitati
555 2364 647 2391 illusit.
670 2365 705 2390 At
724 2363 815 2398 plures
833 2369 922 2392 tamen
946 2365 994 2392 do-

208 2409 303 2436 ctrina:
328 2409 434 2437 novitas
448 2409 583 2443 perculit;
598 2410 665 2437 adeo
680 2414 710 2436 ut
725 2414 811 2436 totum
825 2411 919 2437 orbem
935 2415 995 2444 post

207 2453 299 2481 Ruﬁni
308 2454 559 2489 interpretationem
571 2455 597 2481 in
610 2454 734 2489 Origenis
743 2455 832 2481 odium
845 2455 992 2488 exarsisse,

207 2504 236 2526 et
259 2500 419 2526 translatum
435 2500 510 2534 (opus
536 2500 678 2535 expavisse
702 2499 841 2527 tradiderit
862 2499 993 2535 Hierony-

206 2553 271 2572 mus
281 2545 328 2573 lib.
357 2545 472 2579 tApol.,
495 2553 555 2580 cap.
578 2545 605 2573 3.
621 2546 722 2572 Auctor
748 2552 855 2580 quoque
878 2544 921 2572 ille
938 2549 990 2576 est,

205 2591 320 2625 primam
333 2589 499 2625 gMarcellam
530 2591 692 2623 Romanam,
715 2590 855 2617 nobilitate
871 2590 989 2624 generis,

205 2641 233 2664 et
244 2636 342 2671 pietate
358 2635 500 2668 illustrem,
523 2635 737 2663 subolescentem
756 2642 876 2662 errorem
894 2634 991 2669 depre-

205 2682 332 2709 hendisse
349 2689 381 2709 ac
396 2681 567 2716 repressisse.
582 2680 734 2708 Discessum
749 2680 839 2715 itaque
853 2679 991 2707 destinan-

206 2732 246 2754 tes
257 2727 320 2754 facti
332 2732 466 2760 auctores,
482 2733 541 2753 cum
553 2727 610 2761 jam
624 2726 679 2753 fere
692 2730 722 2753 ut
736 2727 855 2754 hatretici
869 2726 993 2761 designa-

205 2778 308 2806 rentur,
327 2773 525 2801 ecclesiasticas
546 2771 674 2806 epistolas
691 2779 705 2798 a
719 2770 816 2798 Siricio
836 2771 990 2806 impetrant,

204 2822 236 2845 ut
254 2818 380 2845 Ecclesia:
406 2818 594 2845 communione
623 2816 733 2852 gloriari
761 2821 869 2851 possent
886 2825 892 2842 :
908 2820 989 2851 atque

203 2865 248 2892 his
264 2864 443 2894 communitus
455 2863 575 2902 .Ruﬁuus
589 2863 738 2898 Aquileiam
756 2863 896 2892 remeavit.

1045 2272 1174 2299 Similiter
1189 2272 1215 2297 in
1231 2270 1308 2304 epist.
1322 2270 1366 2301 62,
1383 2270 1416 2296 ad
1432 2267 1607 2302 Theophilum
1621 2276 1628 2294 :
1640 2276 1650 2292 ‹
1665 2267 1746 2294 Sicut
1761 2267 1835 2295 enim

1045 2317 1290 2351 interpretationem
1314 2321 1340 2342 et
1356 2316 1482 2342 idiomata
1500 2313 1702 2347 Scripturarum
1719 2313 1834 2348 Origeni

1045 2371 1150 2397 semper
1167 2362 1286 2393 attribui,
1303 2362 1340 2387 ita
1357 2362 1510 2395 dogmatum
1525 2358 1751 2387 constantissime
1773 2360 1833 2386 abs-

1046 2409 1092 2435 tuli
1109 2408 1257 2434 veritatem.
1278 2417 1286 2432 ι
1306 2407 1337 2433 Et
1354 2411 1441 2433 tamen
1461 2413 1521 2432 cum
1536 2405 1758 2433 Commentarios
1771 2413 1833 2433 suos

1046 2455 1071 2480 in
1089 2454 1275 2484 Erclesiasten,
1291 2457 1318 2478 et
1333 2451 1477 2486 Epistulam
1489 2453 1523 2477 ad
1537 2451 1662 2485 Ephesios
1676 2452 1830 2478 Adamantii

1045 2500 1120 2526 scitis
1138 2498 1283 2530 referscrit,
1297 2498 1341 2523 vix
1358 2498 1390 2524 iis
1405 2497 1488 2524 semel
1499 2496 1661 2525 contradixit
1675 2504 1680 2519 τ
1699 2496 1758 2524 imo
1771 2504 1830 2523 vero

1045 2553 1078 2571 ne
1095 2544 1235 2577 Origenem
1254 2543 1361 2576 quidem
1382 2546 1518 2568 auctorem
1543 2541 1646 2567 citavit.
1665 2541 1747 2574 Quod
1761 2550 1783 2569 ξι
1801 2548 1828 2567 ea

1045 2598 1092 2625 pro
1106 2589 1179 2616 falsis
1191 2589 1294 2619 habuit,
1308 2595 1356 2613 cur
1374 2594 1495 2614 censura:
1509 2591 1598 2612 notam
1615 2593 1669 2612 non
1684 2586 1830 2620 apposuit?

1043 2643 1090 2663 cur
1104 2643 1163 2662 cum
1185 2635 1210 2660 id
1231 2633 1281 2660 sibi
1296 2633 1361 2658 vitio
1375 2632 1492 2662 daretur,
1514 2630 1539 2657 id
1554 2630 1603 2657 sibi
1620 2630 1714 2665 gloria:
1729 2631 1828 2658 duxit?

1045 2691 1053 2706 ‹
1073 2681 1137 2707 Nam
1154 2679 1223 2714 quod
1236 2679 1336 2707 dicunt.
1353 2687 1362 2703 ι
1374 2677 1461 2711 inquit
1475 2676 1580 2711 Prolog.
1591 2676 1618 2703 in
1635 2676 1684 2702 lib.
1713 2683 1735 2702 tt
1757 2675 1828 2702 (Σο--

1044 2733 1121 2753 munt.
1140 2726 1167 2752 in
1182 2725 1275 2755 Mich.,
1292 2732 1301 2749 ι
1322 2722 1446 2757 Origcnis
1461 2730 1504 2749 me
1521 2722 1653 2748 volumina
1669 2722 1826 2755 compilare.

1044 2778 1069 2799 ct
1085 2769 1262 2798 contaminari
1284 2776 1336 2795 non
1358 2768 1452 2794 decere
1466 2771 1605 2803 _veterum_
1615 2765 1717 2799 scripta
1735 2774 1743 2791 :
1761 2764 1826 2799 quod

1044 2818 1081 2843 illi
1100 2816 1270 2843 maledictum
1287 2815 1433 2841 vehemens
1447 2820 1507 2840 esse
1519 2810 1693 2844 existimant?
1700 2813 1823 2839 eamdem

1039 2864 1144 2894 tandem
1156 2869 1204 2895 ego
1218 2862 1359 2889 maximam
1372 2860 1531 2894 ducoxcum
1546 2859 1620 2886 illum
1635 2858 1740 2886 imitari
1759 2856 1822 2889 volo,
