3860 6226
135 352 275 408 1155

1015 348 1582 407 ORIGENIANORUM
1620 351 1745 408 LIB.
1790 352 1851 419 Il,
1894 355 2042 410 CAP.
2086 356 2173 425 IV,
2217 355 2408 414 SECT.
2449 358 2489 414 1.

3240 365 3378 427 1134

133 490 297 545 quem
324 472 533 531 cunctis
578 472 933 543 prudentibus
959 484 1015 528 et
1047 476 1198 531 vobis
1232 475 1448 545 placere
1475 491 1580 530 non
1611 477 1711 531 du-
1742 479 1787 535 A
1814 492 1912 542 pro
1934 494 2115 533 rerum
2151 496 2217 536 ae
2250 491 2551 551 temporum
2582 484 2815 554 ratione,
2846 486 2985 542 trahi
3024 503 3082 544 se
3106 498 3159 543 et
3179 490 3375 560 jactari

133 571 280 634 bito;
318 586 339 620 ι
369 582 467 623 cur
506 567 560 622 in
590 565 907 634 praefatione
940 568 1007 621 ad
1051 567 1252 622 librum
1291 567 1369 623 De
1404 568 1701 622 nominibus

140 664 438 729 Hebraicis,
470 663 548 717 ait
569 662 838 717 neminem
876 662 977 717 nisi
1011 662 1341 734 imperitum,
1368 678 1564 735 negare
1585 662 1705 720 Ori-

135 771 327 826 genem
351 764 472 825 post
499 755 770 826 apostolos
792 755 1159 811 Ecclesiarum
1186 770 1307 812 esse
1342 755 1704 827 magistrum?

201 844 371 917 Igitur
410 863 518 904 non
565 849 682 903 sine
730 863 890 903 causa
939 849 1161 903 Rufinus
1199 847 1562 920 Origenistam
1600 847 1704 903 ali-

128 939 350 1008 quando
392 940 555 996 fuisse
588 940 969 1015 Hieronymum
1010 942 1271 1011 jactabat.
1311 959 1331 994 ι
1366 942 1490 998 Haec
1539 950 1641 1009 est,
1676 959 1697 993 ι

130 1034 330 1103 inquit,
364 1035 558 1091 invect.
590 1052 629 1101 ι,
675 1053 695 1087 ι
735 1044 825 1090 tua
879 1036 1012 1091 tanti
1059 1036 1299 1104 magistri
1341 1044 1608 1106 graVItas,
1645 1043 1706 1090 ut

127 1142 254 1181 eum
311 1142 469 1196 quem
506 1128 558 1182 in
599 1127 722 1182 aliis
770 1127 979 1193 laudas,
1021 1129 1345 1183 condemnes
1385 1129 1441 1184 in
1478 1129 1599 1184 aliis
1649 1136 1704 1183 et

129 1234 293 1288 quem
325 1220 377 1273 in
408 1219 819 1289 praefationibus
864 1221 971 1275 tuis
1006 1220 1231 1275 alterum
1270 1230 1391 1291 post
1431 1221 1703 1290 apostolos

129 1310 498 1365 Ecclesiarum
531 1311 844 1381 magistrum
870 1313 1074 1379 dixisti,
1111 1327 1253 1368 nunc
1283 1313 1592 1372 haereticum
1623 1313 1704 1369 di-

129 1416 227 1457 cas
253 1401 280 1455 2
315 1401 444 1467 Quis
477 1402 764 1456 haereticus
790 1400 1153 1456 Ecclesiarum
1179 1403 1432 1473 magister
1454 1404 1704 1473 aliquan-

128 1492 201 1548 do
227 1493 331 1547 dici
364 1491 586 1562 potuit?
621 1510 640 1543 ι
676 1492 866 1547 Futilis
894 1494 960 1547 ad
992 1493 1108 1548 haec
1140 1492 1449 1564 Hieronymi
1478 1508 1704 1550 excusa-

131 1586 228 1648 tio,
263 1585 355 1653 qui
386 1584 617 1639 Prooem.
649 1584 702 1639 in
736 1585 824 1639 lib.
857 1601 911 1640 xt
961 1584 1253 1642 Comment.
1296 1585 1457 1640 Isaia:
1484 1600 1703 1655 respon-

129 1678 225 1730 det
273 1675 587 1746 Origencm,
622 1677 932 1742 Eusebium,
965 1677 1378 1747 Apollinarium,
1407 1678 1647 1748 aliosque
1672 1694 1703 1733 a

129 1783 189 1823 se
232 1769 286 1823 in
334 1769 737 1823 commentariis
785 1770 851 1824 ad
902 1769 1070 1823 libros
1126 1768 1378 1835 Danielis,
1415 1770 1703 1840 magistros

132 1859 394 1914 Ecclesiae
423 1861 729 1915 nominatos
752 1900 767 1923 ,
797 1860 864 1914 ad
897 1859 1297 1914 distinctionem
1345 1861 1704 1929 quorumdam

130 1954 225 2021 qui
254 1967 284 2006 a
319 1952 518 2007 Christi
554 1953 657 2006 ﬁde
693 1960 847 2006 erant
887 1950 1069 2006 alieni.
1097 1950 1281 2022 Pergit
1315 1951 1704 2024 Hieronymum

130 2042 402 2098 lacessere
427 2043 928 2113 Ruﬁnus.eumque
961 2041 1209 2112 Origenis
1243 2043 1399 2100 ﬁdem
1429 2060 1706 2115 nunquam

131 2150 190 2190 se
230 2135 477 2191 laudasse
513 2133 810 2204 jactantem
864 2136 1097 2206 propriis
1138 2137 1306 2207 ipsius
1338 2137 1518 2195 verbis
1552 2152 1709 2194 coar-

130 2226 267 2295 guit.
288 2224 493 2291 Quibus
514 2225 604 2280 ille
633 2225 777 2281 velut
825 2226 1107 2283 convictus
1148 2228 1333 2283 scribit
1356 2227 1449 2283 lib.
1477 2244 1536 2285 ιιι
1561 2227 1707 2298 Apo-

131 2317 266 2387 log.,
298 2332 418 2386 cap.
450 2318 501 2372 '5.
547 2334 567 2369 ι
618 2318 831 2373 Eodem.
860 2318 1069 2374 fervore
1104 2333 1210 2388 quo
1254 2318 1537 2390 Origenem
1586 2328 1708 2375 ante

128 2407 489 2472 laudavimus,
512 2423 656 2463 nunc
685 2409 997 2463 damnatum
1024 2416 1138 2465 toto
1160 2408 1290 2464 orbe
1321 2409 1636 2464 damnemus
1655 2426 1702 2475 ;ι

130 2509 187 2555 et
215 2515 339 2555 mox
373 2518 431 2556 ει
471 2501 782 2556 Erravimus
808 2501 1055 2568 juvenes,
1087 2501 1433 2556 emendemur
1460 2515 1648 2567 senes;
1681 2520 1700 2553 ι

128 2606 183 2647 et
207 2594 405 2648 iterum
436 2610 451 2648 :
501 2612 519 2646 ι
565 2594 786 2665 Ignosce
822 2593 953 2647 mihi
993 2592 1136 2663 quod
1164 2591 1417 2662 Origenis
1445 2592 1709 2648 eruditio-

129 2696 276 2745 nem,
307 2691 362 2737 et
398 2683 630 2738 studium
662 2682 1094 2751 Scripturarum,
1134 2689 1422 2750 antequam
1452 2681 1569 2751 ejus
1592 2680 1704 2735 ha:-

132 2772 295 2825 resiut
333 2771 540 2840 plenius
593 2786 828 2837 nossem,
856 2773 910 2826 in
952 2772 1174 2841 juvenili
1217 2780 1377 2826 aetate
1403 2771 1637 2827 laudavi.
1683 2791 1702 2822 ι

130 2862 259 2917 Inde
285 2863 703 2918 Posthuntianus
731 2864 869 2933 apud
898 2862 1191 2933 Sulpicium
1220 2861 1478 2918 Severum
1515 2861 1709 2916 merito

134 2955 208 3007 ait
240 2971 254 3007 :
295 2971 313 3005 t
356 2952 487 3008 Illud
518 2969 602 3008 me
629 2954 916 3008 admodum
946 2954 1313 3023 permovebat,
1341 2954 1487 3023 quod
1521 2952 1708 3009 Hiero-

130 3059 349 3112 nymus,
379 3045 463 3098 vir
506 3044 737 3098 maxime
763 3042 1093 3127 Catholicus,
1129 3053 1185 3098 et
1206 3058 1377 3098 sacra:
1401 3043 1535 3113 legis
1556 3043 1704 3113 peri-

1805 566 2073 633 seivisset,
2094 584 2477 641 nonnunquam
2509 573 2672 627 etiam
2696 575 2962 633 maximos
2990 580 3134 636 viros
3159 584 3379 640 amaris-

1804 659 1956 715 simis
1982 661 2237 717 conviciis
2260 663 2581 732 perfudisset
2606 667 2909 723 :fatendum
2935 672 3130 742 quippe
3156 685 3240 731 est
3256 676 3380 745 jure

1805 763 1929 804 eum
1955 765 2096 819 saepe
2118 766 2149 806 a
2178 749 2377 809 Ruﬁno
2401 752 2572 810 fuisse
2597 757 2979 826 reprehensum
3008 781 3022 829 ;
3045 778 3185 833 saepe
3213 767 3376 822 etiam

1806 837 2059 896 Ruﬁnum
2088 843 2155 897 ab
2190 844 2381 899 eodem
2403 844 2521 900 sine
2546 861 2708 902 causa
2738 848 2905 906 fuisse
2946 854 3378 924 culpatum.Haee

1803 947 1965 1002 porro
1987 947 2107 990 cum
2141 946 2447 1005 agerentur,
2489 952 2664 995 annus
2689 939 2889 998 Christi
2929 946 3243 1005 trahebatur
3269 960 3379 1007 tre-

1804 1026 2131 1082 centesimus
2160 1028 2535 1100 nonagesimus
2561 1047 2756 1089 nonus.

1874 1157 2057 1214 XVIII.
2099 1159 2217 1228 Quo
2275 1170 2522 1232 tempore
2588 1165 3063 1241 Hieronymlanam
3112 1174 3373 1236 librorum

1802 1250 1943 1319 Περὶ
1972 1246 2175 1320 ἀρχῶν
2203 1251 2705 1325 interpretationem
2727 1257 3107 1321 Pammachius
3129 1269 3374 1323 contines

1804 1337 1899 1393 bat
1938 1354 1953 1403 ;
1985 1354 2169 1394 verum
2198 1340 2266 1396 ab
2292 1343 2469 1397 amico
2501 1345 2667 1414 ipsius
2688 1349 2919 1410 quodam
2948 1351 3138 1409 fraude
3167 1356 3377 1413 deseris-

1803 1442 1893 1501 pta
1920 1434 1970 1488 in
2000 1434 2187 1505 vulgus
2213 1437 2408 1492 emissa
2440 1449 2541 1493 est.
2574 1438 3040 1510 Interpretationis
3070 1459 3249 1505 autem
3267 1465 3378 1508 sum

1803 1526 2083 1596 perﬁdiam
2118 1543 2185 1582 ex
2214 1528 2375 1597 hujus
2405 1530 2655 1586 conﬂictu
2680 1547 3021 1605 perspectum
3058 1540 3157 1607 iri,
3185 1556 3376 1599 versu«

1806 1620 2014 1688 tiasque
2055 1634 2180 1677 suas
2204 1621 2316 1691 jam
2360 1624 2601 1692 proditas
2652 1625 2955 1700 intelligens
3004 1630 3266 1700 Ruﬁnus,
3304 1637 3376 1691 ad

1805 1726 2040 1795 eumque
2087 1712 2307 1781 perlatis
2352 1714 2651 1785 Aproniani
2693 1733 2857 1787 opera
2900 1721 3114 1789 litteris,
3147 1740 3283 1795 quas
3307 1730 3375 1782 ad

1803 1794 2215 1886 Pammachium
2244 1810 2299 1855 et
2335 1800 2606 1857 Oceanum
2644 1819 2747 1860 una
2777 1822 2897 1862 cum
2929 1809 3078 1866 libris
3103 1794 3243 1883 Περὶ
3275 1816 3379 1886 ἀρε

1806 1884 1932 1955 χῶν
1952 1901 2141 1943 recens
2169 1904 2199 1942 a
2231 1904 2289 1945 se
2310 1888 2606 1948 Latinitate
2632 1894 2847 1952 donatis
2875 1896 3234 1972 Hieronymus
3270 1884 3375 1957 mi-

1809 1988 1977 2044 serat,
2002 1980 2296 2035 triennium
2319 1981 2372 2035 i-t
2398 1981 2723 2039 elaboranda
2746 1986 2942 2057 duplici
2966 1991 3224 2063 Apologia
3249 2008 3378 2049 cou-

1806 2071 1983 2125 trivit.
2016 2070 2171 2126 Prior
2190 2081 2462 2130 vetustate
2491 2076 2761 2131 intercidit
2794 2094 2811 2132 :
2843 2082 3111 2148 posterior
3132 2095 3380 2154 superest

1808 2162 1862 2217 iu
1891 2162 2024 2219 duas
2076 2163 2275 2220 divisas
2322 2175 2526 2235 partes,
2567 2182 2792 2237 quarum
2825 2174 2996 2241 prima
3037 2175 3377 2234 criminatio«

1807 2268 1903 2309 nes
1954 2256 2021 2310 ab
2057 2254 2387 2327 Hieronymo
2416 2259 2681 2330 impactas
2720 2262 2935 2330 refellit,
2971 2265 3139 2322 altera
3185 2267 3377 2324 Hiero-

1807 2363 2027 2420 nymum
2060 2348 2235 2420 ipsum
2269 2352 2539 2423 suggillat.
2574 2352 2704 2420 Quae
2741 2371 2862 2411 cum
2895 2359 2947 2412 in
2979 2370 3215 2428 apertam
3250 2377 3381 2417 cnn-

1809 2438 2105 2493 tentionem
2157 2448 2525 2508 erumperent,
2554 2443 2687 2498 duas
2736 2446 2788 2499 in
2823 2456 3041 2515 partes,
3072 2458 3132 2504 ut
3160 2450 3240 2517 ﬁt,
3266 2450 3376 2506 llo-

1807 2547 2091 2588 manorum
2116 2531 2550 2591 Christianorum
2581 2538 2745 2592 animi
2773 2540 2977 2603 abiere,
3013 2556 3137 2597 cum
3181 2542 3379 2600 Ruﬁno

1808 2624 1920 2692 alii,
1951 2625 2041 2681 alii
2077 2625 2406 2698 Hieronymo
2456 2627 2737 2699 faverent;
2769 2646 2867 2687 nec
2915 2632 3141 2691 Romani
3181 2638 3380 2694 dunta-

1808 2725 1925 2781 xat,
1952 2716 2044 2771 sed
2072 2723 2126 2771 et
2174 2727 2440 2788 quotquot
2469 2719 2583 2773 fere
2632 2735 2728 2790 per
2772 2721 2958 2778 orbem
2992 2726 3164 2794 sparsi
3200 2738 3378 2801 erant,

1808 2807 2037 2863 diversis
2066 2808 2261 2864 studiis
2290 2809 2619 2865 ferebantur.

1878 2940 2021 2998 XIX.
2066 2941 2203 2996 Tum
2240 2954 2369 2996 vero
2415 2942 2653 3010 partium
2698 2957 2915 3000 suarum
2953 2960 3075 3003 esse
3110 2948 3380 3005 intellexit

1806 3034 2127 3089 Anastasius
2155 3048 2313 3104 papa,
2344 3049 2451 3089 non
2490 3035 2709 3104 quidem
2751 3038 3059 3095 exorientes
3093 3050 3269 3097 motus
3308 3043 3380 3098 le-

132 3133 395 3200 tissimus,
431 3134 718 3206 Origenem
758 3126 978 3191 secutus
1004 3135 1182 3204 primo
1210 3142 1451 3204 tempore
1480 3134 1705 3203 putaba-
1733 3172 1775 3230 c
1809 3126 2068 3182 nimentis
2096 3126 2357 3182 adhibitis
2380 3128 2690 3197 consopire,
2719 3132 2863 3199 quod
2905 3131 3104 3187 factum
3127 3149 3158 3189 a
3195 3135 3380 3191 deces-

132 3235 242 3292 tur,
273 3242 435 3297 quem
488 3244 628 3285 nunc
681 3229 822 3285 idem
872 3227 1283 3299 praecipue,vel
1338 3228 1519 3282 omnia
1565 3228 1707 3282 illius

132 3320 333 3390 scripta
365 3322 667 3376 damnaret.
721 3339 740 3372 ι
795 3320 922 3376 Inde
954 3330 1009 3374 et
1044 3319 1373 3391 Vigilantius
1422 3320 1594 3389 ipsum
1628 3319 1708 3374 sic

135 3417 392 3478 tanquam
423 3409 787 3480 Origenistam
820 3409 1145 3477 incessebat,
1192 3424 1352 3480 quam
1385 3419 1561 3463 tamen
1594 3409 1703 3463 cri-

134 3502 485 3556 minationem
514 3502 782 3572 depellere
816 3511 1048 3557 conatur
1067 3503 1226 3573 epist.
1253 3501 1493 3560 75.1nde
1522 3510 1579 3556 et
1606 3502 1708 3554 Au-

133 3593 382 3664 gustinus
412 3595 829 3651 inconstantiam
861 3604 915 3653 et
949 3596 1304 3652 mobilitatem
1354 3594 1553 3665 ingenii
1582 3592 1708 3649 Hie-

134 3700 359 3755 ronymo
380 3684 665 3756 Origenem
697 3688 796 3742 sibi
826 3689 955 3744 olim
971 3701 1255 3757 percarum
1285 3686 1397 3755 jam
1421 3684 1703 3739 infamanti

136 3778 467 3835 subobscure
513 3780 826 3850 exprobrat,
860 3781 1019 3852 epist.
1064 3779 1118 3836 8.
1194 3798 1213 3830 ‹
1250 3777 1493 3835 Petimus
1555 3793 1705 3849 ergo,

136 3871 330 3939 inquit,
385 3882 439 3927 et
481 3873 756 3929 nobiseum
787 3875 923 3942 petit
961 3874 1137 3928 omnis
1186 3873 1563 3926 Africanarum
1599 3869 1705 3923 Ec-

136 3965 420 4020 clesiarnm
455 3966 693 4021 studiosa
726 3966 977 4030 societas,
999 3972 1058 4018 ut
1090 3964 1143 4018 in
1175 3962 1590 4032 interpretandis
1613 3976 1707 4015 eo-

136 4072 256 4111 rum
311 4055 494 4121 libris,
531 4057 620 4125 qui
684 4055 871 4110 Graece
919 4054 1229 4124 Scripturas
1277 4062 1489 4108 nostras
1545 4065 1703 4119 quam

135 4149 335 4217 Optime
361 4153 746 4214 tractaverunt,
776 4160 962 4201 curam
985 4153 1147 4215 atque
1180 4158 1397 4214 operam
1433 4142 1705 4211 impende-

134 4253 197 4291 re
239 4254 341 4292 non
369 4238 650 4309 graveris:
690 4245 843 4309 potes
886 4237 1030 4292 enim
1077 4236 1308 4303 efﬁcere,
1344 4246 1401 4290 ut
1438 4251 1537 4290 nos
1573 4250 1707 4304 quo-

135 4346 241 4401 que
289 4332 581 4388 habeamus
621 4332 740 4387 illos
791 4332 924 4387 tales
972 4330 1137 4395 viros,
1185 4339 1240 4385 et
1273 4345 1438 4383 unum
1495 4328 1707 4397 potissi-

136 4437 286 4476 mum
313 4461 327 4485 ,
364 4437 520 4491 quem
570 4431 622 4478 tu
672 4422 928 4478 libentius
963 4422 1016 4475 itt
1069 4421 1175 4476 tuis
1221 4419 1418 4474 litteris
1450 4433 1646 4473 sonas:
1683 4436 1702 4469 ι

1808 3232 1931 3273 sore
1967 3217 2085 3290 ejus
2125 3217 2326 3274 Siricin
2365 3220 2696 3285 notavimus,
2763 3224 2856 3277 sed
2909 3223 3106 3279 malum
3170 3227 3381 3284 occulte

1808 3325 2063 3367 crescens
2098 3312 2399 3380 apostolica
2449 3312 2779 3367 auctoritate
2809 3313 3138 3371 rescindere.
3173 3316 3254 3373 Re
3279 3317 3380 3373 ita-

1807 3417 1913 3472 que
1962 3404 2051 3459 diu
2091 3417 2155 3459 ac
2184 3412 2394 3460 mature
2437 3404 2490 3459 in
2520 3414 2806 3475 utramque
2841 3416 3050 3477 partem
3091 3422 3378 3479 perpensa,

1808 3494 2060 3565 Origenis
2090 3497 2302 3550 tandem
2324 3496 2603 3552 erroribus
2640 3498 2908 3554 haereseos
2929 3507 3109 3552 notam
3149 3501 3378 3571 impres-

1807 3584 1880 3638 sit
1903 3598 2044 3639 anno
2071 3583 2200 3639 400.
2230 3584 2510 3655 Theophili
2539 3587 2773 3641 studium
2800 3588 3060 3654 imitatus.
3098 3588 3188 3658 qui
3222 3605 3381 3660 supe-

1809 3676 1955 3730 riore
1981 3689 2124 3729 anno
2153 3675 2207 3729 in
2237 3674 2605 3731 Alexandrina
2645 3678 2853 3748 synodo
2887 3678 3107 3733 eosdem
3152 3679 3381 3736 damna-

1807 3778 1981 3825 verat.
2004 3768 2200 3823 Statim
2225 3783 2353 3823 vero
2376 3768 2615 3824 dimissis
2647 3770 2700 3823 in
2731 3784 2923 3826 omnes
2951 3781 3133 3841 partes
3154 3771 3377 3840 nuntiis,

1808 3861 2256 3931 Origenianorum
2310 3874 2556 3915 errorum
2614 3861 3014 3916 damnationem
3074 3862 3381 3933 promulgat

1805 3951 2162 4019 Anastasius;
2219 3966 2325 4021 qua
2365 3959 2587 4021 accepta
2640 3953 2799 4008 iidem
2849 3953 3049 4021 passim
3105 3954 3379 4023 reprobati

1807 4053 1951 4100 sunt.
1984 4043 2059 4098 Ea
2094 4043 2161 4098 de
2204 4058 2265 4098 re
2304 4043 2666 4099 disserentem
2706 4045 2989 4100 audiamus
3022 4044 3379 4115 Theophilum

1808 4135 1863 4189 itt
1904 4133 2144 4202 Epistola
2195 4140 2264 4187 ad
2316 4137 2573 4203 quosdam
2618 4137 2933 4200 monachos,
2966 4152 3129 4206 qttam
3178 4137 3385 4207 profert

1807 4224 2049 4281 Julianus
2085 4225 2141 4279 in
2175 4223 2417 4295 Epistola
2464 4226 2533 4280 ad
2578 4224 2787 4280 Menam
2816 4242 2835 4281 :
2858 4224 3065 4281 Οὐκοῦν
3109 4227 3382 4298 ἀναθεμαα

1807 4316 2042 4382 τίζοντες
2092 4317 2182 4371 τὸν
2217 4315 2518 4388 Ὠριγένην,
2542 4316 2635 4369 καὶ
2674 4318 2799 4380 τοὺς
2834 4316 3023 4380 ἄλλους
3051 4318 3378 4389 αἱρετικοὺς,

1808 4408 1995 4481 ὦσι-περ
2026 4410 2185 4481 ἡμεῖς
2232 4408 2324 4461 καὶ
2347 4408 2375 4460 ὁ
2404 4406 2503 4477 τῆς
2547 4407 2828 4478 Ῥωμαίων
2866 4408 3026 4476 ἁγίας
3060 4407 3381 4478 Ἐκκλησίας

135 4512 423 4582 Origenem
479 4513 771 4577 nimirum,
816 4511 966 4581 cujus
1020 4525 1267 4579 magnam
1329 4520 1440 4563 tum
1492 4522 1707 4577 quoque

1810 4501 2102 4565 ὲπίσκὸπος
2162 4500 2531 4563 Ἀναστάσιος,
2567 4501 2632 4553 ὲκ
2666 4499 3036 4572 παλαιοτέρων
3069 4499 3383 4569 ἀγωνισμά-

136 4606 305 4659 fuisse
332 4605 384 4660 in
425 4606 606 4660 Africa
635 4605 1001 4661 celebritatem
1034 4619 1099 4659 ex
1132 4619 1197 4657 eo
1227 4601 1571 4656 manifestum
1602 4608 1705 4651 est.

137 4697 266 4751 Inde
290 4709 344 4751 et
370 4695 616 4768 Pelagius
641 4712 775 4767 papa
801 4696 865 4762 ll,
896 4698 948 4752 in
972 4694 1209 4765 Epistola
1239 4695 1306 4747 ad
1341 4692 1513 4746 Etiam
1545 4691 1708 4760 Aqui-

136 4790 470 4855 leiensem,et
496 4790 627 4845 alios
652 4787 826 4844 Istria:
849 4792 1139 4858 episcopos,
1166 4804 1185 4838 ι
1226 4786 1416 4840 Annon
1440 4824 1453 4848 ,
1508 4783 1703 4852 inquit,

138 4895 196 4939 et
248 4883 607 4955 Hieronymus
647 4892 842 4938 nostrae
876 4882 1128 4935 Ecclesiae
1165 4879 1469 4949 presbyter,
1509 4886 1564 4930 et
1601 4876 1706 4928 sin—

139 4977 342 5046 gu‘laris
381 4976 587 5031 Hebraei
630 4975 897 5031 sermonis
940 4975 1206 5043 interpres
1244 4980 1392 5025 tanto
1419 4983 1545 5036 erga
1587 4966 1709 5022 Ori-

141 5083 333 5137 genem
358 5067 541 5122 favore
563 5068 879 5129 intenditur,
895 5074 952 5119 ttt
972 5079 1108 5133 pene
1136 5060 1430 5131 discipulus
1453 5060 1571 5127 ejus
1589 5072 1709 5112 esse

138 5162 388 5216 videatur
420 5159 444 5215 ‘l
484 5181 501 5212 ι
541 5161 664 5215 lnde
713 5159 943 5229 denique
989 5156 1092 5211 sub
1147 5152 1457 5223 Hieronymi
1492 5152 1707 5204 nomine

142 5254 374 5309 conﬁcta
404 5263 487 5309 est
514 5252 761 5322 epistola,
794 5252 848 5306 in
894 5265 999 5321 qua
1047 5264 1106 5304 se
1150 5244 1371 5316 Origeni
1419 5243 1710 5312 aliquando

144 5348 433 5402 adhaesisse
465 5347 617 5401 dolet.

215 5438 471 5505 Quamvis
511 5448 689 5492 autem
721 5436 819 5491 viri
852 5435 925 5506 pii
965 5441 1019 5487 et
1057 5428 1341 5487 orthodoxi
1372 5427 1545 5483 ofﬁcio
1591 5424 1708 5479 fun-

146 5541 264 5584 ctus
306 5530 396 5594 sit,
427 5545 547 5585 cum
588 5529 797 5598 agnitos
825 5524 1144 5594 Origenismi
1182 5534 1395 5574 errores
1430 5516 1661 5585 cjuravit
1693 5530 1709 5580 ;

144 5622 379 5691 optabile
431 5630 607 5676 tamen
664 5620 829 5682 foret,
868 5628 926 5671 ut
976 5617 1349 5671 sanctissimus
1402 5611 1491 5665 tlle
1520 5610 1709 5664 doctor

146 5713 480 5767 Constantior
512 5712 672 5765 animi
706 5710 893 5764 fuisset
921 5718 975 5763 et
1004 5705 1351 5769 moderatior,
1390 5717 1562 5771 neque
1597 5712 1706 5755 tam

150 5803 305 5859 facile
330 5803 423 5859 bili
467 5819 577 5859 suae
609 5802 796 5858 fuisset
827 5800 1204 5870 morigeratus,
1234 5806 1291 5852 ut
1328 5796 1379 5852 in
1408 5793 1712 5862 contraria,

1814 4610 1920 4647 των
1962 4592 2168 4658 ἔνδοξος
2192 4590 2492 4661 στρατηγὸς
2514 4590 2783 4660 ἐπισήμου
2810 4586 2939 4643 λαοῦ
2963 4587 3379 4661 χειροτονηθεὶς,

1813 4682 1858 4756 ᾧ
1886 4688 1977 4741 καὶ
2002 4689 2152 4741 πᾶσα
2181 4685 2287 4739 τῶν
2321 4685 2601 4757 μακαρίων
2629 4686 2769 4739 κατὰ
2789 4685 2886 4758 τὴν
2901 4686 3048 4739 δύσιν
3070 4684 3383 4741 ἐπισκόπων

1810 4780 2001 4834 ’ἐπεται
2014 4778 2245 4843 σύνοδος,
2263 4778 2632 4848 ἀποδεχομένη
2647 4778 2744 4848 τῆς
2755 4776 3253 4848 τῶνἈλεξανδρέων
3269 4776 3384 4832 Ἐκ-

1810 4872 2035 4944 κλησίας
2055 4871 2151 4943 τὴν
2166 4870 2305 4925 κατὰ
2332 4870 2425 4923 τοῦ
2447 4869 2674 4933 ἀσεϐοῦς
2692 4870 2889 4940 ψῆφον.
2913 4889 2930 4920 ι
2958 4867 3123 4938 Igitur
3160 4869 3384 4922 anathe-

1810 4976 1898 5016 ma
1925 4963 2166 5016 dicentes
2199 4962 2250 5013 in
2282 4957 2856 5029 Origenem,aliosque
2878 4959 3181 5022 haereticos,
3200 4974 3383 5029 quem-

1812 5054 2104 5109 admodum
2137 5052 2337 5106 factum
2378 5063 2463 5107 est
2499 5066 2527 5103 a
2570 5051 2743 5115 nobis,
2765 5061 2820 5105 et
2844 5050 2912 5105 ab
2948 5050 3238 5105 Anastasio
3263 5064 3385 5104 san-

1809 5157 1908 5202 ctae
1936 5145 2301 5201 Romanorum
2327 5144 2581 5199 Ecclesia:
2608 5145 2881 5214 episcopo,
2900 5141 2991 5211 qui
3012 5156 3077 5195 ex
3110 5139 3385 5195 veteribus

1813 5238 2200 5295 certaminibus
2252 5236 2463 5301 clarus,
2502 5237 2608 5291 dux
2672 5234 2898 5289 illustris
2942 5232 3121 5303 populi
3165 5241 3385 5287 creatus

1811 5340 1915 5395 est,
1954 5346 2112 5400 quem
2146 5340 2203 5385 et
2228 5328 2405 5384 omnis
2442 5329 2722 5384 beatorum
2748 5326 3059 5382 Occidentis
3100 5324 3383 5393 episcopo-

1812 5440 1932 5480 rum
1957 5424 2200 5494 sequitur
2231 5432 2422 5487 coetus,
2458 5419 2947 5476 Alexandrinorum
2982 5413 3239 5471 Ecclesiae
3265 5428 3385 5467 sen-

1812 5517 2033 5572 tentiam
2066 5516 2325 5570 adversus
2362 5515 2583 5583 impium
2628 5512 2787 5566 latam
2842 5508 3158 5578 suscipiens.
3201 5523 3220 5556 ι
3256 5501 3382 5556 Hie-

1810 5622 2068 5679 ronymus
2099 5616 2247 5662 certe
2285 5606 2381 5661 lib.
2417 5622 2456 5661 ιι
2490 5604 2742 5675 Apolog.,
2763 5604 2894 5674 lcap.
2937 5600 2990 5666 6,
3017 5607 3210 5668 praeter
3236 5594 3383 5646 Ana-

1814 5702 2039 5755 stasium
2089 5709 2142 5754 et
2176 5698 2537 5769 Theophilum
2561 5736 2576 5761 ,
2620 5696 2783 5750 tradit
2820 5693 3111 5749 Venerium
3167 5698 3383 5757 quoque

1816 5792 2269 5849 Mediolanensem
2324 5791 2674 5858 episconum.
2716 5795 2772 5844 et
2811 5783 3179 5843 Chromatium
3216 5775 3385 5844 Aqui-
