3860 6226
435 374 571 429 1155

1707 355 1768 412 Ρ.
1806 350 2121 408 DANIELIS
2161 347 2395 403 HUETII

3567 341 3712 397 “'56

437 496 711 555 teiensem,
750 487 1038 557 Origenem
1078 481 1339 551 subjectis
1380 480 1482 535 sibi
1532 477 1744 548 populis
1792 476 2012 531 haereti-
2041 480 2087 534 Α
2117 472 2204 540 pio
2237 470 2309 525 ita
2350 466 2539 524 haberi
2574 480 2604 519 a
2643 464 2845 521 nostris
2885 461 3128 534 partibus
3167 460 3426 524 alienum,
3480 471 3537 513 at
3579 460 3715 528 quid

436 598 555 639 cum
596 580 975 635 denuntiasse.

499 669 622 727 XX.
665 671 735 724 At
761 683 949 739 parum
977 677 1101 721 sese
1124 662 1457 734 promovisse
1496 668 1645 713 ratus
1674 654 2016 720 Anastasius,

436 764 476 818 si
520 777 626 818 non
682 758 940 814 tumultus
983 763 1261 810 auctorem
1300 750 1575 814 Ruﬁnum,
1609 755 1664 802 et
1700 746 1900 802 bellum
1934 758 2019 798 re-

436 866 727 910 novantem
766 849 1104 913 retunderet,
1144 845 1374 899 Romani
1406 857 1530 897 eum
1578 841 1645 894 ad
1686 851 1906 893 causam
1939 836 2020 889 dio

438 946 665 1002 cendam
690 941 922 998 accersit
974 957 989 993 :
1023 937 1408 1007 tergiversatur
1441 931 1704 995 Ruﬁnus,
1740 937 1795 982 et
1826 926 2023 997 Apolo-

437 1040 578 1111 giam
620 1036 814 1093 scribit
839 1034 905 1088 ad
933 1030 1303 1091 Anastasium,
1345 1041 1449 1097 qua
1488 1024 1701 1078 levibus
1724 1022 1791 1076 ad
1833 1021 2017 1075 detre-

439 1132 691 1187 ctandam
748 1124 1133 1197 profeCtionem
1184 1116 1623 1175 excusationibus
1670 1129 1802 1170 usus
1859 1112 2019 1168 ﬁdem

439 1238 596 1278 suam
629 1219 950 1289 proﬁtetur:
989 1211 1182 1267 deinde
1206 1210 1279 1263 ait
1312 1225 1325 1260 :
1375 1225 1393 1257 ι
1428 1204 1677 1275 Origenis
1715 1217 1813 1270 ego
1846 1213 2023 1269 neque

442 1316 719 1377 defensor,
759 1323 933 1379 neque
971 1314 1215 1362 assertor
1253 1317 1402 1365 sum,
1431 1313 1604 1368 neque
1630 1297 1835 1365 primus
1862 1294 2025 1347 inter-

439 1424 603 1479 pres:
647 1404 738 1459 alii
763 1412 886 1458 ante
927 1416 1012 1455 me
1048 1399 1153 1453 hoc
1192 1397 1334 1451 idem
1366 1406 1500 1462 opus
1530 1390 1810 1454 fecerunt;
1842 1386 1943 1441 feci
1970 1394 2025 1439 et

440 1476 541 1568 ego
576 1503 906 1567 postremus,
945 1497 1170 1558 rogatus
1206 1500 1234 1538 a
1280 1481 1566 1538 fratribus.
1602 1476 1658 1533 Si
1695 1476 1915 1546 jubetur
1957 1491 2023 1530 ne

441 1566 560 1657 ﬁat,
582 1566 758 1659 jussio
781 1580 1058 1639 observari
1093 1579 1255 1633 debet
1287 1576 1340 1629 in
1370 1582 1667 1644 posterum.
1705 1568 1762 1623 Si
1789 1566 2016 1637 culpan-

439 1696 529 1739 tur
574 1658 665 1752 qui
717 1688 841 1733 ante
883 1672 1185 1746 jussionem
1238 1668 1518 1729 fecerunt,
1563 1661 1721 1732 culpa
1761 1678 1790 1714 ει
1832 1658 2023 1729 primis

441 1772 683 1842 incipiat.
726 1768 837 1837 Ego
864 1765 1009 1820 enim
1048 1768 1248 1831 praeter
1280 1758 1421 1811 hanc
1453 1754 1635 1816 ﬁdem,
1667 1765 1827 1820 quam
1859 1760 2023 1814 supra

439 1823 687 1934 exposui,
716 1823 878 1913 iduest
917 1823 1080 1924 quam
1113 1849 1360 1904 Romana
1411 1841 1678 1904 Ecclesia,
1705 1847 1759 1893 et
1783 1835 2021 1891 Alexan-
2055 1823 2101 1883 B

442 1927 618 2018 drina,
659 1960 716 2006 et
742 1943 1098 2017 Aquileiensis
1151 1948 1338 1995 nostra
1372 1946 1557 1999 tenet,
1615 1943 1841 2001 quasque
1870 1927 2024 1983 Jero-

444 2042 666 2114 solymis
692 2038 1039 2110 praedicatur,
1078 2032 1306 2087 alienam
1342 2041 1442 2082 nec
1480 2024 1640 2078 habui
1690 2034 1929 2090 unquam
1972 2018 2025 2072 in

442 2112 545 2189 isto
566 2133 799 2195 homine,
818 2144 915 2184 nec
936 2126 1130 2190 habeo,
1154 2136 1253 2178 nec
1283 2119 1512 2175 habebo.
1550 2136 1568 2167 ι
1589 2112 1910 2183 Neutiquam
1943 2121 2026 2164 ta-

445 2241 568 2280 men
604 2222 1013 2278 excusationem
1041 2218 1181 2272 hanc
1208 2210 1529 2268 Anastasius
1561 2205 1789 2275 accepit,
1820 2204 1912 2259 sed
1945 2202 2029 2256 in-

446 2325 625 2372 stante
653 2313 932 2379 Marcella,
956 2308 1175 2372 Ruﬁno,
1194 2316 1253 2361 ut
1278 2302 1458 2359 verbis
1481 2310 1601 2355 utar
1626 2295 1935 2366 Hieronymi
1958 2294 2025 2356 ⁸⁸,

445 2409 745 2465 caulerium
773 2408 1044 2460 haereseos
1085 2399 1303 2465 inussit,
1348 2408 1583 2464 eumque
1616 2389 1897 2445 damnavit
1934 2402 2030 2441 an.

445 2519 515 2557 no
537 2502 663 2557 401.
702 2516 722 2551 ι
770 2493 1146 2555 Damnationis
1174 2489 1579 2552 haereticorum,
1619 2503 1637 2537 ›
1683 2482 1857 2553 inquit
1885 2480 2025 2534 idem

444 2595 805 2664 Hieronymus
851 2589 1012 2659 epist.
1045 2586 1133 2650 I6,
1182 2602 1200 2636 ι
1240 2584 1357 2638 ὶιῖεο
1406 2576 1656 2633 Marcella
1693 2575 1794 2664 fuit
1821 2571 2027 2664 princi-

444 2686 618 2755 pium,
643 2658 769 2737 dum
815 2677 1038 2733 adducit
1069 2684 1251 2739 testes,
1280 2671 1371 2743 qui
1412 2669 1563 2740 prius
1591 2666 1660 2720 ab
1697 2663 1776 2719 eis
1805 2658 2027 2724 eruditi,

445 2786 493 2832 et
523 2784 709 2847 postea
744 2772 812 2827 ab
844 2768 1098 2825 literetico
1128 2764 1347 2821 fuerant
1369 2774 1561 2817 errore
1591 2754 1861 2825 correpti;
1904 2751 2028 2806 dum

440 2841 685 2925 ost—endit
708 2864 1106 2921 multitudinem
1143 2860 1494 2927 deceptorum
1515 2892 1530 2918 ,
1554 2850 1680 2904 dum
1712 2846 1873 2916 impia
1889 2841 2028 2911 Περὶ

445 2960 647 3033 ἀρχῶν
686 2959 883 3030 ingerit
906 2954 1203 3018 volumina,
1228 2965 1345 3022 quae
1376 2945 1659 3002 emendata
1685 2954 1845 2996 manu
1880 2950 2027 2992 scor-

444 3027 1038 3127 pii—monstrabantur;
1075 3046 1200 3100 dum
1227 3041 1388 3096 acciti
1416 3033 1796 3107 frequentibus
1832 3027 2032 3083 litteris

447 3119 720 3211 limretici,
761 3152 819 3197 ut
855 3154 912 3195 se
948 3135 1345 3197 defenderent,
1376 3129 1563 3183 venire
1598 3139 1701 3180 non
1731 3129 1857 3177 sunt
1887 3119 2028 3182 ausi,
2057 3156 2099 3213 Ο

448 3251 704 3312 tantaque
727 3240 809 3293 vis
831 3232 1178 3292 conscientia
1218 3228 1341 3292 fuit,
1368 3236 1428 3280 ut
1462 3225 1717 3280 absentes
1758 3214 2025 3280 damnari,

446 3305 939 3405 quam-praesentes
966 3322 1189 3394 coargui
1232 3318 1543 3375 maluerint.
1573 3311 1746 3381 Hujus
1774 3319 1882 3363 tam
1915 3305 2028 3376 glo-

446 3431 607 3485 riosae
636 3422 880 3480 victoriae
914 3418 1068 3487 origo
1107 3411 1361 3468 Marcella
1398 3417 1499 3465 est.
1542 3426 1560 3459 ι
1595 3402 1761 3471 Cujus
1788 3398 2028 3455 victoriae

446 3525 592 3579 fama
626 3533 749 3574 cum
794 3529 889 3586 per
929 3521 1101 3565 totum
1147 3503 1333 3561 urbem
1377 3497 1758 3559 increbuisset,
1798 3493 2027 3547 Anasta—

447 3619 588 3673 sium
616 3615 795 3684 ipsum
827 3621 986 3677 super
1015 3601 1213 3658 Ruﬁno
1243 3591 1774 3654 consuluitJoannes
1803 3588 2027 3643 .leroso—

447 3679 765 3781 lymitanns.
823 3698 1049 3769 ejusque
1085 3690 1411 3749 sententiam
1468 3682 1791 3756 exploravit.
1837 3679 2029 3734 Exstat

447 3775 719 3856 Anastasii
745 3788 1026 3861 responsio
1060 3785 1181 3839 data
1210 3781 1277 3836 ad
1302 3795 1390 3834 an.
1425 3776 1552 3840 402,
1593 3775 1646 3828 in
1687 3786 1794 3841 qua
1835 3778 2028 3825 notan-

449 3894 575 3948 dum
608 3889 785 3959 primo
825 3860 960 3938 illud
995 3887 1098 3943 est,
1149 3874 1333 3930 multis
1376 3871 1445 3926 ab
1474 3883 1539 3923 eo
1585 3865 1837 3920 laudibus
1867 3860 2031 3916 toan-

449 4002 575 4043 nem
609 3956 942 4052 Crigenismi
980 3975 1107 4028 licet
1138 3974 1454 4038 suspectum
1505 3959 1725 4023 extolli;
1752 3956 1947 4012 deinde
1976 3966 2030 4009 et

450 4077 630 4135 istud:
658 4092 676 4125 ι
707 4045 970 4141 ὀτῑςθῐιεε
1011 4073 1216 4125 autem,
1254 4056 1413 4125 cujus
1436 4053 1489 4107 in
1515 4059 1757 4106 nostram
1791 4045 2029 4113 linguam

452 4166 746 4239 composita
788 4135 1053 4217 derivavit
1090 4145 1363 4224 (Ruﬁnus)
1396 4153 1523 4199 ante
1574 4141 1697 4212 quis
1753 4136 1935 4203 fuerit,
1975 4135 2029 4189 in

451 4227 593 4331 quae.
616 4251 946 4326 processerit
981 4246 1164 4312 verba,
1196 4249 1443 4297 nostrum
1478 4232 1808 4306 propositum
1850 4227 2029 4283 nesci-

452 4316 551 4404 vit.
576 4367 595 4400 ι
616 4316 792 4399 Addit
833 4337 1087 4394 Ruﬁnum
1140 4334 1242 4387 hac
1273 4322 1722 4396 interpretatione
1754 4318 1914 4372 [idem
1962 4316 2031 4369 ab

455 4436 712 4508 apostolis
741 4436 1092 4505 propagatam
1109 4421 1316 4477 violare
1341 4416 1615 4480 voluisse;
1640 4427 1745 4466 non
1773 4408 2031 4463 damnare

454 4498 657 4594 tamen,
693 4498 795 4582 sia
824 4498 1041 4578 traditis
1073 4517 1127 4573 in
1171 4514 1527 4581 interpretato
1558 4519 1725 4576 opere
1767 4498 2030 4571 dogmatis
2061 4520 2106 4577 ι)

452 4626 771 4687 abhorreat;
813 4618 1070 4673 damnare
1107 4624 1165 4665 se
1204 4605 1436 4675 penitus,
1469 4601 1515 4657 si
1543 4598 1731 4655 iisdem
1755 4593 2027 4649 assentia-

454 4729 564 4773 tur.
587 4716 724 4770 Tum
759 4682 918 4781 paulo
957 4711 1098 4775 post,
1150 4718 1168 4751 ι
1204 4697 1336 4750 Illud
1363 4706 1610 4765 quoque,
1653 4686 1847 4756 inquit,
1884 4682 2028 4747 quod

453 4808 701 4864 evenisse
730 4777 958 4870 gaudeo,
989 4804 1171 4848 tacere
1225 4804 1329 4842 non
1365 4785 1543 4854 potui,
1585 4777 2027 4834 beatissimorum

452 4898 757 4970 principum
800 4901 1052 4945 manasse
1105 4893 1360 4951 responsa
1383 4917 1397 4941 ,
1432 4874 1626 4944 quibus
1656 4869 2031 4938 unusquisque

458 4960 567 5047 Ileo
629 4960 872 5043 serviens
906 4980 974 5035 ab
993 4974 1239 5047 Origenis
1266 4969 1494 5024 lectione
1530 4971 1847 5024 revocetur;
1878 4960 2030 5013 dam-

457 5080 801 5145 nandumque
850 5069 1115 5128 sententia
1164 5061 1483 5135 principem,
1530 5069 1691 5125 quem
1743 5049 1902 5105 lectio
1940 5063 2033 5102 re-

459 5187 577 5227 rum
599 5139 826 5240 profana
846 5158 1171 5233 prodiderit.
1212 5173 1231 5208 ι
1270 5152 1433 5209 Suam
1481 5148 1696 5240 demum
1728 5156 1890 5211 super
1918 5139 2028 5193 Ru-

460 5265 567 5318 lino
588 5232 912 5316 sententiam
944 5252 1028 5306 his
1067 5247 1250 5303 verbis
1279 5241 1542 5313 exponit:
1579 5254 1597 5289 ι
1640 5234 1828 5303 Itaque
1865 5232 2034 5287 frater

460 5350 800 5411 cbarissime,
828 5342 979 5399 omni
999 5338 1307 5408 suspicione
1326 5331 1582 5403 seposita,
1613 5327 1869 5382 Ruﬁnum
1895 5326 2031 5380 scito

461 5441 603 5512 quod
625 5434 843 5507 propria
861 5438 1042 5486 mente
1067 5424 1315 5497 Origenis
1340 5421 1484 5477 dicta
1516 5420 1567 5473 in
1589 5416 1833 5472 Latinum
1856 5426 2035 5469 trans-

463 5507 585 5587 tulit
621 5545 684 5585 ac
714 5525 983 5598 probavit,
1015 5535 1119 5577 nec
1146 5514 1425 5574 dissimilis
1448 5513 1515 5567 ab
1542 5524 1607 5565 eo
1640 5516 1727 5564 est
1773 5508 1862 5578 qui
1898 5507 2033 5562 alie-

463 5628 548 5681 nis
574 5624 718 5679 vitiis
773 5626 994 5693 prazstat
1033 5627 1335 5670 assensum.
1372 5605 1510 5664 Illud
1540 5613 1720 5661 tamen
1760 5602 1901 5660 scire
1937 5614 2032 5656 cu-

512 5810 579 5856 “
608 5822 828 5880 Hieron.
855 5816 1009 5878 Apol.
1035 5815 1227 5884 '5,cap.
1257 5810 1309 5867 6.

2124 576 2270 634 agat,
2288 564 2375 618 ubi
2404 562 2491 623 sit,
2519 560 2728 616 nescire
2753 559 3056 627 cupiamus.
3081 554 3201 624 Ipse
3227 555 3457 623 denique
3489 553 3716 619 viderit,

2121 661 2209 716 ubi
2242 659 2419 731 possit
2444 657 2671 712 absolvi.
2720 675 2740 708 ›
2784 654 3045 723 Quocirca
3075 650 3329 704 Ruﬁnum
3357 649 3430 703 ita
3475 647 3715 715 alloqui-

2124 760 2210 807 tur
2269 750 2628 819 Hieronymus
2682 746 2901 817 Apolog.
2954 743 3049 797 lib.
3084 757 3182 804 ωδ
3214 755 3331 810 cap.
3381 740 3460 795 6:
3493 756 3513 789 ι
3561 738 3717 793 Vade

2121 845 2303 915 potius
2353 842 2606 904 Romam,
2650 849 2733 895 etv
2763 851 3001 908 pnesens
3036 834 3175 905 apud
3212 846 3331 887 eum
3368 822 3731 899 (Romanuml
3820 822 3821 901 Ὺ

2122 938 2458 1007 episcopum)
2498 932 2920 1004 expostula,cur
2949 929 3045 984 tibi
3093 937 3148 982 et
3194 926 3422 988 absenti,
3456 934 3514 979 et
3558 924 3716 978 inno-

2122 1031 2264 1086 centi
2286 1029 2477 1084 fecerit
2505 1024 2885 1083 contumeliam
2909 1037 2925 1088 ;
2950 1021 3181 1091 primum
3214 1028 3275 1072 ut
3299 1032 3404 1072 non
3438 1016 3717 1083 reciperet

2125 1123 2517 1193 expositionem
2561 1119 2686 1175 ﬁdei
2738 1127 2863 1183 tuae,
2911 1130 3074 1185 quam
3123 1112 3335 1176 omnis,
3384 1119 3445 1164 ut
3485 1108 3715 1172 scribis,

2122 1216 2273 1272 Italia
2322 1213 2735 1285 comprobavit,
2766 1219 2818 1264 et
2858 1206 3049 1262 baculo
3097 1217 3309 1260 tuarum
3351 1203 3429 1256 uti
3479 1201 3720 1256 noluerit

2123 1308 2425 1362 litterarum
2474 1312 2664 1358 contra
2691 1313 2855 1355 canes
2886 1307 3008 1352 tuos
3051 1312 3065 1347 :
3097 1294 3291 1350 deinde
3322 1302 3383 1347 ut
3436 1291 3719 1362 Epistolas

2122 1408 2314 1456 contra
2336 1406 2390 1451 te
2417 1395 2484 1450 ad
2527 1394 2801 1449 Orientem
2857 1391 3116 1452 mitteret,
3151 1396 3205 1442 et
3254 1385 3561 1440 cauterium
3620 1382 3714 1437 tibi

2124 1492 2397 1547 haereseos
2419 1487 2550 1541 dum
2582 1484 2760 1539 nescis
2781 1484 3042 1546 inureret,
3061 1480 3371 1546 diceretque
3397 1477 3567 1530 libros
3590 1473 3718 1530 Ori-

2124 1583 2278 1651 genis
2309 1579 2450 1648 Περὶ
2480 1575 2683 1647 ἀρχῶν
2710 1592 2740 1629 a
2771 1584 2822 1628 te
2852 1587 2973 1629 esse
3020 1570 3313 1626 translatos
3334 1610 3348 1632 ,
3382 1577 3436 1623 et
3476 1566 3713 1636 simplici

2124 1674 2382 1728 Romanae
2399 1669 2653 1725 Ecclesiae
2690 1666 2829 1736 plebi
2875 1665 3122 1728 traditos,
3156 1672 3214 1717 ut
3241 1661 3358 1715 ﬁdei
3390 1661 3712 1717 veritatem.

2126 1783 2290 1839 quam
2323 1768 2391 1820 ab
2420 1764 2677 1833 Apostolo
2700 1761 3037 1820 didicerant,
3071 1771 3167 1826 per
3213 1765 3263 1810 te
3302 1754 3643 1824 perderent;
3665 1761 3718 1803 et

2127 1877 2234 1932 quo
2262 1861 2355 1914 tibi
2384 1858 2641 1927 majorem
2674 1854 2878 1909 faceret
2907 1849 3192 1913 invidiam,
3216 1862 3379 1902 ausus
3413 1848 3488 1900 sit
3525 1844 3713 1899 crimi-

2129 1953 2249 2009 nari
2281 1954 2378 2006 hos
2412 1951 2593 2021 ipsos,
2631 1945 2959 2018 praifationis
2996 1954 3099 1997 tuae
3135 1940 3441 1997 testimonio
3490 1938 3721 1992 robora-

2134 2053 2269 2098 tos.»
2313 2042 2455 2108 Quin
2488 2041 2652 2095 etiam
2680 2042 2733 2093 in
2763 2035 3003 2106 Epistola
3034 2033 3124 2100 82,
3158 2034 3227 2086 ad
3268 2032 3722 2086 Marcellinum“

2128 2134 2536 2206 Anapsychiam,
2573 2147 2694 2187 sese
2732 2131 2806 2184 ait
2862 2126 3144 2184 subdolum
3183 2124 3421 2181 libellum
3449 2138 3483 2177 a
3520 2122 3721 2178 Ruﬁno

2127 2230 2365 2285 oblatum
2400 2226 2685 2281 Anastasio
2723 2238 2894 2295 papae,
2920 2223 3163 2291 alia-sque
3188 2219 3358 2290 ipsius
3384 2218 3722 2285 scriptiones

2128 2323 2402 2396 opusculis
2426 2321 2746 2392 quibusdam
2780 2317 3100 2388 explosisse,
3124 2330 3258 2384 quas
3286 2328 3391 2367 non
3419 2313 3574 2366 aliud
3602 2326 3726 2368 esse

2129 2414 2422 2485 conject-rit
2458 2413 2747 2484 quispiam,
2785 2425 2947 2481 quam
2974 2409 3263 2480 Apologias
3295 2409 3464 2476 ipsas,
3500 2407 3570 2462 de
3603 2407 3727 2477 qui-

2129 2507 2229 2562 bus
2254 2507 2501 2577 proxime
2537 2503 3105 2560 Commemorabimus.

2201 2641 2342 2699 XXI.
2384 2641 2496 2696 Hoc
2523 2641 2639 2710 ipso
2678 2655 2821 2694 anno
2866 2638 3133 2708 geminam
3184 2635 3365 2691 Ruﬁni
3425 2637 3725 2690 adversum

2130 2750 2190 2790 se
2219 2734 2533 2804 Apologiam
2563 2731 2775 2804 gemina
2796 2731 2977 2786 itidem
3003 2730 3261 2783 adversus
3286 2727 3547 2781 Ruﬁnum
3580 2730 3730 2797 Apo-

2130 2827 2268 2897 logia
2311 2825 2673 2894 Hieronymus
2710 2823 2924 2892 excepit
2955 2839 2969 2876 :
3001 2836 3123 2875 nam
3155 2836 3279 2874 cum
3325 2836 3388 2874 ex
3420 2818 3731 2875 Occidente

2131 2918 2521 2990 Jerosolymam
2545 2925 2834 2971 remeasset
2866 2914 3031 2984 ipsius
3055 2912 3223 2968 frater
3253 2911 3645 2977 Paulinianns,
3664 2912 3725 2965 ii-

2130 3012 2258 3066 bros
2282 3010 2399 3064 illos
2423 3009 2683 3063 adversus
2703 3023 2826 3062 eum
2857 3006 3184 3069 elaboratos,
3218 3003 3459 3057 nondum
3496 3004 3722 3071 quidem

2135 3106 2203 3160 ab
2224 3112 2463 3167 auctore,
2499 3116 2660 3172 quem
2710 3108 2887 3153 metus
2930 3097 3139 3153 scilicet
3183 3104 3237 3149 et
3284 3096 3461 3165 pudor
3513 3095 3729 3149 inhibe-

2137 3194 2284 3257 bant,
2316 3194 2368 3247 in
2400 3193 2573 3247 lucem
2598 3204 2721 3245 esse
2763 3188 2958 3251 editos,
2988 3186 3081 3240 sed
3121 3185 3260 3239 inter
3302 3182 3490 3237 Ruﬁni
3539 3194 3725 3238 tamen

2135 3285 2429 3340 familiares
2485 3279 2826 3337 circumferri
2890 3278 3253 3347 signiﬁcavit;
3286 3292 3316 3331 e
3344 3275 3554 3345 quibus
3600 3292 3723 3330 cum

2136 3379 2188 3432 in
2212 3377 2400 3446 vulgus
2431 3374 2691 3431 exiissent
2729 3371 3005 3434 nonnulla,
3034 3369 3254 3425 collecta
3283 3383 3346 3423 ea
3382 3368 3449 3421 ad
3495 3368 3723 3432 fratrem

2134 3469 2357 3541 pertulit
2383 3485 2398 3522 :
2424 3468 2565 3537 quod
2597 3465 2769 3533 ipsum
2805 3463 3171 3531 priestiterunt
3193 3475 3287 3529 per
3317 3460 3535 3514 litteras
3565 3460 3727 3513 Pam-

2136 3560 2380 3616 machius
2424 3567 2479 3613 et
2523 3556 2884 3611 Marcellinus.
2922 3554 3037 3607 Non
3091 3554 3161 3607 ad
3212 3552 3309 3606 has
3347 3552 3499 3621 ipsas
3546 3554 3729 3622 itaque

2135 3653 2320 3708 Ruﬁni
2344 3649 2683 3719 scriptiones,
2705 3648 2798 3703 sed
2823 3647 2889 3701 ad
2914 3645 3112 3700 relatas
3134 3660 3162 3697 a
3188 3642 3566 3705 Pammachio,
3590 3643 3733 3698 Mar-

2138 3744 2332 3801 cellino
2380 3752 2435 3797 et
2480 3740 2802 3795 Pauliniano
2837 3738 3240 3794 criminationes
3272 3734 3519 3804 priorem
3561 3750 3727 3804 quam

2138 3839 2398 3894 habemus
2440 3835 2756 3904 Apologiam
2811 3831 3171 3901 Hieronymus
3220 3830 3533 3883 adornavit.
3572 3830 3729 3897 Duo-

2135 3928 2238 3983 bus
2268 3941 2331 3981 ea
2365 3924 2678 3980 continetur
2710 3922 2884 3989 libris,
2913 3934 2967 3976 et
3007 3920 3343 3974 Pammachii
3387 3934 3451 3973 ac
3492 3919 3731 3975 Marcel-

2135 4018 2233 4073 lini
2282 4018 2499 4073 nomine
2546 4015 2806 4084 inscripta
2850 4023 2963 4076 est,
2996 4029 3223 4083 quorum
3278 4012 3494 4065 monitu
3551 4012 3732 4067 fuerat

2136 4109 2487 4173 elucubrata;
2519 4110 2588 4162 ad
2637 4122 2730 4162 eos
2780 4120 2908 4161 vero
2945 4104 3285 4167 transmissa,
3310 4118 3450 4173 quos
3501 4106 3729 4175 scriptis

2137 4204 2250 4259 suis
2283 4201 2511 4256 Ruﬁnus
2542 4197 2817 4254 amaverat
2843 4211 2858 4251 :
2901 4196 2951 4251 in
2976 4212 3147 4265 eaque
3184 4196 3425 4251 declarat
3454 4196 3730 4267 Hiemny-

2137 4310 2257 4350 mus
2292 4293 2648 4348 constitutum
2681 4304 2802 4345 esse
2831 4290 2936 4343 sibi
2968 4287 3223 4358 peculiari
3254 4302 3420 4357 opere
3450 4286 3729 4356 Pamphili

2136 4397 2191 4445 et
2223 4385 2441 4442 Eusebii
2468 4382 2784 4454 Apologiam
2815 4380 3082 4436 refellere.
3112 4380 3232 4434 Haec
3257 4377 3420 4434 simul
3461 4389 3641 4450 atque
3666 4380 3730 4434 ad

2138 4481 2391 4536 Ruﬁnum
2425 4477 2632 4548 perlata
2663 4486 2767 4531 est.
2793 4473 2879 4529 Ira
2933 4473 3219 4539 incitatus,
3256 4486 3593 4540 responsum
3629 4488 3729 4527 una

2135 4591 2258 4631 cum
2292 4570 2564 4642 Apologiis
2595 4568 2741 4623 misit
2784 4567 2849 4622 ad
2896 4565 3304 4635 Hieronymum,
3340 4578 3451 4631 quo
3500 4565 3730 4619 hastatis

2136 4682 2258 4723 eum
2296 4664 2541 4733 apicibus
2600 4659 2919 4724 territabat,
2966 4668 3193 4711 mortem
3234 4655 3533 4720 minitans,
3573 4666 3631 4710 et
3667 4655 3727 4709 ad

2140 4756 2427 4815 tribunalia
2461 4768 2581 4809 sese
2626 4760 3068 4822 provocaturum,
3113 4747 3217 4802 nisi
3249 4746 3573 4803 maledictis
3612 4747 3726 4801 abs-

2137 4851 2353 4906 tineret.
2383 4845 2584 4902 Verum
2606 4843 2785 4897 futiles
2816 4841 2988 4895 minas
3010 4837 3408 4909 parvipendens
3449 4838 3711 4908 llierony~

2137 4960 2280 5008 ntus,
2309 4941 2665 5013 posteriorem
2692 4937 3010 5008 Apologiam
3040 4937 3297 4991 continuo
3339 4936 3657 5005 rescripsit.

2206 5034 2366 5089 XXII.
2396 5032 2521 5088 Post
2565 5038 2769 5099 septem
2825 5043 2999 5083 annos
3043 5042 3205 5096 quam
3255 5025 3376 5079 hrec
3406 5037 3535 5079 acta
3575 5036 3713 5087 sunt,

2134 5131 2275 5185 diem
2312 5128 2503 5183 clausit
2527 5133 2832 5181 extremum
2862 5120 3091 5175 Melania
3133 5118 3351 5181 senior,
3385 5118 3480 5171 vix
3534 5136 3566 5172 a
3598 5132 3721 5186 qua-

2135 5222 2380 5292 draginta
2453 5218 2640 5274 diebus
2701 5213 3092 5283 Jerosolymam
3155 5225 3397 5266 reversa.
3460 5209 3715 5265 Ruﬁnnm

2135 5330 2349 5386 quoque
2378 5320 2636 5382 sequente
2669 5322 2840 5370 anno,
2869 5305 2959 5375 qui
2989 5304 3088 5359 fuit
3116 5319 3144 5357 a
3176 5302 3398 5359 Christo
3424 5313 3564 5357 nato
3597 5304 3715 5365 MO,

2136 5407 2379 5477 Aquileia
2410 5406 2478 5458 ab
2510 5404 2730 5457 Alarico
2757 5408 2965 5454 vastata
3006 5397 3060 5452 in
3087 5395 3274 5450 Sicilia
3305 5392 3601 5464 profugum
3634 5408 3717 5463 pe-

2139 5503 2294 5556 riisse
2326 5500 2491 5556 tradit
2522 5496 2805 5554 Baronius.
2846 5494 2918 5547 At
2943 5494 2996 5547 in
3032 5490 3267 5561 Epistola
3301 5490 3372 5543 ad
3403 5486 3717 5546 Ursaciam,

2135 5612 2294 5668 quam
2330 5590 2757 5666 interpretationi
2800 5584 3327 5661 Commentariorum
3378 5578 3642 5651 Origenis
3673 5580 3717 5631 in

3794 106 3821 317 l

3818 278 3821 409 Φ

3819 450 3821 585 l
