3860 6226
236 360 373 414 1131

1091 356 1662 416 ORIGENIANORUM
1699 356 1827 411 LIB.
1861 354 1927 421 Il,
1965 350 2116 410 CAP.
2159 355 2247 419 IV,
2290 354 2480 409 SECT.
2512 356 2559 409 I.

222 481 425 535 librum
451 478 808 535 Numerorum
835 479 1067 551 praefixit
1098 481 1341 545 Rufinus,
1381 494 1647 550 quamque
1677 492 1799 533 cum
1826 482 1874 538 Α
1902 491 2021 542 cap.
2044 476 2099 529 2.
2121 474 2187 528 Ει
2214 475 2543 545 Augustinus
2570 472 2663 528 lib.
2698 490 2736 528 ιι
2767 472 2844 527 De
2863 482 3063 541 peccat.
3088 473 3302 541 origiu.,
3332 474 3452 527 adv.

225 574 462 626 nondum
495 574 634 626 edita
668 583 831 637 esset,
862 588 1067 627 mecum
1112 574 1238 626 olim
1279 574 1506 644 benigne
1546 585 1782 626 commu-

227 664 780 720 nicaruntclarissimi
802 664 996 719 fratres
1025 664 1238 734 Bigotii,
1272 665 1341 717 ita
1368 664 1556 719 scribit
1588 682 1603 717 :
1641 680 1660 714 ι
1680 662 1788 717 Sed

227 760 513 813 reddendae
551 759 917 827 pollicitationi
980 773 1083 813 non
1134 760 1541 828 tempestivum,
1580 765 1639 810 ut
1697 755 1788 811 ille

228 852 342 916 ait,
396 851 490 904 sed
549 858 971 919 tempestuosum
1021 851 1175 905 nobis
1201 861 1408 919 tempus
1432 864 1496 904 ac
1518 848 1787 903 turbidum

230 945 354 999 fuit.
397 946 527 1012 Quis
558 946 699 1000 enim
730 946 801 1000 ibi
833 944 971 1016 stylo
998 945 1148 1001 locus
1170 954 1273 1009 est,
1304 944 1394 999 ubi
1427 943 1638 998 hostilia
1683 942 1787 996 tela

229 1036 699 1091 metuuntur?ubi
744 1036 796 1090 in
824 1036 997 1091 oculis
1046 1044 1128 1091 est
1178 1036 1389 1089 urbium
1434 1047 1789 1103 agrorumque

227 1127 498 1182 vastatio?
538 1127 625 1181 ubi
663 1126 863 1196 fugitur
887 1142 983 1195 per
1016 1127 1217 1179 marina
1257 1125 1573 1179 discrimina
1595 1164 1611 1187 ,
1644 1134 1698 1179 et
1722 1138 1789 1179 ne

230 1218 347 1288 ipsa
382 1208 595 1287 quidem
637 1217 837 1285 absque
866 1228 1008 1271 metu
1042 1217 1309 1271 habentur
1332 1215 1559 1270 exsilia?
1587 1216 1641 1269 In
1662 1230 1790 1270 eon-

229 1319 417 1379 spectu
452 1308 671 1371 etenim,
701 1317 756 1360 ut
780 1309 998 1361 videbas
1018 1308 1176 1361 etiam
1210 1307 1340 1375 ipse,
1376 1316 1559 1360 nostro
1586 1307 1787 1362 Barba-

231 1414 345 1465 rus,
375 1400 465 1467 qui
500 1398 746 1466 Rhegiun
794 1397 989 1467 oppido
1019 1397 1278 1451 miscebat
1329 1397 1593 1460 incendia,
1624 1411 1789 1465 angu-

229 1491 465 1546 stissimo
494 1505 523 1543 a
554 1489 706 1544 nobis
734 1488 904 1553 freto,
942 1487 1029 1542 ubi
1062 1488 1222 1542 Italiae
1254 1486 1421 1542 solum
1448 1487 1627 1541 Siculo
1660 1488 1791 1542 diri-

229 1582 414 1646 mitur,
448 1580 751 1634 arcebatur.
791 1599 808 1631 ι
847 1580 1051 1649 Agebat
1079 1594 1208 1647 ergo
1239 1589 1350 1632 tum
1394 1581 1447 1632 in
1471 1579 1678 1633 Sicilia.
1703 1578 1791 1633 Ait

229 1671 457 1725 deinde:
497 1689 515 1722 ι
538 1670 653 1725 Jam
677 1671 821 1724 enim
849 1687 915 1725 ex
939 1670 1185 1725 omnibus
1214 1685 1333 1739 quae
1372 1671 1425 1724 in
1452 1670 1566 1737 lege
1593 1670 1789 1739 scripta

229 1759 438 1825 reperi,
471 1758 596 1812 solae
640 1766 695 1811 ut
728 1772 855 1827 puto
890 1759 940 1811 in
971 1759 1384 1814 Deuteronomio
1427 1759 1620 1813 desunt
1662 1774 1789 1812 ora-

1889 568 2070 638 Pelag.
2101 576 2155 622 et
2178 566 2418 632 C(elest.,
2452 566 2617 619 refert
2668 565 2720 618 in
2749 564 2950 634 judicio
2998 565 3283 635 episc0pali
3322 566 3454 620 Car-

1892 661 2109 730 thagine
2138 658 2343 721 habito,
2378 657 2640 727 quaerenti
2670 655 2892 710 Paulino
2920 656 3145 712 diacono
3174 657 3454 727 presbyte-

1890 766 2068 805 rorum
2098 750 2313 804 nomina
2340 789 2355 815 ,
2399 766 2427 802 a
2453 749 2646 817 quibus
2687 743 3022 816 pestilentem
3055 762 3208 803 suam
3259 748 3455 802 doctri-

1887 859 2010 898 nam
2037 841 2320 898 Coelestius
2349 841 2673 910 accepisset,
2713 839 3052 908 respondisse
3097 837 3403 893 leestium
3434 855 3451 892 :

1894 953 1915 987 ι
1949 935 2183 990 Sanctus
2232 934 2512 1003 presbyter
2564 932 2830 997 Rufinus,
2880 930 3065 987 Romae
3114 932 3204 1000 qui
3258 930 3454 985 mansit

1888 1043 2008 1081 cum
2036 1034 2225 1081 sancto
2257 1025 2620 1080 Pammachio.
2658 1024 2772 1094 Ego
2805 1023 2983 1077 audivi
3008 1022 3153 1076 illum
3185 1022 3453 1077 dicentem

1889 1118 2011 1188 quia
2045 1116 2234 1170 tradux
2288 1116 2497 1185 peccati
2535 1130 2641 1170 non
2698 1115 2788 1170 sit.
2825 1133 2845 1166 ι
2892 1114 3100 1169 Idcirco
3144 1112 3452 1185 Origeniani

1889 1208 2120 1263 nominis
2147 1208 2401 1262 invidiam
2452 1207 2504 1260 in
2557 1221 2616 1261 se
2663 1220 2977 1260 conversam
3017 1204 3258 1259 sentiens
3302 1204 3455 1260 Pela-

1888 1299 2026 1368 gius,
2059 1314 2179 1352 cum
2215 1299 2352 1367 apud
2385 1298 2753 1352 Innocentium
2784 1312 2974 1367 papam
3004 1312 3062 1351 se
3093 1308 3365 1366 purgaret,
3398 1295 3451 1348 in

1888 1387 2065 1442 libello
2134 1388 2257 1441 fidei
2300 1388 2590 1455 prtecipuos
2634 1387 2877 1458 Origenis
2921 1401 3133 1441 errores
3179 1394 3455 1455 proterere

1890 1493 1948 1533 se
1998 1478 2283 1534 simulavit.
2316 1478 2487 1533 Porro
2532 1487 2589 1533 ut
2616 1479 2950 1549 Origeniana:
2988 1479 3180 1534 haeresi
3213 1477 3455 1549 Pelagia-

1890 1586 1977 1636 na,
2006 1570 2084 1627 sic

2240 1659 2625 1718 ...Nestoriana
2660 1663 2769 1717 lues
2792 1665 3034 1718 successit
3069 1662 3393 1732 Pelagianae,

1894 1752 2066 1823 inquit
2094 1753 2323 1822 Prosper
2351 1755 2401 1807 in
2433 1753 2715 1823 Epitaphio
2745 1754 3075 1810 Nestoriana:
3118 1764 3173 1809 et
3204 1752 3449 1824 Pelagia-

231 1849 499 1913 tiunculze,
536 1865 669 1920 quas
696 1851 741 1904 si
770 1851 1027 1905 Dominus
1061 1849 1280 1917 juverit,
1309 1860 1364 1904 et
1392 1851 1675 1905 sanitatem
1699 1852 1790 1906 de-
1821 1838 1863 1891 Β
1894 1858 1974 1899 na‘
2005 1843 2299 1898 haereseou.
2330 1843 2435 1898 Sed
2487 1844 2738 1913 quoniam
2770 1855 2965 1913 praeter
3011 1846 3310 1899 institutum
3358 1860 3451 1899 no-

230 1941 367 1995 derit
406 1941 597 2007 oculis,
664 1943 907 2010 cupimus
959 1940 1168 2011 reliquo
1222 1957 1445 2009 corpore
1509 1943 1715 1996 sociare
1770 1958 1782 1993 :

228 2034 473 2103 quamvis
511 2036 909 2090 amantissimus
953 2035 1095 2089 filius
1149 2045 1331 2090 noster
1361 2036 1655 2099 Pinianus,
1693 2051 1788 2090 cu-

225 2126 314 2197 jus
344 2127 647 2197 religiosum
678 2136 878 2182 cretum
922 2142 1020 2197 pro
1067 2142 1251 2181 annore
1304 2127 1571 2196 pudicitiae
1611 2128 1789 2197 profu-

229 2232 352 2285 gum
386 2218 727 2283 comitamur,
775 2218 1015 2287 injuugat
1065 2226 1120 2271 et
1172 2218 1299 2273 alia.
1340 2236 1359 2268 ι
1402 2217 1653 2272 Pinianus
1678 2217 1786 2284 ille,

232 2305 385 2374 cujus
409 2308 464 2361 in
496 2308 747 2361 comitatu
782 2323 842 2363 se
869 2316 977 2361 tum
1018 2307 1184 2363 fuisse
1214 2309 1298 2363 ait'
1319 2309 1564 2373 Rufinus,
1600 2308 1645 2363 is
1674 2316 1790 2363 erat

232 2395 473 2451 Melaniae
512 2396 741 2463 junioris
783 2396 1026 2451 maritus.
1077 2396 1227 2452 Hune
1266 2396 1432 2451 Roma
1478 2396 1790 2451 discessisse

235 2502 378 2541 anno
405 2486 529 2551 408,
560 2495 613 2543 et
650 2484 1024 2556 Carthaginem
1050 2488 1320 2556 appulisse
1342 2503 1481 2542 anno
1508 2489 1632 2555 409,
1675 2489 1789 2559 ipse

232 2580 476 2648 agnoscit
504 2579 781 2634 Baronius.
815 2580 980 2647 Igitur
1024 2580 1106 2634 vel
1136 2580 1385 2635 Rufinum
1438 2580 1490 2634 in
1524 2579 1706 2633 Sicilia
1755 2595 1785 2633 a

233 2670 455 2726 Piniano
482 2683 536 2725 et
561 2680 791 2741 utraque
824 2670 1051 2725 Melania
1076 2671 1320 2726 relictum
1360 2686 1505 2725 mors
1532 2685 1673 2725 anno
1705 2684 1789 2725 se-

228 2763 413 2831 quenti
443 2763 809 2831 oppresserit;
842 2762 922 2817 vel
953 2772 1099 2817 certe
1124 2771 1331 2832 tempus
1374 2777 1403 2815 a
1438 2761 1665 2817 Baronio
1703 2775 1787 2816 as-

228 2856 496 2925 signatum
528 2871 632 2909 uno
653 2856 841 2911 saltem
872 2870 1013 2910 anno
1045 2856 1221 2910 Rufini
1266 2856 1445 2910 obitus
1487 2862 1788 2909 anteverte-

232 2948 325 3009 rit,
357 2947 453 2999 viri
490 2946 826 3017 Origeniana:
850 2946 1106 3000 doctrinae
1136 2947 1208 3000 ita
1236 2946 1489 3011 studiosi,
1530 2955 1586 2999 ut
1609 2945 1789 2999 infini-

230 3047 315 3091 tas
352 3038 453 3090 sibi
486 3038 690 3102 turbas,
726 3038 985 3103 convicia,
1019 3036 1290 3091 infamiam
1313 3047 1366 3092 et
1393 3037 1785 3091 damnationem

228 3121 459 3189 denique
502 3121 617 3189 ejus
656 3136 815 3176 causa
864 3121 1128 3192 pepererit
1169 3137 1182 3172 :
1230 3122 1318 3189 qui
1364 3121 1407 3175 si
1467 3122 1644 3174 animo
1692 3136 1788 3175 suo

228 3209 420 3266 fuisset
453 3212 777 3276 moderatus,
811 3222 865 3267 et
895 3228 923 3265 a
954 3212 1209 3266 librorum
1239 3212 1374 3279 Περὶ
1397 3210 1597 3279 ἀρχῶν
1620 3213 1785 3265 inter-

227 3303 529 3371 pretatione
558 3304 901 3359 abstinuisset
929 3319 1146 3357 manum
1171 3343 1186 3367 ,
1224 3318 1379 3358 suum
1403 3304 1503 3357 sibi
1528 3302 1785 3372 Origenes

232 3395 416 3457 decus,
443 3394 772 3463 gloriamque
816 3396 867 3448 in
916 3394 1204 3450 Occidente
1249 3402 1550 3455 servasset;
1596 3408 1783 3447 verum

232 3483 357 3539 dum
389 3485 549 3538 tradit
576 3484 719 3539 illum
748 3483 952 3540 Latinis
975 3486 1274 3555 legendum,
1308 3501 1371 3540 ex
1408 3485 1641 3539 omnium
1673 3498 1786 3536 ma-

230 3571 389 3626 nibus
421 3573 656 3627 excussit
686 3591 699 3628 :
733 3592 751 3625 ι
781 3574 948 3629 Totus
995 3576 1135 3628 enim
1164 3574 1342 3637 orbis,
1375 3592 1394 3624 ι
1445 3573 1615 3640 inquit
1665 3570 1786 3626 Hie-

230 3676 488 3731 ronymus
537 3664 689 3731 Apol.
738 3680 779 3725 I,
832 3679 948 3725 cap.
982 3664 1035 3728 5,
1090 3682 1109 3715 ι
1154 3672 1273 3731 post
1326 3661 1727 3715 translationem
1762 3679 1781 3713 ι

233 3753 408 3807 Rufini
460 3774 478 3807 ι
511 3756 561 3809 in
605 3754 847 3825 Origenis
897 3756 1075 3809 odium
1130 3754 1364 3818 exarsit,
1422 3767 1578 3824 quem
1630 3762 1784 3807 antea

231 3842 547 3913 simpiiciter
591 3844 883 3899 lectitabat.
919 3864 937 3896 ι
991 3844 1346 3899 Nihilominus
1389 3845 1454 3897 ab
1501 3844 1788 3898 Anastasio

229 3934 358 3989 licet
386 3937 668 3989 damnatus
704 3936 863 3990 fuerit
887 3934 1132 4002 Rufinus,
1170 3934 1283 4003 ejus
1305 3944 1482 3989 tamen
1512 3944 1793 3989 consuetu-

224 4028 351 4082 dine
404 4043 556 4081 usum
608 4027 770 4082 fuisse
812 4028 1176 4082 Chromatium
1217 4026 1612 4095 Aquileiensem
1672 4026 1789 4095 epi~

224 4134 450 4187 scopum
482 4121 767 4189 persuadet
792 4119 959 4188 ipsius
993 4119 1242 4174 Praefatio
1270 4118 1579 4173 Eusebiauw
1609 4118 1791 4174 Histo-

226 4210 327 4261 ria:
367 4223 395 4260 a
435 4224 491 4263 se
518 4224 788 4263 convcrsze
814 4211 1087 4279 praemissa
1110 4248 1125 4271 ,
1150 4225 1253 4278 qua
1299 4222 1479 4280 rogatu
1526 4211 1790 4266 Chroma-

226 4300 313 4359 ti,
342 4300 519 4352 animo
554 4317 616 4354 ex
641 4302 826 4370 patriae
855 4302 1004 4357 clade
1028 4301 1221 4356 afllicto
1252 4303 1489 4357 solamen
1534 4303 1790 4356 adhibere

228 4391 484 4456 volentis,
529 4406 825 4461 susceptam
862 4395 1002 4448 illam
1042 4412 1069 4449 a
1116 4412 1173 4451 se
1207 4397 1442 4452 Ostendit
1508 4396 1789 4451 Melaniam

1893 1943 2061 1993 struet
2094 1945 2175 1990 est
2202 1935 2408 1990 illarum
2437 1934 2682 2000 historia,
2710 1946 2760 1990 et
2790 1935 3016 1989 aliorum
3044 1935 3315 1991 laboribus
3339 1934 3449 2003 jam

1892 2027 2023 2081 satis
2054 2026 2344 2089 illustrata,
2377 2028 2443 2081 ad
2468 2028 2747 2095 sequentia
2774 2042 3142 2098 properamus.

1962 2115 2151 2170 XXIV.
2191 2117 2438 2172 Obtritus
2479 2117 2636 2187 plane
2680 2132 2744 2173 ac
2790 2120 3161 2187 pessumdatus
3200 2118 3252 2173 in
3295 2116 3450 2174 Occi-

1891 2207 2050 2263 dente
2097 2208 2375 2263 videbatur
2404 2208 2802 2278 Origenismus,
2836 2226 2957 2266 cum
2990 2224 3116 2265 ecce
3154 2210 3295 2265 Aviti
3346 2210 3450 2267 duo

1892 2298 2134 2367 Hispani,
2164 2298 2390 2354 Romam
2417 2300 2571 2361 alter,
2609 2301 2745 2356 alter
2777 2300 3165 2372 Jerosolymam
3199 2301 3447 2371 profecti,

1892 2391 1946 2445 in
1974 2392 2204 2461 patriam
2240 2401 2363 2461 post
2399 2393 2630 2446 reditum
2674 2408 2882 2449 merces
2923 2392 3274 2463 Origenianas
3304 2393 3446 2447 intu-

1892 2482 2083 2537 lerunt.
2115 2482 2313 2536 Ilorurn
2345 2481 2479 2536 alter
2506 2482 2594 2554 (is,
2628 2483 2681 2536 ni
2719 2482 2895 2548 fallor,
2926 2484 3015 2554 qui
3050 2483 3441 2554 Jerosolymam

1891 2571 2259 2635 contenderat,
2305 2585 2568 2640 quemque
2601 2572 2793 2627 adiisse
2835 2573 3216 2643 Hieronymum
3262 2574 3313 2627 iu
3340 2573 3445 2629 Pa-

1891 2661 2093 2716 lrestina
2120 2661 2397 2731 degentem
2437 2662 2727 2717 verisimile
2751 2663 2853 2733 est)
2901 2664 2967 2719 ab
2994 2663 3314 2735 Hieronymo
3353 2680 3447 2734 po-

1891 2750 2203 2818 stulaverat,
2242 2762 2298 2807 ut
2320 2752 2563 2823 Origenis
2591 2752 2753 2807 libros
2785 2754 2924 2822 Hspl
2958 2755 3163 2825 dpxdw
3186 2796 3201 2821 ,
3237 2757 3447 2812 sincere

1890 2852 1946 2898 et
1979 2842 2205 2899 ﬁdeliter
2245 2859 2537 2899 conversos
2586 2846 2651 2899 ad
2704 2860 2765 2900 se
2826 2846 3100 2913 mitteret;
3134 2848 3276 2916 quod
3323 2862 3447 2902 cum

1894 2932 2050 2989 facile
2082 2934 2440 3004 impetrasset,
2482 2935 2859 3005 cavendosque
2885 2950 3101 2991 errores
3129 2952 3226 3003 per
3248 2937 3450 3006 episto-

1894 3025 1999 3080 lam
2028 3026 2383 3098 Hieronymus
2409 3036 2911 3097 praemonstrasset,
2954 3029 3019 3084 iis
3068 3038 3240 3083 tamen
3274 3029 3448 3098 impli-

1894 3117 2005 3171 cari
2039 3133 2097 3173 se
2124 3127 2178 3173 et
2204 3118 2353 3173 illudi
2378 3134 2566 3188 passus
2595 3128 2716 3185 est;
2745 3118 3049 3175 acalterum
3080 3136 3291 3189 quoque
3316 3121 3447 3175 Avi-

1890 3215 1998 3259 tum
2030 3207 2079 3260 in
2108 3207 2325 3262 easdem
2357 3207 2695 3277 opinationes
2720 3209 3006 3278 pertraxit.
3039 3207 3233 3263 Patria:
3264 3224 3453 3265 consu-

1885 3297 1999 3351 lens
2031 3296 2226 3352 Paulus
2256 3297 2480 3354 Orosius
2503 3338 2520 3368 ,
2552 3314 2711 3369 quam
2757 3301 2869 3353 hazc
2891 3340 2907 3366 ,
2955 3309 3115 3368 atque
3161 3300 3275 3354 aliae
3323 3301 3449 3355 item

1885 3389 2118 3444 hzereses
2161 3391 2550 3458 pervadebant,
2589 3390 2870 3461 Augustini
2921 3406 3073 3460 opem
3122 3391 3300 3446 oblato
3348 3390 3451 3460 ipsi

1888 3480 2306 3535 Commonitorio
2349 3482 2673 3551 imploravit.
2718 3480 2932 3551 Scripto
2984 3481 3165 3536 statim
3210 3483 3274 3536 ad
3315 3481 3449 3537 Oro-

1887 3573 2025 3628 sium
2076 3572 2537 3628 Commentariolo
2586 3574 2842 3628 adversus
2906 3572 3346 3629 Priscillianistas
3397 3582 3452 3627 et

1888 3664 2246 3733 Origenistas.
2273 3663 2520 3718 haeresim
2550 3672 2835 3733 utramque
2859 3662 3168 3732 Hispaniam
3194 3664 3452 3717 infestan-

1891 3765 1996 3809 tem
2034 3755 2369 3823 proculcavit
2389 3755 2751 3825 Augustinus;
2778 3764 2832 3808 et
2857 3756 2909 3808 in
2948 3755 3148 3808 eximio
3193 3763 3455 3823 praeterea

1890 3846 1966 3899 De
1996 3846 2198 3899 civitate
2242 3845 2333 3899 Dei
2361 3859 2543 3913 opere,
2574 3845 2714 3913 quod
2762 3856 2889 3900 tunc
2934 3846 3273 3911 elaborabat,
3306 3856 3362 3900 ut
3397 3855 3453 3901 et

1891 3937 1943 3990 in
1975 3937 2095 3992 aliis
2125 3952 2337 4006 quoque
2365 3936 2775 4004 scriptionibus,
2811 3951 2929 3992 eum
2970 3934 3286 4006 Origenistis
3318 3950 3454 4005 pra!-

1890 4030 2054 4083 liatus
2090 4040 2192 4083 est.
2232 4028 2587 4094 Quarstionem
2618 4043 2802 4092 unam,
2846 4043 2965 4098 qua:
3006 4037 3090 4083 est
3146 4028 3210 4081 de
3246 4027 3455 4096 origine

1891 4121 2214 4185 animarum,
2248 4120 2477 4175 definire
2506 4136 2611 4175 non
2636 4136 2821 4186 ausus,
2852 4120 3100 4175 ()rosium
3134 4120 3187 4174 in
3213 4118 3453 4173 Palaesti-

1891 4228 2017 4268 nam
2058 4212 2207 4269 misit
2250 4215 2316 4269 ad
2361 4213 2785 4284 Hieronymum,
2841 4226 3000 4282 quem
3047 4212 3457 4281 disceptationis

1891 4306 2047 4374 hujus
2070 4306 2329 4359 arbitrum
2375 4319 2495 4359 esse
2533 4304 2718 4358 voluit.
2772 4303 3113 4358 Manifestum
3161 4304 3343 4373 itaque
3381 4319 3451 4359 ex

1891 4410 1957 4449 eo
1981 4402 2082 4458 est,
2114 4394 2303 4448 merito
2332 4395 2470 4448 inter
2516 4394 2853 4462 supposititia
2896 4403 2948 4448 et
2985 4394 3282 4465 Augustino
3324 4409 3453 4463 per-

230 4496 447 4551 quoque
466 4482 553 4536 diu
603 4496 719 4553 post
753 4485 1004 4540 inflictam
1053 4488 1245 4542 Rufino
1293 4503 1577 4543 censuram
1617 4496 1792 4541 certa-
1824 4509 1867 4563 ι)
1896 4499 2079 4553 peram
2110 4485 2337 4553 ascripta
2369 4482 2517 4551 rejici
2546 4482 2779 4537 libellum
2840 4482 2912 4535 De
2966 4484 3158 4537 deitate
3181 4494 3231 4537 et
3278 4484 3455 4537 incar-

228 4573 328 4625 tim
365 4573 608 4627 laudibus
638 4575 940 4629 extulerunt
967 4578 1290 4646 Augustinus
1317 4587 1370 4631 et
1408 4576 1664 4631 Paulinus
1696 4594 1709 4628 :
1738 4586 1792 4631 et

226 4674 355 4731 post
392 4673 619 4718 mortem
674 4665 884 4719 demum
933 4666 986 4719 in
1047 4666 1352 4721 Grzecorum
1402 4666 1792 4737 Martyrologiis

232 4756 377 4810 inter
403 4764 614 4809 sanctos
650 4756 879 4813 ascripta
909 4767 1010 4811 est.

308 4844 494 4899 XXIII.
524 4848 595 4900 At
625 4861 728 4900 non
778 4847 955 4900 Rufini
996 4847 1142 4901 obitu
1178 4857 1289 4901 sata
1341 4849 1408 4902 ab
1455 4848 1567 4916 ipso
1612 4845 1793 4917 Origt“

231 4937 395 4991 nismi
447 4938 649 4992 semina
693 4939 955 4993 exstincta
1010 4949 1150 4994 sunt.
1203 4939 1468 5010 Pelagius,
1504 4942 1795 4995 monachus

232 5030 453 5082 natione
469 5030 781 5096 Britannus,
806 5038 1019 5098 arrepta
1053 5032 1294 5100 quaedam
1315 5032 1561 5101 Origenis
1580 5034 1795 5102 dogma-

234 5131 293 5175 ta
332 5137 360 5173 a
400 5121 594 5175 Rufino
638 5122 848 5176 exculta
883 5131 937 5177 et
970 5134 1258 5192 prepagata
1307 5125 1601 5178 renovavit.
1651 5123 1795 5190 Quo-

236 5212 383 5266 circa
419 5211 775 5283 Hieronymus
810 5213 862 5267 in
902 5213 1171 5268 Prommio
1215 5214 1279 5268 ad
1318 5214 1410 5268 lib.
1455 5230 1473 5268 1
1506 5213 1791 5268 Comment.

235 5301 297 5354 in
342 5298 537 5354 Jerem.
589 5302 916 5369 Grunnium,
966 5305 1065 5357 hoc
1121 5310 1206 5357 est
1252 5303 1542 5367 Rufinum,
1600 5304 1797 5374 Pelagii

238 5409 263 5444 ι
325 5407 739 5460 ριωευιδοιυειιι-
771 5402 826 5448 et
887 5395 1197 5462 magistrum
1246 5413 1265 5445 ι
1311 5394 1559 5463 appellat.
1594 5395 1801 5465 ,Dogma

237 5498 453 5553 quoque
482 5484 746 5549 ἀπαθείας
773 5495 827 5541 et
856 5486 1294 5556 ἀναμαρτησίας,
1326 5487 1466 5554 quod
1494 5500 1655 5554 supra
1689 5497 1799 5540 tra-

239 5576 522 5638 ctavimus,
559 5579 626 5631 ab
659 5577 975 5646 Origenistis
1012 5579 1284 5646 accepisse
1328 5577 1638 5646 Pelagianos
1675 5593 1799 5647 pro-

243 5666 322 5718 dit
353 5666 404 5720 in
437 5666 703 5722 Protemlo
742 5668 951 5737 Dialog.
1004 5669 1121 5723 adv.
1157 5668 1335 5738 Pelag.
1382 5679 1435 5723 et
1469 5669 1521 5721 in
1566 5667 1798 5723 Pl’OCBlII.

247 5754 342 5811 lib.
380 5773 429 5812 tv
454 5756 745 5817 Comment.
776 5761 830 5815 in
858 5758 1053 5815 Jerem.
1075 5770 1130 5817 et
1160 5761 1211 5815 iu
1246 5760 1415 5828 Epist.
1450 5760 1516 5815 ad
1549 5758 1804 5829 Ctesiph.,

1899 4578 2129 4639 natione,
2166 4577 2231 4631 ad
2260 4574 2597 4639 Januarium,
2648 4575 2737 4643 qui
2772 4574 3002 4629 habetur
3059 4575 3110 4628 in
3151 4574 3459 4643 Appendice

1897 4669 2071 4736 quarti
2109 4668 2235 4722 torni
2274 4682 2287 4718 :
2334 4666 2532 4736 quippe
2590 4667 2681 4735 qui
2736 4665 3074 4736 Origenianis
3124 4665 3236 4721 fere
3265 4666 3457 4736 pannis

1898 4768 2151 4813 consutus
2179 4767 2233 4811 et
2253 4757 2659 4811 consarcinatus
2684 4767 2788 4810 est.

1970 4850 2193 4905 Circiter
2228 4851 2367 4903 idem
2407 4860 2610 4917 tempus
2661 4848 3100 4918 Semipelagiana:
3136 4849 3325 4905 heresi
3366 4864 3458 4904 ro-

1901 4941 2003 4995 bur
2026 4939 2262 4995 Joannes
2288 4940 2577 4995 Cassianus
2605 4939 2658 4993 in
2691 4938 2875 4994 Galliis
2900 4940 3220 4996 conciliabat
3250 4956 3316 4995 ex
3338 4940 3458 4995 Ori-

1902 5031 2053 5101 genis
2079 5030 2479 5100 scriptionihus,
2533 5030 2685 5098 cujus
2734 5031 3042 5085 econtrario
3091 5046 3283 5086 nomen
3330 5029 3460 5085 Vin-

1900 5121 2109 5176 centius
2134 5120 2432 5176 Lirinensis
2475 5121 2674 5176 ibidem
2713 5123 3029 5177 traducebat
3071 5138 3085 5173 :
3128 5123 3180 5176 in
3206 5122 3462 5178 Commo-

1901 5211 2095 5265 nitorio
2143 5210 2406 5279 siquidem
2455 5212 2633 5280 priore
2676 5213 2879 5266 advers.
2943 5210 3149 5267 "teres.
3224 5228 3345 5281 cap.
3390 5212 3463 5265 25

1908 5304 2037 5357 dum
2075 5302 2360 5357 ostendere
2386 5312 2609 5357 conatur
2648 5318 2883 5359 errorem
2924 5304 3168 5373 Origenis
3216 5303 3465 5357 Ecclesiae

1909 5393 2002 5447 Dei
2022 5392 2303 5448 offensioni
2332 5392 2531 5462 fuisse,
2554 5405 2836 5463 postquam
2876 5396 3163 5465 praeclaras
3205 5394 3346 5448 illius
3371 5394 3466 5447 do-
3536 5444 3539 5473 Γ

1909 5494 1986 5538 tes
2012 5484 2194 5539 multis
2224 5483 2552 5551 dilaudavit,
2603 5504 2621 5536 ι
2655 5484 2762 5551 Eo,
2796 5486 2996 5556 inquit,
3027 5500 3112 5541 res
3134 5486 3364 5549 decidit,
3408 5495 3467 5537 ut

1904 5586 2065 5631 tantae
2095 5591 2361 5647 personae,
2395 5577 2527 5630 tanti
2569 5577 2802 5631 doctoris
2825 5619 2840 5644 ,
2872 5578 3006 5631 tanti
3045 5576 3319 5645 prephetaa
3360 5590 3465 5633 non

1908 5668 2141 5723 humana
2166 5668 2365 5737 aliqua.
2400 5669 2497 5722 sed
2520 5676 2577 5721 ut
2600 5669 2777 5723 exitus
2809 5668 3014 5733 docuit,
3066 5666 3288 5721 nimtum
3324 5667 3468 5734 peri-

1911 5760 2092 5816 culosa
2124 5762 2348 5817 tentatio
2377 5760 2635 5831 plurimos
2662 5776 2691 5815 a
2720 5761 2847 5817 fidei
2892 5759 3198 5831 integritate
3240 5759 3467 5815 deduce-

3319 356 3463 411 “58'

3549 5709 3563 5739 ἆ
