3860 6226
320 246 454 302 illi

1153 247 1718 315 ORIGENIANORUM
1756 254 1881 313 LIB.
1922 256 1987 324 Il,
2023 256 2173 314 CAP.
2215 254 2304 319 IV,
2348 255 2541 312 SECT.
2582 256 2644 312 Il.

3413 258 3558 315 “42

316 368 571 424 habuisse
618 369 858 440 ipsorum
910 371 1228 441 partiarium
1297 374 1559 431 Isidorum
1608 376 1881 446 conjicere
1908 383 1955 438 Α
1985 379 2266 448 d0gmatis,
2291 380 2428 448 quod
2462 379 2627 434 Deum
2660 379 3036 451 incorporeum
3066 379 3272 445 statuit,
3299 382 3548 452 quodque

312 457 438 513 licet
474 474 538 514 ex
583 458 686 514 isto
739 459 1047 532 Hieronymi
1094 461 1262 530 Epist.
1298 462 1385 529 6|,
1433 464 1499 518 ad
1550 462 1881 530 Pammach.,

314 561 434 616 cap.
480 547 568 613 l5,
604 567 622 599 ι
661 548 724 602 Ει
766 557 945 603 tamen
978 549 1081 603 iste
1112 549 1471 622 Hieronymus
1496 567 1617 607 cum
1644 566 1883 621 pannosa

314 639 473 692 turba
499 648 556 693 et
593 639 886 695 sordidatis
921 641 1208 711 gregibus,
1240 646 1365 712 quid
1408 643 1614 699 Isidoro
1645 643 1723 697 illi
1778 643 1881 696 ful-

312 732 495 787 mineo
525 747 688 787 ausus
720 743 805 789 est
838 736 1203 803 respondere?
1248 737 1318 790 At
1363 750 1430 791 ne
1464 735 1602 790 forte
1644 735 1733 789 ille
1775 750 1880 790 nou

310 823 580 891 crederet,
612 834 666 879 et
691 827 1018 896 opprimeret
1053 843 1146 883 eos
1171 831 1455 898 przesentia
1485 839 1540 884 et
1584 830 1726 885 mole
1758 844 1880 886 cor-

309 919 458 986 poris
483 920 586 984 sui,
619 939 637 972 ι
672 930 776 977 etc.
800 920 933 976 Cum
959 920 1154 978 fratres
1185 923 1302 978 illos
1327 925 1621 993 percharos
1652 925 1877 980 haberet

310 1009 679 1081 Theophilus,
759 1013 1074 1069 Dioscorum
1153 1014 1537 1086 Hermopoleos
1601 1018 1881 1072 constituit

308 1102 657 1173 episcopum;
704 1104 840 1160 duos
872 1115 1050 1161 autem
1102 1106 1299 1162 invitos
1346 1108 1484 1177 apud
1523 1122 1581 1163 se
1624 1108 1875 1163 detinuit.

308 1195 487 1264 Atque
519 1194 656 1251 hanc
678 1197 894 1267 quidem
926 1199 1115 1263 vitam,
1150 1199 1418 1256 desiderio
1460 1199 1584 1256 licet
1614 1204 1877 1258 monasti-

311 1301 389 1341 cae
422 1287 547 1341 vitae
598 1287 958 1354 tabescentes,
1012 1288 1336 1357 tolerabant,
1375 1292 1550 1360 quoad
1598 1304 1877 1363 perspecta

307 1380 545 1448 episcopi
577 1380 825 1444 avaritia,
860 1381 1128 1436 hominem
1154 1381 1328 1448 exosi,
1363 1397 1577 1438 rursum
1604 1386 1657 1439 in
1689 1384 1875 1439 solitu-

307 1469 486 1523 dinem
522 1479 641 1540 post
687 1470 978 1525 triennium
1014 1482 1377 1526 secesserunt.
1411 1472 1585 1529 Causa
1631 1489 1877 1532 secessus

305 1562 542 1631 cognita,
576 1562 807 1632 pessima
841 1576 1067 1633 quaeque
1091 1565 1325 1619 minatus
1353 1574 1437 1621 est
1470 1566 1575 1621 illis
1606 1566 1876 1637 Theophi-

305 1652 411 1719 lus,
460 1655 746 1724 ipsumque
801 1655 1119 1710 Dioscorum
1167 1656 1397 1712 invisum
1464 1657 1672 1713 habuit.
1740 1660 1872 1715 Cum

304 1760 435 1816 ergo
474 1746 1042 1816 Anthropomorphitis
1087 1746 1327 1804 infensos
1378 1749 1525 1819 ipsos
1554 1764 1621 1804 ex
1675 1752 1871 1806 mutuis

302 1836 682 1907 congressibus
733 1837 1068 1908 agnovisset;
1117 1840 1256 1909 apud
1303 1839 1577 1911 simplices
1612 1843 1871 1910 quosdam

302 1940 355 1987 et
384 1931 626 1985 indoctos
656 1931 972 1996 monachos,
999 1946 1133 2000 quos
1165 1932 1435 1988 haereseos
1479 1932 1640 2002 hujus
1687 1934 1873 1992 amnes

300 2035 421 2077 esse
483 2021 719 2087 sciebat,
764 2022 1377 2093 Anthropomorphitam
1453 2039 1512 2080 se
1574 2024 1869 2094 professus,

301 2113 614 2170 Dioscorum
656 2129 777 2170 cum
824 2114 1083 2170 fratribus
1135 2115 1188 2169 in
1248 2117 1520 2172 contraria
1567 2132 1688 2173 esse
1725 2126 1872 2174 secta

299 2208 541 2275 monuit,
576 2217 630 2262 et
676 2222 871 2277 corpus
926 2210 1034 2265 Deo
1066 2208 1369 2275 detrahere,
1426 2209 1708 2280 Origenem
1746 2226 1871 2265 sen—

301 2299 481 2353 lentim
530 2299 686 2366 hujus
740 2311 1027 2370 patronum
1093 2311 1331 2357 secutos.
1380 2300 1437 2355 In
1500 2300 1742 2356 fraudem
1788 2302 1872 2358 his

298 2392 644 2446 sermonibus
676 2392 841 2448 illecti
863 2394 985 2447 boni
1036 2393 1282 2448 homines
1305 2394 1644 2456 Dioscorum,
1677 2394 1872 2463 ipsius-

298 2497 403 2552 que
440 2484 675 2539 asseclas
703 2485 1052 2539 vehementer
1082 2486 1349 2552 aversati,
1391 2486 1657 2544 invidioso
1687 2489 1865 2561 Orige-

299 2576 564 2631 nistarum
627 2576 841 2631 nomine
888 2576 1217 2632 infamantes
1266 2578 1626 2633 traduxerunt
1679 2597 1695 2634 :
1748 2596 1870 2635 cum

300 2682 395 2724 eos
452 2668 763 2723 econtrario
809 2669 1146 2736 adversarii,
1184 2670 1470 2739 pauciores
1506 2670 1725 2741 quidem
1772 2689 1865 2727 nu-

297 2772 473 2822 mero,
508 2758 599 2813 sed
635 2758 875 2813 doctrina
905 2767 957 2812 et
982 2774 1079 2813 usu
1102 2772 1280 2811 rerum
1311 2759 1613 2827 peritiores,
1642 2760 1871 2816 Anthro-

297 2847 671 2919 pomorphitas
709 2847 1063 2917 appellarent.
1105 2846 1182 2902 Ita
1234 2848 1588 2904 seditionibus
1635 2851 1773 2904 inter
1813 2865 1872 2905 se

297 2939 481 3009 agitati
509 2937 974 2995 cuullictabantur.
1008 2939 1078 2993 At
1099 2939 1429 3009 Theophilus
1458 2941 1702 3009 privatas
1729 2942 1870 3012 inju-

296 3029 410 3084 rias
441 3044 767 3098 persequens
787 3069 801 3092 ,
832 3029 1260 3099 Origenistarum
1303 3030 1563 3085 tumultus
1604 3032 1865 3101 obtendit,
1895 3067 1937 3125 ο

297 3128 352 3173 et
376 3118 561 3173 Nitriae
584 3128 843 3189 occupato
870 3126 1051 3172 monte
1073 3157 1087 3183 ,
1134 3118 1705 3189 AnthrOpomorphitis
1746 3136 1866 3177 mo-

296 3210 487 3265 nachis
530 3225 679 3264 arma
720 3209 1129 3277 subministrat,
1179 3208 1417 3264 Dioscuri
1482 3212 1866 3266 monasterium

297 3303 564 3369 incendit;
602 3303 694 3373 qui
739 3317 862 3357 cum
907 3300 1163 3355 fratribus
1196 3301 1412 3357 abditus
1450 3303 1625 3372 puteis
1657 3302 1748 3357 vix
1784 3303 1867 3357 in-

297 3398 511 3469 gruenti
538 3396 676 3452 cladi
705 3411 763 3451 se
801 3394 1077 3451 subduxit.

366 3487 617 3558 Polybius
660 3486 1156 3543 Rhinocorurorum
1206 3488 1521 3558 episcopus,
1567 3486 1850 3559 Epiphanii

297 3580 611 3649 discipulus,
662 3580 937 3650 ipsiusque
965 3579 1092 3635 vita:
1144 3580 1396 3648 scriptor,
1449 3588 1560 3636 tres
1603 3582 1870 3637 duntaxat

296 3683 546 3728 numerat
597 3671 808 3742 Longos
868 3671 1102 3737 fratres,
1151 3671 1496 3727 Heracleouis
1558 3673 1728 3739 filios,
1773 3674 1866 3744 qui

297 3763 635 3818 Alexandriae
699 3778 822 3818 cum
888 3763 1116 3832 imperio
1178 3763 1511 3833 przefuerat,
1567 3765 1867 3837 Theophilo

297 3858 532 3912 amicitia
578 3856 928 3926 conjunctos,
973 3857 1039 3910 ab
1074 3869 1245 3925 eoque
1281 3856 1336 3909 in
1383 3857 1570 3910 urbem
1611 3869 1641 3909 e
1678 3870 1868 3911 mona-

299 3952 478 4008 steriis
507 3965 603 4021 per
638 3950 877 4005 fraudem
910 3950 1193 4014 deductos,
1230 3947 1488 4017 majorem
1522 3958 1764 4004 creatum
1792 3949 1868 4003 ait

298 4045 631 4114 episcopum,
662 4043 796 4098 alios
829 4043 1105 4107 diaconos,
1133 4052 1189 4097 et
1225 4042 1484 4097 Ecclesia:
1532 4056 1864 4099 meonomos.

299 4138 496 4192 Narrat
539 4137 729 4192 deinde
758 4137 861 4191 hoc
908 4149 1129 4191 munere
1173 4150 1268 4204 per
1298 4134 1585 4190 triennium
1626 4134 1862 4201 functos,

301 4233 563 4287 renitente
591 4229 885 4299 Theophilo
926 4229 979 4282 in
1032 4229 1314 4297 pristinam
1361 4228 1703 4283 solitudinem
1734 4242 1868 4283 con-

297 4325 561 4389 cessisse;
618 4337 759 4394 tegre
812 4322 866 4376 id
928 4321 1112 4376 tulisse
1162 4320 1553 4390 Theophilum,
1607 4323 1864 4391 ipsosque

1987 469 2099 537 ipse
2122 480 2276 524 antea
2316 478 2767 540 pr0pugnaverat,
2798 480 2853 526 et
2885 472 3059 527 adhuc
3089 472 3254 528 etiam
3296 487 3393 541 pro
3416 488 3546 528 vero

1984 560 2233 627 habebat,
2257 575 2454 616 vexare
2482 562 2638 631 hujus
2663 562 2917 617 doctrinae
2939 562 3111 633 gratia
3135 578 3417 634 aggressus
3437 574 3545 628 est,

1983 651 2077 706 sed
2111 651 2238 721 ipsis
2271 650 2531 706 famosam
2556 652 2979 721 Origenistarum
3004 654 3426 722 appellationem
3459 656 3543 707 vir

1983 752 2172 798 acutus
2206 741 2429 811 affinxit,
2458 759 2565 814 quo
2596 745 2919 815 Origenismi
2951 745 3289 801 adversarios
3315 745 3414 801 sibi
3453 746 3551 799 de-

1984 843 2303 898 mereretur,
2346 845 2400 889 et
2455 837 2736 891 adversum
2796 836 2916 891 illos
2966 839 3284 893 concitaret.
3333 838 3396 892 Et
3442 836 3546 890 levi

1984 940 2114 981 sane
2146 936 2463 995 argumento
2512 927 2816 997 impositam
2851 928 2955 983 illis
2982 926 3305 999 Origenismi
3338 927 3546 982 calum-

1980 1017 2123 1070 niam
2151 1017 2482 1085 approbavit,
2506 1000 2571 1071 eo
2592 1016 2794 1070 scilicet
2815 1018 2954 1085 quod
2978 1017 3255 1073 sententia:
3275 1016 3435 1086 hujus
3459 1030 3546 1070 as-

1978 1114 2154 1162 sertor
2178 1118 2321 1161 esset
2346 1105 2625 1178 Origenes,
2648 1123 2770 1177 quae
2798 1124 3110 1178 corpoream
3142 1125 3172 1164 a
3200 1109 3310 1164 Deo
3347 1110 3545 1165 molem

1978 1208 2245 1268 segregat.
2298 1200 2470 1268 Atque
2515 1213 2579 1253 eo
2614 1199 2823 1255 facilius
2874 1202 2924 1255 id
2966 1200 3250 1271 persuasit,
3296 1201 3437 1270 quod
3478 1202 3546 1253 ad

1978 1304 2093 1356 eos,
2140 1292 2214 1345 uti
2255 1305 2375 1345 mox
2412 1293 2670 1357 dicemus,
2712 1292 3042 1361 confugisset
3085 1291 3348 1358 lsidorus,
3382 1304 3544 1360 quem

1977 1383 2299 1437 acerrimum
2354 1384 2613 1439 doctrina:
2660 1384 2817 1453 hujus
2878 1396 3165 1454 patronum
3229 1384 3396 1439 fuisse
3431 1383 3546 1454 jam

1976 1488 2136 1543 supra
2184 1477 2537 1531 ostendimus.
2585 1474 2909 1547 Origenismi
2954 1491 3081 1548 ergo
3125 1491 3343 1531 causam
3386 1485 3539 1547 post-

1976 1582 2135 1637 quam
2182 1569 2346 1624 semel
2404 1569 2629 1625 obduxit
2684 1570 2975 1625 iracundia:
3021 1585 3162 1637 suae,
3208 1567 3545 1640 Origenistas

1976 1672 2164 1713 omnes
2206 1660 2457 1714 insectari
2497 1674 2775 1715 necessum
2806 1660 3031 1715 habuit:
3064 1660 3418 1729 quamobrem
3458 1674 3546 1714 re-

1976 1748 2112 1803 ferta
2139 1748 2241 1802 hoc
2270 1748 2545 1804 hominum
2574 1763 2769 1818 genere
2792 1748 2977 1804 Nitriae
3003 1749 3265 1804 asceteria
3294 1763 3545 1819 perscru-

1978 1847 2164 1905 tatum,
2191 1855 2294 1905 una
2335 1855 2458 1895 cum
2502 1840 2760 1896 Dioscoro
2799 1840 3131 1913 Origenistas
3166 1855 3356 1898 omnes
3397 1839 3545 1897 illinc

1974 1928 2290 1983 exturbasse
2316 1928 2605 1984 verisimile
2631 1938 2734 1984 est.

2043 2022 2132 2076 Ill.
2165 2019 2415 2087 Scetinis,
2460 2036 2554 2077 seu
2586 2020 2943 2077 Nitrieusibus
2988 2023 3270 2079 monachis
3317 2022 3545 2090 (utrovis

1972 2115 2117 2171 enim
2153 2116 2311 2170 modo
2340 2114 2423 2170 vel
2467 2132 2496 2171 a
2526 2114 2694 2171 Nitria
2728 2125 2926 2181 monte,
2960 2116 3043 2172 vel
3071 2132 3100 2172 a
3135 2116 3283 2172 Sceti
3324 2119 3543 2188 regiun-

1974 2208 2095 2262 cula
2132 2208 2237 2263 dici
2274 2208 2516 2280 possunt)
2553 2209 2654 2264 alia
2692 2211 2851 2265 etiam
2893 2224 3053 2264 causa
3100 2208 3382 2278 Theophili
3411 2225 3543 2265 cou-

1972 2300 2206 2356 sciverat
2232 2301 2435 2357 odium.
2464 2300 2617 2357 Hunc
2646 2303 2784 2359 inter
2825 2311 2878 2358 et
2908 2301 3126 2356 Petrum
3168 2300 3545 2356 Alexandrina:

1973 2392 2231 2448 Ecclesiae
2266 2392 2791 2463 archipresbyterum
2837 2392 3084 2448 simultas
3136 2391 3540 2447 intercesserat.

1972 2480 2108 2537 Hinc
2155 2482 2389 2538 infensus
2441 2482 2598 2538 Petro
2637 2482 2966 2553 Theophilus
3028 2481 3314 2539 admissam
3361 2482 3429 2537 ab
3473 2495 3545 2535 eo

1972 2583 2197 2643 questus
2237 2583 2318 2629 est
2354 2576 2419 2629 ad
2451 2576 2830 2645 mysteriorum
2874 2573 3309 2628 communionem
3348 2570 3540 2626 muie-

1971 2678 2084 2718 rem
2112 2665 2397 2734 quamdam
2443 2663 2735 2719 Manichtea
2782 2663 2869 2719 lue
2907 2663 3186 2728 infectam,
3220 2663 3540 2731 priusquam

1971 2753 2215 2806 nuntium
2255 2753 2448 2808 haeresi
2488 2753 2800 2809 remisisset.
2840 2752 3061 2807 Factum
3102 2749 3270 2803 fuisse
3300 2749 3350 2802 id
3386 2747 3543 2816 juxta

1971 2842 2226 2898 Ecclesiae
2261 2843 2721 2907 consuetudinem,
2744 2852 2798 2897 et
2830 2856 2896 2894 ex
2919 2838 3201 2908 Theophili
3243 2837 3537 2901 sententia,

1969 2933 2163 2990 Petrus
2193 2936 2487 3005 respondit,
2511 2945 2564 2990 et
2596 2935 2903 2990 testimonio
2949 2930 3288 2987 conﬁrmavit
3319 2928 3503 2984 lsidori
3523 2967 3538 2992 ,

1973 3047 2133 3103 supra
2171 3046 2200 3085 a
2232 3030 2386 3084 nobis
2422 3028 2725 3091 memorati,
2765 3026 2864 3080 viri
2898 3024 3098 3096 gravis,
3135 3033 3190 3078 et
3221 3037 3380 3092 quem
3422 3028 3545 3090 post

1971 3114 2206 3179 NeCtarii
2267 3121 2471 3175 obitum
2521 3119 2583 3176 ad
2633 3114 3285 3183 ConStantinopolitanam
3352 3112 3537 3167 sedem

1971 3217 2200 3272 evehere
2232 3213 2556 3281 Theophilus
2584 3211 2883 3267 studuerat.
2914 3209 3007 3262 Hic
3041 3207 3278 3277 graviter
3309 3220 3539 3260 succen-

1971 3323 2095 3364 sens
2142 3318 2433 3376 utrumque
2467 3305 2704 3359 Ecclesia
2746 3301 2967 3372 expulit.
3004 3299 3138 3355 Rem
3181 3300 3252 3353 ita
3297 3314 3325 3353 a
3360 3296 3551 3353 multis

1971 3402 2181 3457 narrari
2232 3400 2398 3456 refert
2446 3399 2780 3453 Sozomenus
2822 3412 2835 3449 :
2886 3403 2942 3448 at
2984 3392 3144 3448 aliter
3178 3406 3206 3446 a
3251 3392 3370 3445 viro
3418 3404 3541 3444 cum

1970 3495 2249 3553 monachis
2290 3493 2394 3547 illis
2436 3489 2744 3546 conversari
2786 3487 2943 3542 solito
2974 3486 3249 3555 accepisse
3289 3499 3347 3538 se
3377 3482 3559 3546 dicit;

1970 3590 2104 3644 duas
2149 3601 2340 3655 nempe
2384 3598 2580 3640 causas
2626 3582 2881 3637 habuisse
2917 3577 3276 3645 Theophilum
3307 3591 3405 3631 cur
3441 3574 3543 3630 lsi-

1971 3682 2159 3738 dorum
2194 3681 2577 3741 insectaretur,
2603 3675 2764 3729 aliam
2791 3671 2997 3728 Isidoro
3027 3680 3082 3726 et
3110 3670 3271 3725 Petro
3297 3683 3542 3724 commu-

1970 3788 2115 3839 nem,
2140 3771 2281 3848 quo_d
2307 3767 2581 3824 testificari
2612 3773 2956 3821 recusassent
2978 3761 3261 3831 Theophili
3297 3774 3541 3816 sororem

1970 3865 2236 3920 haeredem
2266 3862 2431 3915 fuisse
2448 3860 2737 3929 scriptam;
2767 3856 2924 3911 aliam
2954 3854 3160 3910 Isidoro
3184 3853 3538 3921 peculiarem,

1969 3957 2112 4025 quod
2139 3970 2259 4009 cum
2288 3968 2580 4024 pauperum
2611 3958 2823 4022 gereret
2850 3962 3058 4012 curam,
3086 3955 3337 4017 erogatas
3362 3946 3414 3999 in
3445 3960 3559 4001 eos.

1969 4050 2224 4119 pecunias
2247 4046 2545 4117 Theophilo
2573 4045 2625 4099 in
2655 4041 2997 4098 exstruendis
3019 4039 3229 4110 templis
3254 4039 3543 4094 absumere

1970 4142 2165 4197 volenti
2202 4141 2331 4195 dare
2363 4137 2643 4193 reuuisset.
2673 4134 2862 4190 Simile
2891 4134 3019 4204 quid
3050 4132 3213 4187 habet
3245 4131 3538 4196 Palladius,

1970 4252 2062 4292 seu
2096 4234 2339 4305 quisquis
2371 4231 2600 4300 scriptor
2627 4237 2711 4283 est
2738 4228 2858 4283 vitae
2887 4224 3283 4296 Chrysostomi,
3322 4238 3444 4278 nam
3475 4224 3544 4277 de

1970 4338 2191 4385 auctore
2222 4342 2326 4381 non
2371 4332 2583 4380 constat
2613 4321 2751 4390 apud
2778 4333 2995 4383 omnes;
3032 4319 3121 4387 qui
3156 4326 3212 4371 et
3240 4316 3343 4370 alia
3375 4315 3542 4369 multa

300 4418 676 4475 communione
718 4415 994 4486 privasse;
1032 4417 1098 4468 ad
1129 4430 1290 4484 quam
1323 4428 1443 4468 cum
1496 4428 1615 4468 sese
1649 4413 1943 4474 admitti!)
1970 4413 2245 4484 congerit,
2290 4424 2408 4478 quae
2451 4408 2518 4461 ah
2563 4405 2682 4459 aliis
2738 4403 3007 4475 prmterita
3057 4418 3087 4455 a
3132 4401 3287 4456 nobis
3330 4414 3544 4469 quoque

298 4510 500 4567 frustra
550 4518 838 4579 rogarent,
882 4506 1322 4579 Chrysostomum
1380 4506 1754 4576 iuterpellasse
1800 4520 1865 4562 ea

297 4605 403 4660 sibi
443 4613 502 4658 ut
556 4603 974 4666 restitueretur;
1026 4600 1323 4667 postulasse
1373 4600 1425 4653 id
1490 4614 1521 4653 a
1568 4599 1867 4670 Theophilo

300 4697 779 4767 Chrysostomum,
826 4708 926 4748 nec
977 4693 1329 4762 impetrasse,
1396 4705 1597 4760 eosque
1652 4691 1865 4745 tandem

300 4788 580 4859 TheOphili
637 4802 864 4842 censura
916 4785 1177 4840 liberasse
1222 4803 1236 4840 :
1285 4784 1412 4839 hinc
1477 4793 1663 4841 exorta
1725 4785 1867 4838 inter

303 4892 591 4950 utrumque
625 4880 871 4936 dissidia.

370 4974 433 5027 ll.
461 4974 628 5042 Igitur
653 4974 721 5028 ad
753 4974 1051 5044 graviorem
1083 4972 1360 5037 Dioscoro,
1399 4971 1676 5039 ipsiusque
1706 4969 1870 5025 sociis

303 5066 636 5121 coutlaudam
673 5066 949 5130 invidiam,
979 5066 1235 5135 singulari
1270 5066 1505 5119 versutia
1534 5063 1869 5133 Theophilus

302 5154 730 5227 Origenistarum
788 5173 1004 5213 causam
1055 5173 1175 5211 cum
1227 5157 1464 5225 ipsorum
1532 5172 1689 5211 causa
1735 5173 1866 5212 cou-

300 5248 493 5317 junxit.
519 5248 655 5303 Cum
687 5250 830 5304 enim
854 5247 963 5317 jam
1000 5248 1154 5318 vulgo
1193 5247 1332 5300 male
1357 5247 1543 5302 audire
1575 5258 1871 5303 sectatores

302 5340 553 5413 Origenis
597 5342 958 5411 intelligeret,
1007 5340 1444 5408 clarissimosque
1497 5340 1664 5408 partis
1726 5340 1868 5393 illius

306 5444 692 5490 consectaneus
734 5451 762 5487 a
814 5432 1175 5489 Nitrieusibus
1222 5431 1497 5485 monachis
1545 5433 1867 5486 subornatos

305 5529 594 5599 prodiisse,
618 5527 951 5597 Nitriamque
981 5528 1307 5596 praecipuum
1338 5524 1659 5597 Origenismi
1693 5524 1870 5579 domi-

308 5620 487 5674 cilium
519 5620 725 5687 haheri,
767 5634 995 5689 cumque
1036 5620 1297 5674 adversus
1337 5634 1431 5673 eos
1468 5619 1536 5673 ab
1575 5617 1879 5688 Epiphanio

308 5720 363 5765 et
413 5710 740 5781 llierouymo
796 5712 1177 5782 instigaretur;
1230 5725 1335 5766 nou
1393 5708 1509 5779 ejus
1570 5710 1876 5766 deleusores

1970 4507 2471 4577 praetermitteutur.
2518 4498 2848 4553 Gravissima
2880 4510 3007 4550 vero
3046 4494 3134 4549 hic
3174 4501 3257 4548 est
3287 4492 3543 4562 anonymi

1971 4598 2281 4667 cujusdam,
2327 4609 2356 4647 a
2408 4608 2513 4661 quo
2563 4588 2932 4659 Cltrysostomi
3009 4585 3209 4654 scripta
3267 4593 3347 4639 est
3400 4585 3543 4647 vita,

1975 4704 2135 4757 quam
2188 4688 2240 4742 in
2289 4696 2538 4740 octavum
2585 4694 2784 4736 tomum
2814 4679 3046 4750 Operum
3095 4678 3262 4748 ipsius
3316 4676 3547 4746 conjecit

1974 4783 2231 4845 Savilius,
2257 4790 2311 4833 et
2339 4776 2608 4833 Simeonis
2632 4771 3012 4840 Metaphrastae
3046 4769 3418 4835 hallucinatio,
3450 4769 3546 4837 qui

1977 4876 2238 4931 Isidorum
2279 4871 2426 4925 illum
2467 4883 2588 4922 cum
2618 4866 2823 4921 Isidoro
2861 4862 3128 4915 Pelusiota
3168 4860 3545 4914 confundunt:

1976 4968 2079 5021 nisi
2124 4965 2261 5019 forte
2302 4962 2537 5031 priorem
2572 4960 2714 5012 hunc
2759 4954 3083 5010 Pelusiotam
3125 4968 3340 5023 quoque
3381 4954 3550 5007 fuisse

1976 5060 2115 5114 dicat
2152 5056 2364 5125 aliquis,
2410 5068 2533 5107 cum
2566 5048 2961 5105 Alexandrinus
2998 5057 3174 5101 tamen
3209 5046 3367 5116 vulgo
3399 5047 3550 5101 dica-

1976 5161 2080 5204 tur.
2134 5147 2237 5203 Sed
2300 5147 2657 5201 Sozomeuum
2702 5143 2885 5196 audire
2934 5156 3239 5211 pergamus.
3282 5140 3551 5211 Expulsus

1976 5245 2213 5299 lsidorus
2247 5239 2426 5295 Scetiu
2458 5238 2593 5306 apud
2629 5237 2923 5290 monachos
2958 5235 3244 5290 concessit.
3269 5234 3393 5288 Adit
3419 5248 3549 5288 con-

1975 5341 2122 5394 tinuo
2144 5335 2496 5405 Theophilum
2525 5330 2857 5391 Ammonius,
2886 5329 3226 5398 postulatque
3247 5336 3306 5380 ut
3332 5328 3383 5380 in
3406 5341 3550 5381 com-

1972 5432 2279 5486 munionem
2324 5428 2580 5483 Isidorum
2616 5425 2906 5479 admittat:
2942 5424 3333 5491 tergiversante
3367 5419 3550 5473 Theo-

1973 5522 2121 5593 philo
2152 5522 2385 5576 instabat
2422 5519 2760 5581 Ammonius,
2801 5525 2856 5570 et
2886 5530 3019 5584 quos
3058 5514 3159 5567 sibi
3204 5513 3413 5566 itineris
3446 5526 3537 5567 so-

1973 5614 2085 5670 cios
2116 5612 2464 5681 adjunxerat;
2509 5613 2639 5667 adeo
2670 5622 2726 5665 ut
2766 5606 3269 5679 perterrefaciendis
3307 5606 3446 5670 aliis,
3494 5614 3551 5661 et

1978 5724 2007 5762 a
2036 5722 2093 5763 se
2132 5707 2442 5762 arnoveudis
2478 5722 2637 5761 unum
2681 5720 2745 5761 ex
2784 5704 2913 5775 ipsis
2944 5704 3006 5777 in
3038 5714 3311 5758 carcerem
3356 5698 3531 5767 dctrtr
