3860 6226
389 232 530 285 1145

1648 221 1708 275 Ρ.
1750 221 2068 279 DANIELIS
2107 220 2334 277 HUETII

3486 220 3514 273 1
3534 220 3619 275 lli

385 347 514 400 serit
540 339 1063 411 TheOphilus.lllum
1096 339 1288 409 reliqui
1318 339 1587 393 subsecuti
1624 342 1675 393 in
1705 344 1951 394 eamdem
1982 344 2029 400 A
2054 356 2159 409 que
2200 338 2475 393 erroribus
2519 342 2823 401 scaterent,
2860 335 3071 403 penitus
3093 348 3216 391 esse
3258 338 3619 406 respuendos;

386 437 683 491 custodiam
722 433 910 489 fraude
939 433 1166 503 ingressi
1213 447 1333 488 sese
1359 442 1549 501 sponte
1596 432 1950 497 incluserunt,

385 529 526 597 quod
577 529 858 582 universos
920 525 1236 580 dimisisset.
1277 524 1439 590 Cujus
1487 525 1565 579 rei
1607 534 1753 578 tanta
1814 528 1953 594 apud

383 636 505 673 eum
540 618 640 673 fuit
684 619 994 688 indignatio,
1037 625 1097 672 ut
1124 632 1246 672 cum
1282 632 1391 686 prae
1437 617 1616 684 quiete
1658 625 1710 671 et
1761 632 1951 671 mona~

385 714 532 765 sticze
561 713 680 766 vitae
717 712 908 766 studiis
935 710 1143 780 reliqua
1170 711 1351 764 omnia
1379 724 1471 763 eos
1501 718 1818 777 postputare
1848 708 1947 762 sci-

385 811 489 862 ret,
523 802 608 859 his
636 802 782 869 ipsos
810 800 1201 864 intercluserit,
1229 800 1512 854 concitatis
1542 799 1766 854 subdole
1796 800 1951 853 dissi-

383 893 517 955 diis,
568 894 775 946 turbata
822 907 985 961 pace,
1033 902 1085 947 et
1121 891 1466 947 monasteriis
1516 893 1637 961 igne
1702 891 1951 961 ferroque

383 982 621 1035 vastatis.
650 981 807 1035 Addit
838 982 1106 1037 Palladius
1140 982 1322 1037 oranti
1357 983 1637 1036 Ammonio
1677 992 1732 1037 et
1759 983 1948 1038 lsidori

381 1081 558 1138 partes
603 1074 780 1140 agenti
834 1072 1067 1127 ferreum
1118 1083 1359 1143 torquem
1428 1074 1660 1143 propriis
1706 1075 1950 1129 manibus

382 1161 629 1227 injecisse
684 1162 1066 1229 Theophilum,
1123 1165 1319 1235 pugnis
1372 1165 1615 1220 maxillas
1662 1174 1715 1221 et
1764 1165 1949 1223 oculos

380 1256 709 1319 contudisse,
736 1256 837 1309 hac
870 1256 1077 1325 ingesta
1114 1266 1168 1311 et
1203 1258 1425 1325 repetita
1453 1273 1624 1313 voce:
1662 1259 1944 1325 Hazretice,

378 1347 765 1399 annthematiza
810 1346 1107 1416 Origenem.
1151 1346 1283 1401 Utut
1315 1357 1435 1412 est,
1485 1358 1697 1404 constat
1735 1351 1946 1417 episco-

378 1452 566 1505 porum
615 1438 876 1507 synodum
919 1437 1256 1491 Alexandriae
1298 1440 1541 1509 coegisse
1588 1440 1945 1510 Theophilum

376 1541 518 1580 anno
547 1527 746 1581 Christi
776 1527 901 1593 599,
926 1529 1317 1597 damnatosque
1344 1546 1452 1585 uno
1481 1546 1577 1586 ore
1606 1531 1947 1603 Origenistas

378 1635 407 1670 e
440 1617 621 1671 Nitriae
655 1627 854 1681 monte,
884 1628 942 1671 ut
988 1634 1149 1686 supra
1186 1630 1461 1676 narratum
1509 1632 1611 1687 est,
1658 1625 1941 1695 exegisse:

2054 438 2242 484 contra
2292 426 2625 497 pcrtendisse
2653 426 2982 491 monachos,
3025 427 3282 495 quidquid
3325 428 3509 480 inerat
3543 444 3623 481 er-

2055 536 2259 584 rorum,
2291 520 2358 574 ab
2405 518 2676 574 hareticis
2712 519 2880 575 fuisse
2912 519 3205 585 insertum;
3252 535 3354 574 nec
3399 533 3622 589 propter

2051 628 2114 667 ea
2146 627 2264 680 quae
2292 612 2346 666 in
2380 611 2856 678 reprehensionem
2887 612 3078 668 merito
3107 612 3378 679 venirent,
3407 612 3618 683 reliqua

2050 720 2171 760 esse
2215 705 2534 759 damnanda.
2590 706 2722 762 Hinc
2770 716 2945 761 ortam
2995 705 3355 770 seditionem;
3396 719 3465 759 ex
3514 720 3620 773 quo

2051 795 2440 851 contentiosum
2484 808 2538 853 et
2584 813 2793 867 pugnax
2840 797 3241 851 cervicosorum
3270 794 3616 865 Origenista-

2053 902 2169 939 rum
2204 886 2476 956 ingenium
2528 903 2757 959 arguas;
2804 888 2896 959 qui
2936 903 3055 942 cum
3108 887 3486 956 episcoporum
3528 904 3624 941 au-

2052 980 2298 1033 ctoritate
2331 980 2549 1047 reprimi
2601 995 2705 1035 non
2740 988 2982 1050 possent,
3012 981 3395 1033 assumendum
3444 978 3623 1034 fuisse

2051 1070 2381 1134 praefectum,
2411 1071 2479 1125 ab
2510 1086 2683 1140 eoque
2711 1072 2764 1125 in
2799 1072 2977 1142 fugam
3009 1069 3284 1139 conjectos
3320 1069 3621 1124 monachos

2049 1160 2124 1214 ita
2155 1160 2426 1231 dispersos
2454 1176 2594 1228 esse,
2622 1171 2681 1216 ut
2719 1164 3010 1232 propositis
3046 1161 3240 1217 edictis
3269 1161 3463 1215 nullibi
3497 1176 3622 1215 cou-

2048 1253 2244 1308 sistere
2280 1254 2607 1309 sinerentur.
2633 1256 2795 1309 Addit
2821 1262 3047 1323 postea:
3084 1272 3104 1305 ι
3135 1253 3241 1308 Sed
3292 1263 3467 1307 tamen
3506 1253 3621 1307 sive

2051 1344 2180 1398 illud
2209 1358 2361 1399 error
2390 1356 2495 1408 est,
2522 1357 2579 1399 ut
2607 1360 2705 1415 ego
2746 1347 2953 1409 sentio;
2992 1347 3106 1400 sive
3145 1346 3389 1408 haeresis,
3423 1354 3480 1396 ut
3518 1359 3615 1412 pu-

2050 1446 2213 1500 tatur,
2239 1452 2346 1491 non
2374 1436 2545 1493 solum
2580 1437 2797 1505 reprimi
2834 1453 2937 1491 non
2967 1440 3140 1507 potuit
3162 1438 3345 1492 multis
3376 1438 3623 1491 animad-

2048 1529 2386 1584 versionibus
2434 1529 2801 1594 sacerdotum,
2848 1532 2941 1585 sed
2980 1545 3318 1601 nequaquam
3353 1540 3463 1583 tam
3514 1530 3622 1584 late

2048 1635 2106 1675 se
2136 1620 2398 1688 potuisset
2426 1618 2721 1687 effundere,
2759 1621 2859 1675 nisi
2889 1623 3239 1677 contentione
3274 1622 3568 1677 crevisset.
3594 1640 3614 1673 ι

377 1712 665 1764 accedente
695 1684 1074 1779 imperatorum
1115 1712 1464 1778 auctoritate,
1492 1684 1682 1781 qui'ex
1710 1684 1947 1785 Ai'gypto
1980 1684 2018 1737 Β
2050 1712 2287 1781 Denique
2327 1725 2426 1766 nec
2469 1712 2843 1781 episcoporum
2887 1714 3255 1781 severitatem,
3287 1728 3385 1767 nec
3430 1729 3623 1767 mona-

377 1810 435 1854 ut
474 1800 797 1869 pellerentur
852 1800 1065 1869 scriptis
1124 1801 1264 1857 datis
1317 1802 1609 1871 jusserant.
1660 1805 1949 1877 Synodica:

375 1892 531 1959 hujus
573 1892 783 1947 concilii
830 1893 1069 1960 epistola:
1116 1894 1411 1963 fragmenta
1444 1897 1686 1961 quaedam
1721 1900 1773 1952 in
1824 1899 1948 1969 Epi-

373 1985 509 2039 stula
536 1985 603 2038 ad
636 1984 841 2038 Menam
877 1984 1213 2041 Justinianus
1255 1989 1507 2042 servavit.
1556 1990 1834 2059 Adjiciunt
1879 1995 1946 2047 ad

374 2077 647 2144 superiora
685 2076 947 2145 Georgius
986 2078 1398 2141 Alexandrinus,
1426 2089 1479 2133 et
1518 2078 1737 2135 Simeon
1783 2082 1947 2137 Meta-

372 2169 639 2236 phrastes,
684 2168 879 2222 ﬁnibus
936 2169 1047 2223 suis
1092 2175 1341 2223 extorres
1377 2172 1671 2225 monachos
1718 2171 1946 2226 Alexan-

372 2261 543 2315 driam
596 2262 904 2329 pervenisse
932 2302 948 2327 ,
993 2271 1046 2315 et
1084 2262 1375 2317 miserabili
1414 2278 1601 2317 eorum
1654 2264 1837 2320 habitu
1873 2268 1944 2320 ita

370 2363 693 2407 commotam
735 2353 900 2407 fuisse
947 2354 1176 2422 plebem,
1229 2362 1286 2406 ut
1323 2353 1680 2422 Theophilum
1726 2356 1944 2410 latitan-

373 2457 478 2501 tem
512 2447 578 2499 ad
623 2461 806 2500 necem
831 2447 1163 2514 deposceret,
1194 2448 1390 2515 vixque
1421 2447 1666 2513 praesidis
1696 2448 1946 2503 adhorta-

371 2540 608 2593 tionibus
650 2539 949 2593 sedaretur.
985 2538 1224 2608 Digressi
1252 2553 1316 2591 ex
1362 2537 1599 2608 IEgypto
1630 2536 1945 2608 Origenisue

367 2629 758 2700 Jerosolymam
790 2630 856 2684 ad
901 2628 1162 2685 Joannem
1218 2632 1366 2685 urbis
1411 2631 1712 2685 antistitem
1752 2630 1941 2685 confu-

369 2725 541 2792 giunt,
570 2738 727 2792 quem
765 2730 925 2777 antea
957 2724 1202 2792 partibus
1234 2724 1348 2777 suis
1379 2722 1647 2777 faventem
1681 2738 1943 2794 cognove-

370 2826 515 2869 rant.
551 2815 848 2887 Sylvanum
883 2830 1003 2868 eum
1040 2829 1319 2882 perperam
1364 2813 1635 2882 appellant
1680 2812 1942 2883 Georgius

369 2907 765 2963 Alexandrinus
793 2908 846 2961 in
886 2905 1011 2959 Vita
1041 2906 1413 2976 Chrysostomi,
1442 2921 1565 2975 cap.
1591 2906 1678 2972 58,
1718 2916 1772 2960 et
1807 2908 1942 2961 alter

368 3014 666 3069 auonymus
711 3000 941 3067 scriptor
985 2997 1117 3052 Vita:
1160 2998 1550 3068 Chrysostomi,
1594 3014 1715 3069 cap.
1752 3000 1841 3064 89,
1885 3009 1940 3056 et
1965 3035 2007 3092 ο

369 3092 585 3148 Simeon
647 3092 1036 3162 Metaphrastes
1084 3093 1137 3145 in
1203 3091 1319 3145 Vita
1380 3091 1761 3160 Chrysostomi.
1800 3091 1935 3145 Nam

367 3198 506 3237 anno
532 3183 655 3247 586,
702 3184 753 3237 in
796 3182 1254 3254 Jerosolymitano
1286 3185 1480 3238 throno
1528 3185 1729 3239 sedisse
1771 3184 1935 3239 Joan-

369 3291 512 3341 nvm,
549 3276 749 3330 obiisse
786 3291 913 3330 vero
942 3292 1085 3331 anno
1106 3276 1232 3338 M6,
1263 3277 1597 3330 demonstrat
1630 3276 1932 3331 Barunitts:

364 3363 753 3434 Jerosolymam
784 3374 962 3420 autem
999 3382 1140 3421 anno
1181 3367 1284 3421 599
1326 3366 1669 3437 Origenistae,
1705 3378 1761 3423 ut
1796 3369 1930 3436 dixi,

364 3459 743 3526 confugerunt.
805 3458 1094 3514 Submissis
1161 3460 1416 3514 continuo
1480 3460 1530 3514 in
1596 3461 1933 3517 Palaestinam

365 3548 556 3613 legatis
604 3549 787 3603 Prisco
834 3561 889 3604 et
937 3551 1175 3617 Eubulo,
1224 3551 1555 3621 Jerosolyma
1619 3569 1832 3623 quoque
1880 3564 1935 3609 et

366 3639 624 3708 proximis
658 3640 786 3695 locis
827 3656 919 3695 eos
963 3642 1158 3709 expelli
1205 3652 1359 3697 curat
1404 3643 1754 3712 Theophilus,
1809 3661 1933 3701 nus-

364 3745 525 3796 quam
556 3743 884 3800 repugnante
928 3730 1151 3787 Joanne.
1192 3733 1393 3787 llorum
1429 3736 1795 3804 conjecturam
1841 3752 1933 3790 ca-

364 3819 538 3887 pimus
579 3836 643 3875 ex
677 3821 900 3888 epistola
931 3822 998 3875 70
1040 3812 1373 3892 Hieronymi.
1402 3822 1770 3893 Scythopolim
1810 3825 1931 3881 Ori-

366 3913 588 3973 uetustae
634 3928 855 3967 numero
906 3913 1119 3967 circiter
1162 3914 1428 3983 octoginta
1492 3916 1825 3983 perveniunt.
1875 3918 1929 3971 In

365 4003 448 4056 his
498 4003 803 4069 Dioscorus,
853 4004 1190 4067 Ammonius,
1243 4005 1537 4069 Eusebius,
1587 4006 1926 4079 Euthytnius,

365 4095 579 4159 Ilierax,
606 4095 773 4149 lsaaci
808 4096 929 4160 duo,
958 4106 1008 4150 et
1040 4095 1295 4152 lsidorus.
1332 4099 1401 4151 At
1435 4113 1557 4152 cum
1584 4098 1650 4152 ad
1698 4102 1930 4169 impera-

365 4195 530 4238 torem
576 4186 857 4239 Arcadium
903 4196 957 4242 et
997 4188 1461 4256 archiepiscopum
1522 4188 1783 4244 Joannem
1834 4192 1926 4246 de-

361 4275 527 4330 lectos
578 4292 608 4330 e
668 4275 841 4331 Nitria
901 4279 1223 4344 monachos,
1274 4277 1599 4348 Origenistis
1652 4280 1922 4346 infensos,

2048 1804 2270 1856 chorum
2305 1800 2727 1870 perduellionem
2762 1803 2992 1871 probare
3016 1817 3077 1858 se
3108 1804 3257 1857 dicit.
3290 1803 3450 1870 Quod
3480 1805 3615 1858 mihi

2046 1908 2176 1950 sane
2213 1894 2367 1949 valde
2401 1895 2659 1963 probatur
2700 1893 2998 1963 judicium;
3044 1912 3165 1949 nam
3214 1896 3376 1951 nimis
3428 1910 3623 1951 severe

2047 1984 2098 2036 in
2128 1982 2462 2054 Origenistas
2493 1998 2520 2036 a
2550 1981 2848 2053 Theophilo
2876 1984 3179 2040 consultum
3210 1995 3329 2053 est;
3364 1986 3462 2042 sed
3495 2002 3625 2056 gra-

2046 2074 2163 2128 vius
2215 2084 2393 2129 tamen
2450 2088 2708 2144 peccasse
2748 2075 2997 2132 videntur
3042 2078 3295 2132 monachi
3335 2093 3364 2131 a
3418 2079 3622 2147 quibus

2048 2175 2155 2220 tam
2200 2166 2482 2236 praefracte
2511 2168 2893 2237 episcOporum
2924 2170 3225 2225 auctoritas
3268 2171 3623 2239 pessumdata

2044 2266 2147 2311 εει.

2114 2350 2177 2405 V.
2211 2351 2553 2407 Anastasium
2588 2353 2803 2409 interim
2852 2369 3119 2408 summum
3165 2356 3475 2423 pontificem
3523 2374 3624 2426 per

2043 2444 2357 2513 synodicam
2424 2446 2707 2514 epistolam
2768 2447 2845 2500 rei
2903 2457 3068 2516 gestae
3130 2449 3417 2503 certiorem
3489 2452 3624 2508 fecit

2044 2533 2393 2605 Theophilus,
2440 2552 2505 2592 ac
2549 2536 2684 2594 alios
2719 2538 2845 2592 item
2888 2538 3191 2607 episcopos,
3237 2541 3332 2594 sed
3380 2541 3624 2610 Epipha—

2044 2626 2189 2679 nium
2229 2628 2589 2695 potissimum,
2616 2630 2684 2683 ad
2710 2643 2871 2698 quem
2902 2631 3120 2698 scripsit
3146 2630 3198 2683 in
3236 2645 3358 2685 eam
3391 2643 3623 2690 senten-

2046 2718 2206 2781 tiam,
2253 2734 2312 2773 se
2356 2718 2606 2787 Origenis
2643 2720 2893 2775 colubros
2929 2722 3239 2791 evangelico
3278 2737 3408 2777 ense
3459 2734 3621 2779 trun-

2041 2823 2211 2875 casse,
2234 2820 2290 2865 et
2316 2811 2602 2868 fecundum
2630 2811 2813 2869 Nitriae
2842 2813 3223 2869 monachorum
3258 2830 3456 2884 agmen
3489 2833 3622 2871 con-

2044 2903 2255 2970 tagione
2288 2902 2543 2969 pestifera
2589 2903 2874 2968 liberasse;
2909 2903 3017 2971 jam
3064 2917 3194 2957 vero
3221 2918 3343 2957 esse
3382 2920 3621 2973 operum

2044 2991 2207 3059 ipsius
2238 2989 2539 3060 Epiphanii,
2565 2992 2793 3063 Cyprios
2826 2994 3107 3062 episcopos
3152 3008 3518 3064 congregare,
3560 3006 3619 3050 et

2040 3082 2168 3136 dare
2215 3084 2517 3150 negotium,
2564 3094 2622 3137 ut
2664 3102 2682 3134 ‹
2715 3085 2973 3154 Origenes
3021 3086 3363 3150 nominatim,
3401 3096 3462 3141 et
3516 3102 3619 3141 ne-

2041 3177 2169 3231 faria
2216 3178 2439 3233 haeresis
2487 3180 2916 3245 condemnetur;
2944 3198 2964 3231 »
3019 3181 3215 3236 deinde
3262 3194 3393 3235 vero
3441 3196 3619 3252 syno-

2038 3268 2185 3321 dicas
2223 3268 2479 3335 epistolas
2523 3269 2590 3324 ad
2625 3285 2715 3336 se,
2761 3280 2815 3324 et
2860 3271 2926 3324 ad
2974 3269 3233 3325 Joannem
3274 3270 3619 3341 Chrysosto-

2038 3373 2207 3423 mum,
2244 3360 2484 3429 aliosque
2515 3361 2800 3430 episcopos
2852 3362 3103 3429 mittere;
3139 3362 3308 3417 fuisse
3339 3364 3618 3433 perlatum

2036 3452 2101 3503 ad
2154 3465 2212 3505 se
2261 3448 2596 3521 Origenistas
2644 3467 2709 3506 ex
2747 3452 2980 3523 Egypto
3024 3453 3263 3523 dejectos
3321 3456 3621 3525 navigasse

2035 3540 2586 3613 Constantinopolim;
2627 3556 2781 3601 curet
2815 3546 2980 3616 igitur
3008 3555 3067 3601 ut
3094 3547 3334 3611 Isauriae,
3359 3558 3416 3601 et
3452 3549 3624 3603 Pam-

2034 3633 2235 3702 philize,
2257 3634 2661 3707 vicinarumque
2687 3639 3081 3705 provinciarum
3112 3641 3381 3695 antistites
3408 3655 3618 3710 operas

2033 3740 2157 3780 suas
2182 3727 2248 3780 ad
2294 3729 2702 3797 exstirpandum
2733 3729 3127 3799 Origenismum
3169 3732 3475 3797 conferant,
3524 3734 3613 3787 vi-

2034 3831 2150 3870 rum
2178 3817 2407 3887 aliquem
2453 3819 2774 3875 industrium
2809 3822 3325 3892 Constantinopolim
3381 3825 3610 3889 mittat,

2032 3908 2119 3975 qui
2167 3907 2293 3962 illuc
2337 3924 2454 3976 quae
2497 3920 2645 3979 gesta
2706 3921 2831 3966 sunt
2883 3911 3115 3976 referat;
3160 3929 3430 3967 summam
3480 3929 3612 3969 esse

2032 4000 2167 4067 apud
2211 4015 2401 4053 omnes
2449 4001 2504 4054 in
2550 4001 2783 4071 Egypto
2831 4003 2899 4057 ob
2947 4002 3283 4073 profligatam
3345 4004 3610 4059 heresim

2032 4090 2291 4146 laetitiam.
2344 4092 2525 4149 Notari
2568 4095 2745 4150 obiter
2795 4096 2952 4149 velim
2985 4096 3285 4162 jocularem
3334 4097 3612 4153 Guidonis

2029 4184 2329 4241 Carmelita:
2374 4202 2645 4253 errorem,
2691 4193 2782 4258 qui
2831 4190 3111 4260 Theophili
3160 4192 3345 4254 verba,
3398 4193 3609 4260 quibus

2028 4276 2274 4346 Origenis
2336 4279 2590 4335 colubros
2648 4295 2708 4334 se
2758 4282 3064 4352 evangelica
3110 4296 3240 4337 ense
3311 4291 3610 4337 truncasse

357 4366 601 4436 aliosque
653 4368 1182 4436 Constantinopolim
1243 4370 1504 4438 allegasse
1569 4372 1922 4439 Theophilum
1961 4381 2002 4434 ι)
2031 4372 2168 4439 apud
2202 4370 2556 4440 Epiphanium
2582 4374 2841 4443 jactabat,
2872 4388 3150 4444 perperam
3185 4375 3604 4443 interpretatus,

359 4460 713 4529 accepissent,
742 4462 831 4529 qui
862 4476 958 4530 pro
980 4476 1037 4515 se
1065 4476 1283 4515 causam
1310 4462 1573 4527 dicerent,
1600 4465 1785 4517 eodem
1825 4466 1923 4533 ipsi

360 4550 425 4603 ad
453 4552 731 4607 diluendas
770 4552 1051 4615 Theophili
1099 4555 1509 4620 accusationes,
1557 4569 1788 4624 suasque
1840 4571 1925 4611 res

358 4646 723 4711 procurandas
762 4644 985 4713 profecti
1015 4656 1159 4698 sunt.

428 4730 515 4785 Π.
560 4733 660 4787 Per
690 4734 828 4788 idem
865 4744 1074 4803 tempus
1103 4751 1209 4804 quo
1239 4735 1354 4790 lucc
1383 4738 1682 4806 agebantur
1714 4740 1922 4795 delatus

357 4834 439 4879 est
468 4826 517 4878 iu
558 4840 650 4880 eas
685 4842 808 4881 oras
843 4842 874 4881 a
903 4828 1072 4882 Gallia
1111 4826 1549 4885 Posthumianus.
1596 4832 1794 4887 Narrat
1835 4834 1923 4888 ille

357 4916 497 4985 apud
536 4916 832 4986 Sulpicium
882 4918 1136 4974 Severum
1179 4923 1222 4953 ²⁰
1255 4921 1424 4976 foedas
1460 4924 1741 4991 episcopos
1783 4926 1922 4979 inter

354 5018 409 5063 et
456 5011 748 5064 monachos
793 5014 1230 5067 concertationes
1282 5015 1691 5082 intercessisse,
1748 5034 1765 5067 ι
1796 5017 1922 5084 quia

355 5101 661 5168 congregati
695 5103 744 5155 in
781 5118 943 5156 unum
972 5105 1166 5174 szepius
1209 5106 1518 5160 sacerdotes
1548 5105 1920 5177 frequentibus

355 5189 660 5244 decrevisse
704 5192 921 5261 synodis
951 5194 1295 5260 videbantur,
1322 5212 1387 5250 ne
1419 5197 1541 5265 quis
1572 5198 1823 5268 Origenis
1855 5199 1921 5253 li-

354 5281 482 5335 bros
528 5282 730 5350 legeret
774 5294 868 5338 aut
919 5286 1167 5352 haberet,
1210 5292 1301 5356 qui
1354 5298 1613 5344 tractator
1644 5305 1917 5344 sacrarum

355 5368 754 5439 Scripturarum
802 5373 1160 5442 peritissimus
1203 5376 1589 5442 habebatur“
1643 5379 1917 5433 censuisse

352 5461 651 5531 e’pt‘scOpos,
686 5463 853 5519 libros
904 5466 1170 5536 Origenis,
1206 5468 1347 5535 quod
1388 5468 1589 5537 sparsis
1629 5470 1732 5522 huc
1770 5468 1919 5523 illuc-

425 5578 471 5656 ’.ἢ
508 5576 710 5656 Sulpic.
749 5581 933 5656 sever.
972 5582 1113 5638 Dial.
1160 5600 1210 5650 ι,
1234 5599 1348 5656 cap.
1382 5584 1433 5641 5.

360 5647 404 5681 ⁸⁸
435 5647 760 5712 Examinat.
794 5654 878 5711 il.

1514 5586 1555 5618 ²¹
1599 5585 1754 5642 Guid.
1793 5586 1842 5641 in
1882 5586 2098 5643 Summa
2126 5590 2187 5643 de
2220 5590 2403 5645 Iucres.
2433 5590 2482 5644 in
2530 5590 2659 5646 hmr.
2702 5590 2915 5662 Origen.

2032 4469 2276 4529 questum
2309 4460 2361 4513 id
2398 4459 2564 4516 fuisse
2594 4463 2811 4530 seripsit
2844 4462 3218 4532 Theophilum,
3249 4465 3392 4533 quod
3426 4480 3605 4517 mem-

2033 4552 2127 4605 bra
2158 4551 2262 4605 sibi
2298 4550 2442 4606 ferro
2475 4562 2785 4607 truncarent
2809 4554 3148 4625 Origenistte,
3176 4566 3233 4609 ut
3264 4556 3605 4610 haberentur

2032 4643 2264 4697 humiles
2289 4652 2342 4697 et
2373 4644 2609 4711 religiosi
2633 4646 2700 4699 ²¹.
2731 4645 2847 4699 Mox
2887 4659 2945 4701 ut
2972 4649 3282 4717 synodicam
3310 4648 3603 4716 Theophili

2030 4736 2311 4804 epistolam
2339 4739 2548 4805 accepit
2578 4737 2925 4807 Epiphanius,
2959 4742 3023 4794 ad
3055 4739 3435 4810 Hieronymum
3466 4756 3606 4795 con-

2032 4826 2178 4880 tinuo
2225 4827 2461 4891 remisit,
2507 4826 2774 4897 aliamque
2803 4830 2999 4899 adjecit
3038 4832 3103 4885 de
3136 4847 3253 4898 suo,
3283 4832 3337 4885 in
3370 4848 3475 4896 qua
3518 4837 3603 4887 sic

2026 4915 2172 4969 illum
2225 4916 2526 4971 aﬂatur":
2566 4937 2583 4969 ι
2629 4920 2814 4986 Scito,
2868 4921 2938 4975 ﬁli
2983 4924 3333 4985 charissima,
3372 4924 3600 4979 Amalec

2029 5023 2195 5077 usque
2221 5008 2287 5064 ad
2316 5010 2535 5079 stirpem
2574 5025 2693 5066 esse
2720 5013 2974 5078 deletum,
3007 5024 3059 5068 et
3086 5014 3139 5068 in
3180 5024 3360 5069 monte
3393 5016 3599 5083 Raphi-

2026 5102 2134 5155 dim
2196 5112 2435 5156 erectum
2492 5112 2746 5172 tmpaeum
2793 5106 2994 5162 crucis.
3054 5107 3264 5161 Etenim
3323 5110 3598 5178 quomodo

2025 5193 2287 5262 porrectis
2310 5195 2364 5247 in
2389 5194 2556 5249 altum
2584 5195 2750 5268 Moysi
2774 5198 3039 5264 manilms,
3059 5200 3306 5254 vincebat
3334 5200 3590 5259 Israel";

2026 5287 2105 5340 sic
2141 5286 2396 5341 Dominus
2441 5288 2765 5343 confortavit
2815 5291 3072 5346 famulum
3110 5307 3264 5346 suum
3313 5292 3591 5363 Theophi-

2024 5376 2155 5444 lum,
2197 5389 2254 5432 ut
2286 5394 2447 5447 super
2478 5380 2648 5436 altare
2695 5382 2951 5437 Ecclesia:
2992 5383 3366 5438 Alexandrina:
3400 5396 3593 5439 contra

2027 5470 2311 5542 Origenem
2367 5473 2619 5531 vexillum
2674 5485 2934 5544 poneret,
2973 5484 3027 5531 et
3072 5476 3387 5546 impleretur
3428 5477 3485 5531 in
3523 5492 3593 5530 eo

2993 5594 3034 5628 ¹²
3059 5591 3274 5649 Hieron.
3304 5593 3461 5665 epist.
3499 5594 3588 5652 75.

3722 319 3729 499 ἵ

3733 654 3737 769 l
