3860 6226
140 312 296 368 1145

1033 311 1606 369 ORIGENIANORUM
1645 314 1772 369 LIB.
1816 316 1879 382 11,
1922 316 2075 372 CAP.
2114 315 2204 384 IV,
2246 314 2437 370 SECT.
2479 316 2542 367 ll.
2599 305 2606 311 ’

3272 313 3408 369 1146

140 426 299 492 quod
347 424 546 478 dicitur
581 425 628 457 “
671 442 684 478 :
732 423 913 480 Scribe
963 427 1168 495 signum
1213 444 1328 494 nec,
1377 445 1501 500 quia
1555 429 1730 482 delebo
1760 434 1806 490 Α
1833 429 2017 484 Nitria:
2058 429 2301 511 rediisse.
2349 424 2658 482 Audiendus
2699 435 2958 494 praeterea
3017 419 3402 495 Hieronymus,

145 516 400 569 funditus
431 513 680 584 Origenis
717 517 964 571 hmresim
999 535 1028 569 a
1062 517 1195 584 {acie
1234 528 1388 573 terra:
1435 534 1556 573 cum
1611 520 1730 589 ipso

147 607 427 660 Amalec.)
463 606 578 674 Quo
611 619 928 678 argumento
953 609 1017 662 ad
1049 609 1406 679 Epiphanium
1441 612 1732 679 scripserat

149 699 516 768 Theophilus,
549 699 740 753 eodem
776 701 1160 769 propemodum
1191 701 1411 769 scripsit
1437 701 1502 754 ad
1541 700 1732 755 Hiero-

151 802 417 859 nymum;
453 789 540 848 cui
580 789 666 842 hic
705 789 1032 857 respondens
1057 791 1124 854 ’³,
1161 808 1179 840 ι
1211 789 1342 854 Vox,
1375 790 1568 858 inquit,
1601 792 1730 844 bea-

156 879 411 934 titndinis
453 887 558 933 tua:
609 882 660 932 in
717 888 828 933 toto
881 881 1013 934 orbe
1066 882 1371 948 pertonuit,
1419 892 1474 936 et
1525 882 1732 937 etmctis

151 967 365 1022 Christi
397 968 655 1023 Ecclesiis
681 968 986 1023 laetantibus
1030 971 1224 1024 diaboli
1269 986 1474 1026 venena
1516 972 1732 1026 siluere.

153 1059 510 1130 Nequaquam
554 1061 782 1129 amplius
829 1063 1076 1130 antiquus
1111 1078 1336 1130 serpens
1385 1064 1595 1130 sibilat,
1640 1063 1734 1118 sed

153 1163 438 1208 contortus
482 1162 536 1207 et
599 1154 926 1208 evisceratus
977 1156 1030 1207 in
1080 1170 1426 1208 cavernarum
1496 1156 1733 1210 tenebris

155 1244 486 1298 delitescens
533 1245 696 1297 solem
743 1245 945 1299 clarqu
990 1245 1134 1300 ferre
1188 1262 1292 1301 non
1340 1247 1612 1302 sustinet:
1642 1249 1732 1316 qui

154 1333 380 1400 quidem
418 1349 578 1404 super
615 1337 716 1391 hac
761 1352 854 1404 re,
896 1348 949 1391 et
997 1348 1284 1406 antequam
1334 1339 1621 1402 scriberes,
1668 1338 1732 1391 ad

155 1423 512 1480 Occidentem
552 1427 803 1496 epistolas
839 1429 1114 1493 miseram,
1151 1443 1214 1482 ex
1257 1440 1410 1499 parte
1453 1431 1734 1486 haeretico-

158 1531 284 1569 rum
323 1519 573 1587 str0phas
605 1535 736 1574 mea:
783 1520 974 1592 lingua:
1019 1522 1326 1577 hominibus
1359 1522 1620 1578 iudicans.
1658 1522 1736 1576 Ex

157 1609 562 1677 dispensatione
594 1612 685 1667 Dei
717 1611 914 1667 factum
952 1622 1102 1683 puto,
1129 1623 1188 1668 ut
1216 1630 1279 1668 eo
1312 1615 1364 1668 in
1402 1625 1645 1682 tempore
1678 1623 1731 1669 tu

155 1716 376 1772 quoque
405 1703 470 1757 ad
497 1704 834 1760 Auastasium
861 1721 1048 1775 papam
1084 1708 1368 1771 scriberes,
1400 1715 1466 1763 eti
1484 1717 1726 1762 nostram

1832 521 1959 574 dum
1991 504 2266 588 aliquanto
2307 526 2429 586 post
2471 518 2535 570 ad
2568 516 2974 571 Pammachium
3011 527 3065 570 et
3097 515 3402 570 Marcellam

1830 613 2072 665 scribens
2096 611 2180 665 ’δι
2217 629 2234 658 σ
2267 607 2368 663 Ubi
2403 622 2541 660 ntmc
2574 615 2672 668 est,
2709 607 2902 676 inquit,
2931 607 3158 662 coluber
3202 617 3408 662 tortuo-

1831 704 1957 759 sus?
1987 704 2073 757 ubi
2105 703 2516 758 venenatissima
2547 701 2769 770 vipera?

1906 794 2085 847 Prima
2117 794 2338 847 hominis
2373 792 2533 861 facies
2566 803 2714 844 utero
2749 791 3024 845 commissa
3064 791 3306 859 luporum
3328 791 3409 845 '9?

1838 883 1936 940 Ubi
1973 884 2194 938 haeresis
2227 899 2348 951 quze
2389 881 2636 936 sibilabat
2670 881 2720 933 in
2760 881 2994 935 mundo?
3023 900 3042 932 ι
3081 890 3135 935 et
3168 882 3403 940 deinde:

1838 996 1857 1028 ι
1887 976 2150 1046 Oppressa
2185 984 2267 1029 est
2316 975 2432 1042 ejus
2471 973 2802 1044 (Theophili)
2844 974 3164 1028 auctoritate
3204 985 3255 1029 et
3290 975 3408 1030 elo-

1835 1068 2075 1138 quentia,
2115 1077 2170 1121 et
2215 1067 2268 1120 in
2305 1081 2507 1120 morem
2553 1065 2974 1120 dmmonicorum
3011 1066 3295 1135 spirituum
3343 1069 3410 1124 de

1835 1172 1978 1216 terra
2009 1161 2283 1230 loquitur:
2321 1161 2495 1215 nescit
2524 1160 2666 1213 enim
2701 1173 2822 1213 eum
2863 1160 2952 1228 qui
3005 1159 3285 1214 desursum
3318 1176 3407 1217 ve-

1837 1255 1991 1306 niens
2041 1267 2102 1306 ea
2159 1251 2394 1320 loquitur
2442 1266 2560 1320 quae
2633 1265 2845 1304 sursum
2915 1261 3062 1304 sunt.
3100 1271 3118 1303 ι
3158 1251 3413 1318 Queritur

1836 1343 2175 1414 postmodum
2228 1341 2390 1395 tantis
2436 1340 2893 1395 simultationibus
2937 1341 3012 1394 uti
3053 1341 3240 1396 solitos
3286 1341 3410 1398 Ori-

1837 1434 2100 1506 genistas,
2129 1443 2188 1488 ut
2221 1433 2308 1486 vix
2343 1448 2371 1487 a
2402 1433 2697 1487 Catholicis
2728 1435 3263 1488 internoscereutur:
3299 1446 3410 1489 tum

1838 1525 2058 1582 subdit:
2095 1543 2113 1575 ι
2145 1523 2282 1589 Quid
2327 1536 2547 1577 necesse
2592 1531 2674 1577 est
2715 1524 2962 1577 obsidere
3012 1521 3410 1594 Pr0pontidem,

1837 1629 2049 1674 mutare
2084 1617 2224 1680 loca,
2268 1616 2508 1670 diversas
2549 1616 2780 1671 lustrare
2827 1617 3098 1687 regiones,
3138 1626 3192 1671 et
3227 1616 3414 1673 claris-

1839 1710 2031 1764 sinmm
2075 1705 2384 1777 pontificem
2421 1704 2664 1769 Christi,
2718 1707 2948 1776 ejusque
2990 1708 3280 1777 discipulos
3331 1724 3414 1762 ra-

154 1791 292 1847 dum
324 1793 541 1863 ignoras
567 1795 883 1850 sententiam
918 1797 1255 1852 roborares.»
1292 1797 1354 1851 Et
1391 1796 1546 1866 paulo
1577 1805 1730 1866 post:
1769 1781 1812 1840 Β
1839 1800 1964 1855 bido
1994 1814 2088 1854 ore
2121 1798 2461 1866 discerpere?
2515 1795 2570 1851 Si
2606 1812 2732 1851 vera
2783 1798 3085 1867 loquimini,
3123 1799 3411 1868 pristinum

163 1901 189 1935 ι
225 1882 530 1941 Vincentius
559 1874 836 1956 presbyter
857 1897 981 1941 ante
1009 1887 1227 1941 biduum
1255 1903 1416 1957 quam
1451 1889 1589 1942 hanc
1619 1889 1735 1956 epi-

156 1979 357 2035 stolam
385 1980 590 2044 darem,
615 1982 680 2035 de
722 1979 867 2035 Urbe
893 1981 1056 2044 venit,
1081 1993 1137 2036 et
1162 1981 1475 2051 suppliciter
1507 1992 1556 2036 te
1594 1981 1739 2036 salu-

163 2079 281 2134 tat,
326 2070 626 2139 crebroque
679 2085 928 2126 sermone
988 2072 1333 2128 concelebrat
1381 2072 1640 2136 Romam,
1684 2084 1739 2126 et

159 2169 333 2215 totam
378 2160 584 2215 Italiam
634 2162 738 2216 tuis
776 2171 898 2232 post
933 2163 1206 2218 Christum
1253 2163 1494 2232 epistolis
1534 2163 1734 2217 libera-

161 2262 276 2307 tam
302 2266 316 2304 :
344 2270 364 2303 ι
403 2267 530 2306 cura
560 2253 810 2306 nimirum
846 2255 1112 2308 Anastasii
1147 2269 1314 2323 papae,
1351 2270 1379 2307 a
1407 2269 1534 2322 quo,
1564 2265 1621 2307 ut
1648 2269 1736 2308 su-

156 2347 377 2417 periore
405 2346 644 2402 sectione
685 2347 886 2401 dictum
927 2356 1033 2410 est,
1064 2346 1381 2416 proﬁigatus
1410 2344 1586 2400 fuerat
1611 2345 1736 2400 Ori--

155 2437 454 2509 genismus.
497 2437 553 2491 In
599 2437 700 2491 alia
740 2437 807 2490 ad
845 2438 1093 2491 eumdem
1129 2437 1360 2505 epistola
1393 2438 1459 2501 '°,
1493 2436 1734 2490 Priscum

154 2540 220 2584 et
263 2529 527 2585 Eubulum
571 2544 601 2584 a
653 2530 951 2597 Theophilo
1016 2529 1071 2582 in
1125 2528 1470 2583 Palmstiuam
1533 2529 1738 2599 legatos

155 2630 350 2676 narrat
375 2622 646 2691 dispersos
682 2620 912 2691 regulos.
943 2620 1281 2689 Origenistas
1324 2621 1602 2684 nimirum,
1642 2635 1736 2674 us-

156 2728 271 2784 que
311 2714 377 2768 ad
423 2729 547 2768 suas
594 2713 830 2768 latebras
884 2712 1051 2766 fuisse
1102 2722 1452 2779 persecutos;
1505 2712 1738 2782 gaudere

157 2821 353 2862 omnes
388 2807 456 2862 ob
497 2815 706 2875 partam
737 2805 804 2860 ab
837 2805 1106 2860 luereticis
1151 2805 1477 2859 victoriam:
1517 2822 1535 2855 ι
1565 2802 1739 2858 Macte

161 2898 393 2963 virtute,
437 2897 642 2968 inquit,
687 2907 860 2950 macte
897 2897 1014 2950 zelo
1065 2897 1224 2960 ﬁdei,
1268 2894 1547 2950 ostendisti
1597 2894 1739 2965 quod

161 2989 272 3042 huc
319 3001 487 3057 usque
534 2987 879 3042 taciturnitas
912 2987 1244 3056 dispensatio
1287 2986 1419 3054 fuit,
1466 3002 1570 3041 non
1606 3003 1726 3042 con-

157 3095 376 3135 sensus.
405 3099 426 3132 ν
475 3079 756 3134 Postremo
802 3077 1066 3134 Joannem
1117 3077 1623 3149 Jerosolymitanum
1666 3079 1734 3132 ob

156 3183 474 3241 susceptum
503 3172 864 3243 Origenistam
893 3173 1209 3241 quemdam,
1238 3181 1526 3240 antequam
1561 3171 1736 3225 Theo-

159 3265 299 3336 phili
324 3266 534 3322 litteras
556 3266 872 3331 accepisset,
900 3275 1124 3320 excusat
1153 3265 1238 3319 his
1263 3265 1476 3319 verbis:
1515 3282 1532 3315 ι
1565 3264 1738 3333 Super

159 3357 509 3426 susceptione
541 3358 818 3426 cujusdam
858 3374 962 3412 non
994 3359 1155 3412 debes
1183 3366 1368 3412 contra
1401 3357 1551 3411 urbis
1580 3357 1737 3426 hujus

160 3448 348 3503 dolere
395 3447 724 3516 pontiﬁcem,
773 3449 896 3518 quia
942 3449 1075 3502 nihil
1125 3449 1230 3502 tuis
1283 3447 1481 3501 litteris
1532 3461 1733 3515 prtece-

159 3544 340 3614 pisti:
385 3551 440 3596 et
482 3543 824 3597 temerarium
878 3541 976 3595 fuit
1021 3543 1087 3596 de
1124 3557 1190 3596 eo
1232 3541 1374 3610 quod
1425 3540 1733 3605 nesciebat,

163 3634 312 3688 ferre
342 3631 664 3687 sententiam
688 3649 702 3686 :
731 3640 908 3686 tamen
941 3646 1062 3686 reor
1089 3631 1238 3684 illum
1266 3645 1364 3686 nec
1394 3629 1610 3695 audere,
1639 3643 1734 3683 nec

161 3722 302 3776 velle
348 3733 399 3777 te
441 3721 493 3776 in
541 3721 725 3792 aliquo
766 3721 978 3776 hedera.
1006 3739 1026 3773 ι
1078 3719 1285 3788 Quibus
1331 3734 1434 3774 non
1475 3717 1732 3772 Joannem

161 3813 688 3884 Jerosolymitanum,
724 3815 814 3867 sed
847 3813 1297 3884 Chrysostomum
1338 3813 1510 3868 notari
1543 3822 1733 3881 putant

165 3905 404 3960 nonnulli
434 3924 448 3959 :
484 3905 580 3960 sed
612 3921 716 3960 non
751 3909 1071 3974 persuadent
1101 3924 1116 3972 ;
1170 3921 1292 3959 nam
1336 3921 1500 3958 unum
1547 3920 1734 3985 quem-

163 4003 290 4050 dam
322 4006 627 4065 susceptum
656 3996 791 4050 dicit
834 3997 1212 4067 Hieronymus,
1255 4005 1311 4049 at
1347 3995 1732 4065 quinquaginta

161 4090 580 4159 Cluysostomus
628 4089 882 4158 suscepit.
931 4088 1130 4143 Deinde
1173 4103 1296 4142 cum
1347 4088 1424 4142 ait
1473 4087 1734 4157 Hierony-

165 4196 306 4247 mus,
334 4178 488 4234 Urbis
522 4180 703 4250 hujus,
750 4190 923 4234 utram
964 4183 1142 4250 potius
1176 4181 1392 4235 videtur
1426 4181 1734 4250 signiﬁcare

161 4269 682 4337 Constantinopolim
717 4277 795 4323 tot
839 4270 1207 4324 mansionibus
1236 4269 1515 4334 dissitam;
1551 4286 1616 4323 an
1647 4268 1735 4324 Je-

165 4364 488 4434 rosolymam
527 4362 680 4431 cujus
709 4365 761 4418 in
791 4364 982 4418 vicinia
1013 4364 1127 4418 haec
1159 4363 1461 4418 scribebat?
1499 4363 1733 4419 Omnino

1839 1895 2042 1947 erroris
2068 1893 2316 1946 ardorem
2349 1890 2541 1945 ardore
2579 1890 2700 1945 ﬁdei
2743 1900 3092 1946 commutate.
3121 1911 3138 1942 ι
3191 1891 3412 1945 Demum

1838 1985 2130 2039 Paschalcs
2167 1983 2448 2052 Theophili
2484 1983 2766 2051 epistolas,
2807 1982 3002 2052 quibus
3045 1981 3413 2051 Origenismus

1837 2075 2121 2140 obteritur,
2166 2090 2194 2129 a
2243 2083 2352 2127 toto
2395 2073 2616 2128 Oriente
2659 2089 2780 2128 cum
2821 2071 3176 2128 admiratione
3214 2072 3413 2141 suscipi

1837 2175 1892 2221 et
1916 2166 2190 2235 praedicari
2224 2163 2526 2219 denuntiat.

1913 2255 1999 2310 Vl.
2035 2256 2248 2310 Prolixe
2282 2256 2396 2309 haac
2423 2270 2452 2307 a
2487 2269 2572 2308 me
2603 2262 2786 2307 notata
2817 2262 2964 2319 sunt,
2991 2262 3049 2306 ut
3078 2269 3199 2307 cum
3230 2263 3412 2308 aucto-

1838 2349 1996 2404 ritate
2025 2347 2286 2410 Palladii,
2334 2345 2599 2410 Socratis,
2645 2344 2970 2408 Sozomeni,
3024 2343 3241 2413 Georgii
3286 2345 3414 2400 Ale-

1837 2439 2111 2503 xandriui,
2153 2437 2407 2507 auonymi
2457 2435 2678 2490 alterius
2711 2435 2800 2504 qui
2836 2435 3206 2505 Chrysostomi
3249 2436 3414 2488 vitam

1837 2533 1891 2586 in
1939 2531 2147 2585 litteras
2176 2527 2378 2591 retulit,
2413 2535 2469 2581 et
2497 2541 2526 2579 a
2555 2525 2756 2580 Savilio
2797 2525 2974 2578 editus
3003 2534 3086 2578 est
3131 2534 3266 2578 tom.
3307 2523 3412 2578 Vlll

1837 2625 2206 2697 Chrysostomi
2233 2635 2286 2678 et
2314 2622 2582 2677 Simeouis
2605 2620 3010 2690 Metaphrastaa,
3039 2619 3204 2673 lector
3226 2631 3412 2688 aequus

1840 2717 2123 2787 Epiphauii
2171 2725 2227 2769 et
2290 2712 2602 2783 Hieronymi
2647 2711 3022 2764 auctoritatem
3079 2714 3412 2776 componat,

1837 2820 1890 2865 et
1931 2824 2089 2878 quam
2150 2809 2359 2862 diversa
2432 2808 2498 2860 de
2549 2805 2829 2872 Theophili
2879 2814 2934 2858 et
2983 2802 3414 2870 Origenistarum

1837 2901 2060 2957 dissidio
2109 2899 2409 2964 senserint,
2459 2905 2768 2967 cognoscat.
2814 2894 2890 2948 llli
2935 2908 3199 2950 summam
3245 2893 3414 2961 pieta"

1842 2996 1928 3058 tis,
1962 2992 2284 3058 sanctitatis,
2311 3001 2366 3046 et
2394 2989 2820 3044 mansuetudinis
2848 2988 3055 3041 laudem
3091 2985 3410 3070 Origeuistis

1841 3081 2082 3134 tribuunt
2124 3095 2138 3132 :
2178 3078 2231 3132 hi
2267 3071 2595 3146 versipelles,
2630 3075 2973 3130 refractarios
3005 3081 3060 3127 et
3101 3074 3404 3142 pertinaces
3479 3091 3481 3096 ·

1840 3171 2057 3226 eosdem
2094 3169 2320 3236 lingunt.
2351 3167 2425 3221 llli
2465 3165 2818 3233 Theophilum
2849 3164 3194 3227 iracundum,
3233 3163 3409 3232 impo-

1841 3269 2077 3324 tentem,
2128 3259 2413 3328 iniquum,
2463 3257 2704 3327 pecunia:
2755 3256 3044 3326 cupidum,
3088 3268 3313 3324 pronum
3358 3252 3412 3307 in

1837 3350 2149 3415 vindictam,
2184 3350 2406 3419 privatis
2451 3348 2660 3418 injuriis
2707 3348 2800 3402 Dei
2846 3361 3068 3401 causam
3140 3344 3278 3400 falso
3318 3344 3413 3399 ob-

1838 3447 2146 3498 tendentem
2185 3443 2482 3496 exhibent:
2515 3441 2569 3495 hi
2605 3439 2723 3495 zelo
2752 3439 2874 3493 ﬁdei
2905 3438 3096 3493 ardere
3138 3439 3409 3502 eumdem,

1837 3535 2038 3602 pollere
2068 3535 2380 3604 prudentia,
2417 3533 2612 3603 Moysis
2647 3532 2904 3585 virtutem
2948 3529 3152 3584 referre
3192 3529 3404 3584 dicunt.

1835 3627 1987 3693 Quod
2019 3627 2061 3681 si
2095 3641 2182 3680 res
2209 3627 2280 3680 ita
2309 3626 2534 3679 fuissent
2558 3636 2740 3693 gestze,
2767 3632 2824 3678 ut
2853 3637 2884 3675 a
2909 3621 3146 3676 Palladio
3181 3636 3404 3674 narran-

1837 3728 1941 3782 tur,
1973 3732 2099 3771 num
2133 3726 2446 3785 prmsentem
2475 3715 2944 3776 Posthumianum,
2969 3723 3024 3766 et
3054 3711 3410 3780 Epiphanium

1834 3826 1898 3862 ac
1930 3808 2314 3878 Hieronymum
2349 3807 2401 3860 in
2424 3806 2620 3861 vicinia
2643 3807 2846 3876 positos
2881 3803 3047 3858 latere
3076 3801 3414 3871 potuissent?

1835 3915 1962 3953 num
1993 3901 2236 3953 insontes
2273 3913 2337 3952 ac
2389 3900 2504 3966 pios
2533 3898 2778 3952 homines
2836 3905 3028 3965 praeter
3075 3894 3154 3948 fas
3200 3894 3414 3948 sedibus

1834 3989 1947 4043 suis
1981 3989 2372 4043 exterminatos
2403 3989 2654 4043 couvitiis
2680 3988 2779 4057 ipsi
2815 4001 3028 4055 quoque
3058 3985 3414 4041 lacerassent?

1834 4062 1960 4134 num
1984 4066 2269 4150 Theophili
2311 4081 2618 4150 petulantia:
2645 4079 3084 4135 consensissent?
3112 4094 3237 4132 num
3283 4076 3414 4131 fero-

1833 4175 2051 4228 citatem
2098 4175 2215 4240 ejus
2271 4188 2335 4227 ac
2371 4173 2632 4227 saavitiam
2690 4173 3020 4237 laudassent,
3048 4180 3104 4225 et
3154 4170 3415 4223 laudando

1833 4265 2147 4320 auxissent?
2176 4264 2327 4330 Quod
2375 4265 2418 4318 si
2477 4265 2784 4318 econtrario
2818 4262 2951 4317 falsa
2983 4265 3048 4318 de
3073 4261 3413 4331 Origenisus.

1833 4367 1886 4410 et
1908 4355 2280 4428 Chrysostomi
2312 4369 2472 4408 causa
2497 4354 2820 4424 prodidisset
2851 4353 3078 4418 litteris;
3111 4367 3176 4404 an
3204 4353 3270 4404 de
3299 4353 3414 4419 ipso

161 4463 314 4510 certe
357 4453 840 4525 Jerosolymitanus
877 4453 1113 4510 Joannes
1161 4456 1372 4510 videtur
1429 4456 1730 4526 intelligen-

1840 4450 2232 4518 prouuuliasset
2267 4447 2485 4500 Photius
2514 4447 2631 4500 cod.
2652 4462 2794 4509 XCVI,
2821 4446 2902 4498 ὅτι
2946 4443 3236 4514 διαλογικῷ
3260 4444 3414 4512 τύπῳ

161 4545 286 4600 dus.
331 4545 407 4600 Ex
446 4547 529 4601 his
574 4548 836 4615 suspicari
874 4547 1002 4600 licet
1053 4547 1388 4601 deferbuisse
1430 4548 1734 4616 aliquantu-

165 4637 275 4691 lum
311 4639 412 4693 hoc
441 4648 677 4708 tempore
703 4640 869 4709 ipsius
895 4655 1016 4694 cum
1053 4638 1378 4708 Hieronymo
1404 4640 1728 4704 simultates,

165 4715 336 4800 (quas
368 4748 577 4786 rursum
615 4743 792 4786 tamen
838 4734 1241 4800 redintegratas
1287 4732 1453 4787 fuisse
1506 4732 1732 4788 inferius

163 4825 553 4894 ostendemus),
580 4835 635 4879 et
666 4825 994 4894 aliquantum
1026 4827 1091 4879 de
1119 4839 1302 4881 amore
1337 4841 1434 4880 suo
1469 4825 1728 4880 adversus

164 4915 450 4985 Origenem
483 4917 775 4981 remisisse,
799 4917 882 4970 vel
915 4917 1243 4972 sententiam
1275 4926 1422 4971 certe
1449 4932 1598 4969 suam
1628 4915 1732 4971 dis-

162 5006 467 5062 simulasse.
492 5008 642 5074 Quod
675 5019 733 5061 ut
760 5009 1006 5078 suspicer
1041 5008 1170 5062 facit
1200 5007 1328 5062 illud
1359 5006 1636 5077 Theophili
1677 5008 1728 5060 in

167 5098 271 5151 alia
318 5099 383 5151 ad
423 5099 808 5171 lliermtymum
859 5099 1083 5170 epistola
1122 5101 1163 5131 "
1209 5118 1222 5153 :
1259 5117 1276 5150 ι
1307 5101 1482 5167 Atque
1525 5099 1730 5151 utinam

167 5188 308 5256 apud
353 5203 447 5243 vos
469 5205 699 5259 quoque
738 5192 1068 5259 deponerent
1118 5190 1473 5260 hypocrisim,
1518 5188 1606 5256 qui
1637 5203 1728 5242 oc-

167 5276 308 5331 culte
340 5277 591 5334 dicuntur
634 5281 896 5335 subruere
932 5280 1254 5334 veritatem:
1287 5279 1354 5333 de
1397 5279 1591 5346 quibus
1620 5293 1729 5331 non

167 5367 306 5423 bene
346 5371 639 5425 sentientes
684 5371 735 5423 in
780 5370 846 5424 iis
885 5371 1192 5440 regionibus
1249 5369 1443 5424 fratres
1484 5369 1599 5422 haec
1648 5383 1733 5423 me

168 5459 405 5516 scribere
461 5463 893 5532 provocaruut!»
947 5462 1107 5516 Addit
1155 5460 1486 5530 Theophilus
1538 5460 1734 5529 fugatis

169 5549 486 5620 Origenistis
513 5554 580 5610 ad
612 5554 890 5622 pristinam
925 5552 1362 5622 tranquillitatem
1404 5549 1732 5606 monasteria

1840 4540 2020 4604 καλῶς
2047 4557 2107 4592 τε
2139 4539 2232 4593 καὶ
2268 4538 2717 4608 ἐσπουδασμένως
2738 4537 2806 4591 τὰ
2833 4537 2958 4607 περὶ
2994 4536 3083 4589 τὸν
3114 4535 3413 4607 Χρυσόπο-

1844 4649 1942 4702 μον
1975 4629 2340 4702 ἀνεγράψατο.
2392 4647 2410 4680 ι
2437 4630 2710 4698 Dialogico
2739 4629 2911 4698 ipsum
2948 4629 3258 4682 charactere
3293 4627 3413 4696 pul-

1839 4725 1968 4776 chre
1997 4737 2058 4776 ac
2087 4722 2372 4790 diligenter
2424 4735 2511 4775 res
2560 4720 2930 4792 Chrysostomi
2977 4720 3408 4788 descripsisse?»

1839 4812 2096 4883 Equidem
2127 4822 2179 4868 et
2206 4813 2316 4883 jam
2340 4828 2500 4882 supra
2533 4811 2667 4877 dixi,
2689 4821 2745 4866 et
2777 4828 2920 4866 nunc
2940 4828 3151 4882 quoque
3176 4829 3414 4882 pronun-

1840 4908 1911 4962 tio
1949 4906 2174 4975 duplicis
2233 4905 2398 4960 fuisse
2427 4905 2638 4974 generis
2678 4904 3010 4975 Origenistas
3036 4945 3052 4970 ,
3089 4905 3413 4959 orthodoxos

1840 5008 1896 5054 et
1928 4998 2330 5064 heterodoxos;
2370 5013 2505 5065 quos
2534 5013 2654 5051 cum
2681 4999 2747 5052 ab
2779 4998 3006 5052 invicem
3041 5012 3326 5052 secernere
3359 4999 3430 5093 in;

1839 5103 2086 5161 promptu
2112 5107 2215 5145 non
2239 5101 2405 5156 esset,
2438 5100 2696 5159 utrosque
2737 5089 3201 5144 indiscriminatim
3237 5089 3414 5144 Theo-

1837 5185 2037 5252 philum
2074 5186 2395 5247 divcxasse;
2437 5185 2786 5253 eamdemque
2820 5182 2889 5236 ob
2919 5199 3131 5236 causam
3163 5193 3413 5251 utrosque

1841 5277 2310 5334 indiscriminatim
2359 5277 2620 5332 Joannem
2668 5277 3106 5346 Chrysostomum
3163 5274 3408 5330 fovisse:

1840 5369 1969 5424 hinc
2023 5369 2307 5424 nonnullos
2360 5367 2558 5423 factum
2611 5367 2890 5435 Theophili
2941 5369 3296 5423 heterodoxos
3330 5365 3412 5418 in-

1839 5461 2094 5515 sectantis
2158 5461 2453 5526 probasse;
2503 5461 2621 5514 aliis
2663 5460 2987 5514 orthodoxos
3043 5457 3178 5512 male
3225 5455 3407 5512 haberi
3445 5497 3464 5516 .

1841 5551 2095 5606 doluisse.
2135 5549 2488 5620 TheOphilum
2523 5561 2781 5621 pmterea
2827 5551 3028 5621 judicio
3072 5549 3238 5604 fuisse
3273 5561 3411 5618 pra:-

246 5685 291 5716 “
315 5686 482 5741 Exod.
509 5704 637 5753 rvn,
666 5691 750 5744 Μ.
826 5691 869 5721 ⁸⁸
901 5689 1044 5745 llier.
1075 5689 1228 5760 epist.
1267 5688 1352 5742 Ti.
1430 5689 1473 5720 ’⁵
1501 5688 1643 5744 llier.
1668 5687 1926 5759 epistJO.
2005 5689 2048 5717 ’⁷
2069 5686 2213 5742 llier.
2240 5689 2399 5757 epist.
2422 5687 2508 5742 72.
2586 5689 2629 5719 ³⁸
2651 5687 2970 5756 llicr.cpist.
2997 5687 3082 5741 78.
3159 5676 3406 5754 "Virgil.

172 5755 386 5814 Ᾰὲηείιι.
413 5774 501 5823 tu,
531 5775 668 5816 vers.
700 5760 820 5817 4°26.
849 5761 968 5816 4‘28.
