1930 3113
241 163 308 191 ll“

905 156 935 184 P.
957 152 1112 181 DANIELIS
1131 152 1248 180 HUETlI

1797 148 1863 175 1148

241 220 329 257 cipiti,
345 225 373 248 et
402 218 483 246 animi
499 216 638 245 affectibus
658 216 769 243 nimium
792 216 991 249 obtemperasse
1007 212 1029 240 si
1044 215 1066 241 Δ
1081 218 1146 238 vero
1175 214 1252 245 rogat
1277 208 1453 257 Epiphaniam
1480 207 1667 257 Theophilus-1
1685 210 1716 257 ut
1743 207 1862 241 aliquem

241 274 380 302 negarem,
393 264 554 292 reclamat-et
565 262 786 297 Chrysostomus,
805 261 830 286 in
845 267 924 294 quem
945 259 1029 291 impo-

242 318 331 342 tenter
342 312 464 340 deszeviit
476 319 483 343 ;
500 310 660 337 reclamaret
675 313 702 335 et
711 307 807 334 Paulus
821 306 864 333 ille
875 305 1027 340 episcopus,

242 367 321 395 quem
343 362 403 393 post
421 356 534 391 ﬂagella,
557 361 694 383 carcerem
718 358 744 381 et
765 352 880 384 metalla,
907 359 921 377 a
943 350 1029 377 Theo-

241 404 325 439 philo,
342 411 393 430 non
408 407 517 438 propter
543 400 752 435 Origenismum,
766 399 812 425 sed
835 397 901 424 alias
914 396 948 423 ob
966 403 1030 422 cau-

242 458 287 478 sas
313 457 346 477 ex
362 449 478 484 [Egypto
490 447 657 475 eliminatum
682 445 861 479 Hieronymus
887 447 1029 470 transeun-

244 502 296 525 tem
309 497 425 531 hospitio
438 495 564 529 suscepit,
594 498 621 521 et
632 497 661 520 ut
677 499 724 527 per
739 489 877 525 imperiale
897 488 1026 522 scriptum

243 542 443 571 restitueretur,
462 539 602 567 laboravit.
620 536 737 564 Privatis
760 535 872 570 proinde
891 533 979 561 causis
994 533 1028 560 ad

243 586 392 621 carpendos
406 584 572 619 Origenistas
597 582 740 609 adductum
774 579 854 606 fuisse
881 578 936 605 veri
961 576 1027 604 mihi

242 632 350 658 videtur
365 637 493 665 perquam
512 628 688 659 simillimum,
712 631 739 653 et
753 625 875 652 vindicta;
894 632 949 651 sua:
967 622 1028 651 Ori-

243 677 392 711 genismum
416 674 528 702 subdole
554 673 746 709 prietexuisse;
763 670 940 706 Epiplianium
962 675 1026 696 vero

242 721 490 755 et-Hieronymum,
517 726 574 746 rem
609 718 694 752 ipsam
724 716 849 743 Ecclesiae
871 714 1024 750 perutilem,

243 766 405 802 Origenismi
420 766 523 793 scilicet
532 764 752 798 exstirpationem
770 766 914 796 spectasse,
931 768 1025 788 causas

243 812 315 846 ipsas
332 812 439 846 insuper
460 811 597 839 habuisse.
619 810 789 843 Quaecunque
800 813 873 836 certe
885 816 928 836 res
939 808 1025 835 Theo-

242 857 344 891 philunt
361 857 505 892 impulerit,
520 860 626 884 constat
652 855 775 891 legitimae
795 855 888 890 synodi
908 855 1024 882 decretis

242 902 454 937 Origenistarum
470 910 578 930 errores
590 901 672 929 fuisse
688 901 835 934 rescissos;
856 908 888 928 ac
900 908 952 928 non
966 905 1025 927 tan-
1039 889 1061 917 Β

243 953 298 975 ιυιη
313 949 428 976 fortasse
441 948 592 983 Theophili,
611 952 739 983 quantum
764 947 858 982 synodi
872 946 1025 975 auctoritati

243 994 434 1029 Hieronymum
451 998 478 1022 et
493 994 670 1029 Epiphanium
689 993 822 1020 tribuisse.

278 1039 333 1067 νη.
359 1040 443 1067 Porro
471 1047 523 1067 non
547 1040 703 1075 synodicam
735 1039 864 1066 duntaxat
886 1039 1026 1074 Theophili

242 1085 396 1120 epistolam,
426 1088 516 1113 datam
535 1093 605 1113 anno
620 1085 720 1113 Christi
740 1085 802 1117 399,
819 1087 865 1113 sed
882 1085 1026 1113 Paschales

241 1132 323 1159 etiam
336 1137 461 1166 quatuor,
476 1132 553 1159 annis
575 1131 637 1164 400,
653 1131 715 1162 401,
730 1131 792 1163 402,
805 1131 868 1163 405,
882 1131 945 1164 404,
958 1132 1027 1159 seri-

242 1182 310 1211 ptas,
338 1177 517 1213 Hieronymus
541 1177 684 1204 Latinitate
714 1177 832 1209 donavit,
854 1182 881 1204 ul
910 1185 969 1211 quae
993 1177 1026 1205 iis

242 1223 434 1250 continebatur
447 1223 570 1259 Origenis
585 1224 731 1255 damnatio,
751 1223 841 1256 latius,
861 1229 887 1250 et
904 1224 929 1250 in
949 1224 1027 1252 Occi-

243 1268 323 1295 dente
347 1270 513 1303 potissimum
544 1269 754 1304 pervulgaretur.
784 1269 968 1296 Pervenerunt
993 1270 1027 1297 ad

244 1314 313 1341 hanc
325 1319 430 1342 aetatem
453 1316 616 1349 posteriores
632 1320 699 1347 tres,
728 1315 800 1349 prior
823 1322 883 1342 cum
900 1315 1025 1350 synodica

243 1359 396 1393 intercidit;
414 1360 439 1387 in
452 1360 548 1394 quibus
559 1360 704 1395 depravata
717 1360 805 1395 aliqua
817 1360 851 1387 ab
864 1359 1027 1395 Hieronymo

243 1412 303 1431 cum
324 1405 406 1439 ipsius
417 1406 729 1440 adversariijactassent,
745 1413 803 1433 sese
815 1406 840 1432 in
854 1406 965 1440 epistola
981 1406 1025 1439 78,

243 1451 277 1476 ad
297 1449 492 1478 Pammacliium
514 1456 536 1477 et
557 1451 724 1482 Marcellam.
753 1459 812 1478 cum
829 1453 861 1479 ad
876 1459 922 1479 eos
935 1457 1026 1487 poste-

244 1496 332 1523 riores
343 1496 488 1524 Paschales
505 1497 630 1530 mitteret,
645 1496 792 1524 luculenter
806 1498 938 1532 purgavit.

1080 257 1170 284 mittat
1189 254 1459 289 Constantinopolim,
1482 255 1551 281 sicut
1566 262 1580 279 a
1595 261 1624 280 se
1636 252 1790 280 Nilrienses
1806 261 1862 280 mo-

1079 303 1156 330 nachi
1182 303 1256 329 missi
1273 307 1353 329 sunt:
1368 308 1421 335 quo
1442 300 1534 327 missi?
1552 307 1647 334 nempe
1675 306 1729 333 quo
1743 299 1863 333 aliquem
1911 308 1912 312 ‘

1079 349 1148 375 mitti
1163 349 1219 375 vult
1241 348 1275 375 ab
1300 347 1468 382 Epiphanio;
1486 345 1745 379 Constantinopolim
1768 352 1777 371 :
1802 352 1863 372 nam

1078 394 1142 428 quid
1177 394 1248 421 aliud
1271 394 1353 421 verba
1382 392 1497 420 sonant?
1512 392 1586 425 Quod
1602 397 1690 418 autem
1719 391 1863 426 peregrina

1078 440 1267 468 communione
1280 447 1326 467 eos
1341 439 1476 473 exceperit
1490 438 1709 473 Cbrysostomus.
1721 437 1788 464 inde
1800 444 1864 464 con-

1078 486 1164 513 cludit
1188 486 1320 513 Baronius
1343 485 1436 521 synodi
1467 483 1656 511 Alexandrinae
1673 483 1782 510 litteras
1803 483 1863 511 illuc

1077 533 1194 559 nondum
1212 532 1294 559 fuisse
1317 532 1449 566 perlatas;
1466 529 1563 564 alioqui
1586 531 1728 557 damnatos
1747 534 1777 556 et
1801 537 1863 564 pro.

1078 578 1194 612 scriptos
1220 578 1367 605 monachos
1391 577 1500 604 minime
1525 576 1608 604 fuisse
1622 581 1812 610 excepturum.
1831 576 1865 603 Ut

1077 623 1102 650 id
1114 625 1202 657 detur,
1220 626 1291 659 quod
1304 624 1395 659 negari
1416 628 1502 650 tamen
1516 627 1613 658 potest,
1629 630 1690 650 nam
1707 623 1864 651 damnatio-

1077 671 1119 698 nis
1131 678 1240 698 causam
1261 675 1364 698 certum
1381 675 1421 697 est
1441 670 1521 696 licere
1537 669 1645 703 inquiri,
1662 676 1717 696 non
1735 669 1804 696 inde
1819 676 1863 696 se-

1077 716 1168 750 quitur
1183 715 1512 750 Constantinopolitanum
1542 716 1593 742 iter
1608 715 1683 749 prius
1706 715 1863 750 suscepisse

1075 761 1225 789 Nitrienses
1250 761 1428 797 Origenistas,
1457 770 1537 797 quam
1562 761 1663 796 legatos
1687 769 1753 789 suos
1764 761 1860 789 eodem

1076 808 1240 843 Theophilus
1264 808 1394 835 misisset.
1424 807 1565 835 Probabile
1587 807 1683 842 quippe
1710 812 1752 834 est
1769 806 1859 834 Theo-

1076 855 1141 889 phili
1158 855 1259 890 legatos
1278 854 1429 889 provincias
1445 854 1542 881 multas
1555 854 1663 886 adiisse,
1676 853 1860 881 disseminan-

1076 902 1169 928 darum
1189 900 1311 935 praesulis
1330 900 1399 928 illius
1416 901 1601 936 synodicarum
1627 899 1781 927 litterarum
1800 908 1861 935 gra-

1079 948 1124 980 tia,
1139 948 1304 982 proindeque
1315 947 1401 974 serius
1414 946 1671 981 Constantinopolim
1686 947 1801 974 easdem
1815 947 1865 973 im-

1076 1000 1216 1029 portasse;
1233 1001 1293 1021 cum
1321 994 1426 1020 interea
1444 993 1607 1020 discessione
1631 991 1740 1019 illorum
1758 992 1864 1025 audita,

1077 1042 1177 1070 nullam
1194 1042 1397 1076 interponentes
1415 1047 1529 1073 moram,
1547 1039 1651 1074 magnis
1668 1038 1818 1065 itineribus
1832 1038 1864 1064 il-

1077 1089 1119 1116 luc
1133 1088 1335 1116 contendissent
1355 1086 1531 1121 Origenistce;
1553 1090 1580 1113 et
1595 1085 1640 1120 qui
1662 1085 1754 1112 serius
1770 1092 1865 1112 susce-

1076 1139 1173 1170 perant
1190 1134 1250 1167 iter,
1267 1133 1400 1160 maturius
1414 1133 1478 1159 illud
1491 1132 1684 1164 confecissent,

1112 1180 1158 1207 IX.
1172 1179 1427 1213 Constantinopolim
1444 1178 1524 1205 delati
1544 1177 1704 1211 Origenistae
1724 1176 1865 1212 supplices

1078 1226 1203 1254 accidunt
1219 1226 1251 1253 ad
1275 1233 1361 1260 genua
1378 1224 1498 1258 Joannis,
1522 1224 1710 1259 postulauitque
1724 1228 1753 1250 ut
1781 1231 1865 1258 opera

1077 1272 1160 1305 ipsius
1174 1276 1200 1298 et
1212 1271 1382 1303 auctoritate,
1397 1270 1538 1305 Theophili
1555 1270 1697 1297 adversum
1710 1277 1740 1297 se
1752 1270 1864 1296 iracun-

1078 1319 1121 1346 dia
1144 1322 1266 1352 sedetur,
1286 1322 1312 1346 et
1328 1317 1473 1354 Egyptum
1491 1318 1617 1345 redeundi
1629 1318 1680 1345 sibi
1700 1318 1779 1352 copia
1794 1317 1864 1344 ﬁat:

1078 1364 1147 1399 quod
1165 1364 1187 1391 si
1201 1363 1352 1391 reverentia
1367 1368 1412 1390 aut
1426 1368 1498 1390 metu
1509 1362 1660 1397 Theophili,
1678 1363 1714 1389 ab
1726 1363 1786 1397 ipso
1800 1369 1865 1396 quo-

1078 1418 1130 1444 que
1146 1410 1369 1444 quemadmodum
1380 1413 1406 1436 et
1420 1410 1453 1436 ab
1464 1408 1523 1436 aliis
1534 1409 1667 1443 episcopis
1684 1409 1861 1443 repellantur,

1078 1456 1247 1489 imperatoris
1262 1463 1339 1490 opem
1356 1462 1385 1483 se
1397 1454 1513 1489 denique
1529 1455 1728 1489 imploraturos.
1744 1455 1863 1489 Compo-

1079 1502 1147 1528 situs
1162 1501 1195 1527 ad
1214 1500 1414 1527 miserationem
1438 1500 1655 1526 commovendam
1670 1499 1793 1526 virorum
1809 1499 1863 1526 ba-

280 1541 347 1568 Vlll.
364 1541 423 1568 lam
441 1549 505 1568 vero
521 1549 610 1568 rerum
623 1542 720 1569 seriem
733 1549 937 1577 persequamur.
954 1534 1061 1582 Dixi-lc
1079 1547 1150 1573 bitus
1162 1546 1355 1582 Chrysostomo
1378 1545 1511 1580 lacrymas
1525 1545 1652 1571 excussit.
1676 1543 1797 1577 Benigne
1811 1544 1863 1571 ita.

243 1593 302 1613 mus
322 1586 583 1621 Constantinopolim
605 1587 741 1622 profectos
761 1595 821 1615 esse
848 1587 1023 1623 Origenistas,

244 1636 384 1666 postquam
406 1631 499 1659 eodem
522 1632 623 1667 legatos
644 1640 658 1659 a
670 1632 819 1667 Theophilo
838 1634 933 1661 missos
948 1641 1024 1662 acce-

243 1682 350 1711 perunt.
366 1676 445 1704 Falso
460 1677 484 1704 id
500 1685 514 1704 a
531 1678 648 1704 Palladio
663 1683 691 1706 et
718 1678 869 1706 Sozomeuo
880 1679 1023 1706 conlictum

244 1722 331 1757 arguit
344 1722 474 1749 Baronius
488 1723 522 1749 ad
536 1732 580 1749 an.
597 1723 659 1756 400,
672 1732 731 1758 cap.
743 1724 787 1756 61,
802 1732 850 1751 nec
863 1732 1023 1760 quemquam

244 1769 308 1795 illuc
326 1774 387 1795 ante
401 1769 504 1803 legasse
516 1768 691 1804 Theophilum
710 1771 860 1804 contendit,
879 1778 958 1806 quam
976 1779 1024 1799 eo—

243 1815 303 1842 dem
321 1815 419 1842 abiisse
436 1814 604 1850 Origenistas
621 1816 760 1844 intellexit.
791 1817 896 1844 Falsum
919 1825 1025 1852 quoque

242 1867 302 1887 esse
313 1861 380 1893 vult,
397 1861 466 1888 inter
481 1861 646 1896 Origenistas
662 1862 746 1890 fuisse
779 1863 930 1898 lsidorum;
947 1865 972 1891 id
990 1865 1024 1891 li-

243 1911 285 1933 cet
311 1912 408 1941 pratler
433 1907 612 1935 Sozomenum
630 1907 755 1936 Socrates
769 1914 913 1936 asseveret.
928 1909 1025 1937 Nititur

242 1952 372 1980 Baronius
385 1952 525 1988 Theophili
542 1955 576 1980 ad
587 1953 763 1989 Epiplmnium
774 1955 896 1989 epistola,
914 1963 973 1990 qua:
984 1961 1025 1983 est

242 1999 312 2026 inter
337 2000 558 2036 llieronymianas
573 2000 625 2033 67;
652 2001 691 2028 sic
719 2000 798 2027 habet
816 2001 860 2028 illa
890 2010 922 2028 ιι
937 2001 1024 2029 Didici

242 2046 314 2072 enim
338 2047 409 2080 quod
434 2046 642 2073 calumniatores
667 2054 737 2074 verce
760 2047 832 2079 lidei,
848 2047 1023 2080 ﬁAmmonius,

243 2091 384 2124 Eusebius,
399 2096 426 2119 et
447 2091 616 2127 Euthymius,
643 2100 711 2119 novo
741 2100 789 2126 pro
820 2093 913 2120 haeresi
934 2092 1024 2119 furore

242 2137 414 2171 bacchantes,
433 2137 689 2172 Constantinopolim
701 2138 852 2173 navigarint
867 2147 873 2165 :
891 2143 919 2164 ut
935 2142 962 2164 et
977 2145 1025 2165 no-

242 2191 300 2217 vos,
317 2184 338 2211 si
355 2192 421 2219 quos
443 2184 584 2216 valuerint,
600 2184 744 2219 decipiant,
775 2189 800 2211 et
812 2184 947 2212 veteribus
969 2192 1024 2211 suae

242 2229 390 2265 impietatis
419 2231 498 2258 sociis
523 2230 729 2265 coniungantur.
746 2239 755 2256 ι
775 2229 850 2257 Nulla
869 2230 913 2257 hic
929 2230 1023 2258 lsidori
1040 2221 1061 2249 D

243 2276 365 2303 mentio:
382 2280 455 2304 certe
477 2284 563 2310 neque
585 2276 714 2309 Dioscori,
740 2285 789 2304 nec
812 2277 924 2304 aliorum
946 2277 1025 2312 quin-

242 2323 379 2357 quaginta,
408 2330 474 2357 quos
506 2323 567 2350 illuc
591 2323 741 2357 perrexisse
771 2323 852 2350 tradit
876 2323 1022 2351 Palladius.

242 2367 324 2400 Quasi
342 2375 405 2395 vero
435 2368 541 2395 nomina
557 2368 722 2403 singulorum
750 2376 911 2403 percensere
935 2369 1023 2396 Theo-

243 2413 333 2447 philus
351 2413 509 2439 instituerit.
528 2414 564 2439 At
587 2413 682 2440 deinde
699 2413 862 2447 Theophilus
887 2422 894 2440 :
923 2422 932 2439 (
947 2414 979 2440 Et
996 2418 1024 2440 ιιι

242 2458 358 2486 celerius
372 2463 463 2485 nostra
475 2458 731 2492 Constantinopolim
746 2459 842 2493 scripta
857 2459 1022 2493 perveniant,

242 2504 319 2531 mitte
345 2504 502 2531 industrium
520 2505 616 2538 virum,
629 2509 655 2531 et
665 2504 778 2538 aliquem
792 2505 823 2530 de
834 2505 949 2537 clericis,
969 2505 1020 2532 sic-

242 2552 272 2574 ut
291 2553 318 2575 et
341 2556 389 2576 nos
399 2549 431 2576 de
445 2549 512 2582 ipsis
526 2549 616 2575 Nitrize
636 2549 808 2577 monasteriis
824 2555 914 2584 patres
929 2557 1022 2577 mona-

241 2593 365 2626 chorum,
381 2602 440 2620 cum
457 2594 517 2621 aliis
538 2594 638 2622 sanctis
660 2600 686 2622 et
708 2595 945 2623 continentissimis
958 2596 1022 2623 viris

242 2639 375 2671 misimus,
394 2640 438 2673 qui
456 2640 560 2674 possint
576 2646 690 2667 cunctos
718 2641 743 2667 in
762 2641 902 2674 prmsentia
925 2641 1022 2669 docere

241 2692 301 2719 qua:
315 2689 388 2720 gesta
407 2690 479 2712 sunt.
499 2695 508 2711 ι
530 2685 567 2712 Ex
585 2686 626 2712 his
653 2686 720 2713 elIici
745 2690 821 2720 putat
840 2686 971 2714 Baronius
990 2688 1023 2714 ab

203 2749 213 2759 .
242 2730 402 2765 Epiphanio,
421 2738 473 2757 non
498 2736 586 2758 autem
619 2739 634 2757 a
649 2730 797 2765 Theophila
826 2735 889 2759 tunc
907 2732 1022 2767 legatum

242 2775 325 2803 fuisse
344 2776 456 2803 missum
473 2774 733 2809 Constantinopolim
748 2785 755 2809 ;
771 2776 948 2810 Theophilum
975 2785 1023 2804 au-

242 2825 295 2847 tem
310 2821 438 2854 quosdam
453 2829 468 2847 e
484 2821 620 2848 monachis
637 2820 816 2849 Nitriensibus
829 2822 881 2849 alio
898 2822 1020 2858 ablegas-

240 2874 280 2894 se.
309 2866 379 2894 Sane
404 2867 430 2895 id
445 2875 477 2894 ex
497 2866 616 2901 cpistola:
634 2867 723 2895 verbis
741 2876 791 2896 non
814 2869 920 2904 cogitur
941 2880 945 2897 :
969 2871 1020 2899 imo

1074 1599 1127 1626 que
1144 1592 1215 1626 ipsos
1230 1591 1386 1625 alloquitur,
1401 1590 1476 1624 jubet
1495 1598 1604 1618 causam
1625 1590 1759 1617 adventus
1770 1590 1861 1617 suisi-

1074 1638 1156 1670 leant,
1172 1638 1205 1665 de
1228 1638 1348 1672 ipsorum
1370 1637 1537 1665 restitutione
1561 1643 1619 1664 sese
1632 1643 1692 1670 cum
1709 1636 1861 1670 Theophila

1074 1691 1122 1718 per
1134 1683 1237 1711 litteras
1256 1687 1390 1716 acturum,
1410 1683 1436 1710 in
1450 1682 1548 1718 templo
1563 1682 1680 1714 interim,
1699 1682 1742 1709 cui
1760 1689 1860 1709 nomen

1073 1729 1228 1762 Anastasis,
1254 1729 1344 1757 sedem
1364 1736 1396 1756 ac
1410 1728 1575 1755 mansionem
1597 1727 1689 1762 ﬁgant.
1704 1727 1861 1755 Paruerant

1075 1774 1124 1806 illi,
1143 1779 1169 1802 et
1179 1774 1239 1801 vita:
1252 1774 1403 1801 necessaria
1418 1774 1514 1808 partim
1530 1774 1642 1808 propriis
1659 1774 1708 1808 ipsi
1723 1775 1858 1808 manibus,

1075 1825 1103 1847 ut
1122 1828 1180 1847 mos
1191 1825 1249 1847 erat
1266 1821 1469 1852 monachorum,
1481 1821 1578 1856 partim
1595 1820 1782 1855 religiosamm
1801 1828 1860 1848 mu-

1074 1867 1167 1894 lierum
1182 1866 1341 1894 liberalitate
1357 1871 1555 1901 compararunt,
1574 1873 1606 1893 ac
1619 1865 1788 1902 Olympiadis
1807 1875 1856 1902 po-

1076 1913 1220 1945 tissimum,
1241 1919 1300 1946 quae
1317 1917 1377 1947 post
1388 1911 1490 1939 obitum
1504 1912 1622 1939 Nebridii
1632 1912 1755 1947 conjugis
1767 1920 1859 1941 creata

1074 1957 1199 1985 Ecclesiae
1234 1957 1534 1992 Constantinopolitanae
1567 1958 1742 1991 diaconissa,
1783 1967 1862 1994 pere-

1074 2003 1167 2038 grinos
1183 2004 1299 2037 hospitio
1310 2004 1445 2039 excipere,
1459 2008 1486 2031 et
1502 2003 1674 2033 facultatibus
1688 2007 1744 2033 suis
1765 2006 1862 2034 fovere

1074 2049 1187 2077 solebat.
1213 2049 1384 2077 Publicarum
1408 2049 1451 2077 his
1470 2050 1654 2084 precationum
1686 2052 1860 2081 communio-

1075 2104 1135 2123 nem
1161 2096 1295 2123 concessit
1323 2096 1538 2131 Chrysoslomus,
1567 2104 1599 2124 ac
1625 2103 1860 2127 sacramentorum

1075 2149 1152 2168 usum
1169 2150 1221 2169 non
1235 2142 1356 2174 admisit,
1379 2142 1495 2169 nondum
1507 2142 1611 2177 cognita
1624 2142 1743 2176 ipsorum
1755 2151 1859 2177 causa;

1074 2194 1134 2214 cum
1154 2188 1302 2222 praesertim
1325 2187 1438 2215 clericos
1453 2189 1581 2222 quosdam
1601 2196 1615 2215 a
1631 2188 1781 2223 Theophilo
1803 2191 1860 2225 jam

1075 2238 1137 2260 ante
1152 2233 1211 2261 aliis
1228 2234 1262 2261 de
1278 2233 1358 2261 rebus
1371 2233 1627 2268 Constantinopolim
1649 2235 1746 2263 missos
1764 2243 1859 2264 accer-

1076 2279 1155 2306 sisset
1169 2278 1297 2311 Joannes,
1319 2287 1392 2313 nque
1405 2287 1485 2313 super
1505 2281 1584 2307 rebus
1601 2281 1800 2309 monachorum
1818 2283 1860 2309 in-

1076 2319 1203 2359 terrogati
1219 2332 1341 2360 magnam
1354 2324 1413 2352 illos
1431 2325 1555 2359 iniuriam
1576 2326 1736 2354 sustinuisse
1747 2328 1858 2361 quidem

1075 2369 1213 2401 dixissent,
1232 2372 1278 2396 sed
1300 2371 1332 2396 ad
1350 2371 1561 2396 communionem
1590 2375 1677 2397 tamen
1699 2373 1859 2406 neutiquam

1075 2422 1121 2442 eos
1133 2415 1238 2442 admitti
1267 2416 1456 2449 postulassent.
1472 2424 1503 2442 ne
1524 2417 1670 2450 Theophila
1683 2425 1728 2444 res
1743 2425 1778 2445 ea
1793 2419 1860 2446 roret

1076 2460 1227 2487 oﬂ'ensioni.
1246 2460 1346 2487 Scribit
1373 2462 1404 2487 ad
1435 2461 1609 2496 Theophilum
1633 2462 1859 2497 Chrysostomus.

1076 2510 1204 2541 rogatque
1223 2511 1252 2533 ut
1267 2507 1404 2534 restitutos
1416 2507 1578 2541 Origenistas
1596 2509 1621 2534 in
1641 2510 1859 2538 communionem

1075 2553 1201 2580 admittat
1220 2562 1227 2581 :
1241 2554 1282 2581 sin
1299 2553 1399 2587 judicio
1415 2556 1575 2582 contendere
1588 2556 1673 2587 malit,
1686 2558 1860 2584 necessarios

1076 2598 1163 2625 mittat
1174 2599 1218 2634 qui
1239 2606 1281 2626 res
1299 2599 1382 2633 ipsius
1403 2605 1555 2634 procurent.
1577 2600 1631 2626 Non
1647 2602 1791 2635 rescripsit
1808 2603 1859 2631 ille.

1074 2644 1203 2678 quosdam
1228 2651 1242 2671 e
1258 2644 1312 2671 suis
1326 2645 1388 2671 illud
1411 2645 1539 2679 allegasse
1564 2651 1717 2677 contentus,
1733 2655 1741 2671 ι
1754 2646 1860 2674 libellos

1073 2694 1103 2716 ut
1113 2689 1443 2724 porrigereutadmonens,
1457 2691 1540 2725 inquit
1551 2691 1692 2723 Palladius,
1705 2699 1777 2726 quos
1785 2700 1860 2720 more

1074 2735 1152 2762 solito
1166 2736 1229 2769 ipsis
1258 2735 1413 2767 dictaverat,
1439 2741 1559 2770 apertum
1578 2736 1684 2770 quidem
1706 2743 1860 2772 etexpres~

1073 2789 1132 2808 sum
1148 2782 1314 2809 mendacium
1330 2784 1508 2815 continentes,
1525 2784 1608 2811 variis
1618 2784 1764 2811 calumniis
1779 2793 1860 2820 oper-

1075 2832 1131 2854 tum
1156 2832 1182 2854 et
1206 2828 1456 2858 obumbratum;et
1470 2836 1530 2856 cum
1556 2837 1610 2856 non
1634 2836 1727 2863 posset
1751 2831 1857 2858 illorum

1075 2874 1134 2901 vita;
1147 2873 1286 2909 derogare,
1312 2874 1376 2902 facit
1401 2879 1431 2902 ut
1461 2875 1530 2903 intra
1546 2875 1673 2910 palatium
1691 2877 1772 2912 quasi
1790 2878 1856 2913 magi
