3834 6226
284 360 413 415 1149

1117 307 1709 419 οῐιιςΕΝιΑΝοίίυΜ
1751 359 1877 425 LlB.
1921 366 1986 433 ιι,
2030 368 2178 425 CAP.
2222 369 2309 438 Iv,
2353 370 2545 427 sper.
2580 371 2647 427 ιι.

3384 381 3523 440 1150

277 488 614 535 notarentur.
644 497 662 531 ›
707 478 901 534 Subdit
928 482 1263 551 postmodum
1291 466 1643 539 advertén‘es
1671 478 1859 556 Orige—
1887 490 1931 547 Α
1960 497 2055 542 sue
2080 488 2284 557 experti
2312 499 2438 544 sunt
2464 503 2479 542 :
2510 490 2777 560 proditum
2829 491 3024 563 quippe
3054 500 3137 547 est
3164 507 3195 547 a
3222 491 3522 551 Sozomeno

277 571 444 624 nistas
471 568 604 623 nihil
648 585 705 624 se
734 571 1053 641 profecisse,
1096 574 1414 647 «plerosque
1461 575 1515 630 in
1558 562 1841 644 dignitati-

275 662 370 714 bus
405 663 736 716 constitutos
764 664 1050 720 adduxisse
1082 680 1288 734 secum,
1314 683 1502 724 omnes
1525 669 1842 726 anathema-

274 752 473 807 tizasse
508 754 779 808 haeresim.
812 774 831 806 ι
868 754 1004 809 Τιιιη
1063 757 1255 813 deinde
1279 759 1537 832 follectas
1584 762 1842 819 adversus

272 842 553 912 TheOphili
606 847 944 917 tyrannidem
976 852 1366 919 accusationes,
1415 862 1469 907 et
1503 854 1556 908 in
1610 854 1840 911 libellum

272 935 545 1005 eonjectas
585 936 777 991 Joanni
833 937 1030 995 frustra
1066 940 1187 997 illos
1236 942 1303 997 ab
1328 944 1541 1015 incepto
1572 948 1841 1002 revocanti

273 1028 511 1083 tradunt.
578 1028 756 1085 Monet
796 1030 885 1085 ille
910 1030 1262 1102 TheOphilum
1293 1025 1535 1091 conﬂata:
1558 1040 1840 1094 adversum

270 1131 327 1171 se
355 1120 736 1175 accusationis.
785 1119 1057 1177 Rescribit
1100 1122 1427 1194 Theophilus
1467 1128 1688 1182 vetitum
1724 1143 1843 1185 esse

268 1207 506 1267 Nicaenis
551 1214 868 1283 canonibus,
907 1232 972 1272 ne
1022 1215 1143 1286 quis
1171 1217 1453 1288 episcopus
1509 1221 1574 1275 de
1607 1236 1665 1276 re
1688 1232 1841 1276 extra

270 1302 530 1358 ditionem
581 1321 732 1359 suam
773 1308 944 1376 posita
972 1310 1181 1380 judicet
1213 1330 1227 1367 :
1255 1329 1335 1375 se,
1369 1314 1412 1367 si
1453 1314 1503 1367 in
1530 1313 1618 1382 jus
1650 1329 1844 1370 voean-

267 1394 371 1449 dus
397 1395 488 1461 sit,
525 1396 591 1450 ab
618 1397 887 1469 Egyptiis
916 1403 1180 1473 episcopis
1203 1420 1325 1461 esse
1364 1404 1736 1475 judirandum.
1760 1408 1842 1462 Ad

267 1484 387 1541 haec
432 1492 848 1555 permovebatur
897 1492 1044 1548 falsis
1090 1498 1430 1563 rumoribus;
1478 1507 1843 1553 sacramento-

268 1589 388 1629 rum
420 1580 851 1635 communionem
871 1581 1188 1650 Origenistls
1210 1589 1540 1645 concessisse
1557 1587 1840 1657 Joannem,

268 1676 323 1721 et
350 1669 529 1723 animo
560 1685 681 1725 esse
736 1673 801 1727 ad
851 1673 1099 1731 ferendas
1150 1678 1278 1748 ipsis
1308 1682 1581 1749 suppetias
1630 1691 1839 1751 parato.

269 1757 451 1823 Quare
511 1761 577 1813 ad
634 1762 915 1832 episcopos
949 1766 1115 1819 mittit
1170 1767 1382 1824 litteras
1419 1785 1841 1839 quaquaversus,

265 1845 530 1903 Joannem
553 1850 818 1920 dignitate
845 1864 899 1909 et
932 1857 1242 1927 episcopatu
1268 1871 1533 1927 evertere,
1557 1872 1612 1918 et
1639 1863 1855 1919 Diosco-

269 1952 388 1991 rum
417 1955 539 1995 cum
578 1941 835 2001 fratribus
874 1961 939 2001 ac
966 1948 1129 2004 sociis
1171 1950 1358 2005 ulcisci
1388 1952 1533 2006 omni
1566 1953 1725 2009 modo
1754 1969 1840 2010 sa-

268 2037 483 2100 tagens,
514 2034 795 2089 consilium
834 2046 1013 2093 tamen
1062 2049 1222 2097 caute
1265 2042 1561 2111 occultans,
1592 2042 1840 2116 Origenis

264 2120 435 2177 libros
460 2125 797 2183 solummodo
825 2144 1072 2199 carpens.

337 2214 396 2270 Si
428 2218 548 2286 quis
569 2217 904 2291 Origenistas
940 2239 971 2278 a
1002 2223 1207 2281 Joanne
1237 2238 1491 2297 exceptos
1535 2229 1703 2286 fuisse
1740 2231 1842 2286 mi-

264 2317 441 2371 retur,
477 2323 723 2379 magnam
763 2314 904 2382 apud
940 2329 1127 2372 onmes
1153 2316 1505 2374 Nitriensium
1548 2322 1839 2377 monacho-

264 2411 387 2451 rum
427 2400 886 2458 existimationem
933 2402 1098 2461 fuisse
1134 2411 1474 2476 meminerit;
1519 2419 1573 2465 et
1600 2412 1839 2484 Chryso-

262 2499 447 2543 stomo
488 2489 601 2557 jam
647 2492 769 2549 inde
813 2504 966 2551 notas
1005 2512 1129 2553 esse
1176 2498 1459 2569 Theophili
1504 2512 1667 2571 artes,
1714 2517 1836 2559 cum

259 2579 525 2637 lsidorum
566 2584 1290 2659 inConstantinopolitanam
1319 2592 1501 2648 sedem
1543 2595 1838 2661 intrudere,

260 2682 319 2727 et
358 2676 647 2743 quominus
675 2678 742 2733 ad
782 2695 902 2735 eam
944 2684 1270 2740 eveheretur
1314 2685 1547 2743 Joannes
1580 2688 1840 2758 impedire

259 2774 488 2821 conatus
514 2780 618 2823 est.
654 2769 921 2827 Praeterea
968 2772 1325 2846 Origenianos
1366 2792 1580 2834 errores
1629 2779 1839 2849 publice

261 2856 512 2913 detestati
568 2857 784 2915 fuerant
817 2861 1118 2923 Nitrienses
1167 2886 1181 2923 :
1235 2868 1361 2925 hinc
1395 2869 1546 2925 valde
1591 2881 1837 2941 suspecta

262 2947 340 3001 illi
376 2948 656 3020 Theophili
683 2956 1010 3012 criminatio.
1054 2961 1123 3012 At
1157 2974 1254 3014 nec
1276 2960 1400 3015 dum
1428 2962 1562 3017 satis
1590 2962 1839 3018 adverte-

262 3050 349 3095 rat
377 3043 497 3111 pius
532 3045 759 3102 antistes
808 3048 1179 3105 simulationes
1210 3048 1664 3121 Origeuistarum,
1714 3052 1836 3121 qui-

261 3131 367 3188 bus
420 3133 660 3204 objectos
709 3152 925 3193 errores
973 3139 1281 3210 juramento
1341 3142 1545 3199 diluere
1599 3143 1836 3213 proclive

1948 588 2003 632 et
2036 577 2357 647 Nicephoro,
2398 580 2464 633 ad
2492 593 2634 645 eam,
2658 595 2778 634 cum
2809 580 2951 635 forte
2975 597 3138 637 curru
3166 587 3521 653 prietervehe-

1951 678 2121 734 retur,
2156 670 2453 725 accessisse
2493 670 2808 736 monachos,
2845 670 3053 742 sibique
3077 673 3255 729 illatas
3281 689 3310 728 a
3343 674 3520 729 Theo-

1950 761 2099 831 philo
2132 761 2357 831 injurias
2397 764 2733 832 exposuisse,
2780 765 2919 818 hanc
2947 766 3149 820 honore
3175 767 3303 836 ipsis
3337 768 3520 822 habito

1948 852 2267 920 pollicitam,
2294 851 2536 906 futurum
2566 863 2625 906 ut
2654 852 2802 907 brevi
2831 867 3116 923 cogeretur
3146 860 3403 927 synodus,
3451 860 3518 915 ad

1947 955 2174 1011 eamque
2200 940 2528 1011 'l'he0philus
2552 952 2885 998 evocaretur.

2023 1031 2091 1087 Χ.
2120 1033 2252 1087 Dum
2281 1034 2395 1088 haec
2423 1042 2733 1104 agerentur,
2767 1034 3102 1107 Epiphanius
3125 1038 3318 1096 litteris
3343 1040 3520 1096 Theo-

1951 1124 2079 1194 phili
2120 1127 2368 1193 acceptis,
2443 1128 2637 1195 quibus
2668 1129 2735 1183 ad
2789 1131 3187 1186 convocandam
3235 1134 3516 1203 synodum,

1953 1228 2007 1273 et
2040 1219 2373 1273 damnandos
2437 1217 2777 1289 Origenistas
2832 1223 3112 1277 incitatum
3164 1223 3327 1279 fuisse
3356 1240 3517 1293 supra

1950 1311 2203 1377 diximus,
2251 1314 2394 1384 cogit
2429 1318 2797 1385 episcoporum
2839 1313 3157 1385 Cypriorum
3207 1314 3519 1382 concilimn,

1954 1404 2216 1460 librorum
2259 1407 2506 1479 Origenis
2538 1409 2821 1465 lectionem
2868 1410 3087 1463 decreto
3127 1409 3393 1477 prohibet,
3432 1425 3521 1464 cu-

1944 1498 2035 1566 jus
2065 1498 2264 1553 decreti
2312 1501 2590 1572 exemplar
2640 1516 2762 1556 cum
2794 1500 2896 1553 alia
2926 1499 2979 1554 in
3030 1500 3167 1564 loca,
3193 1510 3303 1554 tum
3334 1501 3522 1571 praeci-

1950 1606 2053 1663 pue
2074 1589 2591 1663 Constantinopolim
2643 1593 2828 1658 mittit,
2859 1591 3121 1647 Joannem
3167 1593 3232 1648 ad
3273 1591 3412 1646 idem
3442 1590 3519 1644 fa-

1952 1684 2199 1740 ciendum
2229 1686 2543 1740 adhortans.
2575 1684 2865 1741 Collectam
2915 1698 3130 1753 quoque
3160 1698 3187 1737 a
3224 1680 3521 1751 Theophilo

1955 1788 2140 1847 postea
2170 1777 2432 1848 synodum
2460 1777 2804 1833 Alexandria:
2834 1777 3021 1831 eadem
3072 1778 3137 1831 de
3164 1792 3325 1831 causa
3354 1775 3521 1831 fuisse

1885 1866 1927 1922 B
1953 1868 2196 1923 scribunt
2241 1868 2516 1933 Socrates,
2549 1877 2601 1924 et
2647 1867 2979 1923 Sozomeuus
3004 1885 3018 1934 ;
3046 1876 3203 1937 negat
3236 1866 3517 1931 Baronius.

1948 1969 2003 2015 et
2034 1974 2315 2030 perperam
2344 1960 2408 2015 ad
2450 1960 2501 2015 id
2532 1969 2743 2029 tempus
2778 1960 2999 2014 relatam
3043 1959 3206 2013 fuisse
3246 1959 3314 2013 ab
3348 1959 3521 2029 impu-

1947 2054 2023 2109 ris
2052 2055 2403 2124 scriptoribus
2443 2055 2702 2126 synodum
2728 2052 3147 2109 Alexandrinam
3183 2054 3395 2121 asserit,
3428 2064 3514 2107 ut-

1948 2157 2071 2217 pote
2100 2162 2220 2216 quze
2260 2147 2370 2217 jam
2407 2158 2530 2201 ante
2560 2149 2735 2202 fuerat
2778 2148 3068 2202 celebrata.
3103 2145 3213 2216 Ego
3242 2161 3369 2201 vero
3390 2146 3519 2214 quid

1948 2248 2213 2305 statuam,
2247 2254 2352 2293 non
2384 2240 2585 2304 habeo;
2619 2255 2742 2293 nam
2770 2253 2876 2293 non
2919 2254 3082 2292 unum
3110 2238 3367 2292 adversus
3392 2237 3518 2292 Ori-

1947 2332 2183 2401 genistas
2223 2331 2514 2386 conﬂatum
2550 2331 2723 2387 fuisse
2763 2331 3051 2387 concilium
3082 2338 3268 2385 narrat
3296 2329 3520 2384 Postbu-

1948 2423 2155 2477 tnianus
2186 2424 2326 2492 apud
2350 2422 2644 2493 Sulpicium
2679 2422 2967 2489 Severum,
2994 2422 3198 2493 Dialog.
3242 2440 3279 2488 ι,
3316 2437 3434 2492 cap.
3460 2422 3516 2477 '5.

2018 2511 2106 2567 Xl.
2139 2512 2333 2571 Missas
2364 2515 2431 2569 ad
2463 2530 2523 2570 se
2556 2516 2625 2571 ab
2655 2516 2955 2587 Epiphanio
3005 2523 3058 2569 et
3092 2513 3389 2584 TheOphilo
3412 2513 3521 2583 epi-

1947 2605 2135 2671 stolas,
2188 2616 2519 2676 paratasque
2544 2608 2645 2663 sibi
2678 2608 2903 2662 insidias
2940 2605 3518 2676 neglexitChrysosto-

1947 2713 2086 2763 mus,
2127 2700 2472 2768 animumque
2500 2698 2552 2752 in
2592 2699 2951 2754 ecclesiastica
2982 2698 3320 2753 restituenda
3358 2696 3519 2751 disci-

1946 2789 2088 2858 plina
2133 2789 2340 2844 habuit.
2379 2788 2566 2859 Legati
2602 2790 2815 2844 interim
2860 2805 2888 2843 a
2920 2789 3217 2858 TheOphilo
3248 2788 3517 2843 Constan-

1952 2881 2229 2951 tinopolim
2284 2882 2535 2936 monachi
2570 2879 2905 2950 Origenistas
2960 2881 3154 2936 libellis
3200 2880 3517 2950 proscinde-

1944 2975 2072 3029 baut
2096 2990 2109 3027 :
2136 2973 2414 3037 hicontra,
2445 2987 2537 3043 spe
2566 2974 2715 3042 pacis
2749 2972 3031 3043 praeclusa,
3057 2972 3193 3041 apud
3226 2971 3515 3025 Arcadium

1948 3068 2329 3136 imperatorem
2377 3075 2431 3120 et
2467 3066 2789 3133 Eudoxiam,
2842 3064 3121 3133 Theophili
3170 3063 3345 3132 questi
3390 3071 3518 3116 sunt

1946 3158 2197 3229 injurias,
2248 3158 2534 3226 libelloque
2575 3158 2757 3214 oblato
2811 3172 3005 3229 graves
3061 3157 3159 3226 ipsi
3194 3164 3248 3210 et
3290 3155 3516 3209 acerbas

258 3234 403 3278 erat.
447 3224 687 3282 Notanda
727 3230 840 3284 haec
881 3229 1191 3303 Hieronymi
1219 3233 1376 3303 epist.
1415 3233 1505 3299 65,
1567 3235 1635 3289 ad
1676 3235 1841 3290 Pam-
1868 3225 1912 3285 (ἶ
1946 3224 2353 3301 criminationes
2386 3224 2743 3317 impegerunt,
2786 3224 3230 3317 postulatumque
3262 3244 3514 3299 utaddu-

257 3318 439 3371 usach.
462 3331 506 3373 et
537 3319 755 3389 0cean.,
794 3339 915 3394 cap.
944 3325 998 3390 l,
1050 3343 1069 3377 σ
1099 3324 1314 3380 Faciam
1355 3328 1495 3396 quod
1534 3326 1708 3382 solum
1745 3343 1836 3382 ca-

260 3418 415 3473 vent,
452 3420 508 3464 ut
558 3428 711 3468 sacra
751 3429 936 3470 eorum
967 3427 1128 3485 atque
1175 3418 1430 3489 mysteria
1464 3420 1516 3473 in
1567 3420 1838 3489 publicum

262 3499 565 3569 proferam,
592 3516 647 3558 et
679 3506 858 3561 omnis
884 3507 1163 3588 prudentia
1198 3524 1405 3577 eorum,
1448 3525 1554 3581 qua
1584 3525 1680 3566 nos
1708 3511 1839 3565 sim-

262 3592 435 3662 plices
462 3595 670 3662 ludunt,
700 3598 751 3652 in
783 3600 1065 3669 prepatulo
1106 3602 1213 3668 sit;
1247 3611 1302 3656 et
1329 3603 1419 3672 qui
1469 3604 1683 3674 neganti
1722 3604 1837 3659 voci

262 3703 374 3741 non
419 3691 670 3757 credunt,
725 3694 949 3747 credant
1006 3693 1197 3748 saltem
1242 3696 1487 3765 arguenti
1517 3696 1675 3767 stylo.
1725 3695 1838 3753 Hoc

260 3782 410 3836 enim
434 3781 517 3836 vel
569 3783 800 3839 maxime
831 3795 1041 3852 cavent,
1074 3802 1143 3841 ne
1176 3787 1391 3856 quando
1425 3799 1611 3843 contra
1655 3800 1840 3845 aucto-

264 3890 381 3929 rem
415 3890 572 3929 suum
614 3891 799 3931 eorum
834 3880 1034 3949 scripta
1084 3888 1387 3934 teneantur.
1438 3880 1617 3934 Facile
1656 3881 1840 3935 dicunt

261 3980 388 4018 cum
414 3965 745 4032 iuramento,
778 3970 918 4039 quod
974 3978 1157 4040 postea
1194 3970 1299 4026 alio
1344 3970 1553 4027 solvant
1579 3972 1835 4041 periurio.

260 4059 348 4113 Ad
380 4059 791 4129 suscriptionem
822 4064 1266 4133 tergiversantur,
1294 4073 1645 4134 quaeruntque
1673 4062 1837 4119 δυσυ-

260 4149 375 4221 gia.
414 4149 562 4204 Alius
600 4169 613 4205 :
642 4150 755 4205 Non
790 4167 1029 4219 possum,
1063 4155 1256 4224 inquit,
1289 4154 1551 4210 damnare
1575 4156 1715 4225 quod
1742 4171 1837 4210 ne-

262 4258 356 4299 mo
388 4244 683 4298 damnavit.
722 4245 871 4299 Alius
908 4263 922 4299 :
954 4244 1097 4300 Nihil
1147 4261 1307 4316 super
1356 4249 1457 4303 hoc
1495 4263 1525 4302 a
1586 4248 1836 4305 Patribus

258 4344 528 4390 statutum
563 4345 681 4402 est;
710 4349 768 4392 ut
804 4339 927 4392 dum
956 4340 1120 4393 totius
1144 4338 1290 4393 orbis
1306 4350 1627 4408 provocatur
1652 4351 1836 4396 aucto-

262 4426 417 4492 ritas,
444 4428 814 4483 subscribendi
843 4430 1131 4484 necessitas
1148 4429 1441 4484 differatur.
1461 4433 1684 4499 Quidam
1708 4448 1837 4488 con-

261 4519 519 4583 stantius,
561 4519 857 4586 Quomodo,
893 4520 1085 4589 inquit,
1120 4520 1489 4576 damnabimus
1514 4536 1649 4589 quos
1684 4535 1835 4591 syno-

261 4611 367 4665 dus
402 4610 615 4665 Nicaana
650 4628 753 4665 non
794 4612 1041 4681 tetigit?»
1072 4614 1245 4681 Atque
1273 4613 1324 4666 id
1358 4627 1460 4667 non
1487 4613 1551 4666 de
1586 4613 1834 4668 omnibus

260 4700 600 4770 Origenistis,
644 4712 988 4772 quotcunque
1014 4705 1079 4757 ad
1116 4703 1561 4774 Chrysostomum
1584 4702 1838 4775 confuge-

264 4805 410 4859 rant,
469 4796 796 4851 intcllectum
848 4798 1029 4860 velim,
1079 4812 1200 4849 nam
1261 4799 1455 4865 partim
1498 4798 1832 4864 orthodoxis,

262 4882 459 4952 partim
494 4883 829 4937 betcrodoxis
863 4885 1001 4938 hanc
1028 4885 1335 4941 constitisse
1372 4896 1641 4941 catervam
1681 4898 1837 4956 puto;

260 4973 401 5029 adeo
452 4984 510 5027 ut
552 4975 627 5029 illi
665 4990 729 5030 ex
781 4977 978 5044 animo,
1036 4978 1087 5031 hi
1122 4988 1371 5033 oretenus
1398 4994 1611 5034 errores
1648 4979 1837 5048 Orige-

266 5067 354 5121 nis
397 5068 794 5124 damnaverint.
853 5070 982 5136 Quae
1023 5085 1143 5123 cum
1174 5070 1560 5141 Chrysostomo
1616 5073 1837 5126 minime

260 5166 544 5228 perspecta
585 5173 702 5214 esse
736 5171 973 5228 possent,
1001 5161 1162 5215 corda
1208 5162 1315 5215 Deo
1348 5161 1632 5215 scrutanda
1669 5161 1831 5215 relin—

261 5261 461 5316 quens,
495 5248 675 5303 verbis
710 5249 826 5303 illos
870 5250 1116 5305 hazrcsim
1166 5250 1408 5317 ejurasse
1439 5251 1569 5304 satis
1620 5252 1827 5307 habuit.

261 5340 513 5394 Accessit
552 5340 738 5394 eodem
788 5338 1019 5395 fortasse
1063 5340 1238 5409 aliqua
1262 5339 1570 5409 Origeniani
1601 5342 1830 5396 nominis

264 5430 584 5494 reverentia,
622 5428 774 5499 cujus
821 5432 1019 5499 scripta
1073 5430 1309 5483 studiose
1356 5431 1619 5484 lectitasse
1662 5431 1828 5486 Joan-

267 5534 413 5584 nem,
440 5521 715 5590 multaque
743 5535 809 5573 ex
848 5522 914 5575 iis
944 5521 1010 5575 ad
1052 5533 1177 5575 suos
1208 5520 1544 5576 transtulisse
1582 5538 1709 5577 usus
1732 5524 1829 5577 ob-

271 5626 513 5667 servasse
545 5613 673 5667 mihi
701 5613 903 5678 videor,
933 5625 987 5668 et
1040 5615 1091 5668 in
1123 5614 1472 5684 sequentibus
1508 5615 1649 5670 notis
1685 5630 1830 5670 com-

271 5705 539 5772 probasse.

342 5796 591 5853 Eadoxim
635 5813 846 5868 quoque
879 5799 1125 5867 Augustm
1175 5799 1554 5854 humanitatem
1590 5796 1829 5869 Origcni-

1942 3347 2158 3392 ceretur
2186 3336 2269 3392 vel
2321 3336 2547 3403 invitus,
2606 3347 2659 3393 et
2693 3353 2873 3393 coram
2898 3336 3103 3393 Joanne
3145 3336 3515 3391 vadimonium

1942 3434 2198 3498 sisteret;
2258 3431 2473 3487 conficti
2506 3444 2635 3486 vero
2690 3431 2977 3485 adversum
3017 3445 3076 3485 se
3107 3431 3514 3484 accusationum

1940 3522 2103 3579 libelli
2156 3522 2426 3593 praafectis
2473 3524 2621 3578 urbis
2675 3523 3001 3593 dijudieandi
3050 3524 3512 3592 permitterentur.

1941 3611 2272 3667 Adducendo
2331 3611 2636 3681 The0philo
2672 3612 2902 3666 mittitur
2958 3612 3339 3666 Alexandriam
3390 3610 3515 3664 Ela-

1943 3704 2132 3774 phius;
2166 3719 2384 3757 causam
2413 3703 2717 3759 libellorum
2754 3713 2808 3757 et
2837 3702 3239 3759 accusationum
3273 3704 3513 3771 prmfecti

1940 3801 2297 3861 c0gnoseunt.
2334 3792 2677 3859 Deprehensa
2709 3790 3181 3860 Theophilensium
3214 3793 3509 3860 legatorum

1939 3882 2231 3944 Calumnia,
2294 3882 2501 3936 crimen
2548 3881 2601 3934 bi
2634 3878 2686 3933 in
2717 3879 3068 3949 Theophilum
3110 3880 3413 3945 conferunt,
3442 3882 3511 3935 ab

1948 3987 2122 4041 eoque
2148 3973 2471 4027 subornatos
2528 3987 2648 4028 sese
2698 3972 2953 4027 fatentur.
2995 3970 3245 4041 Flagellis
3273 3972 3513 4040 graviter

1937 4067 2063 4118 euasi
2107 4065 2464 4119 detruduntur
2501 4065 2555 4118 in
2615 4078 2916 4129 carcerem,
2963 4064 3137 4132 quoad
3180 4062 3509 4131 Theophilus

1937 4168 2154 4207 causam
2184 4170 2282 4223 pro
2310 4168 2370 4209 se
2397 4154 2645 4208 dicturus
2677 4154 2890 4208 adesset
2922 4171 2934 4207 :
2970 4168 3077 4222 quo
3100 4152 3272 4208 serius
3302 4154 3507 4207 adven-

1938 4258 2085 4301 tante
2126 4261 2251 4316 pars
2284 4248 2336 4301 in
2377 4247 2612 4303 vinculis
2654 4248 2810 4316 obiit,
2866 4260 2990 4315 pars
3024 4248 3076 4299 in
3108 4246 3335 4299 insulam
3379 4245 3510 4300 Pro-

1939 4354 2232 4394 connesum
2265 4340 2577 4408 deportatur
2624 4349 2746 4408 post
2776 4340 3060 4393 adventum
3097 4335 3399 4406 Theophili,
3422 4334 3511 4403 ju-

1936 4428 2119 4483 dicum
2150 4428 2350 4483 animis
2392 4428 2619 4496 pecunia
2652 4427 2888 4483 mollitis.
2937 4428 3061 4482 llaec
3094 4429 3164 4481 ita
3202 4442 3231 4481 a
3266 4425 3506 4480 Palladio

1938 4519 2270 4573 referuntur.
2312 4519 2729 4590 Chrysostomus
2782 4519 2994 4573 interim
3024 4518 3355 4587 Origenistas
3383 4532 3509 4571 con-

1942 4611 2078 4666 siliis
2113 4620 2167 4665 et
2195 4610 2523 4663 auctoritate
2568 4624 2662 4664 sua
2711 4608 2927 4678 juvasse
2954 4610 3194 4664 creditus
3228 4619 3327 4663 est.
3356 4609 3503 4675 Quo-

1942 4705 2087 4758 circa
2115 4701 2213 4757 sub
2244 4700 2506 4757 Barnabse
2564 4701 2782 4755 nomine
2821 4703 3049 4757 obscure
3078 4700 3145 4755 ab
3177 4700 3505 4771 Hieronymo

1942 4794 2326 4864 perstringitur
2365 4794 2417 4847 in
2450 4793 2617 4861 Epist.
2647 4791 2713 4845 16
2756 4793 2824 4844 ad
2859 4791 3183 4861 Principiam
3221 4808 3239 4846 :
3280 4810 3299 4843 ι
3330 4792 3504 4847 Refri-

1940 4888 2146 4947 gerata,
2179 4879 2370 4948 inquit,
2396 4880 2662 4933 charitate
2702 4879 3015 4943 multorum,
3045 4880 3200 4949 pauci
3235 4880 3326 4949 qui
3350 4895 3503 4935 ama-

1937 4972 2066 5025 bant
2091 4972 2212 5025 iidei
2247 4974 2529 5026 veritatem
2563 4981 2747 5026 nostro
2787 4970 3329 5043 laterijungebantur,
3365 4991 3500 5045 quo—

1941 5079 2056 5117 rum
2092 5064 2307 5133 publice
2337 5066 2617 5133 petebatur
2649 5072 2830 5132 caput,
2858 5072 3041 5118 contra
3073 5080 3210 5134 quos
3239 5082 3367 5135 opes
3387 5082 3501 5120 om-

1940 5170 2037 5210 nes
2066 5157 2427 5224 parabantur;
2482 5154 2557 5208 ita
2587 5164 2643 5209 ut
2664 5154 2938 5210 Barnabas
2977 5172 3193 5227 quoque
3218 5158 3501 5213 duceretur

1937 5246 1992 5301 iu
2045 5249 2187 5301 illaut
2239 5248 2657 5311 simulationem,
2715 5248 2822 5302 imo
2853 5258 3097 5317 apertum
3130 5249 3496 5318 parricidium,

1938 5341 2078 5409 quod
2110 5355 2213 5393 non
2241 5338 2467 5404 viribus,
2495 5340 2588 5393 sed
2616 5338 2893 5393 voluntate
2916 5341 3204 5394 commisit.
3231 5358 3249 5389 ι

2010 5429 2125 5484 ΧΙΙ.
2158 5428 2383 5499 Jamque
2412 5428 2552 5483 fama
2579 5432 2967 5499 percrebuerat
2996 5430 3132 5484 male
3158 5431 3209 5483 in
3238 5428 3497 5485 Joannem

1936 5521 2184 5576 allectum
2212 5535 2333 5575 esse
2380 5519 2757 5591 TbeOphilum,
2815 5533 2868 5576 et
2891 5537 3082 5577 causas
3112 5536 3352 5589 quazrere
3384 5536 3502 5591 qut-

1935 5613 2036 5668 bus
2066 5629 2188 5667 eum
2239 5612 2367 5667 sede
2419 5613 2692 5680 dejiceret.
2740 5612 2853 5669 Hoc
2913 5612 3183 5668 intellecto
3215 5611 3498 5666 concilium

1936 5704 2397 5775 Cutistautinopoli
2466 5707 2580 5776 cogi
2630 5708 2815 5760 volunt
2846 5705 3152 5776 optimates,
3208 5712 3261 5758 et
3320 5704 3500 5759 clerici

1938 5802 2256 5869 complures,
2296 5815 2519 5868 quorum
2553 5799 2861 5856 inimicitias
2906 5800 3326 5866 Chrysostomus
3356 5812 3506 5855 seve-
