3794 6222
374 338 505 393 1151

1658 334 1718 391 Ρ.
1764 332 2089 389 ΒΑΝΙΕΙιΙΞι
2118 333 2354 391 IIUETII

3492 328 3628 392 “52

375 460 536 513 ritate
565 474 662 513 sua
704 460 805 514 sibi
858 468 1163 530 pepererat.
1220 459 1480 515 Futurum
1511 460 1561 515 id
1588 459 1822 529 pollicita
1846 458 1954 528 jam
1985 460 2031 515 Α
2065 456 2234 510 nistas
2280 457 2347 510 ad
2379 456 2753 526 jEpipbanium
2797 456 3111 525 quaesivisse
3160 471 3287 510 num
3337 455 3629 523 aliquando

373 560 501 603 ante
526 549 851 621 Origeuistis
884 554 1059 607 fuerat
1104 552 1363 607 Eudoxia.
1402 550 1585 621 Itaque
1622 550 1952 619 Theophilus

371 639 660 711 [Egyptios
713 644 998 713 episcopos
1028 660 1093 699 eo
1146 644 1431 698 conlestitn
1486 644 1739 714 navigare
1778 642 1951 710 jubet,

374 735 649 789 antistites
677 736 914 792 Orientis
944 738 1008 791 ad
1053 738 1341 791 concilium
1393 736 1603 790 invitat.
1646 735 1755 789 Nec
1784 733 1951 787 multo

375 836 495 893 post
532 828 709 897 Cypro
768 828 988 883 solvens
1050 829 1379 898 Epiphanius
1430 829 1947 896 Constantinopolim

376 920 613 988 appellit.
641 918 863 974 Obviam
890 937 1208 989 progressus
1241 922 1474 976 Joannes
1503 923 1662 977 totius
1697 922 1823 976 cleri
1859 938 1949 977 co-

375 1014 567 1066 mitatu
592 1015 965 1067 advenientem
992 1016 1318 1075 bonestavit,
1367 1030 1469 1069 nec
1502 1030 1566 1070 eo
1602 1017 1831 1085 perpulit
1866 1026 1946 1070 ta-

376 1121 499 1161 men
530 1122 587 1159 ut
610 1108 842 1176 hospitio
876 1122 995 1169 suo,
1029 1107 1111 1160 vel
1152 1108 1401 1162 domibus
1441 1110 1851 1175 ecclesiasticis,‘
1866 1110 1948 1166 vel

374 1212 469 1249 sua
495 1198 724 1267 denique
746 1199 1137 1253 consuetudine
1166 1200 1239 1253 uti
1274 1200 1431 1255 vellet
1466 1220 1479 1254 :
1520 1203 1653 1255 adeo
1679 1201 1947 1257 infensum

376 1287 572 1343 Joanni
610 1292 852 1345 animum
892 1301 1115 1359 propter
1143 1304 1423 1363 susceptos
1458 1293 1790 1363 Origenistas
1840 1311 1947 1364 prte

374 1397 434 1436 se
469 1382 694 1437 ferebat.
731 1384 925 1437 Statim
972 1385 1299 1454 Epiphanius
1338 1388 1402 1441 ad
1434 1402 1491 1441 se
1530 1397 1791 1443 convocat
1835 1392 1947 1458 epi-

378 1489 571 1544 scopos
604 1476 693 1544 qui
720 1487 828 1530 tum
878 1478 1018 1531 forte
1050 1479 1513 1547 ConstantinOpoli
1546 1482 1901 1535 versabantur
1928 1499 1943 1535 :

375 1568 589 1620 decreta
637 1570 959 1638 synodorttm
999 1570 1227 1638 profert,
1270 1572 1467 1640 quibus
1501 1572 1725 1627 lectione
1752 1572 1943 1643 Orige-

373 1657 457 1710 nis
487 1660 735 1711 omnibus
767 1660 1219 1727 interdicebatur;
1250 1663 1485 1730 postulat
1518 1672 1575 1717 ut
1601 1679 1661 1719 ea
1689 1665 1788 1731 ipsi
1812 1679 1945 1733 quo-

370 1761 478 1814 que
522 1748 792 1817 suffragiis
820 1752 933 1804 suis
958 1753 1297 1806 conﬁrment.
1351 1754 1653 1809 Paruerunt
1681 1757 1941 1821 nonnulli,

372 1838 554 1907 plures
591 1840 1044 1896 detrectaverunt.
1094 1843 1147 1897 ln
1182 1845 1265 1899 his
1292 1846 1606 1901 Tbeotimus
1633 1847 1946 1905 Tomitanus

371 1929 674 1997 episcopus,
722 1942 974 1998 spectatae
1019 1936 1099 1987 vir
1159 1938 1482 1997 sanctitatis.
1541 1940 1779 2007 iniquum
1827 1956 1947 1997 esse

371 2019 525 2085 dixit,
554 2022 753 2076 homini
776 2025 1095 2092 jampridem
1124 2039 1336 2082 mettuo
1366 2030 1611 2099 injuriam
1638 2034 1859 2097 inferre,
1892 2044 1947 2089 et

371 2111 634 2178 majorum
669 2114 735 2167 de
765 2131 828 2169 eo
856 2116 1075 2170 decreta
1132 2122 1438 2175 rescindere
1479 2142 1492 2177 :
1538 2138 1644 2192 quo
1684 2124 1828 2179 dicto
1885 2126 1945 2180 li-

372 2204 525 2259 brum
548 2210 834 2275 quemdam
866 2208 1117 2279 Origenis
1147 2213 1373 2280 profert,
1409 2214 1757 2283 pellectisque
1783 2220 1950 2272 versi-

368 2297 468 2349 bus
502 2298 733 2366 aliquot,
762 2301 958 2368 quibus
992 2302 1244 2357 Ecclesia:
1275 2304 1431 2359 utiles
1466 2308 1745 2361 sententiae
1772 2312 1944 2364 conti-

368 2387 635 2442 nebantur
661 2408 673 2443 :
700 2390 1028 2461 lntelligant,
1058 2394 1251 2463 inquit,
1274 2396 1362 2463 qui
1394 2396 1559 2450 libros
1586 2396 1833 2467 Origenis
1865 2417 1946 2455 re-

367 2478 616 2545 pudiant,
653 2480 764 2534 haec
797 2498 1009 2550 quoque
1038 2500 1065 2537 a
1112 2502 1171 2540 se
1228 2487 1518 2553 repudiari.
1561 2487 1735 2542 Nihilo
1766 2501 1941 2544 tamen

366 2569 544 2623 secius
588 2574 793 2639 roganti
840 2573 1247 2644 Cbrysostomu,
1286 2588 1344 2631 ut
1398 2594 1500 2631 una
1538 2594 1718 2634 secum
1744 2582 1938 2647 Tdomo,

367 2670 424 2715 et
461 2678 562 2714 una
596 2661 835 2717 Ecclesia
880 2677 1144 2733 uteretur,
1176 2670 1505 2736 renuntiavit
1535 2670 1866 2740 Epiphanius
1889 2672 1941 2726 in

367 2752 560 2807 domus
586 2764 634 2807 et
666 2770 882 2822 precum
924 2762 1355 2816 communionem
1388 2778 1511 2817 cum
1541 2764 1632 2819 illo
1668 2780 1788 2819 sese
1814 2783 1942 2821 ven-

370 2847 568 2899 turum.
624 2843 695 2895 ita
728 2846 769 2897 si
801 2844 967 2899 libros
1002 2847 1253 2918 Origenis
1288 2851 1564 2918 damnare,
1605 2864 1658 2908 et
1689 2855 1939 2926 Origeni-

368 2942 481 2985 stas
511 2930 800 3003 [Egyptios
831 2954 857 2990 a
887 2956 944 2993 se
990 2941 1217 3010 rejicere
1249 2944 1411 2998 vellet
1445 2964 1457 2999 :
1492 2948 1635 3015 quod
1666 2964 1785 3003 cum
1817 2961 1941 3006 ante

366 3024 807 3092 disceptationem
834 3048 1009 3085 causm
1037 3033 1214 3088 facere
1237 3048 1516 3092 recusaret
1544 3037 1797 3104 Joannes,
1826 3058 1940 3109 per-

365 3131 559 3171 suasus
590 3127 668 3172 est
700 3120 1028 3190 Epiphanius
1077 3139 1104 3177 a
1137 3126 1459 3192 quibusdam
1489 3128 1711 3184 Joannis
1749 3134 1939 3187 adver-

365 3207 547 3269 sariis,
578 3218 637 3261 ut
666 3210 717 3262 in
749 3215 1002 3278 templum
1042 3215 1439 3282 Apostolorum,
1472 3232 1581 3292 quo
1617 3219 1937 3275 celebranda

362 3308 483 3351 erat
516 3298 767 3369 Synaxis,
799 3304 1009 3369 publice
1034 3306 1289 3373 prodiret,
1320 3308 1601 3363 damnaret
1634 3310 1797 3366 libros
1826 3313 1939 3368 Ori-

364 3389 516 3456 genis
546 3405 607 3443 ac
636 3391 985 3458 Origeuistas,
1018 3405 1071 3449 et
1100 3396 1540 3468 Chrysostomum
1564 3401 1733 3470 ipsum
1766 3404 1938 3458 inces-

362 3489 527 3533 aeret.
562 3480 627 3534 Et
658 3482 871 3537 fecisset
911 3500 1059 3550 sane,
1089 3488 1188 3541 nisi
1212 3489 1324 3557 jam
1358 3490 1553 3559 templo
1581 3495 1934 3564 propinquum

364 3573 586 3627 adiisset
615 3575 875 3643 Serapion
930 3580 1190 3633 diaconus
1234 3596 1263 3633 a
1296 3580 1502 3637 Joanne
1552 3588 1767 3651 missus,
1822 3606 1937 3643 mo-

361 3663 677 3732 nuissetque
700 3667 938 3734 periculo
990 3670 1155 3735 ipsius
1204 3671 1465 3739 futurum,
1503 3675 1545 3729 si
1580 3677 1721 3743 quod
1754 3678 1936 3732 animo

360 3753 747 3823 destinaverat,
783 3759 954 3827 reipsa
996 3770 1307 3828 pmstaret;
1338 3762 1403 3815 ad
1434 3764 1749 3820 seditionem
1776 3770 1934 3836 quip-

361 3859 429 3913 pe
454 3862 565 3902 rem
592 3858 853 3915 spectare.
888 3850 1265 3907 Admonitione
1291 3856 1581 3912 deterritus
1610 3858 1935 3929 Epiphanius

359 3938 545 4005 pedem
574 3940 768 3995 retulit.

432 4026 565 4081 XIII.
597 4030 752 4083 Circa
792 4033 929 4087 idem
968 4043 1175 4104 tempus
1210 4038 1353 4093 hunc
1390 4040 1532 4094 inter
1557 4050 1607 4095 et
1638 4042 1930 4097 Eudoxiam

360 4120 607 4188 simultas
638 4122 972 4176 intervenit:
1023 4142 1239 4180 causam
1286 4130 1434 4183 varie
1470 4132 1765 4201 scriptores
1805 4149 1934 4188 nar-

359 4223 502 4267 rant.
551 4214 803 4269 Scribunt
857 4216 964 4271 Leo
1017 4219 1310 4287 imperator
1370 4232 1423 4274 et
1469 4222 1685 4277 Simcon
1758 4225 1929 4279 Meta-

361 4305 609 4373 phrastes
656 4307 951 4363 Eudoxiam
1003 4312 1322 4380 Augustam,
1374 4314 1597 4369 inimico
1634 4326 1691 4369 ttt
1724 4327 1843 4371 erat
1877 4319 1928 4373 in

359 4396 801 4465 Chrysosto-izum
848 4402 1049 4468 animo,
1084 4403 1257 4471 ipsum
1311 4405 1579 4461 litereseos
1624 4410 1762 4476 apud
1807 4410 1930 4479 Epi-

1980 1823 2023 1877 Β
2053 1860 2211 1912 quam
2243 1843 2507 1912 attigisset
2535 1841 2791 1912 Cyprum,
2829 1842 2880 1895 in
2907 1842 3020 1911 ipsa
3053 1842 3173 1895 navi
3210 1842 3461 1905 decessit,
3497 1857 3621 1896 cum

2059 548 2112 602 in
2143 548 2311 603 libros
2336 564 2463 601 suos
2491 548 2574 603 vel
2600 548 2889 618 discipulos
2921 548 3238 614 incidisset;
3274 559 3507 617 negante
3537 547 3627 599 illo

2059 648 2407 708 percontatos
2444 641 2583 693 unde
2618 655 2675 694 se
2701 641 2987 695 haereticos
3020 640 3489 707 deprehendisset,
3535 639 3625 707 qui

2059 730 2341 783 sententia":
2370 745 2480 784 sum
2507 729 2712 783 nullum
2767 730 2981 785 fecisset
3027 730 3364 799 periculum;
3397 732 3525 785 huic
3559 745 3625 784 ex

2059 822 2245 876 auditu
2275 837 2332 875 se
2356 821 2687 876 intellexisse
2727 823 3103 890 respondenti,
3142 822 3439 891 subiecisse
3464 822 3624 876 illos:

2057 913 2225 968 Nobis
2259 928 2384 967 vero
2428 913 2761 968 contrarium
2812 914 3018 977 evenit,
3067 928 3188 967 nam
3237 928 3305 967 ex
3352 913 3627 983 discipulis

2058 1008 2165 1061 tuis
2191 1016 2243 1061 et
2273 1005 2442 1070 libris,
2481 1021 2545 1061 ac
2575 1007 2842 1060 Ancorato
2890 1006 3155 1077 praecipue
3190 1016 3283 1061 tua
3330 1008 3486 1061 nobis
3512 1022 3628 1076 per-

2062 1108 2249 1169 specta
2292 1100 2558 1153 sententia
2613 1099 2897 1153 nonnullos
2939 1114 3080 1168 saepe
3114 1098 3491 1164 refutavimus,
3533 1100 3623 1169 qui

2057 1192 2332 1246 hzereseos
2367 1190 2694 1245 calumniam
2729 1191 2827 1246 tibi
2858 1192 3269 1261 impingebant;
3308 1208 3492 1259 parem
3524 1194 3627 1246 ita-

2056 1300 2163 1353 que
2187 1285 2340 1339 nobis
2369 1284 2542 1337 vicem
2572 1282 2873 1338 retribuere
2899 1284 3164 1338 debueras
3191 1302 3204 1337 :
3231 1285 3315 1339 his
3337 1285 3625 1340 intellectis

2059 1377 2329 1446 placatum
2374 1376 2733 1446 Epiphanium
2787 1377 2933 1431 viros
2971 1377 3243 1432 dimisisse
3284 1396 3297 1442 ;
3353 1387 3407 1432 et
3450 1378 3620 1447 ipsum

2054 1484 2267 1537 quoque
2298 1468 2456 1536 paulo
2489 1478 2610 1538 post
2648 1469 2928 1537 navigasse
2971 1469 3024 1523 in
3063 1468 3317 1539 Cyprum,
3350 1470 3464 1523 sive
3485 1469 3627 1551 (Ξου-1

2054 1560 2403 1627 stantiuopoli
2457 1560 2809 1629 ptenituisset
2866 1576 2989 1613 eum
3046 1561 3275 1624 itineris,
3323 1562 3438 1616 sive
3484 1561 3625 1616 Deus

2051 1658 2271 1712 oraculo
2294 1668 2523 1711 mortem
2568 1658 2774 1711 instare
2830 1660 3149 1712 monuisset.
3190 1658 3402 1724 Ecquas
3449 1658 3620 1712 disce—

2051 1751 2211 1806 dendi
2250 1766 2443 1805 causas
2497 1750 2767 1814 habuerit,
2816 1750 3083 1803 incertum
3129 1758 3230 1805 est.
3282 1750 3441 1805 Certe
3468 1759 3628 1841 ante-l

2043 1935 2154 2003 jam
2200 1943 2341 1988 esset
2381 1948 2573 2001 magno
2612 1942 2761 1987 natu.
2814 1932 2951 1987 Fato
2998 1949 3211 2002 quoque
3255 1935 3478 1989 circiter
3517 1922 3630 1989 hoc.

2052 2035 2261 2096 tempus
2287 2026 2541 2080 exstincti
2578 2034 2707 2079 sunt
2752 2024 3228 2095 Constantinopoli
3270 2025 3527 2092 Isidorus,
3569 2034 3625 2081 et

2051 2119 2359 2183 Dioscorus,
2387 2125 2440 2169 et
2475 2116 2634 2185 paulo
2661 2126 2784 2184 post
2819 2116 3160 2181 Ammonius,
3208 2132 3456 2186 magnam
3501 2127 3623 2187 post

2047 2211 2258 2263 obitum
2299 2208 2600 2261 sanctitatis
2630 2206 2827 2260 famam
2873 2208 3167 2262 consecuti.
3219 2208 3335 2275 Quo
3378 2217 3623 2277 tempore

2048 2317 2222 2354 annus
2249 2302 2513 2370 agebatur
2536 2299 2660 2353 405.

2121 2392 2264 2447 XIV.
2300 2392 2439 2458 Quid
2474 2394 2539 2446 de
2576 2394 2676 2445 hoc
2722 2392 2938 2455 itinere,
2971 2391 3285 2461 itinerisque
3326 2406 3491 2447 causa
3528 2388 3629 2447 lit?

2044 2482 2177 2535 teris
2219 2480 2501 2535 tradiderit
2569 2480 2822 2551 Polybius
2875 2482 3153 2551 Epiphanii
3211 2483 3504 2551 discipulus
3558 2499 3624 2539 ac

2044 2572 2243 2635 socius,
2288 2587 2352 2626 ac
2396 2586 2576 2625 rerum
2632 2574 2872 2625 omnium
2921 2574 3167 2628 oculatus
3217 2576 3387 2636 testis,
3434 2590 3621 2643 operte

2046 2663 2279 2731 pretium
2344 2672 2427 2717 est
2484 2678 2831 2733 cognoscere.
2881 2664 3086 2720 Scribit
3129 2666 3217 2719 ille
3259 2665 3620 2734 Theophilum

2043 2756 2233 2811 Joanni
2262 2756 2651 2826 Chrysostomo
2680 2759 2948 2812 infensum
3011 2759 3079 2811 ob
3128 2759 3494 2813 communioni
3534 2775 3624 2814 reb

2044 2850 2260 2903 stitutos
2294 2849 2511 2918 Longos
2552 2849 2771 2912 fratres,
2803 2865 2923 2903 cum
2956 2848 3356 2919 imperatricem
3402 2850 3620 2905 mittere

2046 2943 2186 2995 hunc.
2224 2940 2276 2993 in
2314 2942 2564 2995 exsilium
2600 2940 2734 2993 velle
2781 2941 3104 3008 accepisset,
3156 2941 3206 2994 id
3243 2950 3301 2992 ut
3334 2941 3625 3009 perficere.

2047 3041 2130 3085 tur
2165 3047 2509 3101 summopere
2561 3032 2883 3097 laborasse;
2919 3033 3129 3087 dedisse
3180 3031 3360 3101 itaque
3407 3032 3620 3089 litteras

2048 3126 2112 3177 ad
2150 3124 2532 3194 Epiphanium,
2566 3126 2763 3193 quibus
2789 3125 3114 3191 Origenismi
3152 3123 3409 3179 Joannem
3456 3140 3621 3178 accu-

2044 3216 2231 3279 sabat;
2271 3214 2433 3267 aliam
2476 3224 2656 3268 autem
2692 3216 2761 3268 ob
2812 3230 3039 3269 causam
3085 3213 3622 3283 Constantinopolim

2042 3307 2420 3374 navigaturum
2474 3306 2832 3375 Epiphanium
2888 3322 2953 3361 eo
3002 3306 3174 3375 magis
3221 3306 3615 3375 profectionem

2040 3399 2397 3461 accelerasse,
2431 3414 2535 3451 non
2568 3400 2955 3469 Chrysostomo
2992 3408 3167 3453 tamen
3218 3399 3449 3452 nocendi
3493 3409 3616 3452 stu-

2042 3491 2165 3545 dio:
2198 3505 2445 3559 magnam
2480 3501 2590 3545 tum
2618 3490 2787 3543 fuisse
2822 3492 2874 3543 ln
2908 3492 3041 3545 urbe
3074 3491 3220 3559 regia
3258 3506 3440 3544 rerum
3488 3505 3618 3559 per-

2040 3583 2421 3647 turbationem,
2465 3592 2683 3652 propter
2710 3581 2967 3636 Eudoxia:
2998 3596 3061 3637 ac
3088 3581 3467 3653 Cbrysostomi
3502 3584 3621 3637 dis.

2038 3676 2175 3730 sidia
2215 3692 2228 3739 ;
2286 3675 2593 3744 ingressum
2639 3675 3029 3729 monasterium
3065 3675 3337 3745 quoddam
3375 3673 3619 3744 Epipha-

2040 3766 2187 3818 nium
2220 3766 2544 3818 necessitate
2574 3764 2738 3819 fuisse
2768 3775 3039 3830 coactum,
3061 3774 3119 3817 ut
3149 3763 3438 3834 quemdam
3467 3764 3619 3818 ordi-

2039 3867 2192 3911 naret
2218 3874 2231 3921 ;
2257 3872 2397 3925 :egre
2428 3857 2476 3909 id
2507 3857 2693 3910 tulisse
2721 3855 3168 3926 Chrysostomum
3196 3872 3210 3915 ;
3246 3857 3372 3908 hinc
3398 3857 3615 3910 dissert.

2036 3947 2218 4001 siones
2244 3948 2384 4000 inter
2418 3955 2707 4014 utrumque
2748 3946 3065 4011 exstitisse;
3132 3946 3426 4000 Eudoxiam
3475 3960 3610 4000 vero

2039 4038 2123 4091 bis
2158 4037 2449 4106 compertis
2499 4038 2857 4093 accersivisse
2902 4038 3281 4107 Epiphanium,
3334 4040 3614 4095 hereseos

2034 4144 2318 4182 accusasse
2349 4128 2810 4199 Cbrysostomum,
2864 4140 2919 4183 et
2948 4131 3247 4198 postulasse
3268 4139 3325 4184 ut
3354 4146 3421 4183 eo
3450 4133 3616 4186 abro-

2035 4232 2155 4291 gato
2192 4222 2353 4275 alium
2393 4220 2858 4289 Constantinopoli
2902 4223 3213 4290 episcopum
3259 4221 3613 4289 prmficeret;

2035 4314 2379 4382 respondisse
2425 4312 2809 4383 Epiphaniam,
2850 4314 3152 4369 sacerdotio
3205 4315 3420 4383 quidem
3471 4314 3617 4367 indi-

2034 4421 2199 4473 gnum
2234 4420 2353 4459 esse
2390 4403 2676 4470 Joannem,
2707 4408 2751 4461 si
2783 4407 2957 4475 reipsa
3010 4408 3062 4461 in
3098 4407 3347 4461 haeresim
3387 4406 3617 4463 incidis-

359 4485 615 4551 phanium
663 4504 955 4544 accusasse
991 4509 1005 4557 ;
1075 4492 1372 4559 postulasse
1429 4495 1806 4563 Epiphanium,
1868 4510 1926 4552 ttt
1960 4518 2002 4571 υ
2032 4506 2148 4561 set;
2182 4497 2261 4550 siu
2293 4497 2401 4563 ipsa
2430 4498 2493 4548 ad
2525 4496 2857 4550 ulciscendas
2928 4498 3163 4564 privatas
3212 4497 3442 4565 injurias
3480 4512 3612 4550 eum

356 4589 576 4631 causam
626 4579 869 4635 dicturus
918 4581 1151 4637 Joannes
1191 4596 1588 4650 accerseretur,
1624 4603 1683 4640 se
1727 4589 1925 4656 alioqui

355 4667 577 4723 minime
634 4685 1027 4739 assensurum;
1075 4674 1141 4726 ad
1191 4674 1303 4728 haec
1360 4676 1690 4732 exclamasse
1748 4680 1928 4751 Augu-

356 4769 515 4825 stam,
549 4764 594 4816 si
620 4762 845 4817 Joannis
879 4766 1103 4819 exitium
1142 4767 1469 4837 interpellet,
1504 4785 1622 4824 sese
1657 4772 1919 4825 idolorum

356 4849 558 4904 cultum
594 4853 1003 4919 restituturam;
1041 4871 1147 4924 quo
1183 4858 1368 4911 audito
1404 4859 1588 4913 dolore
1614 4861 1922 4927 perculsum

355 4940 708 5010 Epiphanium
740 4944 871 4999 fusis
911 4946 1161 5017 lacrymis
1213 4948 1677 5019 Constantinopoli
1731 4966 1919 5007 exces-

354 5033 512 5086 sisse.
557 5034 625 5086 At
665 5035 875 5089 diversa
911 5036 1074 5091 habet
1122 5038 1454 5093 Sozomenus
1494 5058 1508 5105 ;
1567 5042 1618 5093 in
1676 5045 1923 5096 morbum

355 5122 980 5194 incidisseimperatoris
1014 5128 1234 5181 filiolum
1263 5148 1276 5193 ;
1308 5130 1468 5197 hujus
1491 5132 1613 5185 vita:
1647 5134 1922 5187 timentem

358 5214 757 5284 imperatricem
806 5234 1026 5286 rogasse
1062 5220 1422 5289 Epiphanium
1473 5231 1531 5275 ut
1583 5239 1680 5293 pro
1715 5239 1778 5277 eo
1803 5242 1923 5279 ora-

358 5316 437 5361 ret
466 5325 481 5374 ;
516 5308 606 5377 qui
638 5324 758 5363 cum
800 5309 1039 5366 futurum
1071 5312 1387 5381 recepisset,
1416 5324 1477 5368 ut:
1522 5316 1924 5372 convalesceret

356 5396 522 5462 Illius,
556 5400 599 5453 si
627 5400 693 5453 ab
727 5398 1161 5470 Origenistarum
1190 5402 1435 5471 partibus
1456 5402 1544 5455 illa
1578 5404 1924 5470 descisceret,

357 5489 699 5558 respondisse
752 5492 1049 5558 Augustam
1106 5509 1119 5545 :
1194 5492 1247 5545 ln
1304 5494 1396 5547 Dei
1464 5503 1733 5562 potestate
1786 5496 1925 5550 filius

356 5593 510 5633 meus
538 5589 654 5641 est;
689 5588 745 5632 tu
781 5595 927 5645 vero,
965 5582 1252 5651 Epiphani,
1290 5582 1331 5635 si
1367 5592 1606 5637 mortuos
1651 5584 1716 5637 ad
1758 5586 1922 5639 vitam

357 5683 615 5725 revocare
649 5686 856 5740 posses,
901 5675 1213 5743 neutiquam
1243 5673 1466 5727 obiisset
1508 5683 1630 5729 tuus
1656 5677 1923 5732 archidia-

366 5772 576 5819 conus;
613 5762 808 5817 missos
846 5765 1034 5820 eodem
1079 5774 1318 5834 tempore
1364 5775 1431 5821 ab
1464 5766 1700 5822 Euduxia
1739 5767 1925 5837 Orige-

2031 4598 2387 4640 exauctorare
2423 4587 2605 4652 vellet,
2632 4589 2952 4657 neutiquam
2981 4603 3039 4642 se
3064 4588 3569 4656 obtemperaturum
3594 4606 3611 4653 ;

2030 4676 2388 4731 excanduisse
2417 4676 2584 4741 illam,
2616 4686 2671 4732 et
2700 4678 3102 4731 interminatam
3135 4678 3378 4733 futurum
3402 4691 3462 4733 ut
3494 4680 3615 4734 ido—

2030 4769 2203 4820 lorum
2236 4768 2431 4835 templa
2468 4770 2723 4836 aperiret,
2783 4769 2827 4823 si
2864 4768 3088 4823 Joannis
3135 4770 3329 4824 exsilio
3376 4771 3617 4825 interce-

2028 4857 2157 4911 dere
2209 4857 2402 4912 vellet:
2438 4859 2698 4929 perlatum
2764 4861 2929 4915 fuisse
2961 4862 3026 4914 ad
3048 4860 3520 4929 Chrysostomnm,
3557 4864 3611 4917 in

2029 4949 2279 5003 exsilium
2313 4966 2467 5003 suum
2503 4950 2861 5019 Epiphanium
2906 4954 3284 5019 consensisse;
3317 4954 3481 5021 eique
3514 4970 3614 5007 va-

2023 5040 2300 5095 ticinatum
2345 5041 2490 5095 illum
2523 5042 2637 5096 fore
2679 5053 2737 5097 ut
2768 5044 2820 5099 in
2854 5045 3049 5099 throno
3090 5060 3192 5099 non
3250 5046 3484 5114 amplius
3515 5062 3612 5101 se-

2024 5131 2197 5195 deret,
2246 5141 2408 5201 atque
2459 5134 2604 5187 hunc
2659 5135 2899 5189 vicissim
2954 5137 3354 5205 prteuuntiasse
3397 5138 3607 5193 Joanni

2022 5220 2262 5273 futurum
2304 5232 2360 5275 ut
2384 5223 2449 5275 ad
2483 5224 2659 5277 exsilii
2712 5225 2886 5280 locum
2939 5242 3044 5281 non
3093 5230 3439 5296 perveniret;
3473 5246 3615 5285 eon-

2024 5329 2214 5367 scensa
2242 5316 2457 5368 demum
2495 5318 2614 5370 navi
2638 5316 3021 5385 Epiphaniutn,
3046 5330 3333 5388 antequam
3359 5321 3609 5391 Cyprum

2024 5405 2338 5475 attingeret,
2377 5406 2600 5460 obiisse.
2643 5406 2907 5462 Baronius
2956 5410 3029 5461 ad
3081 5427 3171 5464 an.
3202 5410 3327 5474 402,
3368 5426 3492 5481 cap.
3544 5411 3606 5476 7,

2025 5493 2216 5548 falsum
2236 5510 2355 5549 esse
2374 5496 2571 5550 asserit
2596 5498 2660 5549 ad
2703 5498 3047 5552 diaconatum
3076 5514 3401 5569 quemquam
3430 5500 3611 5556 fuisse

2030 5595 2337 5653 promotum
2400 5587 2469 5639 ab
2538 5587 2838 5655 Epiphanio
2891 5588 2944 5641 in
2999 5587 3605 5655 Constantinopolitana

2032 5677 2279 5743 dimcesi,
2320 5686 2376 5732 et
2408 5678 2568 5733 unius
2595 5678 2885 5733 Sozomcni
2906 5680 3177 5733 silentium
3201 5680 3443 5750 opinioni
3484 5696 3609 5734 suae

2042 5770 2366 5838 praetendit;
2397 5784 2619 5825 causam
2652 5786 2781 5827 vero
2814 5788 2910 5827 cur
2942 5772 2994 5828 id
3015 5771 3274 5842 iactatum
3319 5772 3410 5838 sit,
3455 5772 3603 5827 hanc
