3794 6222
284 320 427 376 Ιέ55

1125 262 1707 377 οΒιῦΕΝιΑΝυβυΜ
1743 308 1868 374 LIB.
1914 320 1977 387 tt,
2018 324 2165 379 CAP.
2211 326 2297 389 tv,
2345 326 2535 381 seca.
2579 330 2643 381 n.

3372 337 3512 391 “5'4

281 450 403 489 esse
430 433 657 497 divinat,
690 436 833 502 quod
870 434 921 489 in
955 433 1177 492 Joannis
1224 420 1679 506 Jerosolytniw'li
1723 433 1852 490 dioe-
1879 446 1924 500 Α
1954 450 2240 507 prmsentat
2282 440 2501 496 f’hotius
2551 443 2669 497 cod.
2722 461 2835 498 ιιι.
2867 446 2938 499 At-
2974 445 3244 503 Palladius
3301 451 3516 521 triginta

279 527 390 582 cesi
420 527 530 596 jam
559 543 589 580 a
614 539 703 582 nte
737 528 1048 582 Pauliniano
1075 528 1381 599 Hieronymi
1409 521 1567 582 fratri
1622 528 1849 599 presby-

284 621 403 675 terii
426 622 796 675 characterem
834 622 1204 691 imposuerat;
1240 622 1395 676 facile
1445 622 1629 689 itaque
1678 618 1851 676 J0alt-

280 726 403 767 nem
464 713 975 785 Jerosolymitanum
1056 730 1175 769 cum
1242 714 1843 784 Constantinopolitano

280 804 482 861 Joanne
537 808 832 876 scriptores
896 808 1224 863 confudisse.
1295 807 1488 863 Verum
1550 819 1609 864 ut
1662 811 1844 867 dicere

277 900 683 967 praetermittam
715 915 875 968 quam
907 900 1024 954 leve
1058 902 1127 955 sit
1156 911 1533 971 argumentum
1561 918 1625 957 ex
1662 902 1835 958 Sozo-

280 990 418 1043 tneni
452 991 558 1057 (cui
592 1001 646 1045 et
672 990 974 1045 Cedrenum
1006 991 1204 1045 addere
1235 996 1429 1061 potuit)
1460 993 1674 1047 silentio
1706 998 1843 1063 peti-

278 1087 414 1144 tum,
444 1090 633 1133 contra
657 1079 918 1145 Socratis,
946 1081 1138 1135 Leonis
1184 1084 1543 1151 imperatoris,
1574 1084 1842 1139 Simeonis

278 1169 695 1237 Metaphrastai,
761 1182 812 1225 et
885 1172 1169 1242 Nicephori
1232 1175 1633 1241 auctoritatem,
1693 1177 1833 1231 tollit

274 1272 436 1311 omne
478 1259 699 1313 dubium
744 1260 1000 1332 Polybius
1036 1263 1087 1317 id
1118 1263 1291 1333 ipsum
1320 1278 1590 1331 asserens,
1633 1268 1724 1337 qui
1762 1269 1838 1321 rei

272 1359 438 1418 gesta:
463 1350 731 1407 interfuit.

342 1439 458 1496 XV.
510 1440 623 1496 Hac
689 1451 1009 1512 tempestate
1063 1445 1556 1517 Constantinopoli.
1596 1451 1835 1519 agebant

268 1534 501 1589 Aeacius
520 1534 851 1595 Bermensis.
883 1536 1214 1593 Severianus
1238 1538 1619 1609 Gabalitanus,
1650 1551 1705 1598 et
1732 1544 1837 1598 An-

271 1627 479 1681 tiochus
530 1627 878 1683 Ptolemaidis
923 1630 1179 1700 episcopi,
1206 1641 1258 1685 et
1289 1631 1514 1703 Syrulus
1542 1636 1836 1692 monachus
1881 1661 1887 1667 ο

267 1718 501 1774 lsaacus.
549 1718 612 1773 Hi
644 1722 883 1789 privatas
919 1722 1234 1778 inimicitias
1281 1741 1402 1780 cum
1446 1726 1835 1797 Chrysostomo

267 1821 536 1879 gerentes,
591 1810 945 1881 Theophilum
997 1813 1288 1870 sollicitant
1346 1832 1443 1887 per
1508 1822 1722 1875 nuntios
1773 1831 1829 1875 ut

265 1917 450 1956 secum
482 1918 677 1972 operas
722 1906 788 1959 ad
818 1906 1193 1975 expellendum
1238 1906 1500 1964 Joannem
1538 1912 1812 1965 consocia-

262 2004 367 2047 ret.
398 1994 697 2051 Morantem
733 2014 952 2066 quoque
977 2009 1128 2070 urget
1163 2000 1407 2057 Eudoxia
1445 2002 1831 2074 Chrysostomo

261 2085 540 2154 offensior,
576 2088 694 2143 ideo
727 2091 868 2159 quod
891 2093 1065 2146 sacris
1089 2093 1258 2161 ipsius
1285 2095 1663 2162 concionibus,
1708 2097 1829 2166 qui-

262 2180 363 2235 bus
392 2181 688 2237 auliearum
723 2184 1010 2239 mulierum
1044 2202 1226 2241 mores
1260 2201 1399 2256 swpe
1444 2189 1825 2257 carpebantur,

258 2273 510 2328 vitiorum
540 2290 757 2330 suorum
787 2278 886 2331 sibi
916 2278 1129 2333 conscia
1161 2280 1336 2335 notari
1375 2294 1434 2334 se
1458 2280 1733 2336 censebat.
1754 2279 1825 2334 E-

259 2367 533 2419 contrario
564 2382 691 2422 vero
710 2369 1029 2424 accersitum
1065 2385 1185 2424 eum
1216 2372 1282 2425 ad
1326 2371 1575 2426 diluenda
1596 2371 1822 2427 crimina

258 2455 418 2524 (apud
470 2457 845 2526 imperatorem
903 2460 1098 2530 quippe
1172 2460 1347 2516 fuerat
1401 2463 1719 2518 seditionum
1767 2473 1823 2519 et

259 2546 480 2599 caedium
514 2552 816 2617 accusatus)
873 2559 1098 2605 testatur
1147 2552 1260 2620 ipse
1301 2552 1721 2621 Cbrysostmnus
1762 2554 1813 2608 in

253 2638 479 2706 epistola
539 2640 605 2694 ad
656 2642 1023 2696 Innocentium
1095 2658 1322 2712 papam,
1379 2659 1537 2713 quam
1606 2645 1821 2701 exhibet

252 2727 542 2788 Palladius.
584 2730 695 2786 Leo
739 2742 917 2786 autem
969 2733 1301 2804 imperator,
1336 2746 1689 2805 cognomento
1715 2736 1817 2789 Sa-

253 2820 427 2889 piens,
469 2822 661 2877 scribit
708 2825 762 2877 in
795 2822 916 2878 Vita
942 2823 1331 2896 Cbrysostomi,
1377 2826 1599 2893 iussisse
1646 2827 1816 2881 Arca-

249 2912 395 2966 dium
449 2914 495 2967 vi
546 2915 740 2969 adduci
800 2914 1178 2984 Theophilum,
1240 2933 1359 2972 cum
1394 2933 1510 2985 qua:
1557 2919 1813 2973 adversus

248 3000 508 3056 Joannem
544 3002 725 3058 fuerat
784 3006 1000 3061 molitus
1036 3008 1423 3076 comperisset;
1469 3018 1522 3062 et
1561 3010 1627 3064 ab
1659 3009 1815 3063 Inno-

250 3094 427 3148 centio
472 3097 722 3165 pontifice
756 3097 1016 3163 Romano,
1049 3108 1101 3151 et
1134 3100 1199 3152 ab
1230 3098 1467 3153 Honorio
1502 3098 1670 3154 fratre
1718 3116 1813 3167 po-
1837 3135 1879 3192 α

247 3187 498 3253 stulasse,
534 3198 591 3242 ut
621 3190 784 3258 aliqui
817 3190 987 3243 Roma
1032 3191 1392 3255 mitterentur,
1425 3191 1514 3260 qui
1547 3192 1612 3246 de
1635 3189 1810 3245 Theo-

248 3278 373 3345 phili
399 3294 557 3334 causa
584 3292 1013 3347 cognoscerent:
1048 3282 1446 3351 tergiversante
1482 3298 1609 3337 vero
1644 3282 1809 3337 lnno-

244 3370 444 3434 ceutio,
497 3370 851 3439 Theophilum
908 3370 1227 3443 Origenismi
1290 3372 1465 3427 dicam
1528 3374 1811 3443 scripsisse

240 3456 455 3523 Joanni,
488 3470 544 3514 et
585 3459 944 3517 Nitriensibus
993 3462 1272 3516 monachis
1298 3505 1311 3528 ,
1352 3477 1381 3515 a
1433 3462 1626 3531 quibus
1669 3463 1808 3533 apud

243 3549 618 3619 imperatorem
664 3553 837 3607 fuerat
888 3562 1195 3616 accusatus,
1232 3568 1465 3622 suasque
1521 3554 1574 3607 in
1627 3565 1808 3623 partes

242 3645 594 3716 Epiphaniam
646 3648 897 3703 illexisse.
936 3646 1169 3701 Narrant
1196 3646 1304 3701 Leo
1332 3657 1384 3700 et
1413 3648 1679 3702 Palladius
1712 3650 1808 3703 da-

240 3744 321 3791 tos
356 3738 615 3791 adversus
646 3737 999 3806 Theophilum
1028 3737 1396 3792 accusationis
1447 3737 1678 3802 libellos,
1728 3752 1805 3792 se-

236 3832 509 3899 ptuaginta
544 3830 723 3899 capita
775 3830 1056 3885 habuisse.
1091 3827 1469 3897 Maturatergo
1503 3828 1606 3882 iter
1632 3826 1804 3882 Theo-

234 3921 433 3987 philus,
465 3929 517 3976 et
546 3921 936 3977 Cbalcedonem
960 3921 1222 3991 pervenit.
1270 3918 1467 3974 Eodem
1523 3919 1801 3973 confluunt

230 4008 488 4077 episcopi,
554 4012 747 4078 partim
773 4009 1053 4080 TheOphili
1092 4010 1313 4075 nuntiis,
1346 4010 1537 4079 partim
1568 4012 1801 4081 impera-

233 4102 366 4156 toris
399 4102 653 4157 mandato
678 4104 861 4158 exciti.
912 4104 985 4159 Ex
1043 4120 1146 4157 una
1181 4119 1370 4159 omnes
1419 4106 1628 4160 venisse
1670 4120 1799 4175 pro-

232 4193 407 4247 vincia
434 4196 627 4249 scribit
672 4195 984 4263 Palladius;
1025 4198 1113 4250 alii
1155 4213 1221 4252 ex
1261 4196 1524 4269 Egypto,
1574 4200 1798 4268 aliisque

228 4284 499 4353 profectos
554 4286 689 4342 locis
720 4298 967 4353 narrant,
1019 4304 1225 4343 necnon
1272 4305 1333 4342 ex
1363 4291 1512 4357 Asia,
1572 4292 1799 4359 quicun-

224 4390 332 4443 que
357 4376 574 4431 sedibus
627 4379 738 4432 suis
784 4379 1032 4448 depulsos
1058 4394 1117 4434 se
1155 4395 1184 4433 a
1211 4378 1420 4435 Joanne
1478 4398 1620 4450 aegre
1656 4382 1796 4437 fcre-

1953 547 2047 586 sux
2082 534 2340 586 duntaxat
2368 536 2613 604 agnoscit
2654 554 2667 589 :
2696 538 2774 591 sic
2822 538 2963 591 enim
3004 540 3283 610 episcopos
3312 545 3401 613 qui
3432 560 3515 598 as-

1950 624 2202 678 sidebant
2254 622 2485 692 Joanni,
2555 628 2620 680 ad
2680 630 3108 685 conventiculum
3172 635 3517 703 rescripsisse

1952 714 2147 767 tradit:
2185 736 2203 764 ι
2234 714 2345 769 Tua
2371 716 2584 785 quidem
2616 718 2853 787 synodus
2885 720 3103 791 triginta
3130 732 3184 776 et
3216 738 3311 778 sex
3352 726 3515 782 habet

1947 806 2228 875 episcopos
2295 823 2360 859 ex
2411 823 2511 861 una
2571 810 2884 877 provincia:
2931 829 3027 867 nos
3073 826 3251 869 autem
3279 818 3513 887 quadra~

1947 898 2093 967 ginta
2140 914 2326 953 sumus
2354 915 2417 954 ex
2450 902 2738 969 provinciis
2769 904 2951 967 variis,
2992 907 3043 959 in
3068 909 3261 975 quibus
3307 919 3361 965 et
3417 926 3507 965 se-

1946 998 2089 1056 ptem
2160 999 2285 1044 sunt
2357 992 2781 1061 metrOpolitce.)
2850 995 2992 1051 Duos
3045 1006 3100 1052 et
3158 1001 3509 1073 quadraginta

1943 1078 2133 1134 Joanui
2163 1081 2402 1137 adfuisse
2427 1095 2613 1137 auctor
2650 1099 2731 1139 est
2776 1086 2883 1141 Leo
2915 1088 3227 1159 imperator.
3268 1092 3399 1147 Cum
3439 1097 3512 1150 sit

1944 1180 2121 1224 autem
2179 1173 2231 1225 in
2298 1173 2622 1228 adnotandis
2674 1178 2912 1231 numeris
2964 1180 3219 1247 proclivis
3289 1182 3504 1253 lapsus,

1944 1263 2245 1330 promptius
2280 1274 2362 1317 est
2390 1266 2651 1335 suspicari
2683 1278 2996 1335 corruptum
3042 1287 3327 1327 numerum
3361 1277 3503 1343 apud

1940 1355 2232 1424 scriptores
2263 1357 2401 1420 illos,
2437 1374 2597 1428 quam
2652 1361 2790 1427 apud
2832 1361 3129 1417 Palladium
3159 1366 3249 1433 qui
3290 1371 3504 1435 paucio-

1940 1462 2027 1502 res
2050 1462 2207 1516 quam
2234 1449 2612 1520 quadringinta
2667 1450 2967 1519 Theophilo
3029 1454 3265 1510 adfuisse
3302 1458 3502 1514 diserte

1939 1539 2154 1593 asserit.
2188 1539 2384 1593 Statim
2416 1542 2612 1596 adesse
2636 1541 2854 1609 jubetur
2877 1541 3134 1610 Joannes,
3162 1557 3211 1601 et
3239 1548 3305 1601 ad
3338 1564 3499 1603 accu-

1937 1630 2178 1685 sationes
2214 1633 2559 1699 respoudere,
2592 1650 2805 1704 unaque
2840 1651 2963 1691 cum
3005 1652 3069 1691 eo
3117 1638 3403 1709 Serapion,
3450 1650 3504 1696 et

1937 1721 2112 1790 Tigris
2147 1723 2423 1777 eunuchus
2467 1725 2797 1795 presbyteri,
2869 1738 2922 1781 et
2966 1727 3163 1784 Paulus
3202 1729 3395 1797 lector;
3430 1732 3503 1785 si-

1935 1814 2047 1867 mul
2077 1815 2390 1869 universum
2436 1815 2693 1870 Ecclesia:
2730 1817 3344 1887 Constantinopolitanae
3388 1822 3499 1877 cle-

1934 1920 2054 1958 rum
2086 1906 2323 1976 synodus
2351 1908 2605 1961 aceersit.
2633 1906 2889 1974 Quamvis
2925 1920 3103 1963 autem
3142 1908 3334 1964 Joanni
3370 1928 3498 1982 qua-

1931 1995 2178 2064 draginta
2201 1997 2522 2052 assisterent
2549 1998 2806 2067 episcopi,
2839 2015 2944 2052 non
2975 2000 3176 2055 ideirco
3210 2009 3390 2055 tamen
3422 2004 3491 2059 ad

1929 2084 2204 2151 Quercum
2251 2102 2470 2141 causam
2516 2088 2762 2143 dicturus
2812 2090 3001 2143 adesse
3057 2093 3391 2153 recusabat;
3449 2094 3495 2148 si

1928 2174 2086 2228 modo
2115 2188 2182 2229 ex
2254 2177 2550 2230 antistitum
2592 2194 2815 2233 numero
2842 2188 3075 2248 quatuor
3105 2181 3491 2248 eximerentur,

1926 2265 2122 2319 merito
2151 2266 2251 2320 sibi
2283 2269 2388 2323 odii
2417 2279 2472 2323 et
2502 2270 2901 2325 inimicitiarum
2958 2272 3194 2340 suspecti
3216 2289 3248 2337 ,;
3299 2273 3382 2326 sin
3421 2274 3495 2327 ul-

1927 2358 2092 2411 terius
2132 2362 2549 2427 pertenderent,
2582 2363 2842 2432 synodum
2883 2364 3271 2417 meumenicam
3309 2366 3493 2434 appel-

1924 2446 2039 2502 lare
2059 2463 2117 2503 se
2144 2450 2542 2506 obtestabatur.
2576 2453 2785 2519 Quibus
2820 2452 3042 2518 auditis,
3082 2466 3276 2523 quater
3302 2472 3366 2511 eo
3398 2472 3493 2511 vo-

1923 2552 2068 2609 cato,
2117 2546 2415 2614 eademque
2458 2546 2776 2614 exceptione
2830 2562 2947 2611 uso,
3000 2546 3068 2601 ad
3114 2549 3491 2605 accusationes

1922 2639 2138 2694 tandem
2187 2638 2569 2707 expendendas
2610 2640 2851 2693 animum
2898 2639 3253 2707 Qnercetana:
3294 2642 3487 2713 synodi

1920 2730 2175 2800 praesules
2204 2730 2547 2798 appulerunt.

1990 2821 2129 2875 XVI.
2174 2821 2293 2875 Non
2343 2837 2429 2876 res
2481 2821 2589 2874 illic
2634 2835 2700 2874 ex
2743 2836 2897 2890 aequo
2938 2836 3225 2891 expensas,
3268 2824 3359 2877 sed
3390 2838 3490 2893 per

1916 2914 2299 2969 contumeliam
2338 2923 2392 2967 et
2422 2913 2703 2967 maledicta
2754 2912 2922 2968 fuisse
2965 2927 3144 2985 gestas
3191 2920 3485 2985 scriptores

1917 3006 2158 3059 tradunt.
2191 3004 2256 3057 Et
2287 3015 2395 3060 tres
2420 3006 2639 3073 quidem
2680 3006 3119 3060 criminationum
3162 3008 3371 3062 libellos
3417 3010 3484 3063 ad

1915 3096 2326 3151 conciliabulum
2389 3097 2593 3149 delatos
2627 3108 3054 3151 commemorant
3109 3107 3227 3152 acta
3278 3099 3418 3153 illius
3450 3115 3479 3153 a

1918 3187 2107 3241 Pbotio
2131 3188 2397 3253 exhibita,
2436 3196 2489 3241 et
2539 3188 2589 3240 in
2628 3186 2756 3241 Jure
2786 3186 3250 3243 Graeco-Romano
3290 3188 3480 3253 relata,

1914 3280 2058 3346 quod
2092 3279 2260 3331 edidit
2291 3276 2669 3331 Leunclavius.
2714 3276 2959 3331 Priorem
3004 3279 3201 3332 obtulit
3242 3278 3479 3335 Joannes

1912 3368 2281 3440 Cbrysostomi
2316 3369 2597 3431 diaconus,
2630 3368 2821 3436 viginti
2848 3384 3041 3421 novem
3071 3371 3475 3423 accusationum

1912 3462 2176 3531 capitibus
2228 3462 2484 3515 refertum
2527 3475 2541 3524 ;
2580 3459 2811 3513 alterum
2859 3458 3106 3514 Joannes
3158 3460 3474 3527 monachus,

1870 3580 1873 3583 -
1910 3569 2016 3622 quo
2066 3553 2377 3607 Heraclides
2418 3552 2741 3620 Origenismi
2792 3566 2857 3606 ac
2900 3552 3030 3605 furti
3076 3554 3472 3617 arcessebatur,

1908 3646 2293 3717 Chrysostomo
2343 3658 2471 3697 vero
2521 3644 2736 3697 crimini
2770 3646 3021 3709 dabatur,
3052 3646 3193 3713 quod
3230 3644 3475 3699 Heracli-

1907 3738 2031 3801 den,
2064 3737 2374 3791 ltaareticum
2404 3736 2531 3791 licet
2557 3752 2619 3790 ac
2654 3734 2851 3799 furem,
2911 3735 3239 3804 Ephesinum
3264 3737 3475 3805 episco-

1906 3842 2029 3897 pum
2059 3827 2461 3892 constituisset,
2500 3828 2772 3893 multaqne
2805 3841 2998 3893 passus
3055 3836 3198 3880 esset
3222 3826 3470 3895 Origeni-

1907 3930 2110 3971 Starum
2131 3932 2329 3982 causa;
2359 3917 2711 3985 posteriorem
2742 3916 2883 3969 dedit
2913 3917 3148 3970 lsaacius
3169 3917 3467 3986 episcopus,

1902 4010 2077 4078 capita
2108 4010 2409 4064 octodecim
2448 4008 2888 4063 criminationum
2934 4009 3297 4078 complexum,
3334 4025 3458 4064 cum

1901 4100 2051 4168 prius
2093 4097 2414 4167 Origenismi
2466 4098 2713 4151 eumdem
2766 4096 3085 4151 Heracliden
3131 4107 3462 4153 accusasset.

1898 4188 2096 4242 Narrat
2135 4188 2354 4242 Pbotius
2380 4188 2632 4241 tredecim
2663 4188 2966 4242 actionibus
3001 4188 3266 4258 synodum
3299 4189 3466 4255 illam,

1898 4297 2019 4352 quae
2050 4297 2079 4333 a
2104 4296 2162 4334 se
2192 4280 2329 4334 lecta
2357 4290 2460 4343 est,
2500 4279 2666 4332 fuisse
2695 4277 3023 4341 absolutam,
3069 4292 3294 4346 quarum
3320 4280 3468 4346 prio-

1899 4390 1984 4428 res
2014 4373 2297 4428 duodecim
2350 4372 2795 4442 Chrysostomum
2862 4371 3139 4438 petebant,
3192 4380 3464 4438 postrema

223 4466 376 4530 haut,
414 4466 497 4520 vel
523 4466 644 4521 aliis
690 4469 788 4536 ipsi
821 4471 887 4523 de
933 4470 1116 4524 causis
1155 4474 1563 4525 succensebant.
1616 4470 1783 4545 Egy-
1821 4469 1865 4522 D
1895 4465 2241 4525 Heracliden;
2269 4463 2463 4531 prioris
2487 4463 2649 4515 libelli
2696 4471 2858 4530 caput
2886 4461 3119 4529 primum
3171 4476 3234 4515 ac
3281 4477 3467 4516 secun-

222 4560 350 4626 ptiis
378 4558 449 4613 illi
478 4562 700 4615 navibus
727 4562 1046 4615 transmisso
1090 4562 1369 4631 BOSphoro
1400 4564 1786 4619 Constantino-

220 4651 384 4721 polim
412 4653 705 4721 appellunt.
725 4653 790 4707 At
808 4652 1162 4723 Theophilum
1190 4671 1309 4709 cum
1352 4656 1537 4725 plausu
1556 4673 1784 4727 excepe-

221 4754 348 4797 runt
376 4744 618 4816 IEgyptii
654 4755 829 4799 nautze
857 4764 871 4812 ;
908 4746 1247 4801 clericorum
1286 4748 1495 4802 obviam
1525 4751 1788 4818 processit

219 4836 431 4901 nullus,
504 4847 684 4906 utpote
759 4839 1022 4892 infensum
1079 4839 1468 4909 Cbrysostomo
1544 4842 1783 4893 animum

217 4942 331 4996 prae
356 4943 415 4982 se
461 4928 669 4983 ferenti.
725 4929 839 4998 Ipse
881 4931 1162 4985 ecclesiam
1213 4942 1651 5001 prtetergressus,
1730 4934 1779 4985 in

220 5018 623 5086 imperatoriam
653 5021 942 5089 quamdam
980 5023 1196 5074 domum
1246 5022 1348 5076 sibi
1393 5034 1638 5091 paratam
1693 5024 1776 5075 di-

217 5111 402 5164 vertit.
430 5109 575 5163 Mora
608 5111 713 5165 illic
745 5112 904 5165 trium
936 5111 1400 5166 hebdomadarum
1444 5112 1612 5178 facta,
1659 5130 1780 5181 per-

214 5203 435 5258 tentatis
465 5204 755 5257 multorum
780 5204 996 5266 animis,
1031 5213 1085 5257 et
1114 5206 1180 5257 ad
1218 5207 1582 5258 accusandum
1610 5205 1777 5261 Joan-

212 5311 359 5359 nem,
393 5292 549 5363 cujus
580 5309 936 5362 congressum
982 5303 1141 5348 cante
1199 5295 1427 5360 vitabat,
1476 5296 1777 5363 instructis,

210 5387 264 5441 in
303 5385 570 5453 Quercum
618 5386 974 5443 Chalcedonis
1026 5388 1348 5443 suburbiutn
1387 5405 1491 5443 una
1526 5405 1646 5443 cum
1698 5392 1776 5445 fa—

208 5482 404 5535 ctionis
442 5496 552 5536 sua:
595 5481 913 5548 praesulibus
941 5483 1237 5546 concessit,
1279 5492 1334 5536 et
1356 5483 1773 5537 conciliabulum

207 5573 521 5627 celebravit.
570 5573 939 5641 Quadraginta
983 5574 1227 5643 quinque
1279 5576 1592 5629 interfuisse
1657 5577 1771 5645 cpi-

206 5680 398 5733 scopus
440 5664 719 5718 declarant
761 5663 1026 5734 Georgius
1060 5665 1489 5732 Alexandrinus,
1545 5666 1768 5721 Simeon

208 5756 617 5823 llletapbrastes,
650 5768 703 5811 et
732 5758 869 5811 Acta
902 5757 1300 5827 pseudosynodi
1330 5758 1502 5819 illius,
1530 5774 1647 5826 qua:
1682 5776 1769 5814 rc-

1898 4557 2019 4610 dum
2055 4555 2392 4608 examinasse
2442 4553 2748 4621 episcopos,
2784 4551 2905 4605 inde
2946 4552 2997 4604 in
3057 4550 3371 4604 Heracliden
3408 4562 3465 4607 et

1896 4646 2186 4701 Palladium
2214 4646 2564 4715 quaestionem
2592 4644 2870 4709 habuisse,
2901 4645 2952 4697 in
2984 4659 3182 4697 nonum
3209 4644 3461 4714 deinceps

1893 4755 1956 4794 ac
1973 4741 2284 4794 vicesimum
2304 4738 2590 4806 septimum
2610 4748 2770 4804 caput
2792 4737 3132 4805 inquisivisse
3157 4754 3170 4791 :
3199 4740 3457 4805 postremi

1894 4835 2125 4903 denique
2178 4832 2340 4886 libelli
2377 4845 2664 4907 excussum
2720 4829 2882 4882 fuisse
2933 4838 3093 4897 caput
3141 4829 3454 4890 secundum,

1891 4928 2031 4996 quod
2085 4926 2184 4978 fuit
2224 4923 2527 4992 bujusmodi
2559 4940 2571 4975 :
2617 4923 2737 4974 Ὅτι
2773 4923 2800 4974 ὁ
2838 4921 3104 4992 μακάριος
3147 4921 3457 4989 Ἐπιφάνιος

1888 5019 1975 5072 διὰ
2006 5019 2133 5080 τοὺς
2173 5014 2601 5087 Ὠριγενειαστὰς
2642 5013 2966 5084 Ἀμμώνιον,
3026 5013 3331 5085 Ἐυούμιον,
3363 5015 3457 5067 καὶ

1898 5110 2271 5183 Ἡρακλείδην,
2290 5108 2382 5160 καὶ
2406 5107 2719 5171 Παλλάδιον,
2741 5107 2839 5157 οὐκ
2865 5104 3087 5175 ὲΟέλησε
3112 5104 3453 5175 κοινωνῆσαι.

1892 5229 1909 5254 ι
1944 5202 2164 5255 Beatum
2202 5201 2557 5268 Epiphanium
2606 5207 2826 5265 propter
2858 5196 3193 5265 Origenistas
3230 5198 3452 5248 Ammo-

1885 5298 2053 5361 nium,
2112 5295 2481 5365 Euthymium,
2548 5290 2856 5353 Eusebium,
2904 5299 2958 5343 et
3008 5288 3345 5352 Heracliden,
3398 5295 3453 5339 et

1880 5390 2203 5451 Palladium,
2246 5383 2685 5441 communionem
2743 5398 2864 5437 cum
2916 5395 2980 5434 eo
3020 5378 3449 5450 (Cbrysostomo)

1881 5483 2078 5537 habere
2106 5480 2382 5534 noluisse:
2413 5496 2432 5528 ι
2468 5489 2756 5531 excussum
2798 5473 3013 5541 insuper
3034 5471 3319 5539 septimum
3360 5484 3451 5523 ca-

1877 5583 1993 5643 put,
2025 5588 2089 5627 ac
2114 5572 2307 5626 deinde
2344 5569 2582 5623 tertium.
2612 5566 2815 5620 Przcter
2846 5565 2994 5627 illud,
3029 5564 3133 5617 duo
3156 5561 3445 5616 admodum

1880 5669 1945 5719 ad
1986 5665 2384 5733 Origenismnm
2420 5660 2811 5731 pertinebant;
2866 5658 3125 5727 primum,
3170 5652 3443 5716 .Joannetn

1879 5758 2201 5825 monachum
2241 5764 2460 5823 propter
2486 5751 2822 5819 Origenistas
2846 5765 3044 5806 caesum
3076 5746 3443 5819 Cbrysostomi
