3838 6222
365 292 507 345 1155

1666 288 1726 344 P.
1769 286 2077 343 DANIELIS
2115 282 2352 340 HUETII

3466 283 3613 341 “56

356 411 530 482 jussu,
574 420 629 467 et
673 426 834 483 porro
879 412 1117 469 vinctum
1165 412 1333 469 fuisse
1380 412 1649 467 decimum
1683 420 1927 475 sextum,
1959 416 2006 472 Α
2037 409 2301 473 Eudoxia,
2329 416 2387 464 ιιι
2414 422 2538 463 eum
2568 407 2636 461 ab
2664 405 2855 463 exsilio
2879 404 3127 461 revocari
3162 404 3421 461 continuo
3448 420 3616 461 cura-

360 505 607 559 eumdem
647 505 951 574 suscepisse
975 505 1333 577 Origenistas,
1372 522 1423 561 in
1471 519 1746 560 carcerem
1802 519 1928 558 eon-

358 596 553 667 jecisse
583 595 862 667 TheOphiIi
894 597 1123 667 legatos,
1172 608 1227 653 et
1274 612 1341 653 ne
1392 598 1685 653 morientes
1709 597 1926 666 quidem

363 687 431 740 ad
464 687 744 742 visendum
799 690 1017 744 adiisse.
1076 689 1231 744 Nulla
1282 699 1542 759 prteterea
1600 689 1654 743 in
1704 689 1929 759 reliquis

365 778 835 835 criminationibus
859 780 1209 849 Origenismi,
1239 781 1738 852 Origenistarumve
1778 794 1931 835 men-

364 871 439 925 tio
466 887 479 925 :
512 871 563 925 in
596 872 774 940 priore
807 887 937 929 vero
966 873 1143 929 libello
1171 874 1312 928 nulla
1342 876 1575 944 penitus.

438 960 597 1019 XVII.
669 964 925 1017 Actorum
987 962 1373 1020 Pbotianorum
1441 965 1803 1020 conventiculi
1862 965 1931 1019 ad

368 1054 643 1122 Quercum
682 1055 844 1110 fidem
879 1055 1093 1111 elevare
1138 1066 1366 1111 conatur
1399 1056 1664 1112 Baronius
1701 1056 1806 1113 hoc
1845 1072 1933 1112 ar-

365 1154 638 1217 gumento,
666 1148 808 1216 quod
834 1148 1093 1218 pleraque
1119 1150 1186 1203 ab
1213 1149 1333 1203 aliis
1376 1156 1820 1217 commemorata,
1872 1148 1931 1203 in

369 1238 436 1292 iis
467 1240 667 1293 omissa
697 1239 827 1293 sint.
863 1240 1058 1294 Verum
1109 1255 1213 1293 non
1259 1240 1489 1294 attendit
1532 1240 1931 1295 illustrissimus

366 1327 654 1382 cardinalis
704 1328 898 1383 eximia
962 1331 1209 1396 quantam
1256 1328 1631 1383 tantummodo
1675 1329 1933 1397 selegisse

370 1418 662 1483 Photium,
703 1428 757 1472 et
809 1420 861 1472 in
919 1418 1290 1489 Myriobiblum
1344 1419 1647 1485 retulisse;
1704 1419 1933 1488 plurima

365 1526 496 1565 vero
535 1512 782 1566 consulto
812 1512 1245 1580 prmiermisisse.
1310 1512 1417 1565 Sua
1464 1526 1591 1581 ergo
1651 1513 1786 1567 actis
1826 1513 1933 1568 illis

368 1614 616 1656 servetur
645 1603 962 1668 auctoritas,
997 1603 1173 1672 quoad
1192 1602 1438 1658 validiori
1472 1604 1679 1658 ratione
1715 1602 1931 1659 Baronii

368 1695 674 1763 conjectura
715 1695 979 1749 firmetur.

2035 501 2199 552 verit.
2236 498 2304 552 At
2338 497 2844 553 recrudescentibus
2873 504 3136 566 sequente
3165 511 3308 551 anno
3341 495 3606 551 simulta-
3642 522 3649 527 -

2039 592 2183 647 tibus
2228 599 2285 646 et
2321 589 2672 654 factionibus,
2714 589 2922 658 injuriae
2983 588 3253 653 concedit,
3302 597 3361 642 et
3410 587 3616 643 Nicaea:

2036 684 2425 753 aliquantisper
2474 689 2739 743 moratus,
2794 679 3096 747 Cucusum,
3157 695 3277 750 qua:
3331 680 3616 735 Armenia:

2036 776 2164 830 urbs
2189 782 2291 838 est,
2314 773 2400 827 vel
2430 781 2490 827 ut
2518 780 2746 827 testatur
2774 771 2889 839 ipse
2912 770 3353 841 Cbrysostomus,
3379 769 3613 839 Ciliciae,

2037 869 2088 921 in
2121 866 2372 923 exsilium
2410 865 2680 919 mittitur:
2708 863 2923 919 Cucuso
2949 863 3266 918 Arabissum
3293 872 3349 917 et
3380 862 3616 933 Pityun-

2040 970 2143 1013 tcm
2183 958 2393 1028 migrat.
2426 954 2707 1010 Suﬂicitur
2746 955 2847 1025 ipsi
2875 955 3134 1009 Arsacias
3175 956 3461 1027 presbyter
3491 954 3605 1009 Ne-

2038 1052 2189 1108 ctarii
2221 1048 2807 1118 Constantinopolitani
2838 1046 2966 1101 olim
2994 1046 3241 1116 prmsulis
3290 1046 3479 1112 frater,
3509 1048 3615 1101 Ar-

2038 1140 2434 1197 sacio'Atticus.
2464 1138 2618 1192 Pium
2660 1137 2880 1191 interim
2917 1138 3158 1192 exsulem
3214 1138 3434 1193 mitibus
3492 1138 3615 1206 epi—

2038 1234 2190 1289 stolis
2228 1231 2438 1287 solatur
2470 1231 2817 1286 Innocentius
2844 1245 2980 1299 papa
3047 1230 3159 1301 (qui
3204 1244 3382 1284 rerum
3428 1238 3615 1298 gesta-

2040 1341 2158 1378 rum
2190 1338 2285 1393 per
2312 1324 2482 1392 ipsius
2508 1323 2719 1378 litteras
2741 1325 2946 1378 certior
2969 1322 3145 1378 factus
3169 1322 3367 1391 fuerat)
3386 1333 3438 1378 et
3460 1338 3613 1377 com-

2040 1418 2300 1471 munione
2335 1433 2431 1472 sua
2466 1418 2813 1487 impertitur;
2852 1418 3154 1487 improbata
3197 1416 3483 1488 Theophili
3519 1418 3611 1471 fa-

2040 1516 2146 1572 cto,
2178 1524 2336 1577 quem
2372 1519 2428 1562 et
2482 1509 2941 1565 consentientibus
2982 1511 3097 1565 fere
3138 1511 3364 1579 Europae
3392 1512 3615 1579 episco-

2040 1600 2123 1670 pis
2151 1615 2180 1653 a
2209 1600 2593 1655 communione
2622 1617 2723 1657 sua
2758 1601 2953 1655 deinde
2980 1602 3287 1671 segregavit
3315 1616 3331 1667 ;
3367 1615 3423 1655 ut
3463 1609 3618 1670 patet

2040 1703 2106 1744 ex
2144 1690 2372 1758 epistola
2403 1690 2637 1759 quadam
2674 1690 2973 1745 Innocentii
3010 1692 3077 1743 ad
3108 1692 3416 1755 Arcadium,
3443 1705 3615 1760 quam

439 1787 623 1842 XVIII.
664 1788 928 1841 Cancrum
966 1786 1035 1841 de
1064 1787 1220 1842 libris
1252 1786 1501 1856 Origenis
1534 1786 1701 1840 altum
1748 1786 1850 1840 fuit
1875 1786 1927 1840 in
1961 1784 2006 1840 B
2031 1781 2291 1834 exhibent
2338 1780 2601 1851 Georgius
2638 1781 3039 1837 Alexandrinus
3102 1780 3157 1835 in
3207 1778 3327 1833 Vita
3376 1779 3619 1851 Chryso-

369 1878 727 1936 conciliabulo
774 1878 1082 1933 silentium:
1132 1878 1198 1932 de
1237 1876 1560 1945 Origenistis
1591 1891 1718 1931 vero
1748 1886 1941 1945 praeter

370 1985 641 2040 perpauca
676 1969 788 2035 illa,
826 1984 945 2040 qua:
970 1970 1346 2033 disseruimus,
1375 1970 1487 2024 haec
1509 1968 1672 2023 etiam
1706 1968 1941 2024 referun-

374 2069 504 2125 tur;
548 2059 794 2114 Scetinos
844 2059 1036 2114 leniter
1072 2060 1367 2130 appellasse
1401 2059 1787 2128 Theophilum,
1819 2062 1943 2117 hor-

374 2163 544 2207 tatum
579 2167 697 2207 esse
733 2153 798 2207 ad
828 2153 1224 2222 pmnitentiam,
1261 2152 1636 2222 impunitatem
1662 2166 1781 2207 esse
1826 2154 1942 2224 pol-

371 2241 605 2308 licitum,
641 2241 799 2298 simul
827 2256 919 2296 eos
948 2242 1015 2296 ad
1052 2243 1438 2313 implorandam
1491 2243 1701 2297 veniam
1736 2247 1944 2315 magnis

372 2334 855 2390 vociferationibus
934 2334 1207 2405 impulisse
1251 2336 1342 2405 qui
1383 2336 1611 2390 aderant
1661 2335 1944 2406 Theophili

374 2425 706 2493 familiares;
744 2442 849 2495 qua
893 2441 952 2480 re
1004 2436 1284 2497 permotos
1318 2427 1615 2482 monachos
1643 2442 1813 2481 noxas
1840 2428 1942 2483 sibi

376 2519 668 2573 condonari
699 2520 1038 2588 postulasse;
1082 2518 1259 2574 ftedus
1294 2520 1459 2575 inisse
1484 2535 1608 2575 cum
1648 2521 1751 2575 illis
1774 2520 1946 2576 Theo-

373 2611 606 2679 philum,
651 2620 708 2664 et
757 2612 807 2664 in
844 2611 1277 2666 communionem
1328 2612 1620 2681 recepisse,
1663 2624 1825 2683 atque
1869 2615 1943 2668 ita

375 2698 605 2754 crimine
639 2699 915 2755 absolutos
947 2715 1068 2754 esse
1091 2700 1417 2769 Nitrienses,
1449 2704 1698 2772 equibus
1725 2704 1860 2775 jam,
1888 2712 1947 2758 ut

376 2789 634 2853 diximus,
668 2792 1006 2856 interierunt,
1039 2792 1330 2847 Dioscorus
1358 2802 1411 2847 et
1438 2792 1694 2861 Isidorus,
1725 2797 1945 2850 Ammo-

380 2880 502 2936 nius
526 2896 660 2937 vero
690 2884 741 2936 in
776 2882 990 2948 Quercu
1021 2885 1122 2938 sub
1153 2884 1266 2955 ipsa
1297 2886 1486 2956 synodi
1512 2885 1663 2940 initia
1695 2887 1945 2943 decesse-

380 2983 484 3028 rat.
517 2974 715 3029 Fertur
744 2976 903 3045 hujus
933 2977 1111 3029 audita
1146 2986 1317 3031 morte
1362 2978 1729 3048 illacrymasse
1772 2979 1947 3034 Theo-

379 3068 584 3138 philus,
625 3067 911 3137 palamque
941 3069 1149 3125 dixisse
1178 3071 1409 3125 similem
1442 3072 1584 3125 inter
1613 3086 1739 3125 suos
1773 3076 1946 3129 nemi-

380 3174 503 3214 nem
530 3158 783 3212 habuisse
818 3158 1183 3212 Ammonium.
1218 3159 1533 3215 Dioscorum
1566 3163 1778 3230 quidem
1824 3174 1947 3233 post

380 3252 642 3322 synodum
678 3259 733 3304 et
764 3248 1046 3319 Tthphili
1082 3250 1260 3320 fugam
1297 3253 1498 3307 obiisse
1521 3254 1753 3321 produnt
1780 3254 1948 3310 Geor-

380 3343 499 3411 gius
547 3341 945 3395 Alexandrinus
996 3354 1052 3396 et
1125 3340 1417 3407 Socrates;
1469 3345 1562 3397 sed
1607 3344 1659 3397 in
1710 3354 1947 3416 tempora

383 3433 589 3504 synodo
624 3434 806 3501 priora
834 3442 1061 3488 mortem
1111 3434 1282 3503 ipsius
1329 3433 1664 3491 Sozomcnus
1708 3438 1947 3507 coniicit,

382 3525 465 3578 cui
491 3525 818 3593 praacipuam
862 3523 1019 3577 ﬁdem
1069 3524 1377 3581 tribuimus.
1408 3528 1584 3595 Atque
1617 3528 1697 3581 ita
1733 3529 1949 3583 demum

382 3616 661 3687 consopita
694 3625 777 3671 est
807 3616 978 3671 tristis
1002 3616 1093 3671 illa
1140 3626 1193 3671 et
1243 3617 1563 3673 calamitosa
1601 3620 1668 3675 de
1700 3618 1949 3691 Origenis

382 3710 660 3763 erroribus
704 3707 1118 3763 controversia:
1159 3710 1408 3777 quamvis
1448 3712 1591 3765 enim
1642 3712 1771 3766 hinc
1818 3722 1951 3767 orta:

383 3803 489 3857 sint
521 3809 868 3869 tempestates
894 3809 949 3854 et
972 3800 1258 3866 tumultus,
1288 3802 1486 3869 quibus
1514 3815 1709 3857 vexata
1752 3804 1948 3860 deinde

383 3902 439 3948 et
489 3896 703 3948 turbata
753 3893 1006 3964 Ecclesia.
1041 3900 1143 3957 est,
1174 3895 1556 3949 accedentibus
1606 3905 1784 3951 tamen
1815 3897 1941 3950 sub-

387 3985 510 4038 inde
563 3984 718 4038 novis
776 3985 1121 4053 querelarum
1174 3995 1227 4039 et
1267 3986 1375 4039 odii
1427 3988 1783 4056 argumentis,
1822 3988 1947 4040 dum

384 4087 579 4148 praesto
607 4087 735 4132 sunt
768 4081 1100 4133 recentiores
1156 4078 1399 4144 oﬂ‘ensze,
1435 4088 1648 4133 veteres
1695 4081 1951 4135 exoleve-

386 4179 536 4225 runt.
569 4169 765 4223 Paucis
791 4169 973 4238 itaque
1002 4178 1054 4223 et
1082 4169 1286 4223 cursim
1321 4184 1439 4237 quae
1474 4180 1763 4238 supersunt
1792 4172 1953 4226 attin-

386 4275 595 4330 gamus.

460 4349 598 4406 XlX.
652 4352 807 4406 Anno
848 4351 1049 4406 Christi
1094 4351 1221 4419 405,
1270 4353 1416 4407 circa
1465 4367 1705 4408 mensem
1751 4352 1949 4409 Julium

387 4445 746 4498 conventiculi
781 4443 1051 4514 suffragiis
1082 4455 1470 4501 exauctoratur
1497 4445 1942 4518 Chrysostomus.

389 4535 444 4588 ld
479 4551 641 4589 unum
671 4536 1034 4590 causabantur
1061 4536 1320 4605 episcopi,
1353 4542 1496 4605 quod
1543 4538 1811 4592 mandatis
1838 4539 1951 4595 suis

393 4626 599 4679 accitus
629 4628 936 4680 audientem
974 4641 1033 4681 se
1065 4643 1170 4681 non
1204 4628 1543 4696 praebuisset.
1591 4626 1695 4682 Per
1729 4645 1949 4685 causam

388 4734 518 4773 vero
566 4720 643 4774 rei
697 4730 862 4787 gesta:
904 4720 971 4773 ad
1011 4720 1393 4789 imperatorem
1441 4721 1756 4789 referendae,
1817 4723 1953 4779 Imsae

389 4825 599 4879 quoque
642 4811 935 4880 majestatis
970 4813 1418 4884 Chrysostomum
1452 4815 1589 4884 apud
1648 4815 1822 4884 ipsum
1852 4831 1949 4871 ac-

390 4912 600 4959 cusaut.
629 4904 824 4972 quippe
856 4906 956 4958 sub
982 4904 1246 4960 Jezabela:
1273 4916 1327 4960 et
1356 4905 1676 4961 Ilerodiadis
1721 4909 1952 4962 nomini-

396 4990 496 5045 bus
536 4994 745 5061 publice
779 4996 916 5063 apud
947 4995 1199 5064 populum
1228 4998 1573 5066 perstrictam
1601 5000 1670 5053 ab
1696 5014 1760 5053 eo
1786 4999 1952 5055 fuisse

392 5082 710 5137 Eudoxiam.
747 5083 944 5139 Verum
975 5087 1210 5142 Arcadio
1236 5088 1371 5141 satis
1412 5088 1510 5143 fuit
1554 5089 1814 5145 Joannem
1855 5092 1957 5146 Ec-

392 5173 555 5227 clesia
603 5173 888 5243 depulisse,
930 5177 1098 5231 misso
1127 5179 1193 5230 ad
1227 5180 1278 5233 id
1308 5181 1506 5234 comite
1548 5191 1603 5235 et
1660 5182 1946 5240 militibus.

394 5262 775 5316 Tumultuante
812 5265 1002 5319 deinde
1043 5268 1261 5334 populo,
1293 5280 1347 5324 et
1377 5270 1753 5340 Chrysostomi
1787 5274 1954 5326 resti-

396 5353 653 5407 tutionem
695 5353 949 5408 seditiose
1001 5365 1332 5425 postulante,
1380 5359 1661 5429 ingruente
1688 5371 1951 5430 prteterea

401 5446 497 5503 sub
548 5445 714 5514 ipsam
763 5456 997 5511 noctem,
1057 5462 1177 5516 qua:
1228 5449 1397 5519 ipsius
1447 5451 1649 5504 exitum
1710 5452 1953 5521 proxime

418 5550 691 5595 :onsecuta
741 5549 841 5602 est,
888 5549 1043 5593 terra:
1097 5550 1265 5607 motu,
1316 5543 1387 5596 ita
1438 5545 1827 5613 perterrefacta
1871 5556 1954 5601 est

465 5722 507 5750 ³ο
538 5720 720 5776 Isidor.
756 5721 952 5790 Pclus.,
985 5723 1069 5777 5‘2.
1150 5724 1189 5756 δ’
1226 5725 1418 5782 Baron.
1453 5742 1540 5781 an.
1579 5729 1701 5796 ¹400,
1725 5744 1843 5800 cap.

2042 1870 2219 1936 atomi,
2247 1884 2363 1940 cap.
2394 1870 2480 1935 68,
2508 1880 2563 1925 et
2595 1885 2897 1940 anonymus
2937 1870 3060 1924 vitae
3089 1870 3327 1937 ejusdem
3353 1871 3617 1940 scriptor,

2044 1977 2164 2031 cap.
2200 1961 2325 2027 150,
2387 1976 2613 2032 quaeque
2658 1962 2713 2016 in
2764 1962 2928 2016 tomis
2974 1961 3340 2016 Conciliorum
3385 1972 3569 2016 exstat
3598 1978 3617 2016 :

2043 2065 2100 2108 et
2130 2055 2364 2109 stitisset
2396 2064 2543 2109 certe
2566 2055 2939 2108 vadimonium
2964 2034 3150 2108 coram
3197 2052 3492 2108 universali
3526 2065 3622 2122 sy-

2044 2144 2211 2209 nodo,
2241 2160 2401 2214 quam
2428 2160 2623 2215 cogere
2659 2145 3023 2199 meditabatur
3055 2142 3341 2208 Arcadius,
3374 2144 3483 2199 nisi
3525 2144 3622 2199 In-

2045 2237 2360 2292 nocentium
2385 2252 2605 2307 papam,
2660 2236 2964 2293 conﬂandae
2998 2238 3115 2307 ejus
3145 2247 3422 2292 auctorem
3468 2251 3622 2292 mors

2044 2337 2389 2399 occupasset.
2455 2329 2697 2383 Tandem
2753 2329 2906 2383 varie
2956 2329 3194 2399 jactatus
3240 2327 3511 2395 Joannes,
3561 2339 3624 2384 et

2044 2435 2253 2476 summa
2292 2421 2687 2477 inhumanitate
2712 2421 2779 2475 ab
2818 2420 3050 2476 inimicis
3083 2422 3322 2487 habitus,
3361 2420 3622 2477 Cumanis

2044 2512 2181 2567 obiit
2208 2527 2353 2569 anno
2379 2513 2503 2567 407.

2116 2604 2233 2661 XX.
2266 2605 2377 2661 Nec
2420 2607 2497 2661 ita
2528 2614 2705 2662 tamen
2762 2604 3045 2675 Theophili
3094 2606 3188 2661 irae
3230 2606 3621 2674 conquierunt.

2048 2697 2096 2753 ls
2127 2708 2247 2767 post
2272 2702 2511 2767 priorem
2547 2699 2925 2770 Cbrysostomi
2963 2698 3396 2763 restitutionem,
3425 2697 3482 2751 in
3523 2699 3621 2752 de-

2045 2791 2184 2846 cima
2239 2791 2395 2847 tertia
2430 2792 2819 2863 pseudosynodi
2854 2794 3064 2848 actione
3104 2789 3415 2853 Heraclidae.
3460 2806 3624 2860 quem

2046 2883 2381 2954 Ephesinum
2417 2885 2727 2955 episcopum
2756 2884 3000 2942 Joannes
3028 2894 3325 2947 creaverat,
3382 2885 3626 2954 dignita-

2052 2985 2159 3030 tem
2191 2977 2457 3047 abrogare
2488 2977 2729 3032 studuit:
2769 2984 2825 3031 at
2848 2978 3272 3048 repugnantibus
3327 2977 3536 3045 multis,
3567 2977 3626 3029 in

2048 3078 2290 3138 apertam
2319 3069 2654 3124 seditionem
2703 3070 2987 3125 contentio
3029 3070 3233 3139 erupit.
3278 3069 3506 3138 Jamque
3538 3085 3628 3124 res

2052 3159 2219 3215 armis
2248 3160 2548 3229 agebatur;
2592 3159 2779 3215 multis
2829 3160 3156 3227 vulneratis,
3194 3162 3386 3230 paucis
3418 3162 3630 3231 aliquot

2051 3250 2391 3318 interfectis,
2442 3253 2532 3319 qui
2578 3267 2716 3307 unus
2768 3252 3009 3305 omnium
3054 3253 3288 3307 maxime
3339 3254 3632 3320 petebatur

2052 3342 2407 3411 Theophilus,
2442 3341 2564 3413 fuga
2618 3344 2719 3398 sibi
2759 3343 3031 3398 consuluit
3072 3359 3087 3409 ;
3135 3344 3384 3412 quamvis
3427 3345 3631 3399 litteris

2049 3448 2457 3502 quaquaversus
2487 3436 2692 3501 missis,
2718 3436 2781 3489 ad
2809 3436 3074 3507 synodum
3103 3437 3514 3503 celebrandam,
3540 3452 3631 3491 ro-

2050 3533 2176 3592 gatu
2213 3522 2611 3594 Chrysostomi,
2660 3528 2945 3597 episcopos
2988 3529 3260 3582 Arcadius
3310 3529 3625 3582 accivisset.

2049 3617 2179 3674 Post
2234 3621 2442 3673 obitum
2500 3633 2678 3674 autem
2729 3618 2980 3684 Joannis,
3023 3634 3133 3673 non
3183 3632 3404 3687 operam
3447 3620 3627 3673 solum

2051 3709 2387 3782 The0philus
2417 3711 2565 3766 dedit
2598 3726 2665 3765 ne
2701 3711 2752 3764 in
2791 3710 3053 3781 Diptycba
3084 3725 3279 3764 nomen
3327 3710 3503 3780 ipsius
3551 3726 3631 3763 re-

2052 3806 2285 3861 ferretur
2312 3805 2643 3861 ahOrienlis
2680 3805 2974 3875 episcopis,
3014 3803 3106 3857 sed
3145 3813 3205 3855 ut
3230 3802 3433 3856 infame
3454 3802 3627 3856 etiam

2054 3899 2215 3970 vulgo
2270 3900 2586 3963 haberetur,
2629 3898 2836 3969 scripto
2891 3897 2958 3950 ad
2994 3896 3045 3952 id
3087 3895 3277 3965 grandi
3327 3894 3627 3949 volumine.

2053 3992 2220 4060 Cujus
2252 3993 2371 4046 libri
2399 3991 2764 4061 fragmentum
2816 3990 2959 4044 libro
3004 4004 3103 4043 suo
3147 3997 3301 4043 sexto
3340 3984 3632 4042 Facunda:

2054 4084 2321 4149 inseruit,
2353 4086 2711 4153 eamdemque
2736 4082 2804 4136 ab
2833 4081 3163 4151 Hieronymo
3188 4080 3377 4134 Latine
3397 4094 3632 4134 conver-

2053 4192 2170 4233 sum
2202 4178 2368 4233 fuisse
2397 4187 2626 4233 testatus
2658 4188 2762 4233 est.
2797 4178 2889 4233 Ila:
2918 4179 3121 4233 Isidoro
3145 4177 3429 4232 Pelusiota:
3448 4190 3635 4231 causa

2054 4270 2293 4334 fuerunt,
2321 4286 2418 4326 cur
2444 4270 2803 4339 Theophilum
2829 4271 3069 4341 graviter
3098 4278 3436 4339 coargueret,
3485 4267 3635 4321 λιθο-

2057 4362 2202 4432 μανῆ
2229 4362 2399 4428 illum,
2423 4372 2480 4417 et
2513 4362 2875 4435 χρυσολάτριν
2917 4362 3218 4432 appellans,
3249 4373 3305 4416 et
3334 4361 3632 4417 adductum

2056 4455 2247 4508 dicens
2294 4456 2361 4508 ad
2412 4456 2787 4509 insectandum
2831 4452 3099 4509 Joannem
3127 4470 3194 4508 ex
3230 4452 3425 4508 Isidori
3484 4454 3633 4509 illius

2056 4560 2218 4614 supra
2232 4561 2258 4598 a
2277 4546 2428 4600 nobis
2444 4548 2847 4601 commemorati
2861 4546 3145 4601 occasione
3159 4546 3202 4577 ³⁸
3223 4564 3237 4599 :
3258 4545 3361 4598 Τὸν
3384 4544 3631 4616 θεοφιλῆ,

2059 4634 2255 4703 inquit,
2280 4635 2373 4687 xui.
2408 4634 2656 4703 θεόλογον
2695 4636 3135 4707 κατεπολέμησεν
3178 4634 3485 4707 ἄνθρωπον,
3532 4637 3633 4707 τὴν

2061 4725 2191 4794 περὶ
2219 4725 2308 4779 τὸν
2334 4727 2459 4797 ἐμοὶ
2485 4726 2774 4798 ὁμώνυμον
2812 4726 3109 4797 ἀπέχθειαν
3154 4728 3249 4780 καὶ
3286 4726 3632 4797 δυσμένειαν,

2062 4818 2398 4889 ὁρμητήριον
2426 4819 2525 4888 τῆς
2552 4818 2760 4882 οἰκείας
2790 4820 3065 4891 εὑρηκότα
3097 4818 3436 4889 σκαιότητος.
3472 4836 3493 4869 ι
3527 4819 3634 4875 Deo

2063 4912 2309 4973 charum,
2342 4923 2396 4964 et
2421 4925 2603 4965 rerum
2635 4912 2940 4966 divinarum
2973 4914 3280 4968 consultum
3299 4914 3635 4982 oppugnavit

2062 5001 2359 5067 hominem,
2397 5018 2521 5057 cum
2555 5004 2897 5059 inimicitiam
2931 5015 2987 5060 et
3009 5006 3192 5060 odium
3226 5007 3490 5061 adversus
3545 5006 3637 5060 ho-

2064 5094 2263 5147 minem
2293 5096 2421 5149 mihi
2465 5098 2839 5166 cognominem
2876 5100 3105 5168 propria:
3135 5098 3516 5168 perversitatis
3542 5113 3636 5153 oc-

2063 5185 2334 5239 casionem
2386 5189 2699 5255 reperisset.
2747 5208 2765 5241 »
2816 5187 2973 5244 Unde
3025 5190 3312 5244 Sozomeni
3361 5189 3635 5253 narratio,

2063 5286 2344 5345 susceptas
2394 5279 2655 5334 adversus
2711 5280 2976 5335 lsidorum
3027 5281 3341 5337 inimicitias
3411 5296 3636 5336 causam

2064 5366 2367 5439 Theophilc
2417 5373 2628 5428 dedisse
2689 5372 2947 5438 dicentis,
3009 5389 3107 5428 cur
3164 5384 3344 5428 tantas
3391 5374 3638 5429 conciret

2066 5461 2275 5526 turbas,
2306 5463 2567 5520 adversus
2596 5464 2885 5519 Baronium
2914 5466 3355 5521 conﬁrmatur“.

2135 5552 2273 5610 XXI.
2295 5555 2553 5627 Syncsius
2581 5573 2798 5629 quoque
2827 5567 3126 5630 temporum
3155 5558 3365 5613 illorum
3390 5556 3639 5628 aequalis,
