3838 6222
179 336 323 391 H5?

1053 326 1619 385 ORJGENIANORUM
1660 327 1783 381 LII}.
1827 325 1891 390 II,
1926 324 2076 381 CAP.
2119 323 2210 388 IV,
2249 320 2439 380 SECT.
2480 322 2545 376 II.

3269 320 3409 377 H58

179 447 315 502 licet
345 447 446 501 sub
478 444 755 516 Theophili
786 444 986 500 ditione
1025 445 1252 513 positus,
1289 445 1340 497 iu
1388 441 1611 512 epistola
1662 450 1745 494 ta-
1775 447 1822 500 Α
1848 441 2045 509 quibus
2068 454 2221 492 suum
2252 437 2510 492 adversus
2539 435 2826 506 Origenem
2859 435 2943 489 vel
2975 447 3187 498 verum,
3222 434 3305 487 vel
3332 435 3409 488 si-

181 553 309 591 men
334 537 401 590 ad
434 537 603 605 ipsum
636 536 782 598 data,
804 534 1031 589 Joannis
1053 533 1400 588 nihilominus
1427 530 1743 585 memoriam

182 626 348 680 laude
408 626 755 695 prosequitur
808 625 873 678 ³³.
924 626 1066 679 Idem
1124 640 1243 678 cum
1279 624 1344 677 ad
1378 624 1743 691 episcopatum

183 717 550 787 Cyrenensem
593 715 867 785 superiore
896 728 1039 769 anno
1080 714 1281 767 invitus
1318 717 1744 780 promoveretur,

187 816 260 866 ad
294 809 661 867 declinandum
678 823 835 873 onus,
860 815 913 861 et
937 806 1184 876 populum
1213 804 1617 859 absterrendum
1651 818 1747 871 pu-

186 903 331 958 blice
351 903 776 965 contestabatur,
796 914 896 954 nec
919 898 1101 952 mundi
1128 912 1399 960 occasum,
1432 910 1529 950 nec
1561 911 1745 950 resur-

187 995 488 1048 rectionem
519 1006 830 1061 corporum,
872 1004 971 1044 nec
1002 990 1208 1043 animas
1236 989 1346 1057 jam
1391 986 1635 1041 formatis
1666 987 1750 1041 in-

187 1086 298 1139 seri
328 1084 646 1152 corporibus
677 1082 782 1137 sibi
822 1095 979 1151 posse
999 1080 1309 1150 persuaderi
1337 1097 1349 1131 :
1378 1093 1496 1147 qua:
1523 1092 1644 1131 cum
1670 1079 1750 1131 iu-

188 1176 365 1245 signia
399 1175 508 1229 sint
530 1172 705 1241 capita
743 1171 1080 1242 Origenianze
1099 1172 1380 1235 doctrinae,
1411 1169 1563 1223 valde
1587 1170 1639 1223 in
1666 1168 1749 1225 bis

187 1265 330 1321 locis
355 1279 573 1319 exosam
611 1271 737 1316 tunc
757 1261 922 1316 fuisse
953 1260 1345 1316 concludimus.
1377 1262 1445 1313 At
1478 1260 1749 1329 Hierony-

188 1372 313 1412 mus
328 1353 693 1425 Chrysostomi
714 1352 1080 1422 expulsionem
1111 1361 1164 1408 et
1178 1351 1424 1407 exsilium
1453 1351 1752 1421 Theophilo

189 1460 291 1515 per
326 1444 604 1513 epistolam
660 1442 962 1511 gratulatus
996 1452 1078 1497 est
1127 1442 1219 1496 '3:
1261 1459 1279 1493 ι
1331 1441 1484 1499 Unde
1515 1451 1569 1498 et
1618 1458 1750 1509 nos,

193 1536 389 1605 inquit,
419 1534 676 1589 Joannem
734 1534 825 1604 qui
880 1534 1073 1588 dudum
1106 1533 1751 1604 Constantinopolitanam

193 1628 343 1683 rexit
371 1627 693 1691 Ecclesiam,
719 1625 827 1680 Deo
864 1626 1077 1695 placere
1108 1640 1319 1695 semper
1342 1626 1665 1695 optavimus,
1699 1634 1755 1681 et

196 1733 388 1774 causas
419 1717 739 1787 perditionis
775 1716 922 1787 ejus,
959 1718 1012 1773 in
1044 1732 1181 1786 quas
1225 1716 1501 1771 ferebatur
1556 1717 1755 1788 impro-

199 1808 377 1872 vidus,
408 1822 749 1879 nequaquam
807 1808 1028 1863 credere
1060 1808 1343 1864 voluimus.
1397 1806 1503 1864 Sed
1536 1807 1647 1874 ille,
1697 1819 1759 1863 ut

195 1906 393 1952 caetera
416 1896 611 1967 flagitia
641 1896 755 1965 ejus
790 1908 1016 1963 taceam,
1048 1897 1382 1970 Origenistas
1402 1901 1457 1954 in
1483 1915 1633 1956 suam
1673 1914 1758 1956 re-

199 1987 400 2055 cipiens
429 1986 876 2052 familiaritatem,
896 1996 953 2040 et
980 2000 1046 2041 ex
1074 1985 1446 2057 his-plurimos
1488 1987 1541 2040 iu
1572 2000 1758 2042 sacer-

200 2078 402 2134 dmium
436 2078 757 2148 provehens,
793 2088 957 2149 atque
988 2080 1057 2135 ob
1087 2079 1192 2134 hoc
1240 2078 1415 2134 scelus
1451 2080 1620 2133 beata:
1644 2093 1760 2133 me-

202 2168 389 2222 moriae
416 2168 686 2223 hominem
713 2166 806 2223 Dei
846 2167 1224 2238 Epiphanium,
1250 2168 1342 2237 qui
1376 2167 1518 2222 inter
1556 2167 1760 2237 episco-

200 2272 300 2327 pos
332 2257 534 2312 clarum
560 2257 613 2312 in
642 2259 772 2313 orbe
793 2258 941 2313 sidus
970 2257 1187 2325 ell‘ulsit,
1214 2273 1319 2313 non
1341 2273 1508 2328 parvo
1528 2273 1762 2314 maerore

201 2349 529 2406 contristans
575 2349 772 2405 meruit
813 2351 1040 2405 audire:
1070 2350 1291 2414 Cecidit,
1340 2350 1524 2404 cecidit
1580 2348 1759 2419 Baby-

204 2440 296 2491 Ion
327 2438 394 2492 “.
434 2458 454 2490 ι
485 2437 706 2493 Minime
760 2437 941 2507 itaque
989 2438 1389 2494 assentiendum
1425 2437 1657 2494 Baronio
1688 2438 1758 2502 ³⁸,

203 2529 298 2595 qui
323 2527 620 2582 concitatas
649 2541 679 2579 a
698 2526 995 2597 Theophilo
1027 2528 1285 2607 adversus
1314 2507 1763 2597 Chrysostomum

208 2617 398 2672 turbas
434 2617 715 2687 aegerrime
755 2617 939 2673 tulisse
965 2617 1350 2688 Hieronymum
1394 2616 1688 2686 conjectat.

278 2707 441 2761 XXII.
501 2706 893 2763 Observatioue
936 2722 1066 2763 vero
1103 2707 1321 2776 dignum
1355 2707 1603 2776 estquod
1638 2721 1765 2760 nar-

207 2808 333 2853 rant
367 2798 637 2864 Socrates,
690 2797 951 2869 Georgius
989 2796 1388 2851 Alexandrinus
1442 2806 1497 2851 et
1543 2795 1765 2852 Simeon

214 2888 625 2959 Metaphrastes,
662 2888 716 2942 in
736 2887 1090 2957 Theophilum
1113 2887 1254 2957 vulgi
1296 2887 1476 2942 odium
1502 2888 1763 2953 crevisse,

206 2982 413 3037 idcirco
438 2982 578 3051 quod
628 2990 748 3052 post
781 2982 1063 3036 damnatos
1120 2990 1265 3037 tanto
1293 2991 1484 3037 conatu
1515 2979 1766 3051 Origenis

206 3073 397 3139 libros,
436 3088 621 3127 eorum
652 3075 817 3127 etiam
854 3082 970 3127 tum
1024 3071 1240 3127 lectioni
1283 3073 1494 3129 deditus
1514 3086 1634 3128 esse
1668 3073 1764 3127 de-

206 3165 505 3236 prehensus
542 3165 646 3231 sit;
684 3163 834 3233 cujus
888 3166 965 3219 rei
1009 3180 1228 3221 causam
1272 3180 1395 3220 cum
1436 3166 1504 3221 ab
1536 3178 1603 3219 eo
1639 3178 1765 3234 per-

208 3268 524 3314 contaretur
580 3259 845 3329 quispiam
876 3298 891 3323 ,
948 3259 1288 3329 respondisse
1340 3267 1494 3328 prato
1546 3256 1768 3312 tioribus

215 3351 429 3406 consito
457 3349 659 3405 similes
691 3363 809 3405 esse
842 3349 1013 3404 libros
1054 3349 1302 3420 Origenis
1324 3388 1339 3414 ,
1374 3349 1665 3418 decerpere
1709 3362 1769 3403 se

214 3456 335 3510 qua:
368 3442 590 3511 pulchra
619 3449 779 3507 sunt;
815 3455 931 3509 qua:
960 3439 1200 3509 spinosa,
1231 3439 1508 3509 praeterire
1538 3457 1552 3492 :
1608 3446 1770 3506 atque

213 3533 270 3587 id
300 3532 549 3597 omnibus
601 3529 882 3586 oll‘ensioui
932 3530 1122 3585 fuisse.
1169 3532 1244 3585 De
1272 3545 1335 3586 ea
1363 3545 1421 3583 re
1454 3530 1529 3583 ita
1564 3529 1770 3598 Ruper—

216 3635 305 3678 tus
330 3623 618 3678 Tuitiensis
646 3623 738 3677 lib.
765 3638 782 3676 l
844 3622 1132 3677 Comment.
1156 3622 1211 3675 in
1238 3621 1518 3675 Deumon.
1553 3635 1673 3690 cap.
1694 3636 1771 3674 rx.

221 3734 242 3765 ι
268 3714 428 3769 Juxta
455 3714 690 3768 litteram
752 3713 1037 3768 manifesta
1061 3721 1146 3767 est
1180 3713 1429 3783 aequitas,
1465 3712 1618 3782 juxta
1649 3725 1775 3764 ana-

214 3821 388 3877 gogen
421 3820 551 3860 vero
575 3805 762 3875 judicii
802 3805 1064 3861 lectorum
1110 3806 1384 3859 inhibetur
1420 3803 1772 3869 mutabilitas,

218 3897 471 3952 videlicet
499 3911 658 3967 quam
684 3897 737 3951 in
782 3895 1080 3967 Theophilo
1114 3895 1502 3951 Alexandrina:
1541 3895 1777 3949 civitatis

215 3990 472 4059 episcopo
491 3988 852 4045 ecclesiastica
880 3988 1221 4059 reprehendit
1252 3988 1459 4042 relatio.
1495 3987 1597 4054 Qui
1656 4002 1776 4041 cum

212 4078 440 4136 Joannis
462 4078 1061 4148 Constantinopolitani,
1090 4079 1182 4149 qui
1212 4078 1629 4149 Chrysostomus
1684 4094 1781 4149 ap-

217 4170 453 4242 pellatur
471 4212 488 4238 ,
516 4179 662 4226 esset
690 4170 959 4237 inimicus,
988 4171 1272 4225 lectionem
1295 4170 1565 4241 Origenis,
1599 4171 1683 4225 cui
1716 4171 1781 4224 li-

217 4262 413 4317 benter
436 4260 797 4329 incumbebat,
827 4261 942 4316 zelo
971 4262 1210 4333 ejusdem
1232 4260 1458 4318 Joannis
1484 4263 1779 4327 damnavit;

225 4355 552 4425 tandemque
606 4354 859 4410 damnato
902 4354 1109 4410 Joanne
1136 4396 1153 4421 ,
1209 4356 1334 4423 quia
1368 4368 1428 4409 se
1479 4370 1509 4408 a
1553 4356 1783 4411 lectione

1846 531 2103 586 mulatum
2134 529 2315 584 odium
2357 528 2656 596 insignibus
2704 524 3065 579 monumentis
3100 524 3396 593 expressit.

1849 623 1920 677 De
1944 636 2007 677 eo
2036 621 2303 675 vciumine
2341 620 2420 672 sic
2446 618 2752 673 Gennadius
2784 617 2878 670 lib.
2917 617 2989 670 De
3035 616 3132 669 vir.
3169 615 3363 671 illustr.
3389 628 3408 666 :

1849 730 1869 765 ι
1905 713 2135 781 Scripsit
2162 711 2444 766 adversum
2475 708 2765 778 Origenem
2799 722 2962 761 unum
2992 718 3047 761 et
3086 705 3289 775 grande
3318 718 3412 757 vo—

1846 806 2055 870 lumen,
2083 806 2137 858 in
2179 821 2285 874 quo
2325 803 2507 858 omnia
2529 816 2663 870 pene
2688 800 2804 867 ejus
2831 800 2995 866 dicta,
3024 810 3079 854 et
3105 801 3278 866 ipsum
3315 810 3409 866 pa-

1849 899 1981 952 riter
2010 898 2263 961 damnat;
2291 894 2540 949 similiter
2574 893 2774 946 docens
2801 906 2906 945 non
2948 906 2978 944 a
3038 905 3096 945 se
3127 904 3250 944 cum
3297 889 3408 958 pri-

1847 1002 2019 1051 mum,
2043 987 2136 1042 sed
2167 990 2234 1040 ab
2264 983 2503 1052 antiquis
2527 969 2806 1046 Patribus,
2836 990 2890 1035 et
2917 982 3151 1035 maxime
3180 979 3409 1035 Heracla

1849 1075 2015 1129 fuisse
2039 1084 2093 1127 et
2124 1089 2154 1127 a
2186 1074 2525 1144 presbyterio
2549 1071 2805 1138 ejectum,
2835 1078 2890 1123 et
2919 1070 2987 1123 de
3010 1068 3248 1122 Ecclesia
3290 1067 3410 1137 pul-

1850 1184 1990 1235 sum,
2047 1167 2196 1222 etde
2242 1166 2463 1221 civitate
2501 1162 2765 1233 fugatum.
2804 1180 2821 1212 ι
2870 1161 3058 1215 Refert
3090 1174 3156 1214 ex
3206 1159 3413 1215 Isidoro

1849 1260 2081 1315 diacono
2119 1258 2356 1312 Joannes
2406 1256 2795 1319 Damascenus,
2844 1251 3199 1319 Theophilum
3248 1250 3410 1304 morti

1849 1347 2173 1417 proximum,
2200 1360 2320 1400 cum
2353 1352 2573 1413 pr0pter
2602 1343 2891 1396 admissum
2920 1342 2970 1394 in
2993 1339 3220 1395 Joannis
3249 1354 3412 1394 causa

1852 1434 2450 1507 peccatum,'exbalare
2475 1433 2722 1503 spiritum
2747 1447 2852 1485 non
2886 1440 3088 1499 posset,
3114 1429 3287 1485 oblata
3311 1427 3415 1500 ipsi

1853 1527 2225 1600 Chrysostomi
2276 1525 2511 1595 imagine
2564 1532 2619 1579 et
2665 1522 2887 1578 adorata
2946 1521 3127 1576 statim
3178 1520 3416 1574 animam

1852 1622 2047 1690 egisse.
2076 1615 2255 1672 Nihilo
2310 1618 2486 1672 secius
2519 1624 2700 1669 tamen
2737 1612 2852 1681 ejus
2884 1612 3080 1666 famam
3126 1611 3418 1666 lancinavit

1854 1709 2084 1782 Cyrillus
2111 1706 2391 1777 Theophili
2420 1714 2698 1775 cognatus.
2724 1704 2795 1758 At
2824 1719 2948 1759 cum
2975 1704 3217 1758 animum
3248 1702 3420 1772 ipsius

1786 1782 1829 1837 Β
1861 1802 2112 1871 mitigare
2144 1799 2383 1856 studenti
2422 1799 2604 1853 Attico
2649 1794 3249 1866 Constantinopolitano
3296 1794 3417 1862 epi-

1859 1907 2021 1962 scopo
2050 1900 2333 1960 perpetuas
2354 1903 2474 1944 sese
2509 1902 2630 1942 cum
2665 1886 3036 1956 Chrysostomi
3064 1886 3284 1940 nomine
3313 1885 3415 1938 iui-

1859 1982 2091 2038 micitias
2154 1991 2433 2051 gesturum
2474 1977 2703 2048 Cyrillus
2754 1978 3138 2043 renuntiasset;
3185 1978 3237 2030 in
3266 1991 3421 2033 acres

1859 2074 2047 2130 Isidori
2080 2072 2365 2127 Pelusiotae
2388 2069 2793 2139 objurgationes
2832 2067 3061 2121 incurrit
3086 2083 3102 2120 :
3131 2076 3185 2120 et
3211 2066 3276 2121 ad
3305 2082 3421 2120 me-

1860 2167 2049 2223 liorem
2084 2166 2297 2220 tandem
2330 2171 2614 2217 revocatus
2648 2170 2879 2215 mentem
2904 2174 3024 2213 cum
3055 2155 3280 2212 Joannis
3312 2170 3425 2212 me-

1861 2261 2032 2315 moria
2061 2259 2220 2335 rediit
2249 2258 2300 2311 in
2332 2256 2585 2326 gratiam,
2611 2267 2917 2321 nomenque
2944 2251 3115 2321 ipsius
3147 2249 3427 2321 Diptychis

1861 2351 2107 2406 inseruit.
2132 2351 2450 2419 Auonymus
2489 2344 2859 2415 Chrysostomi
2894 2343 3020 2397 vita:
3081 2343 3339 2411 scriptor.
3365 2342 3422 2397 in

1861 2443 2067 2500 somnis
2103 2441 2365 2496 monitum
2424 2454 2454 2493 a
2510 2435 2720 2491 Joanne
2775 2434 3035 2506 Cyrillum
3098 2433 3425 2489 sententiam

1864 2545 2100 2589 mutasse
2129 2541 2331 2596 narrat,
2359 2532 2534 2600 deque
2581 2530 2703 2597 ejus
2754 2528 2954 2597 pietate
3007 2534 3064 2581 et
3116 2527 3429 2596 integritate

1865 2626 2096 2681 saniora
2127 2624 2380 2679 sensisse.
2416 2620 2605 2675 Relato
2638 2618 2753 2687 ejus
2782 2617 2835 2671 in
2872 2618 3131 2688 Diptycha
3169 2617 3426 2686 nomine,

1868 2716 2093 2785 reliquis
2116 2715 2430 2785 prwsulibus
2457 2713 2594 2767 idem
2620 2720 2678 2764 ut
2710 2710 2973 2776 facerent,
2998 2710 3246 2777 exemplo
3305 2709 3426 2766 fuit.

1863 2808 2012 2863 Adeo
2036 2818 2092 2860 ut
2126 2805 2333 2875 publice
2381 2803 2484 2858 coli
2523 2803 2714 2859 deinde
2749 2811 2958 2869 cceptus
2989 2801 3059 2854 sit
3104 2800 3426 2870 Chrysosto-

1866 2913 2005 2965 mus,
2034 2908 2089 2953 et
2110 2912 2298 2967 magna
2346 2897 2557 2949 demum
2588 2909 2776 2962 pompa
2804 2908 2867 2946 ac
2890 2891 3144 2946 comitatu
3168 2893 3430 2947 Constan-

1869 2987 2150 3057 tinopolim
2186 2984 2444 3053 reliquias
2472 2983 2640 3050 ipsius
2679 2981 2931 3035 Cumanis
2964 2981 3250 3034 devexerit
3302 2981 3431 3035 Pro-

1867 3079 1979 3134 clus
2005 3079 2231 3133 antistes
2251 3073 2896 3143 Constantinopolitanus.
2922 3072 3019 3126 Hic
3044 3089 3203 3143 porro
3216 3073 3430 3128 .frustra

1868 3171 2094 3226 miratur
2117 3167 2389 3232 Socrates,
2422 3166 2551 3236 quid
2578 3166 2648 3220 sit
2672 3179 2769 3219 cur
2803 3170 2889 3218 tot‘
2902 3173 3024 3233 post
3060 3164 3266 3240 obitum
3326 3180 3429 3218 au-

1870 3266 1954 3319 nis
1987 3262 2274 3332 Origenem
2306 3260 2373 3314 ab
2402 3258 2655 3313 Ecclesiae.
2684 3258 3061 3313 communione
3092 3268 3433 3328 segregatum

1869 3354 2300 3426 pronuntiaverit
2329 3350 2683 3419 Theophilus,
2714 3349 2975 3405 Joannem
2999 3364 3130 3404 vero
3158 3351 3437 3406 tricesimo

1870 3448 2059 3516 quinto
2090 3462 2118 3498 a
2147 3455 2323 3499 morte
2352 3459 2497 3500 anno
2537 3445 2589 3497 in
2623 3443 2865 3498 eamdem
2905 3442 3125 3498 Proclus
3154 3453 3431 3512 receptum

1871 3535 2102 3591 voluerit
2133 3551 2147 3587 :
2181 3548 2302 3587 nam
2334 3531 2464 3586 licet
2491 3531 2736 3601 Origenis
2762 3534 2941 3599 potius
2969 3531 3234 3596 doctrina,
3274 3546 3435 3599 quam

1875 3640 2073 3680 nomen
2117 3623 2281 3678 fuerit
2326 3638 2358 3677 a
2397 3622 2700 3691 Theophilo
2732 3623 3121 3688 darunandum,
3162 3621 3436 3677 nihilomi-

1876 3732 1979 3775 nus
2005 3725 2180 3770 tamen
2212 3725 2269 3768 ut
2313 3722 2437 3783 pote
2471 3714 2690 3767 nefaria:
2712 3712 2974 3767 doetrina:
3025 3722 3214 3767 auctor
3241 3713 3437 3782 Orige-

1878 3825 1972 3865 nes
2002 3821 2286 3862 censuram
2321 3806 2560 3875 aliquam
2591 3813 2643 3860 et
2669 3804 3143 3872 reprehensionem
3205 3819 3439 3859 comme-

1879 3904 2020 3968 ruit;
2060 3919 2182 3958 cum
2229 3902 2429 3958 nullius
2477 3902 2778 3957 econtrario
2820 3902 3023 3956 erroris
3065 3899 3237 3955 afﬁnis
3270 3900 3439 3968 Chry-

1878 4007 2171 4060 sostomus,
2233 4011 2329 4065 per
2384 4010 2652 4050 summum
2694 3993 2873 4048 scelus
2919 3994 2987 4048 ab
3042 3991 3275 4047 Ecclesia
3312 4006 3440 4061 pro-

1893 4084 2285 4155 scriptus,jure
2319 4084 2370 4138 in
2396 4099 2515 4139 eam
2533 4085 2759 4139 subinde
2789 4092 3034 4152 receptus
3054 4083 3145 4139 sit.
3171 4082 3289 4139 Jam
3318 4092 3443 4138 ante

1884 4178 2001 4233 haec
2042 4188 2284 4246 tempora
2313 4176 2509 4230 librum
2535 4175 2610 4229 De
2636 4177 3011 4230 resurrectione
3036 4176 3294 4231 adversus
3320 4175 3441 4230 0τί-

1882 4284 2071 4340 genem
2099 4268 2401 4337 scripserat
2427 4266 2686 4321 Hammon
2720 4267 3251 4337 Adrianopolitauus,
3310 4276 3369 4320 ut
3410 4282 3443 4320 a

1884 4360 2120 4414 Maximo
2150 4360 2404 4413 traditum
2434 4368 2519 4415 est
2570 4360 2623 4414 in
2653 4358 2886 4415 Scholiis
2912 4362 2979 4414 ad
3025 4359 3338 4429 Dionysium
3369 4359 3444 4413 De

218 4446 472 4517 Origenis
526 4463 635 4503 non
699 4447 957 4514 cohibuit,
992 4461 1186 4511 rursus
1236 4447 1349 4516 ipse
1395 4447 1611 4502 lectioni
1665 4447 1785 4504 Ori-
1816 4457 1860 4511 Ι)
1888 4452 2079 4505 cclesti
2103 4449 2421 4516 hierarchia,
2455 4466 2575 4521 cap.
2629 4448 2680 4503 7.
2714 4449 2789 4503 De
2817 4450 2932 4517 ejus
2963 4457 3121 4503 aetate
3161 4465 3323 4503 unum
3354 4451 3446 4504 ha-

220 4540 378 4611 genis
404 4538 641 4609 ejusdem
674 4537 935 4593 incubuit.
998 4557 1018 4590 ι
1069 4537 1207 4592 Hinc
1253 4537 1555 4592 existimari
1602 4546 1782 4608 p0test

222 4641 427 4701 quanta
459 4630 670 4685 vafritie
696 4628 1051 4701 Theophilus.
1076 4643 1173 4698 per
1215 4628 1451 4698 speciem
1484 4628 1780 4683 insectandi

224 4723 551 4793 Origenismi
580 4722 820 4793 privatas
846 4722 1145 4777 simultates
1167 4720 1308 4775 ultus
1335 4721 1438 4786 sit;
1468 4719 1628 4776 facile
1654 4735 1784 4789 prte-

226 4816 412 4871 sertim
451 4815 681 4885 receptis
708 4818 867 4882 paulo
923 4822 1049 4869 ante
1087 4813 1139 4867 in
1165 4814 1395 4882 gratiam
1419 4812 1737 4883 Origenistis
1765 4829 1780 4866 :

228 4911 323 4965 sed
359 4920 414 4963 ut
441 4910 493 4964 in
520 4918 694 4977 empta
724 4917 904 4963 tamen
959 4906 1304 4961 simulatione
1358 4913 1735 4976 perseveraret
1766 4946 1781 4971 ,

229 5000 427 5072 stylum
450 5000 550 5055 hoc
571 5001 704 5069 ipso,
742 5007 796 5053 et
828 5007 1083 5068 sequente
1112 5006 1369 5067 praeterea
1400 5011 1543 5051 anno
1572 5010 1783 5052 summa

231 5094 523 5165 aSperitate
561 5102 614 5148 et
643 5091 1015 5147 maledicentia
1039 5091 1281 5146 exercuit
1308 5091 1565 5144 adversus
1594 5088 1785 5157 Orige-

233 5201 358 5240 nem
386 5185 438 5238 in
466 5183 705 5253 epistolis
733 5182 1105 5246 Paschalibus,
1144 5197 1279 5250 quas
1322 5181 1512 5235 Latine
1544 5179 1790 5249 exposuit

237 5275 611 5345 Ilieronymus,
641 5275 693 5329 in
718 5272 995 5329 abolendis
1031 5272 1455 5343 Origenistarum
1517 5269 1791 5325 erroribus

234 5364 531 5433 Theophilo
559 5366 927 5418 consentiens.

306 5455 493 5511 XXIII.
524 5456 678 5509 Anno
715 5455 909 5509 Christi
941 5453 1046 5509 M9.
1069 5453 1297 5509 decessit
1322 5451 1675 5524 Theophilus,
1706 5468 1791 5506 re-

234 5552 359 5603 licto
393 5565 515 5603 cum
545 5549 784 5618 epistolis
811 5548 1161 5602 Paschalibus
1191 5547 1384 5615 grandi
1417 5547 1711 5612 volumine,
1740 5547 1792 5600 in

1887 4544 1987 4599 beo
2025 4544 2166 4613 quod
2201 4543 2396 4609 dicam,
2438 4543 2787 4596 vetustiorem
2818 4542 2987 4596 fuisse
3022 4543 3196 4609 ipsum
3224 4542 3445 4611 Cyrillo,

1890 4649 1918 4688 a
1949 4648 2056 4703 quo
2091 4634 2143 4687 in
2177 4633 2536 4687 testimonium
2574 4632 2773 4686 alicubi
2808 4632 3009 4687 citatus
3030 4642 3135 4687 est.

1956 4723 2145 4779 XXIV.
2173 4723 2443 4780 Restituto
2476 4725 2527 4777 iu
2560 4715 2840 4794 pris'tinam
2879 4722 3077 4777 famam
3128 4723 3450 4793 Chrysosto-

1889 4831 1997 4880 mo,
2025 4831 2217 4885 magna
2274 4825 2451 4870 tamen
2499 4831 2565 4871 ex
2607 4816 2687 4871 his
2716 4814 3205 4871 conflictationibus
3258 4816 3451 4886 Orige-

1892 4908 2050 4962 niano
2087 4909 2291 4962 nomini
2330 4908 2618 4978 ignominia
2646 4907 2792 4961 illata
2815 4915 2918 4971 est,
2941 4917 2998 4961 ut
3021 4907 3133 4961 fere
3155 4908 3267 4976 jam
3292 4908 3451 4978 vulgo

1890 5016 1990 5069 pro
2015 5001 2272 5055 haeretico
2324 5001 2637 5055 haberetur.
2693 5000 3033 5068 Quapropter
3091 4999 3453 5071 llicrouymus

1893 5090 2289 5145 Demetriadem
2352 5089 2615 5159 virginem
2663 5092 2944 5159 praeceptis
2975 5090 3257 5145 instituens
3311 5107 3453 5145 anno

1896 5182 2021 5245 M3,
2062 5192 2220 5236 caule
2269 5192 2449 5236 monet
2497 5192 2553 5235 ut
2603 5182 2705 5235 sibi
2747 5182 2814 5235 ab
2861 5181 3295 5253 Origenistarum
3347 5184 3454 5237 fer-

1900 5286 2078 5332 mento
2105 5286 2312 5331 caveat.
2347 5274 2479 5329 Nam
2505 5291 2624 5329 cum
2652 5276 3047 5344 Origenismum
3073 5278 3140 5330 ab
3168 5277 3457 5331 Anastasio

1899 5370 2184 5437 protritum
2223 5366 2472 5431 dixisset,
2522 5367 2709 5421 addit:
2751 5385 2768 5417 ι
2810 5367 2877 5420 Et
2915 5370 3041 5436 quia
3084 5381 3296 5429 vereor,
3349 5366 3457 5419 imo

1902 5474 2116 5514 rumore
2140 5459 2388 5529 cognovi,
2425 5458 2476 5511 in
2500 5456 2820 5527 quibusdam
2850 5457 3026 5510 adhuc
3054 5457 3235 5509 vivere
3260 5462 3312 5508 et
3340 5453 3457 5521 pul-

1900 5550 2065 5606 lulare
2097 5558 2355 5605 venenata
2391 5548 2683 5618 plantaria,
2746 5547 2873 5601 illud
2920 5557 2972 5600 te
3032 5547 3119 5615 pio
3166 5544 3452 5599 cltaritatis

308 5732 352 5763 ³²
395 5729 587 5800 Syncs.
624 5731 779 5798 epist.
804 5729 891 5787 66.
969 5729 1013 5762 ³³
1039 5728 1255 5786 Hieron.
1286 5730 1441 5798 epist.
1469 5731 1555 5788 88.
1632 5731 1676 5763 ”
1708 5730 1805 5786 Isa.
1837 5747 1949 5796 xxi,
1978 5730 2030 5787 9.
2106 5731 2149 5763 ³⁵
2184 5730 2378 5788 Baron.
2410 5746 2499 5785 au.
2524 5728 2648 5792 404,
2682 5742 2797 5792 cap.
2830 5743 2897 5782 an
2929 5726 3045 5781 I35.
