3838 6222
415 318 552 374 I159

1636 318 1736 375 ~P.
1776 314 2090 375 DANIELIS
2130 320 2367 375 IIUETII

3523 325 3660 381 I160

413 436 605 489 aﬂ'eclu
635 435 1065 504 prtemouendam
1118 441 1264 503 puto,
1299 445 1356 490 ut
1410 437 1581 490 sancti
1629 436 1924 493 Innocentii
1957 478 1972 503 ,
2005 443 2052 498 Α
2080 440 2316 509 Denique
2346 439 2651 510 Stephanus
2687 440 2933 496 anarus
2951 439 3214 497 Tritheita
3231 438 3658 509 reprehendendi

414 529 502 596 qui
530 527 839 595 apostolica:
878 527 1177 590 cathedrm,
1204 535 1258 580 et
1280 529 1568 596 supradicti
1614 530 1715 582 viri
1764 544 1985 585 succes-

412 633 501 673 sor
532 627 585 671 et
623 617 764 671 filius
792 626 895 681 est,
924 624 1110 670 teneas
1136 617 1316 669 fidem.
1351 636 1370 666 ι
1398 615 1687 685 Postquam
1712 632 1842 671 vero
1869 617 1986 671 ani-

414 724 622 761 marum
655 708 1018 779 προΰπαρξιν,
1052 717 1107 761 et
1134 710 1373 763 admissa
1424 709 1491 761 ab
1522 709 1587 762 iis
1639 719 1763 761 ante
1819 709 1984 762 vitam

414 808 656 867 peccata,
696 800 841 851 velut
871 800 1140 852 haereseos
1178 799 1322 852 illius
1360 798 1837 852 characteristicon
1890 814 1987 852 no-

416 889 568 952 tavit,
610 906 627 937 ‹
661 887 783 943 Hzec
824 889 1007 957 impia,
1069 889 1260 957 inquit,
1308 898 1364 941 et
1418 889 1682 942 scelerata
1738 890 1982 943 doctrina

412 978 541 1031 olim
572 979 621 1030 in
651 978 904 1048 Egypto,
931 988 985 1032 et
1019 979 1260 1032 Orientis
1285 980 1530 1048 partibus
1559 980 1899 1042 versabatur,
1927 989 1984 1034 et

419 1084 563 1121 nunc
591 1069 918 1133 abscondite,
966 1070 1119 1137 quasi
1171 1070 1225 1123 in
1280 1069 1447 1123 foveis
1478 1069 1786 1139 viperarum
1841 1072 1981 1139 apud

415 1159 700 1227 plerosque
722 1169 1027 1223 versantur,
1061 1159 1378 1225 illaruntque
1411 1160 1643 1227 partium
1676 1162 1865 1228 polluit
1888 1177 1984 1230 pu-

413 1250 661 1312 ritatem;
693 1259 742 1301 et
770 1251 922 1316 quasi
950 1250 1297 1302 haereditario
1328 1250 1467 1304 malo
1499 1252 1663 1319 serpit
1687 1253 1738 1304 in
1769 1253 1980 1322 paucis,

413 1349 473 1391 ut
506 1340 783 1407 perveniat
814 1341 878 1391 ad
906 1340 1218 1409 plurimos.»
1243 1341 1418 1410 Atque
1440 1342 1523 1395 his
1553 1351 1609 1395 et
1637 1344 1982 1410 sequentibus

413 1442 517 1480 non
568 1426 959 1496 Origenismum
989 1430 1271 1493 duntaxat,
1308 1432 1399 1484 sed
1438 1440 1491 1485 et
1519 1430 1675 1498 hujus
1707 1436 1980 1488 traducem

412 1518 869 1587 Pelagianismum
901 1530 1051 1572 notat
1085 1538 1097 1572 :
1138 1536 1328 1590 magna
1390 1522 1656 1591 siquidem
1716 1524 1976 1579 doctrina:

411 1612 692 1679 utriusque
725 1610 976 1666 aliinitas.
1018 1610 1175 1665 Unde
1221 1611 1457 1668 Joannes
1503 1614 1593 1669 ille
1624 1613 1982 1687 Jerosolymi-

413 1710 571 1755 tanus
592 1703 856 1772 smpejam
891 1715 1116 1761 vocatus
1160 1706 1211 1759 in
1238 1718 1442 1774 partes,
1476 1718 1759 1776 postquam
1788 1707 1981 1775 Orige-

2086 529 2276 583 Isidori
2298 529 2585 585 Pelusiotae
2609 546 2796 584 ansam
2828 538 3159 599 quazrentem
3193 529 3480 595 Severum,
3534 531 3657 587 Ori-

2095 620 2397 690 genismum
2455 622 2552 690 ipsi
2612 620 2886 677 aﬁinxisse
2935 622 3165 686 scribit;
3213 622 3417 676 idcirco
3470 637 3662 692 nempe

2086 710 2225 775 quod
2246 710 2620 781 Chrysostomi
2649 726 2865 765 causam
2900 711 3161 767 adversus
3194 711 3552 781 Theophilum
3600 722 3657 768 et

2085 800 2349 870 Cyrillum
2386 801 2714 856 defendisset
2743 822 2755 856 :
2789 813 3025 858 attamen
3072 805 3303 879 veritate
3328 804 3537 887 victum
3567 820 3654 860 re-

2092 891 2347 958 sipuisse,
2372 902 2426 946 et
2460 904 2663 948 temere
2702 893 2961 962 jactatam
2994 895 3321 950 calumniam
3355 897 3653 965 prudenter

2088 997 2395 1036 revocasse.

2155 1074 2327 1129 XXV.
2359 1076 2657 1130 Nonnullos
2682 1084 2859 1132 autem
2892 1081 3189 1136 contrariis
3229 1081 3421 1136 ductos
3462 1082 3662 1137 studiis

2086 1165 2416 1234 Origeniano
2450 1172 2653 1224 nomini
2707 1172 2808 1225 hoc
2843 1180 3084 1240 tempore
3119 1171 3319 1227 favisse
3354 1174 3658 1242 comperio.

2085 1255 2459 1312 Theodoretus
2487 1260 2757 1314 hmreseon
2788 1261 2990 1316 seriem
3021 1272 3334 1327 contexens,
3365 1264 3569 1317 nullum
3603 1264 3657 1317 in

2087 1348 2155 1401 iis
2183 1347 2610 1419 Origenismum,
2654 1353 2829 1407 nullos
2859 1352 3195 1423 Origenistas
3222 1367 3471 1410 recenset
3498 1374 3511 1417 ;
3540 1357 3655 1411 imo

2085 1452 2210 1492 vero
2234 1439 2526 1509 Origenem
2547 1458 2668 1496 cum
2700 1442 2855 1498 laude
2885 1456 2939 1500 et
2973 1447 3179 1500 honore
3204 1448 3464 1516 appellat.
3490 1449 3654 1503 Certe

2087 1532 2213 1586 totis
2285 1534 2676 1603 quinquaginta
2753 1538 2912 1591 annis
2965 1538 3335 1595 Theodoretus
3389 1543 3658 1596 vetustior

2086 1622 2405 1679 Philastrius
2442 1624 2768 1692 Rrixiensis,
2804 1630 2895 1698 qui
2930 1617 3307 1683 hazreti'corum
3344 1631 3476 1685 item
3506 1642 3658 1686 cata-

2084 1713 2260 1784 Iogum
2310 1716 2497 1780 edidn,
2532 1719 2735 1772 nullam
2774 1724 2993 1789 penitus
3041 1722 3169 1776 fecit
3216 1722 3653 1793 Origenistarum

414 1795 627 1847 nianam
657 1795 744 1847 diu
775 1798 1132 1866 propugnavit
1164 1798 1487 1864 doctrinam,
1533 1798 1586 1851 in
1628 1800 1974 1870 Pelagianam
2014 1801 2055 1853 Β
2086 1806 2452 1871 mentionem;
2486 1813 2625 1875 quod
2653 1810 2793 1864 ineo
2817 1820 2995 1864 tamen
3024 1813 3202 1866 minus
3217 1814 3521 1868 mirandum
3547 1826 3655 1879 est,

414 1888 628 1940 demum
663 1886 943 1954 prolapsus
973 1899 1089 1952 est;
1142 1904 1241 1943 nec
1288 1887 1566 1959 Pelagium
1607 1889 1741 1944 fovit
1794 1892 1975 1957 nitido,

411 1978 504 2031 sed
560 1977 871 2048 Hieronymi
935 1980 1096 2033 etiam
1160 1978 1616 2049 Pelagiomasticis
1687 1983 1978 2038 ulciscendi

411 2067 613 2133 studio,
652 2052 702 2120 in
746 2069 1130 2136 discipularum
1164 2070 1329 2137 ipsius
1366 2071 1639 2126 Eustochii
1698 2084 1753 2126 et
1800 2072 1978 2128 Paulae

410 2160 737 2213 monasteria
766 2162 1022 2224 caedibus,
1072 2163 1333 2216 incendiis
1366 2178 1428 2218 ac
1477 2165 1677 2233 rapinis
1709 2180 1804 2231 per
1849 2167 1978 2221 sub-

411 2251 603 2304 missos
633 2252 873 2320 gregales
906 2267 1032 2306 suos
1086 2264 1365 2322 grassatus
1420 2265 1523 2308 est.
1566 2256 1634 2308 At
1661 2270 1780 2310 eum
1817 2258 1973 2325 paulo

408 2350 530 2411 post
559 2358 703 2397 mors
748 2347 1036 2412 oppressit,
1077 2362 1218 2400 anno
1255 2348 1506 2402 nimirum
1543 2359 1663 2415 post
1697 2349 1974 2404 Christum

412 2433 746 2497 natumbl6,
807 2446 859 2488 et
904 2437 1262 2503 quadriennio
1322 2447 1465 2505 post,
1526 2439 1701 2507 ipsum
1761 2454 1978 2509 Quoque

417 2525 823 2596 Hieronymum.
856 2526 963 2580 Leo
989 2543 1120 2596 papa
1152 2543 1353 2598 suppar
1380 2532 1506 2585 huic
1533 2533 1677 2586 aetati
1721 2534 1771 2587 in
1813 2536 1974 2602 epist.

410 2616 471 2668 II
529 2617 598 2668 ad
647 2616 922 2670 lulianum
968 2618 1217 2673 Coensem
1270 2621 1617 2691 Origenianae
1673 2625 1975 2679 animarmn

410 2708 810 2778 προῦπάρξεως
874 2710 1271 2766 damnationem
1346 2715 1538 2784 probat
1582 2725 1637 2770 et
1696 2717 1974 2783 praedicat.

410 2798 576 2854 Leoni
605 2801 826 2869 aequalis
862 2801 1175 2857 Vincentius
1207 2802 1527 2870 Lirinensis,
1574 2808 1641 2859 de
1671 2823 1779 2876 quo
1800 2809 1853 2861 in
1887 2823 1978 2862 su-

410 2891 621 2958 periore
654 2893 894 2947 sectione
944 2894 1197 2956 diximus,
1252 2895 1304 2948 in
1348 2896 1523 2949 libello
1573 2898 1835 2952 Adversus
1868 2899 1979 2952 ha:-

417 2997 546 3044 res.,
574 2996 692 3049 cap.
715 2982 805 3043 23,
839 2984 1088 3036 maximis
1127 2982 1412 3052 Origenem
1457 2985 1631 3041 affecit
1688 2987 1931 3042 laudibus
1957 3027 1973 3052 ,

409 3086 513 3138 quo
542 3071 874 3140 splendidior
924 3083 1068 3127 esset
1112 3075 1350 3143 subjecta
1388 3077 1731 3144 vituperatio.
1772 3079 1976 3133 Auctor

409 3164 653 3233 Catalogi
689 3166 1005 3234 scriptorum
1031 3166 1509 3222 ecclesiasticarum
1526 3172 1591 3223 ad
1625 3172 1977 3235 Desiderium,

410 3254 738 3325 Hieronymo
767 3271 1046 3324 perperam
1080 3260 1320 3328 ascripti,
1350 3261 1619 3315 hatreticis
1643 3262 1844 3331 alioqui
1871 3278 1976 3317 non

408 3345 567 3398 valde
609 3346 843 3415 iniquus.
873 3346 1164 3418 Origenem
1209 3360 1385 3403 tamen
1418 3352 1742 3406 temeritatis
1788 3364 1837 3408 et
1890 3368 1978 3407 er-

411 3435 552 3487 roris
618 3434 921 3489 insimulat.
1000 3438 1286 3494 Dioscorus
1337 3440 1734 3497 Alexandrinus
1785 3444 1978 3513 praesul

409 3529 547 3596 apud
611 3530 871 3599 synodum
927 3531 1413 3587 Chalcedonensem
1468 3532 1790 3606 Origenismi
1845 3539 1977 3593 i-usi-

425 3618 661 3673 mulatus
693 3632 777 3673 est
800 3636 828 3673 a
865 3621 1147 3676 Theodoro
1187 3623 1561 3677 Alexandrinae
1592 3625 1842 3678 Ecclesia:
1870 3624 1979 3679 dia-

408 3725 563 3764 cono.
586 3710 775 3765 Refert
796 3712 1031 3780 Cyrillus
1059 3715 1378 3775 monachus,
1414 3715 1465 3766 in
1506 3712 1624 3767 Vita
1660 3713 1720 3770 S.
1767 3715 1973 3784 Euthy-

409 3804 520 3865 mii,
555 3804 845 3857 maximam
882 3805 1313 3873 Origenistarum
1345 3806 1748 3860 multitudinem
1785 3808 1836 3861 in
1862 3807 1977 3863 Cte-

407 3909 575 3948 sarete
615 3894 918 3950 Palaestina:
941 3898 1138 3949 vicinia
1170 3896 1490 3961 habitasse;
1547 3913 1780 3966 cumque
1832 3900 1866 3952 ii
1908 3899 1975 3952 ad

409 3988 808 4041 sanctissimum
839 3989 1084 4042 abbatem
1110 3987 1461 4061 Euthymium
1496 3988 1813 4059 frequenter
1841 4004 1974 4044 ven-

413 4078 635 4129 litarent
666 4078 879 4144 pietatis
909 4080 1157 4145 obtentu,
1188 4080 1482 4134 vanitatem
1508 4080 1749 4150 ipsorum
1791 4091 1846 4136 et
1885 4097 1975 4135 er-

410 4182 586 4223 rorem
617 4168 793 4220 virum
844 4171 1033 4222 harum
1091 4184 1275 4223 rerum
1340 4171 1783 4226 callentissimum
1818 4186 1974 4225 coar-

407 4257 609 4325 guisse,
645 4266 698 4310 et
719 4256 1057 4313 reluctantes
1088 4260 1424 4329 argumentis
1472 4261 1827 4328 oppressisse.
1862 4258 1975 4314 Me-

407 4348 668 4401 morabilc
703 4364 831 4402 vero
866 4350 1133 4419 imprimis
1168 4352 1380 4405 concilii
1404 4352 1651 4417 Remani,
1686 4370 1824 4409 anno
1847 4351 1969 4414 496,

407 4439 507 4493 sub
542 4437 758 4492 Gelasio
791 4455 930 4509 papa
971 4440 1139 4493 habiti
1199 4441 1500 4504 decretum,
1547 4457 1706 4512 super
1738 4442 1972 4512 Origene

408 4528 687 4597 ipsiusque
724 4529 1212 4594 lucubrationibus,
1276 4530 1421 4598 quod
1491 4539 1575 4583 est
1624 4530 1967 4599 huiusmodi:

417 4637 434 4667 ι
468 4617 717 4688 Origenis
749 4619 1001 4672 nonnulla
1051 4620 1329 4687 opuscula,
1371 4636 1491 4689 qua:
1527 4623 1607 4676 vir
1632 4624 1821 4676 beatus
1855 4623 1973 4677 Hie-

408 4724 663 4779 ronymus
692 4726 793 4763 non
821 4711 1090 4781 repudiat,
1121 4712 1351 4780 legenda
1377 4712 1702 4780 suscipimus
1728 4732 1740 4765 :
1770 4714 1970 4783 reliqua

406 4810 580 4855 autem
608 4802 788 4854 omnia
828 4817 950 4855 cum
1004 4814 1228 4858 auctore
1280 4819 1378 4859 suo
1424 4804 1654 4860 dicimus
1702 4821 1821 4861 esse
1887 4822 1973 4861 re-

406 4914 635 4967 nuenda.
669 4932 687 4964 ι
716 4915 796 4968 Ad
826 4917 939 4969 haac
966 4916 1106 4969 vitio
1144 4916 1240 4968 dat
1262 4917 1516 4982 Eusebio,
1541 4920 1682 4988 quod
1718 4940 1735 4972 ι
1775 4922 1824 4975 in
1859 4922 1973 4975 Iau-

406 5005 561 5059 dibus
599 5016 761 5075 atque
790 5010 1141 5063 excusatione
1163 5008 1414 5077 Origenis
1440 5013 1776 5067 schismatici
1805 5029 1965 5066 unum

408 5098 728 5166 conscripsit
760 5099 977 5153 librum.
1015 5119 1033 5152 ι
1091 5102 1291 5155 Deinde
1332 5105 1612 5171 scriptum,
1650 5120 1758 5172 quo
1787 5106 1970 5173 agitur

407 5191 472 5241 de
500 5190 815 5254 paenitentia
838 5189 1107 5263 Origenis,
1139 5196 1506 5264 apocryphum
1539 5195 1848 5263 essejubct.
1873 5195 1967 5248 At-

406 5288 583 5334 tamen
613 5283 947 5351 supposititia
980 5285 1091 5336 hinc
1124 5299 1269 5350 esse,
1302 5296 1577 5353 totamque
1603 5288 1739 5338 adeo
1766 5286 1964 5338 decreti

404 5371 561 5438 hujus
588 5383 819 5442 partem,
851 5390 970 5442 qua:
1007 5376 1073 5428 ab
1105 5375 1189 5431 his
1241 5376 1425 5430 verbis
1456 5396 1468 5430 :
1504 5396 1521 5427 ι
1552 5377 1682 5430 Item
1722 5379 1968 5432 decreta-

380 5464 479 5519 Ies
507 5465 742 5535 epistolze
782 5484 799 5516 ι
836 5468 901 5519 ad
936 5465 1099 5520 tinem
1150 5483 1321 5537 usque
1356 5469 1617 5536 pertinet,
1648 5484 1676 5521 a
1707 5468 1964 5525 Gratiano

402 5552 638 5605 additam
663 5568 802 5617 esse,
831 5554 1071 5624 nihilque
1124 5555 1430 5623 hujusmodi
1468 5558 1521 5611 iu
1556 5557 1792 5627 antiquis
1816 5560 1964 5613 codi-

402 5642 553 5697 cibus
587 5646 810 5713 rcperiri
851 5646 1129 5700 afﬁrmant
1166 5650 1407 5702 nonnulli
1439 5666 1453 5709 ;
1515 5649 1659 5704 velut
1705 5647 1959 5706 Nicolaus

401 5735 467 5787 de
501 5733 638 5790 Cusa
666 5737 715 5789 in
745 5736 880 5791 libro
924 5737 998 5791 De
1024 5740 1396 5793 concordantia
1434 5741 1705 5810 catholica,
1747 5758 1863 5813 cap.
1900 5744 1953 5797 5.

2086 1906 2273 1966 utpote
2304 1899 2392 1966 qui
2427 1899 2715 1968 Epiphanii
2738 1939 2752 1963 ,
2779 1899 3113 1973 Hieronymi,
3136 1901 3359 1958 Joannis
3380 1904 3658 1977 Jerosoly-

2087 1988 2301 2051 mitani,
2335 1987 2647 2059 Theophili,
2680 1990 3054 2057 Nitriensium,
3080 2001 3135 2046 et
3163 1993 3535 2061 Chrysostomi
3580 1998 3661 2051 aI-

2085 2079 2411 2134 tercationes
2433 2090 2594 2135 aetate
2634 2084 2995 2150 pmesserit.
3030 2086 3370 2155 Origenistas
3395 2104 3528 2144 vero
3556 2107 3657 2161 pa-

2085 2170 2190 2225 lam
2222 2185 2280 2226 se
2302 2173 2539 2242 produnt
2572 2174 2830 2230 Socrates
2862 2176 3258 2245 Scholasticus,
3296 2191 3349 2236 et
3398 2182 3656 2239 Hermias

2086 2261 2419 2317 Suzomenus
2447 2265 2500 2318 in
2530 2265 2786 2338 Historiis
2819 2270 2932 2322 suis
2963 2287 2976 2334 ;
3026 2270 3100 2323 ita
3152 2272 3434 2341 diligenter
3490 2290 3655 2346 argu-

2087 2364 2266 2407 menta
2301 2356 2619 2425 perquirunt
2643 2360 2850 2423 omnia,
2879 2361 3072 2429 quibus
3113 2361 3294 2416 fulciri
3335 2375 3486 2418 secta
3540 2369 3657 2423 hac

2086 2452 2140 2497 et
2165 2444 2410 2499 roborari
2445 2455 2645 2514 potest.
2673 2447 2797 2503 Fuit
2826 2466 2889 2504 ex
2926 2452 3114 2506 eodem
3170 2468 3331 2524 grege
3384 2456 3650 2512 Sidonius

2083 2534 2431 2602 Apollinaris,
2452 2537 2552 2590 fuit
2574 2548 2627 2593 et
2654 2550 2845 2595 auctor
2866 2541 3236 2598 Prmdestinati
3261 2547 3486 2615 aequalis
3518 2558 3650 2604 tem-

2084 2639 2274 2693 porum
2299 2626 2536 2692 iIIorum,
2559 2645 2587 2683 a
2613 2629 2818 2687 Iacobo
2850 2633 3138 2690 Sirmondo
3164 2637 3214 2690 in
3241 2637 3414 2692 lucem
3448 2640 3654 2705 editus,

2083 2717 2317 2770 studium
2391 2734 2547 2773 suum
2604 2722 2860 2778 adversus
2884 2723 3168 2794 Origenem
3210 2743 3320 2798 pra:
3344 2744 3405 2783 se
3435 2729 3622 2785 ferens
3642 2774 3655 2783 .

2084 2817 2137 2860 et
2166 2822 2382 2864 errores
2422 2810 2593 2879 ipsius
2644 2815 2899 2881 operibus
2931 2817 3213 2883 admistos,
3243 2835 3271 2872 a
3310 2819 3571 2887 falsariis,
3601 2834 3655 2877 et

2086 2896 2345 2952 librorum
2386 2901 2841 2959 adulteratoribus
2868 2906 3137 2961 hazreticis
3165 2908 3403 2964 intrusos
3460 2922 3518 2965 et
3557 2928 3652 2965 as-

2085 3003 2273 3057 persos
2312 2991 2479 3045 fuisse
2511 2994 2756 3062 gnaviter
2779 3000 3128 3055 contendens.
3157 3001 3355 3056 Fertur
3384 3006 3554 3059 etiam
3587 3023 3655 3061 ex

2084 3079 2235 3134 libris
2268 3080 2515 3153 Origenis
2543 3085 2837 3142 instructus
2870 3090 2933 3142 ad
2960 3091 3287 3160 impietatem
3318 3106 3372 3148 et
3402 3110 3660 3153 armatus

2006 3156 2049 3213 C
2082 3163 2375 3234 Eutyches,
2433 3169 2679 3239 impurus
2714 3156 3053 3242 hzereticus,‘
3078 3181 3289 3234 unicam
3320 3184 3373 3236 in
3423 3185 3658 3241 Christo

2080 3266 2331 3312 naturam
2366 3262 2639 3329 posuisse.
2673 3266 2821 3319 Adeo
2846 3267 3059 3325 diversa
3099 3272 3346 3329 homines
3372 3276 3438 3330 de
3462 3276 3658 3348 Orige-

2080 3347 2165 3402 nis
2196 3350 2437 3404 doctrina
2466 3353 2568 3408 hac
2610 3364 2927 3425 tempestate
2958 3364 3285 3419 sentiebant.

2667 3447 2906 3504 SECTIO
2951 3452 3020 3505 III

2080 3507 2122 3562 Ι.
2182 3508 2384 3594 Rursus
2424 3532 2464 3599 ᾖ
2519 3514 2826 3599 ξαζωδιξηίε
2893 3528 3221 3599 monasteriis
3281 3528 3657 3599 Origenismus

2149 3586 2387 3660 emezgit.
2424 3584 2857 3660 "-__0'i9€"istas
2890 3597 3030 3660 apud
3072 3584 3440 3653 Justinianuin
3493 3584 3657 3657 acea:

2149 3662 2230 3704 sat
2264 3653 2453 3736 Sab'as.
2481 3655 2564 3736 III.
2594 3653 2973 3736 Origenismuin
2989 3669 3183 3731 passim
3212 3684 3469 3736 spargunt

2151 3738 2248 3802 nus
2267 3734 2316 3803 et
2349 3723 2634 3803 licentius;
2666 3723 2751 3783 IV.
2790 3740 2840 3803 et
2872 3723 3138 3800 aliquanta
3183 3723 3294 3803 post
3326 3723 3654 3796 Nonni

2151 3793 2349 3875 cipu‘li“
2371 3794 2670 3875 Theodorus
2709 3810 2756 3850 et
2788 3793 3113 3875 Domitianus
3133 3793 3448 3875 Oiigenismi
3484 3793 3653 3867 causa

2150 3864 2564 3937 crudeliamulta
2581 3879 2902 3935 perpetrant.
2927 3870 2984 3923 ν.
3008 3864 3302 3929 δαναὺαῧαῖ
3321 3882 3459 3934 unde
3488 3864 3649 3937 dict—ii.

2156 3930 2683 4009 EI._0rigeI_tistnrunt
2720 3950 2863 4005 gesta
2904 3942 3202 4009 imperatori
3245 3930 3650 4005 renuntiaturus

2151 4001 2393 4084 Cnelasius-
2421 4003 2612 4084 bourn:
2637 4001 2938 4084 ριἰιῖξίεσιᾳςἱ
2976 4001 3050 4064 ἀὑ
3083 4014 3196 4084 ejus
3221 4020 3408 4073 auditu

2148 4073 2323 4161 t’l‘itur;
2352 4076 2494 4154 .Imic
2530 4077 2606 4161 [in
2639 4073 2819 4161 reditu
2846 4073 3342 4161 de[uncto's_uccedit
3378 4073 3648 4161 Georgius

2150 4140 2448 4226 Origenista
2474 4162 2490 4207 ,'
2526 4144 2750 4226 Georgio
2776 4140 3081 4226 Cassianus,
3111 4140 3364 4211 Cassiano
3390 4140 3597 4215 Canini
3629 4202 3646 4226 ,

2148 4213 2468 4296 orthodoxa:
2505 4213 2819 4296 orthodoxa.
2866 4220 3188 4296 Antiocheno
3234 4213 3489 4296 synodus.

2148 4280 2442 4365 {Cpiam-lam
2472 4287 2535 4338 ad
2575 4285 2798 4365 dienam
2839 4293 3097 4365 adversus
3134 4280 3410 4365 Originein

2147 4350 2493 4435 Justinianus'
2522 4370 2541 4407 :
2563 4357 2703 4435 XIII.
2746 4360 2910 4435 _cuj_us
2953 4366 3182 4429 epistola:
3212 4350 3415 4422 {nmina

2147 4432 2402 4495 sentatur.
2434 4424 2520 4477 IX.
2563 4424 2884 4495 Theophanis
2924 4424 3198 4485 somnium.
3236 4435 3476 4493 Joannes
3506 4424 3644 4493 Phi-

2146 4490 2365 4571 laganus
2409 4490 2714 4563 origenizat'.
2745 4496 2810 4571 Χ,
2854 4497 3035 4553 Trium
3073 4490 3645 4571 capitulorumhcau'sa

2149 4563 2609 4637 aliquanto_post
2647 4567 2885 4620 ventilari
2938 4583 3098 4637 coepta
3135 4563 3231 4627 est.
3264 4574 3351 4632 XI.
3387 4563 3643 4633 Edictum

2150 4633 2397 4712 adversus
2427 4631 2549 4685 Tria
2563 4636 2818 4712 _Capitula
2845 4631 3153 4712 promulgat
3178 4648 3483 4712 imperator,

2149 4703 2433 4783 schismata
2464 4708 2630 4787 n't‘ul‘ta
2668 4703 2928 4787 oriuntur.
2972 4703 3085 4787 XII:
3122 4703 3423 4787 Reﬂorescit
3452 4703 3643 4787 Orige;

2150 4774 2345 4855 lii-8.121148
2386 4774 2444 4855 in.
2474 4772 2783 4855 Pala’st'irnu.
2828 4776 3075 4855 §ynodus
3113 4772 3291 4855 quinta
3319 4772 3642 4855 celebratur;

2150 4841 2286 4924 XIIII.
2320 4852 2373 4924 ﬁt
2411 4843 2626 4924 damnat
2666 4844 2788 4924 Tria
2820 4841 3082 4924 capitula:
3120 4841 3260 4924 1_l_inc
3285 4861 3502 4924 magnis
3530 4841 3640 4911 mo:

2148 4913 2285 4963 tibus
2303 4908 2563 4995 Ecclesia
2578 4908 2937 4969 conturbatur.
2958 4917 3322 4995 _XIY_.__Utrmn
3359 4908 3411 4976 iit
3448 4908 3640 4995 quinia

2148 4984 2443 5055 synodonde
2472 4981 2691 5052 Origene
2724 4997 2895 5038 actum
2923 4990 3010 5041 sit.
3044 4990 3158 5044 XV.
3196 4992 3335 5055 Quid
3366 4996 3417 5044 in
3444 4981 3511 5049 e'a
3540 5001 3642 5049 ad-

2147 5051 2624 5129 uersus-Origenent
2653 5058 2988 5129 constitutum
3020 5062 3108 5122 sit,
3150 5051 3451 5129 etsponitur.
3496 5067 3637 5121 XVI.

2147 5118 2300 5172 Nova
2322 5121 2377 5174 in
2402 5119 2791 5195 Origenismum
2828 5124 2969 5192 facta
3000 5118 3107 5181 odii
3153 5118 3420 5195 accessio;
3474 5118 3638 5192 Χϊιίζ

2145 5192 2664 5266 qua'_pr_odeuntibus
2694 5196 2911 5249 subinde
2951 5202 3103 5252 anni:
3148 5192 3411 5266 paulatim
3443 5213 3645 5261 obsole-

2143 5258 2232 5314 vn.
2256 5258 2499 5329 Infensos
2535 5261 2630 5315 sibi
2663 5275 2832 5316 tamen
2874 5258 3157 5322 nonnullos
3189 5258 3479 5328 identidem

2178 5340 2655 5409 enesnactus‘esb;
2706 5333 2885 5409 ξίνιιι.
2938 5337 3205 5393 erculos
3252 5346 3522 5409 prwcipue
3556 5364 3576 5401 :
3609 5366 3643 5400 ιι

2142 5347 2294 5452 genas
2326 5347 2508 5383 nactus
2534 5347 2606 5384 est
2637 5349 2655 5395 ;
2707 5347 2885 5388 AVIII.
2938 5347 3205 5393 Crwcutos
3252 5347 3522 5409 prwcipue
3556 5364 3576 5401 :
3609 5366 3641 5400 ιι

2152 5400 2346 5472 patinis
2372 5416 2488 5472 vero
2518 5402 2786 5471 benignius
2820 5416 3059 5472 etot'cptus
3091 5421 3186 5463 est.
3240 5409 3383 5465 XIX.
3417 5416 3641 5469 Orneu-

2142 5470 2520 5555 lum‘ldlivin'itus
2558 5470 2752 5555 editum
2874 5470 3230 5555 Nechtilaide
3251 5484 3423 5555 salute
3450 5486 3643 5555 Orige-

2140 5538 2267 5619 nis:
2285 5538 2537 5595 Guidouis
2588 5555 2634 5594 et
2684 5543 2913 5619 Plotina:
2955 5550 3020 5601 de
3075 5548 3299 5619 Origene
3334 5538 3641 5619 judicium.

2142 5608 2319 5684 littjus
2342 5626 2555 5684 causam
2579 5622 2788 5666 tuentur
2808 5614 3045 5671 Joannes
3084 5608 3268 5684 Pic'us,
3316 5608 3365 5674 e't
3394 5608 3640 5680 Joannes

2141 5676 2459 5759 Nunc-(erus.
2493 5681 2652 5735 Fovet
2674 5685 2774 5759 ipsi
2799 5702 2999 5759 quoque
3022 5676 3267 5743 Joannes
3296 5676 3639 5759 Tritteinius,

2137 5750 2227 5802 sed
2255 5750 2388 5803 citra
2412 5766 2647 5806 errorum
2676 5750 2839 5821 ipsius
2870 5750 3240 5827 defensionem.
3266 5758 3384 5819 XX.
3417 5750 3639 5821 anu'
