3838 6222
90 285 230 337 H55

939 283 1516 339 OlllGEMANORUM
1555 282 1685 338 LIB.
1729 282 1794 349 ll,
1836 281 1990 341 CAP.
2032 283 2122 350 IV,
2163 284 2358 341 SECT.
2398 285 2463 343 ll.

3190 289 3346 361 [1166

88 419 208 455 cum
244 402 381 456 male
412 402 619 456 idcirco
648 401 809 457 vellet
833 401 1107 474 Pelagius,
1131 404 1457 461 Palaestinos
1486 423 1669 462 mena.
1696 412 1741 469 Α
1770 422 1891 462 cum
1922 408 2183 463 adversus
2212 408 2466 479 Origenis
2501 409 2848 477 sententiam,
2897 424 3019 480 qua:
3052 417 3196 465 astra
3256 426 3345 464 ra-

86 498 218 550 chos
242 494 767 563 Censtantinopolim
821 497 1097 564 perduxit,
1148 507 1203 551 et
1252 498 1662 568 astipulatorem

89 590 298 643 habens
331 588 537 641 Menam
580 588 1240 658 Constantinopolitanum
1277 592 1660 660 patriarcham,

85 696 113 733 a
144 678 455 734 Iustiniano
488 679 768 750 ﬂagitavit,
802 690 861 734 ut
905 697 1094 736 eorum
1142 685 1429 751 postulatis
1456 700 1661 739 annue-

85 783 188 827 ret.
224 771 424 825 Rerum
450 772 946 828 ecclesiasticarum
982 776 1263 829 arbitrium
1284 778 1350 830 ad
1378 793 1436 832 se
1462 778 1661 833 deferri

84 864 327 933 gaudens
358 864 651 931 imperator
677 866 783 917 voti
837 880 932 919 eos
970 878 1249 936 compotes
1280 866 1431 933 fecit,
1465 878 1518 923 et
1566 886 1663 923 no-

85 954 232 1007 mine
255 968 356 1006 suo
383 954 677 1023 Epistolam
714 955 781 1010 ad
816 956 1029 1011 Menam
1061 960 1331 1013 conscribi
1361 960 1659 1032 jussit,qna

81 1044 335 1115 Origenis
373 1055 428 1098 et
507 1045 957 1113 Origenianorum
1009 1051 1315 1117 dogmatum
1383 1052 1659 1108 damnatio

80 1138 409 1191 continetur.
438 1136 628 1206 Operae
655 1140 885 1207 pretium
909 1150 993 1194 est
1027 1142 1139 1210 ipsa
1172 1142 1406 1197 Liberali
1430 1144 1659 1199 Cartha-

78 1229 321 1295 ginensis
351 1231 717 1284 archidiaconi
747 1232 909 1285 verba
944 1234 1172 1289 recitare
1191 1234 1235 1266 ³⁸
1273 1252 1290 1285 ι
1320 1234 1550 1291 .lubente
1593 1252 1659 1292 eo

78 1324 279 1377 dictata
312 1333 395 1378 est
429 1323 482 1377 in
507 1321 822 1392 Origenem,
845 1334 899 1378 et
931 1325 982 1378 in
1015 1325 1107 1379 illa
1152 1327 1387 1396 capitula
1429 1328 1657 1383 anathe-

78 1415 243 1470 matis
268 1416 568 1479 damnatio,
587 1429 747 1485 quam
781 1416 1193 1472 subscribentes
1224 1435 1330 1473 una
1357 1436 1477 1475 cum
1503 1420 1657 1475 Mena

75 1507 489 1578 archiepiscopo
514 1510 652 1577 apud
671 1508 1197 1578 Constantinopolim
1215 1514 1436 1579 reperti,
1462 1513 1657 1569 deinde

76 1600 283 1654 directa
317 1609 400 1654 est
432 1600 628 1670 Vigilio
660 1599 908 1655 Romano
932 1603 1208 1671 cpiscOpo,
1238 1602 1388 1658 Zoilo
1418 1605 1656 1658 Alexan-

77 1694 259 1756 drino,
292 1692 596 1762 Ephrtemio
626 1694 967 1748 Antiochcuo
1022 1706 1077 1749 et
1113 1694 1271 1749 Petro
1308 1693 1657 1767 Jeroselymi-

1771 502 1916 555 tione
1949 500 2175 570 prmdita
2230 511 2374 555 esset
2408 502 2581 572 fingit,
2633 503 2940 571 disputans,
2990 502 3132 556 hunc
3185 502 3344 557 all'crt

1766 591 1944 647 Basilii
1981 593 2154 647 locum
2190 608 2258 647 ex
2287 592 2491 647 'homil.
2526 594 2560 647 3
2621 595 2675 647 in
2724 593 2981 648 Hexaem.
3022 610 3040 649 :
3082 594 3245 664 Ἡμῖν
3282 593 3343 647 δὲ

1764 683 1857 735 καὶ
1873 682 2009 753 πρὸς
2024 682 2149 744 τοὺς
2169 682 2276 735 ἀπὸ
2290 682 2388 752 τῆς
2426 682 2751 752 Ἐκκλησίας
2780 682 2895 736 ὲστί
2920 700 3003 746 τις
3032 682 3190 751 λόγος
3213 685 3343 755 περὶ

1762 776 1870 829 τῶν
1918 775 2304 847 διακριθέντων
2329 775 2559 836 ὑδάτων,
2594 785 2744 842 etc.;
2780 785 2887 830 tum
2917 778 3107 832 deinde
3144 780 3343 832 subne-

1765 867 1861 920 ctit
1900 884 1912 919 :
1943 868 2035 918 Δεῖ
2062 866 2119 918 δὲ
2148 867 2435 938 προσέχειν
2469 866 2596 929 τοὺς
2623 866 2917 937 ἀκροατὰς,
2948 866 3029 920 ὅτι
3056 866 3133 937 τῷ
3166 869 3341 920 εἰπεῖν

1762 958 1850 1010 τὸν
1866 958 2085 1029 Πατέρα
2100 975 2113 990 ·
2127 959 2281 1027 Πρὸς
2296 958 2438 1023 τοὺς
2453 958 2569 1010 ἀπὸ
2588 956 2697 1026 τῆς
2712 959 3231 1031 Ἐκκλησίασζέστί
3242 973 3343 1013 τισ

1761 1042 1906 1121 ἡμῖν
1930 1054 2129 1123 λόγος,
2158 1053 2604 1124 περὶὮριγένους
2632 1053 2937 1121 διαλέγεται
2957 1055 3055 1125 τῆς
3079 1054 3170 1108 τοῦ
3204 1052 3340 1110 Θεοῦ

1760 1144 2001 1213 χάριτος,
2029 1144 2121 1196 καὶ
2166 1143 2267 1213 τῆς
2294 1145 2454 1211 ἁγίας
2481 1143 2573 1196 τοῦ
2608 1144 2739 1197 Θεοῦ
2786 1144 3110 1214 Ἐκκλησίας
3137 1145 3342 1200 ἀπελα-

1760 1232 1961 1295 θέντος,
1984 1234 2078 1285 καὶ
2108 1233 2217 1285 τῶν
2237 1234 2553 1304 ὁμοφρὸνων
2578 1233 2789 1306 ἐκείνῳ.
2810 1234 2883 1288 Οὐ
2910 1236 3019 1307 γὰρ
3044 1232 3164 1289 εἶπε
3188 1236 3342 1306 πρὸς

1758 1323 1900 1389 τοὺς
1924 1325 1992 1377 ἐν
2008 1324 2083 1393 τῇ
2115 1325 2460 1393 Ἐκκλησίᾳ,
2481 1324 2617 1379 ἀλλὰ
2632 1328 2783 1394 πρὸς
2800 1327 2941 1393 τοὺς
2953 1327 3072 1382 ἀπὸ
3088 1326 3198 1396 τῆς
3226 1330 3344 1384 Ἐκ-

1758 1414 2046 1480 κλησίας,
2081 1414 2227 1483 ἡμῖν
2245 1416 2379 1469 ἐστι
2401 1434 2489 1481 τις
2510 1418 2721 1487 λόγος·
2760 1418 2853 1472 καὶ
2895 1418 2982 1472 διὰ
3017 1418 3109 1472 τοῦ
3140 1422 3339 1488 εἰπεῖν,

1756 1505 1921 1574 ἡμῖν,
1938 1508 2063 1570 τοὺς
2087 1507 2185 1577 τῆς
2211 1507 2530 1579 Ἐκκλησίας
2551 1509 2807 1579 ἐδήλωσε·
2831 1510 2919 1564 διὰ
2940 1511 2995 1563 δὲ
3024 1510 3117 1564 τοῦ
3141 1513 3337 1578 εἰπεῖν,

1756 1599 1898 1665 τοὺς
1919 1600 2036 1653 ἀπὸ
2059 1599 2169 1668 τῆς
2198 1601 2575 1668 Ἐκκλησίας,
2591 1602 2717 1665 τοὺς
2739 1602 2943 1674 ταύτης
2959 1606 3341 1669 ἀποπεσόντας

1757 1692 2051 1762 ἐσήμανεν.
2094 1710 2112 1742 ‹
2153 1693 2446 1748 Advertere
2477 1709 2638 1762 porro
2666 1695 2864 1749 debent
2909 1697 3203 1759 auditores.
3233 1696 3340 1751 Pa-

76 1793 229 1847 tano,
262 1756 461 1853 quibus
494 1799 614 1839 eam
655 1784 1051 1853 accipientibus
1078 1794 1132 1839 et
1184 1758 1652 1841 subscribentihus
1686 1756 1729 1813 Β
1761 1756 1894 1837 trem
1934 1782 2251 1853 (Basilium)
2284 1799 2404 1838 cum
2436 1756 2586 1849 dicit,
2627 1786 2811 1840 Sermo
2842 1787 2990 1840 nobis
3027 1795 3104 1842 est
3142 1756 3211 1841 ad
3248 1804 3339 1844 eo:

72 1874 345 1945 Origenes
373 1876 662 1930 damnatus
704 1886 788 1931 est
839 1886 1105 1943 mortuus,
1148 1879 1237 1946 qui
1286 1879 1474 1933 vivens
1528 1879 1655 1933 olim

72 1966 257 2022 fuerat
286 1975 414 2022 ante
446 1968 755 2022 damnatus.
797 1985 816 2017 ι
859 1969 937 2021 Ita
988 1967 1303 2022 Adamantii
1346 1969 1657 2024 damnatio-

72 2074 200 2113 nem
259 2059 577 2114 nobilissimi
634 2058 891 2114 Ecclesiae
950 2061 1226 2116 antistites
1291 2063 1500 2118 calculo
1560 2078 1658 2119 suo

73 2150 591 2221 comprobaverunt.
637 2149 764 2205 Haec
792 2152 937 2207 circa
965 2166 1185 2207 annum
1214 2153 1318 2208 5'58
1372 2154 1520 2210 facta
1564 2157 1658 2211 de-

73 2244 486 2315 prehendimus.

148 2336 278 2393 Vlll.
337 2334 555 2389 Minime
605 2349 732 2389 vero
788 2334 1151 2406 Origenistas,
1204 2341 1298 2393 sed
1355 2337 1647 2409 Origenem

8 2490 11 2501 Ι
73 2428 255 2495 ipsum
290 2427 390 2480 hac
413 2425 636 2495 epistola
666 2424 1185 2496 petitJustinianus,
1218 2431 1657 2501 enumeratisque

73 2521 253 2590 ipsius
287 2520 568 2588 erroribus
605 2518 743 2573 inter
774 2520 1064 2574 haereticos
1097 2522 1491 2576 recensendum
1529 2537 1657 2576 san-

69 2614 145 2666 cit
174 2630 190 2667 :
224 2613 285 2666 El
308 2613 511 2680 τοίνυν,
567 2612 761 2680 inquit,
805 2612 1041 2676 ἅπαντες
1076 2614 1341 2685 αἱρετικοὶ
1381 2615 1475 2667 ἐπὶ
1539 2614 1657 2677 ἑνὸς

69 2704 255 2775 τυχὸν,
288 2704 321 2775 ἢ
354 2704 603 2775 δευτέρου
647 2704 913 2774 δόγματος
939 2708 1264 2776 παρατροπῇ
1303 2704 1655 2777 ὲκϐέϐληνται

70 2799 172 2869 τῆς
195 2796 503 2867 ἁγιωτάτης
540 2796 885 2867 Ἐκκλησίας,
920 2783 1313 2868 ὑποϐληθέντες
1355 2797 1655 2868 ἀναθέματι

72 2888 217 2960 μετὰ
263 2887 369 2941 τῶν
425 2886 566 2940 ἰδίων
628 2886 935 2958 δογμάτων,
971 2888 1054 2951 τίς
1106 2888 1244 2952 ὅλως
1287 2889 1654 2961 ’Χριστιανῶν

68 2982 323 3046 ἀνέξεται
370 2980 673 3055 Ὠριγένους
694 2996 754 3033 τε
784 2981 877 3033 καὶ
909 2980 1017 3033 τῶν
1047 2981 1299 3054 πονηρῶν
1324 2981 1489 3036 αὐτοῦ
1524 2999 1655 3052 συγ-

1758 1876 1851 1943 qui
1879 1882 2004 1927 sunt
2036 1874 2155 1928 ἀπὸ
2185 1872 2294 1941 τῆς
2330 1876 2695 1943 Ἐκκλησίας
2718 1917 2732 1942 ,
2775 1878 2841 1932 de
2884 1877 3133 1948 Origene,
3178 1881 3268 1951 qui
3304 1897 3338 1938 a

1758 1963 1933 2033 gratia
1963 1962 2054 2017 Dei
2085 1974 2139 2016 et
2177 1978 2205 2017 a
2256 1973 2446 2018 sancta
2498 1966 2591 2019 Dei
2655 1965 2898 2021 Ecclesia
2951 1969 3202 2038 depulsus
3230 1980 3333 2035 est,

1758 2057 1931 2124 deque
1957 2055 2072 2123 ejus
2098 2056 2315 2110 asseclis
2345 2056 2553 2122 loqui...
2591 2067 2643 2112 et
2674 2059 2901 2115 dicendo
2918 2063 3153 2129 quidem,
3179 2064 3335 2134 ἡμῖν,

1757 2162 1851 2202 eos
1900 2148 1988 2215 qui
2028 2148 2080 2201 in
2120 2146 2361 2203 Ecclesia
2398 2161 2687 2205 censentur
2716 2153 3077 2222 signiﬁcasse;
3110 2155 3338 2212 dicendo

1758 2254 1907 2303 vero,
1936 2241 2064 2303 τοὺς
2090 2240 2196 2294 ἀπὸ
2234 2241 2329 2311 τῆς
2371 2241 2715 2314 Ἐκκλησίας,
2757 2259 2850 2301 eos
2893 2255 3108 2301 notasse
3140 2247 3231 2317 qui
3268 2263 3335 2303 ea

1758 2332 2032 2385 exturbati
2068 2341 2216 2386 sunt.
2259 2352 2276 2385 ι
2313 2332 2515 2402 Nempe
2540 2333 2824 2402 ignorabat
2852 2335 3023 2389 bonus
3051 2335 3139 2391 ille
3163 2337 3334 2407 impe-

1760 2433 1925 2487 rator,
1954 2422 2068 2477 sive
2093 2424 2183 2491 qui
2216 2424 2384 2494 ipsius
2407 2424 2625 2479 nomine
2643 2425 2920 2495 epistolam
2952 2428 3091 2484 hanc
3116 2431 3338 2485 conciu-

1757 2524 1977 2580 narunt,
2030 2516 2367 2586 particulam,
2402 2517 2549 2584 ἀπό,
2584 2533 2688 2573 non
2736 2520 3150 2589 disjunctiouem
3187 2537 3337 2579 sem-

1758 2624 1856 2680 per
1882 2618 1932 2663 et
1959 2609 2304 2673 divisionem,
2339 2612 2433 2665 sed
2466 2611 2900 2681 conjunctionem
2939 2615 3122 2681 etiam,
3160 2626 3213 2671 et
3247 2632 3337 2673 se-

1757 2704 1899 2750 ctam’
1935 2712 1999 2752 ac
2026 2699 2151 2753 vitae
2180 2699 2490 2755 institutum
2524 2711 2717 2757 notare
2759 2721 2773 2758 :
2806 2705 2856 2757 οἱ
2891 2705 3000 2758 ἀπὸ
3026 2706 3138 2759 τῶν
3182 2709 3338 2779 αἱρε-

1758 2789 1917 2854 σὲων,
1945 2791 2211 2857 Ιιωνειὶεἰ;
2240 2795 2287 2846 οἱ
2321 2794 2430 2848 ἀπὸ
2456 2794 2556 2865 τῆς
2580 2796 2766 2860 Στόας,
2796 2796 2995 2862 Stoici;
3025 2800 3074 2852 οἱ
3105 2799 3213 2853 ἀπὸ
3237 2800 3336 2857 τοῦ

1756 2881 2095 2953 Πυθαγόρου,
2128 2880 2489 2954 Pythagorici.
2530 2884 2716 2955 Igitur,
2747 2887 2794 2940 οἱ
2822 2888 2930 2941 άπὸ
2957 2888 3059 2959 τῆς
3101 2891 3333 2964 Ἐκκλη-

1759 2974 1897 3038 σὶας,
1940 2977 2040 3029 hoc
2072 2985 2172 3039 est,
2204 2976 2496 3031 Christiani
2521 3018 2534 3040 ,
2559 2978 2931 3045 ecclesiastici;
2965 2983 3031 3036 ad
3064 2998 3155 3039 eos
3179 2986 3331 3045 enim

68 3072 420 3144 γραμμάτων
449 3070 860 3135 ἀντιποιεῖσθαι,
892 3071 986 3124 τοῦ
1015 3071 1281 3136 τοσαύτας
1313 3074 1410 3144 μὲν
1434 3074 1651 3145 εἰρηκό-

1759 3078 2022 3134 quatenus
2087 3069 2310 3139 paganis
2385 3081 3114 3141 opponuntur,-sermonem
3171 3092 3329 3132 suum

68 3184 162 3230 τος
189 3164 559 3237 βλασφημίας,
590 3164 722 3216 πᾶσι
748 3163 806 3216 δὲ
846 3164 1030 3234 σχεδὸν
1061 3167 1356 3236 αἱρετικοῖς
1385 3167 1651 3238 τοσαύτην

71 3260 211 3331 ὓλην
251 3257 528 3320 ἀπωλείας
564 3258 655 3311 καὶ
700 3256 1051 3328 βλασφημίας
1087 3258 1527 3328 παρασχομένου,
1558 3259 1651 3312 καὶ

66 3351 161 3404 διὰ
184 3348 364 3412 τοῦτο,
390 3348 484 3401 καὶ
518 3346 668 3419 παρὰ
693 3345 802 3400 τῶν
828 3346 996 3415 ἁγίων
1012 3346 1262 3418 πατέρων
1287 3346 1517 3400 ἔκπαλαι
1547 3347 1653 3400 ὑπὸ

66 3440 326 3510 ἀνάθεμα
353 3438 645 3509 γενομένου
672 3436 809 3508 μετὰ
832 3436 941 3489 τῶν
972 3436 1235 3510 μυσαρῶν
1265 3438 1429 3490 αὐτοῦ
1450 3438 1652 3509 δογμά-

68 3550 217 3599 των;
260 3551 280 3583 ‹
322 3531 379 3585 Si
414 3531 579 3601 igitur
616 3545 804 3585 omnes
838 3531 1096 3595 haeretici,
1126 3530 1195 3585 ob
1234 3530 1392 3585 unius
1422 3529 1653 3586 fortasse

70 3625 159 3679 vel
213 3622 442 3677 alterius
483 3622 754 3693 dogmatis
799 3623 1211 3693 perversitatem
1265 3622 1420 3690 ejecti
1468 3632 1594 3679 sunt
1622 3640 1653 3679 e

70 3717 425 3771 sanctissima
480 3714 743 3780 Ecclesia,
777 3716 898 3784 quis
942 3730 1168 3785 prorsus
1213 3714 1649 3771 Christianorum

67 3806 369 3862 sustinebit
397 3804 708 3875 Origenem,
742 3807 825 3861 vel
854 3806 1089 3862 nefarias
1104 3808 1219 3877 ejus
1248 3806 1651 3862 lucubrationes

69 3899 399 3966 defendere,
438 3914 466 3952 a
500 3913 607 3966 quo
654 3906 732 3952 tot
781 3898 1088 3969 impietates
1145 3898 1369 3968 prolata:
1420 3906 1567 3965 sunt,
1599 3906 1654 3951 et

69 4002 225 4049 tanta
254 3993 409 4047 exitii
445 4001 499 4048 et
546 3994 840 4063 impietatis
877 3990 1102 4046 materia
1152 3990 1425 4045 universis
1458 4003 1654 4060 prope-

68 4086 300 4138 modum
333 4082 609 4137 htereticis
634 4082 1046 4137 subministrata
1072 4089 1177 4146 est,
1212 4083 1439 4150 ideoque
1466 4097 1493 4133 a
1525 4096 1654 4135 san-

69 4176 183 4229 ctis
211 4172 466 4227 Patribns
495 4172 602 4241 iam
644 4173 772 4226 olim
810 4172 1147 4227 anathemati
1178 4186 1299 4226 cum
1332 4171 1654 4240 perniciosis

67 4268 193 4321 suis
219 4264 563 4334 dogmatibus
604 4266 883 4334 subjectus
914 4267 1034 4321 est?
1067 4285 1085 4317 ι
1120 4265 1205 4320 Ad
1250 4265 1365 4320 haec
1406 4273 1648 4333 prompta

67 4368 157 4412 cst
198 4368 253 4412 et
280 4364 467 4425 parata
499 4357 787 4425 exceptio:
844 4358 887 4411 si
936 4372 1091 4412 error
1134 4356 1448 4410 haereticum
1499 4354 1649 4423 facit,

1757 3159 1986 3214 Basilius
2033 3161 2321 3215 convertit.
2358 3161 2488 3217 Post
2536 3178 2757 3219 errores
2803 3164 3054 3234 Origenis
3118 3170 3330 3237 prolixe

1754 3248 2063 3303 confutatos
2113 3251 2247 3319 petit
2301 3253 2515 3305 demum
2565 3267 2595 3307 a
2652 3250 2807 3308 Mena
2864 3253 3222 3322 Justinianus,
3274 3269 3334 3315 ut

1757 3338 2135 3408 episcoporum
2181 3350 2233 3396 et
2292 3343 2829 3411 caenohiarcharum,
2864 3348 2954 3416 qui
3008 3357 3137 3403 tunc
3188 3351 3333 3406 Con-

1759 3432 2110 3501 stantinopoli
2143 3433 2398 3502 agebant,
2432 3448 2757 3491 conventum
2795 3439 3014 3505 haheat,
3045 3443 3114 3496 ah
3158 3442 3332 3513 iisque

1756 3523 2071 3592 Origenem,
2102 3536 2153 3578 et
2190 3524 2441 3595 Origenis
2489 3526 2738 3597 dogmata
2794 3531 2969 3600 respui
3017 3540 3072 3585 et
3106 3535 3332 3589 anathe-

1755 3619 1915 3671 matis
1941 3618 2148 3671 conteri
2185 3627 2471 3687 procuret;
2513 3629 2567 3673 et
2593 3634 2773 3674 rerum
2808 3636 2835 3674 a
2861 3637 2921 3678 se
2956 3622 3008 3677 in
3045 3624 3145 3680 hac
3168 3640 3331 3682 causa

1755 3718 2028 3777 gestarum
2054 3709 2380 3779 exemplaria
2417 3710 2483 3763 ad
2529 3710 2783 3779 prmsules
2839 3722 2893 3768 et
2947 3714 3168 3771 abbates
3195 3733 3331 3787 qua-

1756 3815 2057 3867 quaversufs
2088 3799 2444 3864 transmittat,
2482 3811 2541 3854 ut
2577 3802 2675 3870 ipsi
2707 3817 2926 3873 quoque
2979 3808 3328 3863 anathemata

1756 3889 2005 3962 Origenis
2051 3893 2271 3961 propria
2326 3893 2727 3963 subscriptione
2773 3895 3115 3952 confirment.
3170 3899 3331 3956 Vetat

1759 3993 2019 4051 praeterea
2060 3984 2371 4053 episcopum
2403 3985 2485 4039 vel
2531 3986 3018 4043 archimandritam
3072 3992 3326 4048 constitui

1758 4087 2108 4140 quemquam,
2144 4073 2243 4127 nisi
2272 4074 2424 4143 prius
2449 4074 2737 4143 Origenem
2785 4094 2889 4133 una
2931 4094 3051 4134 cum
3079 4082 3200 4138 aliis
3226 4085 3332 4139 haz-

1758 4164 1958 4227 rcticis,
2002 4166 2089 4233 qui
2138 4166 2204 4218 de
2252 4181 2402 4221 more
2432 4167 2483 4220 in
2521 4168 2682 4222 editis
2733 4169 2927 4226 libellis
2963 4175 3330 4231 anathematis

1756 4255 2164 4320 confodiuntnr,
2199 4266 2308 4311 toto
2355 4260 2540 4313 animo
2571 4262 2825 4315 detestari
2875 4278 2934 4317 se
2967 4274 3023 4317 et
3070 4265 3330 4323 damnare

1759 4351 1922 4404 fuerit
1951 4353 2252 4419 professus.
2283 4352 2569 4421 Significat
2596 4355 2940 4423 postmodum
2986 4353 3196 4412 litteras
3218 4373 3247 4413 a
3272 4373 3331 4414 se

8 4440 21 4465 ’
65 4452 250 4504 fateor
288 4449 598 4504 baereticum
630 4463 750 4505 esse
798 4449 1127 4519 Origenem;
1192 4450 1275 4502 sin
1330 4447 1649 4516 pertinacia,
1682 4449 1726 4503 D
1756 4442 1945 4495 eodem
1989 4443 2090 4495 hoc
2114 4443 2363 4511 exemplo
2396 4444 2591 4499 missas
2640 4445 2706 4499 ad
2745 4444 2994 4516 Vigilium
3027 4462 3245 4517 papam,
3276 4458 3331 4504 et

66 4544 165 4611 qni
197 4540 484 4595 erroribus
516 4540 872 4610 pertinaciter
901 4540 1191 4595 adhaesisse
1228 4538 1515 4608 Origenem
1565 4537 1646 4593 di-

67 4649 199 4687 cere
229 4632 470 4689 audeat?
502 4632 751 4687 Ostendit
784 4632 1043 4702 deinceps
1076 4632 1377 4699 imperator
1423 4632 1648 4699 paganis

65 4737 127 4779 et
158 4723 473 4778 Manichzeis
500 4724 881 4778 Adamantium
937 4723 1299 4787 consensisse,
1329 4737 1397 4777 ex
1426 4723 1648 4793 ejusque

64 4817 311 4873 decretis
334 4817 587 4871 Arianam
606 4817 855 4873 haeresim
875 4818 1144 4872 coaluisse
1168 4833 1180 4869 :
1212 4825 1321 4871 tum
1344 4815 1646 4870 animarum

62 4910 425 4983 προῦπαρξιν
469 4918 614 4963 tanta
647 4911 995 4965 contentione
1044 4917 1334 4979 Oppugnat,
1389 4916 1449 4961 ut
1491 4904 1651 4962 facile

8 5038 29 5073 .,
62 5011 336 5071 appareat
370 5003 508 5055 inter
540 4999 895 5070 Origenianas
931 5000 1232 5056 sententias
1277 5002 1418 5054 hanc
1467 4997 1641 5068 potis-

62 5096 275 5150 simum
308 5092 470 5162 hujus
497 5093 593 5147 aevi
625 5091 948 5162 Origenistis
979 5091 1252 5157 arrisisse,
1299 5090 1442 5160 quod
1490 5098 1546 5143 et
1582 5103 1648 5143 ex

62 5184 353 5255 Euthymii
383 5193 439 5239 et
463 5183 673 5253 Cyriaci
717 5180 852 5237 Vitis
891 5198 919 5236 a
953 5183 1155 5254 Cyrillo
1187 5180 1483 5237 lucubratis
1508 5180 1656 5234 intel-

63 5280 285 5348 ligitur.
313 5274 616 5330 Notandum
652 5291 813 5347 porro
864 5273 1238 5346 Chrysostomi
1288 5270 1651 5342 patrocinium

63 5373 310 5428 libenter
388 5368 657 5424 asciscere
703 5367 1093 5433 Iustinianum,
1163 5374 1223 5419 ut
1270 5365 1373 5419 hoc
1437 5377 1649 5434 quoque

62 5459 380 5516 subsidium
435 5459 756 5530 Origenistis
790 5457 1006 5527 eripiat.
1072 5454 1338 5510 Jocularis
1365 5467 1496 5507 vero
1540 5461 1645 5517 est,

63 5564 122 5607 et
155 5561 218 5605 ut
243 5549 425 5605 verius
452 5549 644 5620 loquar
668 5548 892 5620 puerilis
930 5545 1222 5603 Iustiniani
1266 5542 1645 5610 halluciuatio,

140 5730 192 5765 ⁸⁸
216 5729 436 5788 Liberat
469 5728 618 5786 Diae.
654 5728 808 5785 Brev.
835 5725 1078 5818 cap._25.

1759 4533 1826 4587 ad
1894 4534 2265 4602 patriarcham
2319 4535 2767 4604 Alexandrinum,
2818 4537 3328 4610 Jerosolymitanum

1753 4635 1804 4679 et
1828 4624 2303 4695 Tbeopolitanum,
2372 4627 2476 4681 hoc
2533 4636 2618 4682 est
2671 4630 3090 4687 Antiochenam.
3136 4633 3331 4690 Antio-

1754 4720 1929 4773 chiam
1970 4720 2169 4789 quippe
2200 4727 2319 4787 post
2368 4728 2525 4775 terrae
2559 4730 2764 4777 motum
2800 4724 3081 4794 auspicato
3111 4727 3331 4783 nomine

1755 4812 2068 4881 Theopolim
2099 4811 2438 4867 Justinianus
2490 4813 2796 4883 appellavit.
2833 4816 2913 4870 Ad
2958 4818 3074 4873 lucc
3107 4832 3172 4872 ex
3225 4833 3331 4873 uno

1754 4902 1894 4973 Περὶ
1924 4901 2126 4971 ἀρχῶν
2155 4917 2338 4972 opere,
2377 4903 2467 4972 qui
2510 4904 2743 4957 maxime
2779 4904 3041 4972 capitales
3072 4906 3169 4961 visi
3204 4916 3333 4964 sunt

1752 5009 1966 5050 errores
1992 4995 2223 5064 colligit,
2253 5004 2307 5049 et
2330 4993 2399 5049 ob
2440 4994 2707 5049 lectorum
2736 4996 2926 5050 ocn!os
2955 4997 3124 5065 ponit.
3159 4998 3327 5054 Deni-

1751 5102 1856 5157 que
1880 5087 2042 5140 vcrba
2077 5086 2189 5154 ipsa
2234 5085 2559 5156 praescrihit,
2595 5085 2647 5140 in
2698 5100 2818 5155 quae
2845 5088 3331 5147 anathetnalismos

1752 5176 2015 5231 adversus
2048 5172 2303 5245 Origenis
2347 5177 2596 5247 dogmata
2647 5176 2857 5247 concipi
2906 5179 3055 5243 velit,
3096 5196 3328 5252 quorum

1751 5276 2056 5337 postremus
2083 5267 2372 5338 Origenem
2400 5269 2573 5339 ipsum
2606 5268 2987 5327 damnatorum
3018 5272 3329 5345 dogmatum

1754 5368 2030 5414 auctorem
2055 5361 2319 5431 percellit.

1826 5450 1915 5507 IX.
1959 5452 2352 5509 Conferendum
2384 5454 2489 5511 huc
2519 5456 2732 5512 videtur
2761 5456 3109 5526 Theophanis
3137 5454 3328 5510 Nesto-

1758 5542 1895 5598 riani
1944 5544 2191 5601 monachi
2236 5543 2435 5614 visum,
2481 5548 2622 5615 quod
2669 5562 2698 5602 a
2742 5545 2961 5605 Moscho
3012 5546 3229 5627 Evirato
3265 5545 3331 5618 in
