1919 3111
255 173 318 202 ΙΙϐἸ

883 169 913 197 P.
935 166 1093 195 D.\NIELIS
1112 165 1236 194 llUETll-

1814 161 1880 193 “63

254 231 332 259 Prata
355 229 497 263 ινίνὶιυαιὶ,
518 235 578 263 cap.
600 228 646 261 26,
672 232 805 255 narratur.
824 227 933 255 Adierat
953 226 1039 263 Cyril-
1054 227 1075 255 A
1089 230 1140 259 est,
1159 226 1380 276 Romam'recens
1397 221 1520 257 profecto
1535 220 1644 273 Pelagio
1658 220 1787 276 diacono,t
1803 226 1879 254 poat-
1918 229 1919 276 ι

250 284 305 306 tum
324 276 504 310 Theophanes
517 276 560 302 illo
574 275 635 302 aliis
648 275 733 308 ipsum
749 275 783 302 de
803 277 882 301 rebus
895 279 1036 308 perconta-

249 326 337 354 turus,
348 328 426 354 qttetn
442 327 503 347 cum
518 320 543 345 in
558 318 674 345 Nestorii
693 318 751 345 luto
768 318 872 344 haerere
886 316 1037 351 perspexis-

252 372 291 396 set
305 366 430 402 Cyrillus,
448 373 528 392 orare
543 364 624 398 jussit
637 369 665 391 ut
686 371 779 398 ecqua:
800 363 889 390 verior
903 367 974 390 esset
989 362 1036 389 do—

252 410 347 440 :trina,
361 409 411 435 sibi
424 408 574 443 pateﬁeret.
587 409 680 435 Oranti
695 407 780 433 astitit
794 407 913 441 quidam,
926 412 1035 441 aspectu

252 456 389 487 terribilis,
405 460 628 489 assumptumqne
641 454 753 480 deduxit
771 454 797 480 in
809 453 979 481 tenebrosum
998 454 1037 480 lo-

251 509 322 531 cum,
341 507 368 528 et
392 500 493 527 fwtidis
511 500 617 534 ignibus
640 499 798 525 horridum:
818 503 873 524 tum
899 498 923 524 ei
940 498 1037 525 mediis

251 547 277 573 in
302 546 419 574 ﬂammis
439 544 602 572 Nestorium.
628 544 817 578 Eutychetem,
838 542 1035 577 Apollinarem,

250 591 419 624 Dioscorum,
436 590 577 621 Severum,
590 589 747 623 Origcnem,
762 593 789 616 et
801 589 869 615 alios
881 588 1036 622 aspicienti,

251 637 415 664 destinatum
431 636 502 662 hunc
516 642 577 662 esse
592 635 680 661 locum
695 634 763 661 dixit
775 634 963 661 haereticorum
979 641 1038 668 sup.

251 683 355 718 pliciis;
377 682 403 708 itt
421 689 508 715 eoque
533 681 650 708 futurum
672 685 700 706 ttt
720 686 814 714 pinnas
841 680 898 715 ipse
919 680 964 707 det
986 680 1036 706 ali-

251 729 368 763 quamlo,
382 728 463 754 nisi'a
480 727 621 761 prreceptis
636 727 726 753 animo
742 725 916 760 opinionibus
935 725 1037 752 disces-

252 774 328 800 serit.
344 773 437 800 Visum
460 772 573 807 Cyriaco
591 771 714 798 narravit
730 771 921 805 Theophanes,
947 775 975 797 et
991 777 1037 796 ca-

253 819 359 846 tholica:
383 817 509 845 Ecclesia:
524 825 622 844 nomen
637 817 720 844 dedit.
735 815 874 843 Laudatur
887 817 960 843 istud
981 815 1038 842 Μο-

251 866 310 892 schi
325 872 393 899 opus
408 864 435 892 itt
452 865 565 899 septima
583 865 697 899 synodo,
715 863 831 897 indeque
848 862 960 889 multum
986 863 1035 897 ipsi

251 910 422 939 auctoritatis
439 910 586 937 accessisse
600 909 743 937 credentes
760 909 894 944 plerique,
912 910 937 936 id
951 909 1040 937 Thco—
1057 908 1078 937 Β

252 958 348 993 pltanis
362 957 496 984 somnium
512 964 561 991 pro
575 956 649 984 edito
660 956 791 983 divinitus
803 956 912 984 oraculo
926 956 1037 984 habent.

253 1004 312 1038 Quo
337 1003 463 1038 equidem
491 1010 587 1037 parttnt
614 1009 785 1037 permoveor,
816 1011 880 1030 nam
906 1002 1039 1037 ejusmodi

252 1049 462 1077 somniationum
480 1047 556 1076 ferax
574 1053 616 1076 est
629 1048 825 1083 Graeculorum,
845 1056 876 1077 ac
887 1049 1038 1084 prazsertim

253 1095 447 1123 monachorum
467 1095 559 1127 natio;
577 1099 782 1130 etquzecunque
801 1103 850 1130 per
870 1097 955 1124 otium
972 1097 1040 1123 ima-

253 1142 347 1177 ginum
372 1141 468 1168 artifex
493 1141 592 1168 mentis
616 1141 730 1168 facultas
752 1142 837 1176 tingit,
853 1142 892 1169 sic
910 1148 1038 1177 tanquam

254 1188 300 1215 Dei
317 1186 397 1215 eﬂ'ata
409 1186 460 1214 sibi
472 1186 587 1221 aliisque
600 1193 751 1221 proponere
763 1192 886 1222 prompta
901 1192 928 1215 et
941 1186 1038 1215 facilis.

252 1234 363 1262 Minime
377 1238 466 1260 autem
487 1240 520 1260 ex
539 1233 646 1260 laudata
669 1233 694 1260 itt
717 1234 832 1268 septima
847 1234 949 1268 synodo
972 1234 1040 1261 scri-

252 1280 352 1315 ptionis
364 1279 435 1306 illitts
449 1278 549 1307 Moschi
563 1278 694 1313 particula
708 1283 794 1306 totutn
804 1286 872 1313 opus
883 1279 1040 1306 existiman-

253 1328 316 1354 dum
331 1333 430 1354 censeo
444 1334 452 1354 :
469 1325 560 1352 tttultis
581 1324 701 1360 alioquin
718 1325 859 1352 damnosis
875 1325 1042 1352 lucubratio-

253 1373 334 1399 nibus
356 1372 432 1406 plcna
455 1378 652 1405 usquequaque
676 1370 845 1405 adiungenda
868 1375 942 1398 esset
962 1371 1039 1405 ﬁdes,

253 1426 366 1453 quorutn
385 1418 515 1445 selectum
531 1417 661 1451 aliquem,
675 1417 696 1443 si
713 1416 796 1449 forte,
817 1417 904 1444 locum
920 1417 1039 1452 synodus

253 1463 342 1498 aliqua
359 1463 541 1498 usurpaverit.
560 1461 676 1497 Vigebat
695 1469 727 1489 ea
744 1467 906 1497 tempestate
923 1461 1041 1489 Joannes

253 1508 466 1540 Granmtaticus,
481 1512 665 1544 cognomento
687 1508 864 1543 Philoponus,
881 1508 1042 1536 Alexandri-

254 1562 305 1582 nus
317 1554 415 1581 litteris
428 1554 572 1589 exquisitis
581 1554 704 1588 apprime
715 1554 838 1582 eruditus
851 1565 857 1582 ;
873 1555 920 1581 sed
933 1560 1042 1590 propter

1090 279 1171 306 quam
1185 271 1255 306 apud
1271 269 1454 296 Iustinianum
1469 267 1636 302 apocrisiarii
1650 273 1762 293 munere
1774 266 1881 293 functus

1090 320 1140 344 est.
1159 316 1215 343 lloc
1226 315 1316 342 edicto
1329 313 1472 341 anathema
1487 312 1511 340 is
1521 320 1581 340 esse
1592 312 1711 346 iubetur,
1728 312 1777 345 qui
1790 310 1880 338 Theo-

1092 363 1188 389 dorum
1218 361 1448 395 Mopsuestenum,
1478 359 1525 393 qui
1558 357 1701 392 epistolam
1730 357 1765 384 ad
1794 357 1881 383 Maria

1091 409 1200 436 Persam
1216 408 1386 438 luereticum,
1400 413 1481 441 quam
1494 405 1554 432 lbas
1571 404 1769 438 conscripsisse
1782 403 1882 435 fertur.

1091 456 1193 490 quique
1218 454 1320 487 scripta
1335 451 1512 479 'Tlteodoreti
1539 451 1671 478 adversus
1693 450 1830 486 Cyrillum
1858 455 1885 475 et

1091 500 1231 528 duodecim
1253 499 1313 534 ejus
1326 498 1453 533 capitula,
1482 496 1642 523 defenderit.
1662 495 1762 523 Verum
1788 504 1885 530 perpa-

1092 555 1149 574 rum
1167 546 1193 573 id
1211 545 1300 572 valere
1319 544 1471 578 intelligens
1489 543 1636 577 imperator
1656 542 1706 569 nisi
1738 542 1884 576 episcopu-

1092 600 1151 620 rutu
1163 591 1359 626 subscriptione
1375 590 1426 615 tim
1444 597 1474 616 ac
1494 588 1575 615 robur
1588 588 1797 622 adipisceretur,
1812 589 1885 614 mul-

1092 643 1133 666 tos
1144 638 1177 664 ad
1190 644 1331 664 assensum
1351 636 1501 670 pertraxit;
1519 634 1593 661 multi
1610 634 1680 668 qttod
1697 634 1774 660 salva
1788 634 1885 667 synodi

1092 683 1321 711 Chalcedonensis
1337 683 1498 709 auctoritate
1514 681 1632 713 capitula
1653 681 1710 707 haec
1723 679 1885 706 labefactari

1092 738 1144 757 non
1160 736 1248 765 posse,
1266 734 1293 756 et
1308 729 1334 755 itt
1354 728 1544 755 ecclesiasticis
1562 728 1640 753 rebus
1654 727 1766 760 insuper
1781 726 1870 752 haben

1092 777 1152 804 dant
1166 784 1226 804 esse
1242 776 1414 809 imperatoris
1432 774 1623 800 auctoritatem
1643 773 1800 804 crederent,
1819 780 1887 798 con-

1092 823 1196 851 sentire
1213 828 1371 849 retulerunt.
1390 821 1516 855 Vigiliunt
1539 820 1627 854 ipsum
1645 820 1799 845 ltomnnum
1821 826 1887 852 pon-

1092 870 1203 901 tilicem,
1238 876 1270 895 ea
1305 873 1424 894 tuentem
1454 867 1585 901 capitula,
1617 866 1885 899 Constantinopolim

1094 916 1210 944 accersit
1232 915 1423 946 Justinianns;
1443 912 1605 939 sententiam
1628 916 1704 945 rogat
1728 918 1814 945 super
1841 911 1874 936 tri

1093 962 1144 989 bus
1158 959 1299 995 capitulis;
1313 959 1508 992 tergiversatur
1522 955 1653 990 pontifex,
1663 956 1810 989 episcopos
1823 963 1888 988 nx,
1914 961 1919 971 <

1093 1006 1139 1041 qui
1161 1005 1275 1033 aderant
1300 1004 1327 1030 in
1347 1004 1478 1038 synodum
1502 1002 1620 1036 colligit;
1638 1007 1664 1028 et
1686 1001 1752 1035 quid
1770 1002 1889 1036 quisque

1093 1051 1220 1083 sentiret,
1233 1050 1335 1085 scripto
1353 1049 1432 1075 edere
1450 1047 1526 1082 jubet
1542 1066 1549 1078 ,
1568 1047 1732 1080 dentiumque
1750 1046 1779 1072 in
1801 1045 1888 1072 Justi-

1094 1097 1166 1125 niani
1183 1095 1345 1124 sententiam
1368 1094 1510 1125 concedit;
1526 1098 1553 1119 et
1572 1100 1644 1119 anno
1659 1092 1722 1124 548,
1745 1093 1888 1119 decretum

1093 1143 1166 1176 edit,
1191 1141 1262 1177 quod
1288 1141 1442 1168 Judicnmm
1470 1139 1630 1173 appellatur,
1663 1146 1751 1172 eoque
1785 1140 1838 1165 tria
1862 1146 1890 1164 se

1095 1189 1224 1217 damnare
1239 1187 1354 1222 capitula
1370 1186 1500 1217 declarat,
1518 1185 1592 1211 salva
1617 1185 1712 1219 synodi
1730 1184 1886 1211 Chalcedo-

1094 1237 1186 1263 nensis
1210 1235 1381 1262 auctoritate.
1411 1232 1478 1259 llinc
1505 1238 1594 1258 tamen
1619 1232 1768 1258 schismata
1806 1232 1887 1257 multa

1094 1281 1209 1310 conﬂata
1225 1286 1299 1312 sunt,
1313 1289 1373 1307 (‘um
1391 1280 1485 1314 synodi
1499 1279 1579 1313 hujus
1592 1279 1773 1305 reverentiam
1791 1283 1819 1304 et
1839 1286 1888 1303 ma—

1092 1327 1218 1363 jestatem
1234 1335 1248 1353 a
1265 1327 1388 1354 Romano
1402 1326 1528 1360 pontilice
1545 1324 1670 1351 violatam
1685 1324 1808 1358 episcopi
1824 1332 1891 1357 pra).-

1095 1374 1173 1407 iipue
1198 1373 1353 1400 Occidentis
1383 1372 1587 1403 existimarent;
1619 1371 1743 1404 quamvis
1780 1371 1891 1404 urgenti

1094 1419 1258 1452 Iustiniano,
1285 1423 1314 1445 ut
1330 1420 1432 1452 absque
1457 1419 1509 1445 ulla
1530 1417 1624 1452 synodi
1648 1416 1727 1450 hujus
1749 1417 1891 1443 tuentium:

1096 1468 1122 1494 in
1149 1467 1229 1493 trium
1254 1466 1434 1500 capitulorum
1460 1465 1660 1491 damnationem
1693 1464 1888 1494 consentiret,

1095 1518 1251 1541 constanter
1269 1513 1407 1540 restiterit.
1425 1512 1477 1538 Sed
1494 1511 1600 1537 tandem
1614 1511 1645 1537 ad
1661 1511 1800 1537 saniorem
1815 1519 1888 1537 tuen-

1096 1563 1150 1586 tetn
1163 1558 1279 1586 reversis
1292 1558 1368 1585 Mena
1383 1557 1682 1591 Constantinopolitano
1694 1563 1722 1584 et
1744 1557 1890 1584 Theodern

254 1600 464 1627 catholicaetidei
475 1600 614 1627 contraria
624 1600 748 1635 dogmata
760 1600 832 1627 inter
846 1601 987 1628 hazreticos
995 1609 1039 1627 re-
1055 1591 1077 1622 ο
1093 1605 1268 1637 Caesariensi,
1283 1611 1351 1638 quos
1365 1612 1379 1630 a
1396 1612 1442 1630 sua
1459 1604 1650 1630 communione
1669 1609 1828 1637 removerat
1847 1603 1890 1628 Υἱ-

255 1647 335 1679 latus,
352 1654 413 1673 nam
421 1645 618 1674 'l'ritbeitarum
631 1653 728 1681 parens
742 1646 803 1679 fuit,
816 1647 927 1682 etjuxta
948 1647 1043 1683 Orige-

254 1699 315 1719 ncm
327 1698 471 1726 corporum
489 1691 718 1719 resurrectionem
728 1692 865 1720 inliciatus
878 1697 928 1725 est,
941 1694 1043 1727 scripto

255 1737 317 1764 inid
330 1741 523 1772 argumentum
540 1744 625 1771 opere
643 1744 697 1771 quo
716 1737 825 1765 Patrum
851 1739 1040 1766 auctoritatent

255 1782 370 1810 ludibrio
381 1782 572 1815 habuit;seda
588 1783 741 1810 Theodosio
758 1785 902 1816 monacho,
920 1785 1041 1817 Conone,

254 1828 374 1863 Eugenio
401 1833 427 1856 et
444 1829 594 1857 Tltemistio
612 1829 765 1857 luculenter
779 1830 912 1858 relutatus
927 1837 979 1862 est.

289 1874 325 1902 Χ.
346 1874 382 1901 At
395 1874 554 1902 Theodorus
568 1875 681 1902 Ascidas
693 1875 919 1910 Origenistarnm,
936 1883 963 1906 et
977 1879 1042 1907 Ace-

255 1920 411 1955 phalorutn,
442 1921 499 1947 sive
530 1920 780 1958 Monophysitarum
810 1923 951 1957 columen,
982 1933 1042 1952 cum

253 1964 399 2000 Origenem
416 1965 449 1992 ab
464 1966 598 2001 episcopis
612 1966 758 1995 Justiniani
772 1976 855 2003 opera
872 1971 1042 2004 reprobatum

254 2018 327 2045 :cgre
352 2010 446 2044 ferret,
473 2010 646 2040 Theodorum
675 2013 845 2048 Mopsuestia:
874 2015 1042 2050 epist-opum,

255 2056 419 2092 Origeniano
438 2058 552 2090 nontini,
569 2059 632 2085 dum
645 2058 757 2091 viveret,
772 2060 918 2092 infensum,
932 2065 959 2088 ct
976 2062 1044 2088 mul-

257 2103 291 2130 tis
314 2104 445 2130 adversus
464 2111 523 2130 eum
543 2104 622 2132 editis
642 2105 778 2139 opusculis
799 2106 932 2134 celebrem
956 2115 1043 2142 oppu-

256 2149 392 2183 gnandum
417 2149 480 2181 sibi,
503 2154 530 2176 et
551 2150 735 2178 anathcmalis
758 2152 956 2186 subjiciendum
980 2161 1044 2188 pro-

257 2193 356 2228 posuit,
376 2194 410 2221 ob
427 2194 452 2221 id
477 2195 606 2227 maxime,
629 2196 700 2230 qttod
720 2204 735 2222 a
759 2196 972 2226 Chalcedonensi
999 2207 1045 2234 sy-

1093 1652 1186 1686 gilius,
1203 1656 1230 1679 et
1250 1651 1388 1684 abrogatis
1414 1651 1476 1677 item
1494 1651 1600 1683 edictis,
1618 1658 1676 1685 quae
1691 1651 1724 1677 de
1739 1650 1828 1677 tribus
1845 1658 1889 1677 ca-

1094 1696 1187 1731 pitulis
1215 1696 1400 1731 publicaverat
1424 1695 1604 1727 Justinianus,
1634 1696 1737 1729 placuit
1762 1696 1890 1730 legitimis

1094 1742 1196 1777 synodo
1210 1742 1391 1776 qutcstionum
1408 1742 1514 1768 illarum
1535 1742 1762 1776 disceptationem
1776 1748 1804 1769 et
1817 1743 1889 1769 arbi-

1095 1788 1176 1815 trium
1193 1787 1324 1821 permitti.

1128 1833 1185 1861 Xll.
1213 1833 1428 1867 Origenistarum
1456 1834 1563 1861 interim
1589 1839 1662 1861 secta
1686 1835 1711 1861 in
1742 1833 1889 1861 Palmstiua

1095 1887 1202 1907 rursum
1218 1887 1249 1906 ac
1266 1880 1362 1906 vicinis
1383 1880 1538 1915 regionibus
1560 1888 1627 1907 nova
1654 1881 1823 1907 incrementa
1841 1888 1889 1907 ca-

1095 1925 1195 1959 piebat.
1219 1924 1320 1952 Scribit
1344 1925 1474 1952 Leontius
1491 1925 1638 1960 Neapoleos
1660 1926 1740 1961 Cypri
1762 1927 1889 1959 antistes,
1917 1934 1919 1938 ‘

1094 1969 1139 2004 qui
1167 1970 1294 1997 Heraclio
1325 1971 1484 2005 imperatori
1510 1978 1616 1998 corcvus
1643 1972 1701 2002 fuit,
1725 1973 1888 2006 quaesivism

1095 2014 1242 2049 aliquando
1258 2015 1328 2042 inter
1345 2023 1374 2042 se
1398 2016 1464 2042 duas
1487 2016 1620 2043 Asceterii
1640 2016 1794 2051 cujusdam,
1817 2019 1890 2051 quod

1095 2067 1155 2089 erat
1179 2062 1283 2090 Emesze
1307 2063 1472 2097 prosimnm,
1501 2065 1661 2093 monachos,
1684 2072 1733 2091 cur
1755 2064 1890 2099 Origenes

1096 2108 1240 2135 htereticus
1262 2107 1323 2143 (sic
1338 2109 1408 2135 enim
1427 2109 1594 2143 appellatur)
1611 2109 1691 2136 tantis
1709 2119 1723 2136 a
1744 2110 1799 2137 Deo
1819 2111 1887 2137 dati-

1095 2152 1144 2180 bus
1159 2157 1272 2181 ornatus
1287 2154 1339 2180 [ide
1356 2155 1512 2181 excidisset.
1533 2156 1655 2189 Cumque
1672 2156 1742 2183 alter
1759 2164 1813 2183 non
1829 2157 1887 2187 Dei,

1095 2198 1141 2226 sed
1157 2204 1261 2226 natura:
1278 2200 1388 2233 donum,
1400 2208 1459 2227 eam
1475 2208 1526 2234 qua
1542 2201 1657 2235 pollebat
1670 2202 1812 2228 scientiam
1829 2210 1886 2229 esse

257 2240 327 2266 nodo
357 2239 445 2266 fuerat
469 2239 604 2267 laudatus.
629 2240 789 2275 imperatori
818 2242 910 2277 itaque
936 2245 1043 2272 concilii
1061 2262 1081 2289 ο
1096 2249 1248 2279 pugnaret;
1269 2245 1337 2272 alter
1362 2252 1456 2272 contra
1482 2247 1617 2274 neminem
1635 2255 1666 2274 ex
1691 2252 1795 2274 naturae
1819 2249 1886 2275 dono

256 2285 336 2318 hujus
350 2286 540 2313 auctoritatem
561 2287 692 2313 adversus
707 2287 857 2322 Acepltalos
872 2289 983 2323 scriptis
999 2291 1044 2317 de-

256 2330 388 2363 fendenti,
413 2330 507 2358 favore
522 2331 672 2359 Theodora:
692 2334 820 2368 Angusta:
834 2336 965 2370 suggerit,
985 2336 1042 2362 fru-

257 2382 312 2403 stra
338 2378 475 2404 scribendi
494 2377 614 2405 laborem
641 2379 675 2405 ab
695 2387 728 2406 eo
747 2381 860 2415 suscipi,
883 2383 930 2416 qui
952 2388 1043 2417 posset

256 2422 407 2456 Accpltalos
422 2423 454 2449 ad
469 2430 544 2449 suam
557 2425 774 2452 communionem
796 2428 954 2461 compendio
968 2437 1042 2456 revo-

257 2474 332 2498 care,
351 2467 373 2493 si
393 2467 550 2494 Theodorus
569 2468 781 2504 Mopsuestenus,
796 2477 823 2498 et
844 2472 894 2500 Ibre
913 2473 1041 2501 Edesseni

257 2512 291 2538 ad
306 2510 390 2538 Marin
407 2512 517 2539 Persam
530 2513 654 2547 epistola,
669 2520 761 2550 utpote
783 2516 900 2545 Nestorii
916 2518 959 2547 lue
977 2527 1043 2547 con-

259 2556 400 2589 taminata,
418 2563 445 2584 et
455 2557 616 2587 Theodoreti
629 2561 820 2596 castigationes
833 2564 963 2592 adversus
976 2566 1043 2593 dno-

258 2603 346 2630 decim
363 2603 456 2639 Cyrilli
470 2606 586 2639 capitula
601 2607 658 2633 sive
674 2609 915 2638 anatltematismos
931 2613 1042 2640 totidem

257 2647 374 2675 Nestorii
407 2650 642 2678 anathematismis
664 2654 804 2687 oppositos
832 2655 1042 2691 damnarentur;

257 2694 300 2721 his
315 2695 413 2729 quippe
424 2696 621 2730 Accpltalorum
636 2705 696 2725 cum
710 2698 858 2728 Catholicis
870 2703 1043 2730 concordiattt

257 2741 376 2768 maxime
393 2742 536 2768 retardari.

295 2786 340 2814 XI.
359 2788 482 2815 Assensit
500 2788 625 2816 credulus
647 2791 805 2826 imperator,
820 2798 847 2821 et
863 2795 937 2829 pacis
952 2795 977 2822 in
994 2796 1044 2824 Ec-

258 2833 340 2860 clesia
367 2835 542 2863 concilianda:
568 2836 681 2871 cupidus
706 2838 824 2866 edictmn
854 2848 867 2867 a
901 2841 1045 2870 Theodoro

258 2879 357 2906 Assido
380 2880 525 2910 contictum
550 2889 604 2923 suo
623 2884 732 2924 nomine
758 2886 919 2921 promulgari
949 2895 1044 2921 passus

1096 2291 1226 2325 ejusmodi
1253 2292 1387 2319 excudere
1404 2300 1485 2327 opera
1504 2300 1582 2326 posse
1597 2295 1780 2328 pertenderet,
1798 2296 1887 2331 qualia

1097 2337 1131 2362 ab
1151 2343 1184 2364 eo
1208 2337 1364 2371 conscripta
1387 2344 1467 2371 sunt;
1491 2339 1578 2366 visunt
1596 2341 1703 2374 utrique
1725 2346 1767 2368 est
1783 2348 1841 2368 rem
1856 2342 1888 2368 ad

1097 2381 1247 2410 Palaestinae
1270 2391 1426 2415 mommnos,
1446 2392 1561 2418 quorum
1580 2391 1634 2412 ttttn
1657 2394 1753 2421 magna
1775 2395 1888 2422 percre-

1097 2428 1193 2455 buerat
1211 2428 1294 2463 fama,
1316 2430 1516 2462 dijtnlicandant
1533 2432 1648 2459 deferre.
1665 2432 1784 2466 Pergunt
1801 2434 1838 2460 illi
1855 2435 1887 2460 ad

1098 2475 1262 2502 monasteria
1285 2477 1351 2502 mari
1375 2477 1480 2503 Mortuo
1502 2479 1680 2510 contermina,
1707 2485 1733 2506 et
1754 2479 1885 2507 Joannem

1097 2521 1222 2548 abbatem
1246 2528 1278 2548 ac
1299 2521 1453 2549 Simeonem
1477 2529 1583 2558 rogant,
1606 2525 1702 2559 ecquid
1718 2525 1750 2552 de
1767 2534 1796 2553 re
1817 2527 1885 2554 inter

1097 2572 1127 2592 se
1140 2566 1253 2600 quaesita
1268 2568 1388 2594 sentiant
1404 2575 1411 2593 ε
1431 2568 1467 2594 illi
1484 2576 1549 2596 vero
1568 2569 1725 2597 Simeonem
1744 2570 1827 2598 alium
1843 2580 1884 2598 co-

1098 2617 1244 2650 gnomento
1260 2610 1349 2639 Salutn
1369 2612 1455 2647 (quod
1476 2618 1527 2646 est,
1543 2619 1571 2640 ut
1586 2615 1713 2649 conjicio,
1726 2607 1808 2650 SHT-27,
1830 2626 1884 2643 mn-

1100 2661 1156 2683 tato
1169 2648 1186 2686 '7
1201 2656 1273 2684 ﬁnali
1290 2658 1316 2684 in
1336 2667 1359 2690 ς,
1375 2660 1600 2693 quemadmodum
1621 2662 1646 2688 in
1670 2648 1811 2695 ‘Avvf61;,
1839 2672 1885 2699 pro

1098 2701 1230 2738 Annibal)
1248 2703 1274 2730 id
1292 2709 1334 2731 est
1353 2705 1478 2732 insanum
1500 2711 1528 2733 et
1547 2707 1669 2741 fatuum,
1686 2708 1791 2737 Emesa:
1811 2710 1884 2737 habi-

1100 2753 1201 2775 tantem
1214 2749 1316 2777 cansuli
1329 2750 1434 2784 jnbcnt.
1450 2751 1498 2778 Vir
1513 2752 1658 2781 ille‘fastus
1674 2763 1706 2782 ac
1720 2755 1814 2783 inanis
1830 2757 1880 2791 glo-

1099 2794 1146 2821 ria:
1159 2795 1346 2828 proculcandae
1358 2804 1437 2824 causa
1453 2799 1611 2826 modestiam
1627 2807 1703 2827 suant
1716 2801 1882 2829 delirationis

1099 2844 1276 2872 simulatione
1289 2847 1409 2880 tegebat,
1426 2847 1560 2883 vulgoque
1571 2856 1621 2883 pro
1636 2849 1757 2877 motione
1771 2850 1881 2878 habeba—

1100 2890 1379 2934 tur..»ls‘lupinorttttt..
1388 2898 1531 2936 quostum
1541 2894 1611 2923 torte
1622 2896 1800 2926 comedebat.
1813 2903 1884 2927 διω-
