3838 6222
104 393 240 450 H69

947 393 1519 452 ORIGENIANORUM
1560 394 1688 454 LIB.
1729 396 1793 463 ll,
1832 398 1982 454 CAP.
2024 398 2112 461 IV,
2157 398 2349 453 SECT.
2391 398 2449 455 Il.

3206 396 3344 450 H70

102 517 223 572 bolo
268 530 416 578 usus,
466 516 791 571 adeuntibus
834 519 1119 573 monachis
1152 519 1494 588 significavit,
1542 520 1664 575 Ori-
1698 524 1744 581 Α
1775 521 1918 574 mine.
1938 519 2246 575 Christiano
2269 518 2503 574 latenter
2528 519 2579 571 in
2610 518 2844 572 Ecclesia
2868 516 3063 586 gentile
3093 516 3343 584 Origenis

100 611 290 670 gcn'em
316 603 527 670 ingenio
550 618 651 658 suo
674 605 961 672 conlisum,
989 622 1110 661 cum
1134 609 1324 662 altiora
1350 620 1667 675 seetaretur,

101 694 155 746 in
187 708 337 746 mare
372 693 577 762 lapsum
607 695 855 764 periisse.
887 696 999 752 Hoc
1032 698 1150 767 ipso
1178 713 1321 752 anno
1345 700 1670 770 Origenismi

99 794 410 851 suspectum
433 785 723 840 Macarium
749 785 1262 859 Jerosolymitanum
1281 792 1670 860 patriarcham,

99 876 414 944 priusquam
445 877 763 933 electionem
808 879 980 949 ipsius
1016 880 1274 951 suffragio
1304 885 1671 953 suo.impera—

102 976 190 1019 tor
223 968 552 1030 roborasset,
589 970 719 1024 sede
754 984 851 1024 sua
896 972 1239 1027 deturbatum
1289 974 1455 1029 fuisse
1486 986 1674 1031 narrat

100 1058 407 1128 Evagrins:
442 1071 496 1113 at
520 1061 571 1113 in
605 1062 849 1115 eamdem
877 1061 1156 1134 aliquanto
1182 1074 1305 1135 post
1336 1068 1669 1135 restitutum,

100 1164 224 1203 cum
264 1151 574 1219 Origenem,
609 1153 898 1222 Evagrium
928 1167 983 1211 et
1027 1156 1308 1228 Didymnm
1339 1161 1668 1228 damnasset,

102 1242 172 1293 ab
204 1242 393 1296 eodem
426 1243 691 1309 proditum
724 1254 826 1299 est.
864 1246 1127 1312 Quamvis
1158 1261 1339 1303 autem
1380 1252 1590 1319 publice
1620 1263 1673 1306 et

99 1332 355 1400 privatim
402 1332 661 1402 Origenes
704 1337 1082 1405 infamaretur,
1131 1342 1303 1397 nihilo
1344 1347 1517 1414 magis
1549 1344 1672 1401 Ori-

99 1427 434 1495 genistarnm
462 1429 869 1487 Palaestinorum
898 1435 1061 1489 animi
1092 1439 1487 1503 consederunt;
1516 1456 1670 1495 cum-

98 1529 205 1584 que
233 1517 285 1570 in
317 1517 462 1571 Nova
494 1522 761 1590 prtecipue
791 1522 966 1578 Laura
997 1536 1147 1582 secta
1188 1530 1426 1597 ipsorum
1465 1531 1670 1585 invale-

98 1618 299 1670 sceret,
329 1608 397 1663 ab
429 1607 725 1666 Eustochio
752 1611 1211 1687 Jerosolymorum
1262 1620 1516 1690 episcopo
1550 1621 1673 1675 inde

99 1700 306 1754 extrusi
337 1710 481 1756 sunt.
519 1701 578 1757 In
613 1706 792 1761 varias
818 1707 893 1761 illi
926 1718 1110 1778 partes
1139 1710 1499 1777 disseminati,
1530 1712 1669 1766 mul-

101 1800 186 1846 tos
212 1792 481 1862 dogmatis
512 1796 624 1851 suis
670 1797 942 1855 inescatos
974 1800 1040 1855 ad
1077 1815 1233 1871 opem
1263 1802 1363 1856 sibi
1393 1801 1669 1858 ferendam

1776 612 1971 682 dogma
2005 620 2305 665 sectantur.
2356 610 2422 663 Et
2448 610 2573 679 quia
2606 624 2699 678 per
2729 607 3042 663 instantiam
3085 617 3187 660 tua:
3219 604 3344 658 reli-

1773 704 1948 773 gionis
1977 703 2217 772 ejusdem
2267 700 2479 771 profani
2527 701 2796 770 dogmatis
2840 699 3030 752 iterata
3067 697 3343 750 damnatio

1773 804 1889 861 est;
1917 795 2042 848 hinc
2068 795 2187 862 ejus
2210 802 2510 847 sectatores
2535 798 2859 845 exarserunt
2888 790 3146 843 adversus
3168 788 3345 842 Eccle-

1774 886 1931 953 siam,
1971 894 2277 955 quaerentes
2325 899 2443 943 eam
2485 896 2806 950 quacunque
2848 888 3070 949 possent
3109 880 3161 933 in
3213 878 3343 932 mis-

1775 978 1930 1031 sione
1961 977 2199 1030 turbare.
2229 975 2292 1029 Et
2323 974 2427 1029 hoc
2461 983 2632 1028 totum
2656 972 2925 1040 publicam
2955 970 3198 1024 notitiam
3236 983 3340 1022 non

1774 1067 1978 1137 effugit,
2022 1065 2325 1135 prmsertim
2355 1078 2476 1118 cum
2505 1074 2560 1117 et
2608 1063 2944 1119 Domitianus
2974 1060 3189 1129 quidem
3228 1062 3338 1112 An-

1775 1160 2017 1228 cyrensis
2054 1157 2289 1212 civitatis
2315 1157 2597 1225 episcopus
2628 1154 2919 1225 provincia:
2948 1152 3135 1221 prima:
3175 1149 3340 1204 Gala-

1777 1251 1883 1314 tiae,
1912 1250 2000 1319 qui
2043 1248 2142 1303 fuit
2184 1249 2351 1316 ipsius
2378 1246 2721 1317 Origeniaua:
2766 1244 2987 1298 hmresis
3024 1240 3343 1295 manifestus

1774 1350 2036 1406 assertor,
2066 1356 2161 1410 per
2199 1340 2435 1394 libellum
2463 1353 2621 1408 quem
2651 1335 2715 1389 ad
2738 1335 3109 1389 beatissimum
3150 1346 3342 1400 papam

1776 1432 2026 1503 Vigilium
2066 1433 2305 1503 scripsit,
2356 1434 2464 1487 Deo
2511 1436 2863 1499 extorquente
2908 1426 3191 1481 confessus
3236 1433 3341 1489 est,

1774 1527 1917 1596 quod
1946 1524 2059 1592 ejus
2090 1524 2383 1591 complices
2424 1520 2762 1591 Origeniani,
2799 1534 2920 1573 cum
2962 1518 3212 1571 viderent
3235 1529 3343 1568 non

1773 1630 1832 1670 se
1878 1628 2037 1683 posse
2086 1612 2363 1683 proprium
2410 1610 2605 1678 dogma
2652 1607 2961 1670 defendere,
3015 1619 3193 1673 neque
3243 1603 3345 1657 sibi

1774 1705 2061 1775 quidquam
2117 1702 2228 1772 spei
2273 1703 2339 1757 de
2386 1699 2640 1756 conﬂictu
2687 1707 2914 1757 restare.
2967 1697 3034 1750 ad
3083 1695 3341 1748 ultionem

1773 1810 1959 1849 eorum
1989 1809 2109 1863 quae
2135 1803 2324 1848 contra
2354 1792 2640 1862 Origenem
2666 1798 2813 1860 gesta
2845 1796 2987 1849 sunt,
3020 1790 3131 1841 haec
3155 1786 3345 1841 Eccle-

97 1882 460 1950 pellexerunt.
503 1887 747 1958 Impense
792 1890 1008 1946 favebat
1054 1892 1161 1946 illis
1212 1891 1525 1949 Theodorus
1581 1893 1673 1949 ille
1703 1883 1745 1938 B
1774 1886 1866 1941 sia:
1890 1886 2141 1940 scandala
2179 1892 2607 1940 commoverunt.
2644 1902 2662 1935 ι
2698 1883 2852 1950 Quod
2878 1891 2931 1935 et
2954 1880 3155 1935 clarius
3189 1894 3344 1947 repe-

99 1987 261 2040 quem
291 1974 402 2029 dixi
427 1976 670 2042 Ascidas,
692 1977 979 2035 Iustiniani
1004 1981 1350 2037 consiliorum
1380 1985 1669 2053 particeps,

101 2082 406 2137 magnaque
423 2070 530 2138 ipsii
560 2069 929 2128 familiaritate
955 2072 1296 2142 conjunctus.
1330 2074 1555 2130 Factum
1583 2077 1672 2134 ille

100 2159 382 2216 Eustochii
430 2163 770 2232 vituperabat
813 2166 1015 2233 palam,
1060 2175 1116 2221 et
1170 2166 1222 2220 in
1273 2168 1445 2236 ipsum
1491 2168 1668 2221 aulam

97 2254 493 2309 commovebat.
530 2254 710 2323 Atque
760 2256 901 2313 hanc
942 2258 1197 2325 cogendte
1244 2259 1445 2327 quintae
1478 2259 1669 2330 synodi

97 2360 319 2402 causam
358 2346 524 2402 fuisse
552 2347 798 2403 scribunt
826 2348 1092 2418 Evagrius
1124 2361 1178 2403 et
1203 2350 1560 2422 Nicephorus.

169 2433 304 2488 Xlll.
351 2436 546 2491 Coacta
592 2436 1058 2509 Constantinopoli
1103 2442 1308 2511 synodo
1353 2458 1497 2497 anno
1543 2444 1667 2507 555,

96 2524 285 2578 multis
308 2525 359 2577 in
386 2539 447 2580 ea
476 2528 541 2580 de
581 2528 753 2583 tribus
780 2529 1028 2597 capitulis
1058 2539 1237 2586 actum
1263 2542 1364 2585 est.
1397 2533 1529 2599 Quae
1555 2536 1670 2589 sin-

96 2614 221 2684 gnla
258 2615 364 2671 huc
397 2618 600 2673 referre
628 2620 877 2687 quoniam
923 2635 1030 2676 non
1062 2631 1145 2676 est
1187 2624 1356 2677 nostri
1400 2625 1666 2690 instituti,

96 2706 301 2762 dixisse
342 2709 445 2763 hoc
482 2726 645 2764 unum
692 2710 943 2776 sufficiat,
1006 2714 1276 2768 renitente
1322 2713 1534 2785 Vigilio,
1577 2719 1667 2786 qui

94 2798 290 2869 synodi
321 2799 669 2857 celebrationi
696 2817 793 2871 pro
819 2802 1023 2857 viribus
1051 2804 1455 2870 intercesserat,
1486 2815 1539 2860 et
1567 2809 1664 2860 tria

96 2889 327 2958 capitula
366 2891 538 2947 denuo
568 2892 897 2949 defendenda
928 2904 1255 2964 sumpserat,
1291 2897 1543 2951 damnata
1579 2889 1665 2952 illa

94 2982 447 3039 nihilominus
482 2983 675 3051 fuisse,
711 2996 763 3041 et
803 2986 1055 3057 Vigilium
1098 2986 1393 3054 Theodori,
1442 2989 1566 3058 lbte,
1616 3001 1668 3045 et

96 3075 421 3132 Theodoreti
463 3088 637 3146 partes
676 3088 911 3134 tuentem
948 3094 1043 3149 per
1084 3080 1320 3136 libellum
1357 3097 1387 3136 a
1424 3097 1482 3137 se
1512 3097 1665 3138 com-

93 3167 353 3237 positum,
384 3177 439 3221 et
482 3167 786 3223 Justiniano
832 3171 1079 3237 missum,
1115 3186 1273 3240 quem
1307 3171 1664 3229 Constitutum

95 3258 411 3328 appellavit,
452 3270 506 3315 et
535 3262 764 3317 concilio
799 3262 1144 3318 subscribere
1196 3274 1568 3343 recusantem,
1609 3266 1665 3320 in

92 3348 395 3403 custodiam
448 3350 613 3406 fuisse
664 3362 868 3416 actum,
920 3371 939 3405 ‹
990 3354 1260 3409 modicum
1302 3355 1350 3409 ei
1406 3356 1559 3424 panis
1614 3366 1669 3412 et

94 3453 247 3508 aqum
296 3459 316 3492 ›
356 3440 522 3496 fuisse
568 3444 993 3511 suppeditatum,
1037 3454 1095 3498 ut
1148 3446 1312 3501 habet
1351 3446 1669 3502 Anastasius

91 3531 145 3583 in
206 3531 376 3599 ipsius
438 3531 579 3598 Vita,
627 3534 934 3605 multosque
978 3537 1261 3606 episcopos
1320 3554 1385 3593 ex
1442 3538 1667 3609 Illyricis

90 3623 365 3690 praecipue
385 3632 437 3678 et
458 3624 623 3690 Afris,
654 3628 898 3681 eamdem
925 3628 994 3681 ob
1017 3642 1236 3683 causam
1260 3630 1478 3685 sedibus
1499 3630 1667 3685 fuisse

90 3712 355 3781 dejectos,
385 3715 580 3770 exsilio
612 3716 920 3783 mulctatos,
957 3725 1013 3772 ct
1040 3718 1213 3773 modis
1242 3720 1490 3775 omnibus
1527 3720 1666 3775 male

89 3803 341 3870 habitos;
398 3806 531 3860 alios
584 3807 783 3863 ditatos
842 3810 1158 3865 muneribus
1202 3825 1479 3866 assensum
1529 3827 1667 3881 pra-

88 3895 333 3950 buisse:
390 3897 484 3951 sed
542 3898 842 3953 Romanam
892 3900 1109 3956 demum
1168 3902 1467 3957 Ecclesiam
1524 3905 1666 3959 inter

90 3992 460 4047 meumenicas
506 4002 561 4047 et
616 3992 884 4062 legitimas
936 3995 1172 4066 synodos
1237 3998 1480 4065 quintam
1511 4038 1527 4062 ,
1578 4000 1669 4060 vel

90 4090 274 4160 Vigilii
327 4091 512 4160 ipsius,
558 4092 643 4148 vel
692 4091 917 4164 Pelagii,
964 4094 1305 4164 aliorumque
1348 4097 1662 4166 pontificum

88 4193 227 4237 nutu
276 4183 595 4249 admisisse;
643 4193 698 4239 et
741 4186 807 4240 ab
853 4186 1067 4251 exsilio,
1154 4198 1347 4258 rogatu
1398 4188 1660 4256 Narsetis,

88 4283 406 4328 revocatum
436 4286 558 4327 cum
591 4272 712 4329 aliis
742 4274 1019 4343 Vigilium,
1070 4275 1198 4330 dum
1244 4277 1470 4333 Romam
1507 4294 1658 4349 repe-

87 4375 251 4430 teret,
286 4366 339 4419 iu
386 4366 569 4421 Sicilia
615 4367 835 4422 obiisse.
882 4366 1223 4423 Manifestum
1262 4371 1444 4440 itaque
1487 4384 1661 4429 estex

84 4457 520 4528 Origenistarum
572 4457 1032 4523 altercationibus,
1064 4467 1120 4513 et
1158 4458 1355 4529 Pelagii
1393 4476 1456 4516 ac
1483 4463 1660 4518 Theo-

1775 1980 1835 2032 tit
1864 1979 1957 2032 lib.
1989 1995 2062 2041 Iv,
2095 1994 2215 2047 cap.
2256 1978 2310 2032 4.

1841 2072 1980 2127 XIV.
2024 2069 2214 2126 Utrum
2256 2086 2415 2141 porro
2455 2069 2520 2123 de
2559 2069 2795 2138 Origene
2832 2081 2898 2123 ac
2933 2064 3257 2135 Origenistis
3289 2063 3343 2118 in

1771 2167 1953 2235 quinta
1993 2165 2195 2235 synodo
2235 2175 2417 2218 actum
2450 2166 2541 2226 sit,
2584 2159 3015 2229 investigandum
3058 2167 3182 2212 est:
3218 2171 3342 2209 nam

1764 2258 1837 2311 de
1874 2257 1941 2311 iis
1971 2258 2184 2325 penitus
2224 2256 2436 2310 siluisse
2471 2256 2638 2323 ipsam
2670 2253 2817 2307 nulla
2852 2266 2982 2305 usus
3014 2248 3337 2304 circuitione

1770 2349 2043 2404 Halloxins
2070 2349 2338 2414 asseruit,
2379 2358 2431 2403 et
2456 2362 2575 2416 quae
2599 2354 2747 2410 ante,
2787 2343 2872 2399 vel
2904 2351 3024 2412 post
3048 2339 3351 2395 concilium

1769 2443 2027 2497 adversus
2054 2441 2336 2510 Origenem
2368 2449 2516 2509 gesta
2553 2448 2698 2501 sunt,
2743 2451 2805 2490 ea
2850 2434 3049 2487 multos
3090 2430 3174 2484 vel
3208 2429 3335 2483 odio

1769 2532 2036 2601 Origenis,
2080 2533 2163 2585 vel
2203 2530 2513 2599 imperatori
2557 2528 2860 2587 adulantes,
2894 2524 2976 2577 vel
3026 2521 3343 2577 humanitus

1780 2625 1983 2692 lapsos,
2024 2625 2073 2675 in
2110 2624 2341 2677 concilio
2377 2622 2493 2691 ipso
2528 2631 2679 2689 gesta
2727 2616 3035 2686 scripsisse.
3078 2613 3343 2682 Equidem

1768 2715 1848 2769 sic
1875 2714 2002 2767 olim
2042 2713 2383 2767 existimasse
2418 2724 2505 2765 me
2541 2709 2737 2773 fateor,
2773 2707 2916 2776 quod
2946 2704 3141 2773 jactari
3182 2703 3343 2772 vulgo

1767 2817 1820 2860 et
1848 2806 1992 2859 credi
2030 2806 2185 2869 solet,
2218 2804 2382 2874 hujus
2420 2801 2740 2857 auctoritate
2772 2798 2984 2854 concilii
3021 2798 3342 2852 damnatum

1767 2896 1935 2953 fuisse
1976 2897 2286 2967 Origenem,
2328 2895 2685 2965 Origenisqne
2732 2891 3060 2954 doctrinam,
3104 2888 3156 2941 id
3189 2886 3342 2941 Grie-

1766 3005 1951 3045 corum
1984 2989 2173 3042 fraude
2206 2987 2370 3043 fuisse
2401 2987 2712 3051 conlictum,
2742 2993 2796 3038 et
2828 2984 2882 3036 in
2912 2980 3127 3051 Evagrii
3166 2979 3340 3034 histo—

1766 3082 1900 3137 riam
1942 3080 2174 3135 fortasse
2200 3081 2482 3136 insertum.
2504 3079 2586 3131 Ad
2624 3077 2675 3131 id
2709 3074 3036 3131 credendum
3064 3070 3148 3124 his
3172 3069 3342 3139 potis-

1766 3176 1962 3231 simum
1987 3173 2286 3228 rationibus
2314 3171 2666 3242 permovebar
2702 3186 2714 3221 :
2746 3166 2950 3222 nullam
2977 3165 3031 3219 in
3056 3162 3193 3219 actis
3217 3174 3339 3215 con-

1771 3269 1882 3324 cilii
1927 3268 2179 3338 Origenis
2226 3277 2442 3321 exstare
2485 3264 2914 3326 damnationem,
2956 3258 3158 3315 nullam
3199 3256 3340 3325 apud

1772 3360 2045 3416 Victorem
2076 3358 2487 3421 Tununensem,
2514 3355 2597 3410 vel
2626 3354 2965 3417 Facundum,
2990 3352 3182 3407 horum
3212 3356 3322 3403 tem

1769 3468 1960 3522 porum
1996 3451 2253 3520 aequales,
2285 3456 2340 3504 et
2375 3463 2555 3502 rerum
2596 3455 2871 3518 gestarum
2908 3452 3095 3499 testes.
3141 3440 3338 3498 Verum

1770 3559 1829 3598 re
1861 3542 2167 3598 accuratius
2199 3541 2690 3611 pcnsitata,actam
2731 3538 2783 3591 in
2819 3537 3026 3607 synodo
3065 3532 3338 3603 Origenis,

1768 3633 2311 3706 Origenistarumque
2344 3647 2586 3696 causam,
2620 3632 2903 3700 ipsumque
2939 3643 3060 3683 cum
3091 3625 3338 3690 asseclis,

1765 3737 1821 3785 et
1857 3727 2126 3798 dogmatis
2156 3725 2493 3789 damnatum,
2534 3732 2589 3778 et
2622 3719 2988 3775 anathematis
3023 3716 3336 3773 confossum

1766 3820 1933 3877 fuisse
1985 3833 2090 3872 non
2141 3828 2436 3885 persuasus
2481 3829 2598 3868 sum
2639 3812 2824 3877 modo,
2877 3812 2971 3866 sed
3031 3811 3339 3879 quicunque

1765 3912 1925 3967 etiam
1967 3908 2124 3964 aliter
2162 3907 2417 3970 senserit,
2448 3907 2528 3959 vel
2561 3920 2749 3975 parum
2790 3912 3076 3967 attentum,
3117 3901 3202 3957 vel
3232 3915 3337 3954 non

1766 4003 1898 4057 satis
1932 4000 2221 4070 pudentem
2246 4012 2367 4053 esse
2395 4006 2671 4066 Oportere.
2703 3996 2911 4052 Causas
2947 4010 3045 4049 cur
3073 3993 3128 4048 id
3159 3992 3339 4048 credi-

1765 4094 1933 4150 derim
1976 4093 2077 4147 has
2122 4090 2305 4146 habui.
2351 4090 2592 4148 Primum
2626 4089 2791 4144 totius
2835 4088 2912 4143 rei
2944 4101 3235 4151 summam,
3285 4094 3341 4138 et

1763 4188 1926 4241 verba
1966 4186 2083 4255 ipsa
2125 4184 2488 4239 anathematis
2532 4184 2598 4238 ab
2636 4182 2866 4251 Evagrio
2910 4181 3078 4236 relata
3106 4194 3228 4235 esse
3255 4179 3337 4233 vi-

1763 4277 1886 4343 deo,
1916 4290 2075 4345 quem
2112 4283 2282 4328 totum
2310 4273 2678 4329 Graeculorum
2711 4288 2905 4342 agmen
2936 4274 3203 4342 sequitur,
3241 4288 3335 4326 au-

1765 4379 1880 4423 ctor
1952 4368 2201 4423 Chronici
2280 4366 2646 4431 Alexandrini,
2704 4364 2969 4432 Georgius
3027 4364 3333 4435 Syncellus,

1765 4461 2146 4531 Theophanes,
2194 4458 2421 4513 Photins
2472 4460 2523 4512 in
2567 4458 2746 4513 libello
2791 4458 2871 4511 De
2910 4458 3149 4526 synodis,
3178 4455 3336 4533 ‘Nilus

85 4552 210 4606 dori
242 4550 593 4606 Caesariensis
622 4550 986 4606 simultatibus
1016 4561 1065 4605 et
1098 4553 1237 4606 odiis
1269 4554 1367 4606 hos
1404 4565 1581 4611 motus
1607 4564 1662 4611 et
1694 4565 1736 4619 ι)
1766 4553 2029 4614 Rhodius,
2076 4560 2129 4607 et
2171 4550 2424 4620 anonymi
2466 4550 2574 4605 duo
2608 4550 2698 4618 qui
2745 4549 2811 4603 de
2852 4548 3073 4619 synodis
3123 4562 3337 4615 quoque

84 4644 278 4699 turbas
305 4643 357 4697 in
379 4642 615 4697 Ecclesia
638 4642 913 4699 exstitisse
936 4660 948 4694 :
982 4662 1000 4694 ‹
1028 4643 1159 4697 Illud
1188 4644 1391 4713 liquere
1412 4647 1662 4703 omnibus

84 4736 276 4797 credo,
311 4753 331 4786 ι
370 4734 550 4803 inquit
592 4734 876 4790 Liberatus
923 4734 1166 4790 Breviar.
1194 4737 1328 4805 jcap.
1378 4738 1469 4803 24,
1509 4756 1526 4789 ι
1567 4755 1661 4809 per

84 4824 361 4895 Pelagium
393 4825 680 4880 diaconum
734 4836 801 4879 et
849 4825 1190 4882 Theodorum
1226 4828 1486 4883 Caesareae
1518 4830 1661 4900 Cap-

84 4915 329 4984 padocia:
375 4915 683 4985 episcopum
742 4917 845 4971 hoc
887 4919 1198 4972 scandalum
1256 4921 1309 4973 in
1363 4921 1657 4976 Ecclesiam

83 5006 258 5060 fuisse
288 5008 607 5076 ingressum.
637 5007 787 5074 Quod
826 5010 988 5063 etiam
1021 5011 1233 5078 publice
1263 5013 1377 5082 ipse
1405 5012 1655 5069 Theodoo

85 5111 185 5151 rus
213 5095 530 5161 clamitavit,
581 5112 641 5153 se
678 5107 733 5152 et
776 5098 1049 5170 Pelagium
1080 5102 1232 5156 vivos
1263 5102 1652 5172 incendendos,

81 5202 185 5258 per
212 5201 347 5257 quos
379 5188 815 5259 bocjscandalum
846 5191 1087 5247 introivit
1111 5192 1164 5247 in
1198 5195 1475 5249 mundum.
1504 5214 1521 5247 ο
1552 5195 1655 5250 Do-

79 5279 344 5333 mitianus
371 5279 484 5346 ipse
512 5280 835 5352 Ancyranus
861 5281 1163 5353 Origenicae
1194 5286 1457 5342 doctrinae
1478 5302 1655 5343 asser-

81 5378 196 5435 tor,
225 5369 277 5424 in
318 5370 543 5439 epistola
571 5372 803 5439 quadam
832 5375 900 5427 ad
927 5374 1179 5442 Vigilium
1213 5390 1427 5445 papam,
1464 5377 1653 5446 Orige-

78 5460 348 5513 nistarum
386 5476 548 5531 opera
592 5462 795 5516 factum
826 5466 1094 5533 agnoscit,
1131 5475 1190 5519 ut
1215 5467 1317 5520 tria
1357 5468 1588 5535 capitula
1620 5483 1653 5522 a

75 5551 392 5607 Justiniano
430 5554 821 5609 damnarentur
856 5572 869 5609 :
901 5557 1057 5611 testis
1086 5554 1372 5613 Facundus
1403 5558 1653 5614 llerrnia-

74 5644 271 5698 uensis
318 5645 599 5715 episcopus
628 5647 750 5704 libr.
790 5664 805 5702 ι
836 5648 904 5702 ad
933 5648 1160 5715 lusum,
1188 5666 1307 5719 cap.
1349 5650 1403 5717 2,
1443 5670 1460 5703 t
1496 5650 1653 5708 luve-

72 5736 183 5799 nit,
257 5735 464 5804 inquit,
514 5738 876 5795 desideratam
928 5742 1270 5796 occasionem
1335 5742 1654 5812 (heretico-

78 5842 207 5885 rum
252 5828 510 5898 spiritus)
543 5845 609 5888 ex
656 5832 841 5891 furore
871 5832 1253 5900 quorumdam,
1285 5834 1378 5903 qui
1425 5835 1523 5892 sub
1559 5850 1655 5892 no-

1767 4648 2122 4713 scripserunt,
2162 4658 2404 4712 quosque
2439 4643 2493 4695 in
2535 4642 2783 4696 canonici
2826 4640 2963 4708 juris
3002 4639 3211 4709 antiqui
3246 4639 3336 4692 Bi-

1765 4734 2086 4789 blimbccam
2121 4730 2350 4786 contulit
2391 4730 2655 4785 llenricus
2685 4728 2941 4784 .Iustellus
2981 4730 3064 4783 vir
3093 4730 3334 4784 elarissl-

1764 4844 1916 4891 mus;
1948 4825 2207 4890 Zonaras,
2243 4824 2458 4895 Glycas,
2492 4823 2725 4876 maxime
2758 4836 2884 4875 vero
2910 4820 3208 4886 Cedrenus,
3241 4818 3335 4888 qui

1763 4931 1815 4973 et
1854 4917 2141 4971 Justiniani
2175 4916 2456 4983 epistolam
2485 4914 2551 4968 ad
2582 4913 2848 4984 synodum
2881 4920 3253 4980 repraesentat,
3280 4913 3331 4965 in

1764 5022 1869 5077 qua
1909 5006 2113 5077 ﬂagitat
2154 5020 2182 5058 a
2217 5003 2488 5069 Palribus,
2527 5014 2587 5057 ut
2630 5001 2941 5072 Origenem,
2977 5000 3333 5071 Origenisqne

1762 5098 2007 5169 gregales
2049 5098 2336 5163 damnent;
2387 5104 2443 5151 et
2480 5095 2833 5165 Nicephorus,
2872 5095 2960 5162 qui
3016 5096 3332 5148 anathema-

1762 5196 1953 5248 tismos
1984 5193 2037 5246 in
2069 5192 2356 5261 Origenem
2392 5205 2421 5244 a
2447 5195 2652 5261 synodo
2682 5190 2919 5244 vibratos
2942 5189 3215 5256 αὑτολεξεὶ
3248 5205 3331 5243 re-

1762 5287 1912 5341 citat.
1944 5283 2182 5355 Cyrillus
2212 5292 2471 5353 praeterea
2500 5283 2801 5336 monachus
2848 5297 2987 5351 saepe
3013 5282 3123 5352 jam
3160 5298 3189 5334 a
3234 5296 3329 5333 no-

1760 5379 1843 5432 bis
1877 5376 2093 5439 citatus,
2125 5375 2214 5444 qui
2241 5373 2527 5429 Iustiniani
2568 5389 2682 5429 aevo
2722 5372 2925 5439 floruit,
2957 5384 3010 5427 et
3038 5388 3124 5427 res
3158 5373 3209 5425 iu
3237 5387 3326 5441 sy-

1760 5467 1901 5523 nodo
1928 5471 2119 5537 fgestas
2167 5467 2415 5536 ignorare
2447 5481 2549 5521 non
2591 5466 2786 5535 potuit,
2832 5465 3117 5534 Origenem
3162 5464 3213 5515 in
3262 5478 3339 5517 ea.

1758 5561 2068 5616 damnatum
2120 5558 2284 5613 fuisse
2324 5558 2525 5613 diserte
2585 5559 2741 5612 docet
2770 5558 2822 5611 in
2875 5556 2991 5610 Fila
3033 5555 3324 5624 Euthymii,

1757 5666 1875 5720 cap.
1910 5649 2033 5705 105.
2078 5668 2096 5701 ι
2142 5649 2272 5705 Cum
2303 5650 2639 5718 praecedente
2683 5660 2861 5703 autem
2927 5657 3187 5715 tempore,
3239 5644 3326 5698 in-

1754 5743 1891 5813 quit,
1964 5754 2153 5813 pcstea
2212 5751 2532 5815 congregata
2605 5741 2796 5795 fuisset
2856 5737 3322 5808 Constantinopoli

1753 5836 1940 5900 quinta
1975 5846 2157 5893 sancta
2191 5836 2447 5899 synodus,
2482 5843 2537 5890 et
2565 5832 2815 5898 Origenis
2854 5848 2923 5890 ac
2957 5831 3193 5888 Nestorii
3225 5830 3353 5890 dom
