1919 3111
253 178 319 207 “7|

875 181 900 209 P.
922 179 1080 208 DANIELIS
1100 179 1218 208 HUETII

1818 181 1878 208 Ilii

253 244 343 270 amata
363 240 477 268 fuissent
500 241 533 269 ab
549 248 581 268 ea
595 248 723 277 percussa
745 243 929 276 anathemate,
951 247 978 269 et
992 242 1037 277 qui
1052 243 1078 273 Α
1091 241 1249 269 certationis
1260 241 1402 269 artificem.
1415 241 1491 275 Quod
1507 246 1537 269 ut
1551 242 1583 268 de
1603 241 1649 268 illo
1671 241 1778 276 opinari
1793 248 1877 275 prom—
1913 226 1915 277 i

254 284 355 313 Novam
375 286 490 314 Lauram
516 291 658 315 tenuerant
676 288 836 323 ()rigenistaz
856 289 929 316 illinc
950 293 1041 315 essent

252 332 374 366 expulsi;
399 338 426 361 et
447 334 540 362 fideles
563 340 590 362 et
615 335 758 362 orthodoxi
781 335 875 363 Patres
900 343 994 362 rursus
1013 336 1039 362 in

253 385 314 405 eam
327 379 499 414 migrassent,
512 381 686 414 permittente
698 382 761 408 mihi
777 381 928 409 admirabili
938 381 1041 409 Joanne

254 422 421 456 Silentiario,
437 432 478 457 eo,
495 425 615 460 inquam,
629 426 674 460 qui
690 431 748 453 erat
762 427 914 462 episcopus,
930 427 1040 454 discedo

254 477 269 494 a
287 469 411 497 ccenobio
426 475 453 497 et
471 471 527 505 ipse
543 479 650 506 quoque
667 479 762 500 versor
786 473 811 499 in
838 473 888 499 hac
907 472 1004 499 Laura.
1027 482 1037 499 ι

252 513 287 541 Et
308 515 440 542 iterumin
459 515 518 543 Vita
531 516 620 550 Salue,
639 525 698 553 cap.
713 518 761 545 ult.
777 527 782 544 :
800 528 808 544 ι
826 518 888 546 Post
906 520 963 546 ha-c
979 526 1039 546 cum

255 566 348 586 sancta
372 565 399 588 et
420 563 587 589 meumeuica
616 565 709 597 quinta
735 565 853 600 synodus
877 570 1039 599 congregata

255 603 350 632 fuisset
366 605 500 642 Byzantii,
523 607 681 637 Theodorus
699 609 879 644 Mopsuestiaa,
899 616 925 637 et
945 610 1040 646 Orige-

253 657 312 682 nes,
333 656 359 678 el
378 659 431 679 una
454 661 514 680 cum
531 654 572 681 his
589 655 669 689 impia
683 656 716 682 de
730 657 943 691 prmexsisteutia
959 662 985 684 et
1003 664 1041 684 re—

253 697 424 725 surrectione
443 699 567 734 dogmata
582 701 700 735 generali
718 701 826 729 fuerant
844 702 965 736 subjecta
979 711 1041 730 ana-

254 742 377 776 themati,
390 749 418 770 et
431 744 470 771 sic
484 745 618 774 ha:reticis
632 747 757 782 deinceps
772 749 843 775 omni
860 749 948 776 ablata
961 749 1041 777 liber-

256 790 311 814 tate
326 787 462 822 loquendi,
478 791 560 818 divini
576 791 654 819 Saba:
674 792 782 827 Laurm,
800 799 827 822 et
844 796 970 823 universa
985 797 1041 824 fere

253 839 315 860 cum
329 834 368 862 eis
385 834 539 871 Palaestina,
557 839 686 868 vicesimo
706 841 784 868 tertio
805 849 875 869 anno
892 847 953 876 post
970 843 1041 870 illius

253 885 368 908 mortem
389 889 403 908 a
425 883 550 918 gravibus
566 885 725 919 haeresibus,
744 892 770 914 et
787 889 917 923 temporis
932 889 1039 917 acerbi-

254 928 311 952 tate
327 931 355 953 et
375 926 517 962 iniquitate
536 930 714 965 respirarunt.
733 941 743 957 ›
767 931 794 959 id
819 932 999 968 fragmentum
1025 942 1041 962 e

258 971 320 1000 Vita
342 974 421 1003 Sabe
443 976 469 1003 in
494 979 608 1012 septima
630 981 747 1016 synodo,
760 982 821 1009 Act.
845 990 863 1014 ι,
886 983 1039 1010 adducitur.

254 1017 319 1045 Post
335 1027 421 1048 annos
439 1029 504 1050 vero
517 1025 654 1059 octoginta
668 1033 747 1060 quam
759 1028 879 1062 synodus
891 1027 934 1054 illa
947 1028 1041 1063 quinta

254 1065 390 1093 celebrata
421 1072 477 1105 est,
503 1070 536 1097 ad
565 1070 689 1106 Sergium
710 1071 1041 1107 Constantinopolitanum

253 1112 436 1146 patriarcham
458 1115 581 1143 scribens
603 1116 773 1152 Sophronias
799 1117 1042 1154 Jerosolymitanus

254 1158 369 1186 antistes
383 1159 415 1186 de
431 1167 461 1187 ea
473 1161 512 1188 sic
530 1161 638 1189 disserit
652 1171 659 1190 :
678 1164 796 1199 Ἀναιρεῖ
814 1164 841 1191 δὲ
856 1165 903 1191 καὶ
917 1165 1040 1201 ὲκρίπτει

254 1203 323 1239 πρὸς
334 1204 443 1241 ὄλεθρον
455 1208 639 1242 πρωτοτύπως
652 1209 699 1244 μὲν
719 1210 857 1246 Ὠριγὲνην
869 1211 913 1237 τὸν
925 1211 1039 1247 ἄφρονα,

254 1249 302 1275 καὶ
317 1250 404 1277 πάντα
418 1252 500 1278 αὐτοῦ
517 1253 551 1279 τὰ
565 1254 694 1291 ὀνειρώδη
712 1256 905 1291 κομψεύματα,
924 1258 971 1284 καὶ
990 1267 1040 1285 πο-

253 1294 375 1329 λυειδοῠς
396 1298 523 1331 ἀσεϐείας
544 1300 634 1337 πλήρη
658 1302 869 1337 συγγράμματα,
898 1303 1039 1340 Ἐυαγρίου

253 1340 283 1368 δὲ
305 1342 354 1368 σὺν
374 1343 448 1378 αὐτῷ
469 1344 517 1370 καὶ
539 1345 655 1381 Διδύμου
677 1346 711 1372 τὰ
729 1347 862 1382 δόγματα,
882 1349 928 1375 καὶ
952 1349 1041 1376 πάντα

253 1387 344 1415 αὐτῶν
354 1388 389 1416 τὰ
408 1389 552 1426 Ἑλληνικὰ
566 1392 613 1419 καὶ
626 1392 777 1429 τερατώδη,
794 1394 824 1420 οὐ
843 1395 896 1430 μὴν
911 1395 978 1422 ἀλλὰ
993 1397 1040 1423 καὶ

255 1433 365 1470 μυθώδη
389 1434 545 1472 ληρήματα.
566 1446 575 1463 ι
599 1438 727 1466 Confodit
746 1444 835 1467 autem
853 1446 879 1467 et
900 1441 926 1468 in
947 1441 1039 1468 interi-

254 1483 310 1505 tum
326 1480 437 1514 projicit
456 1483 589 1517 praecipue
607 1484 716 1518 quidem
740 1485 862 1513 insanum
884 1486 1038 1521 Origenem,

252 1528 281 1551 et
293 1525 384 1552 omnia
399 1525 458 1560 ejus
473 1528 557 1556 delira
574 1530 745 1562 scitamenta,
759 1535 786 1558 et
801 1531 973 1560 multiformis
987 1533 1039 1560 im-

253 1568 362 1604 pietatis
380 1570 474 1605 plenas
490 1572 707 1607 lucubrationes;
725 1575 830 1611 Evagrii
847 1576 911 1605 item
933 1585 994 1604 cum
1007 1585 1040 1606 eo

252 1618 281 1641 et
295 1614 397 1651 Didymi
413 1616 547 1652 dogmata,
560 1626 707 1655 omnesque
721 1628 814 1647 eorum
827 1621 999 1650 Graecanicas
1013 1629 1040 1651 et

253 1665 431 1695 monstrosas,
447 1671 550 1691 necnon
560 1669 586 1691 et
595 1664 730 1694 fabulosas
747 1667 873 1701 ineptias.
888 1677 897 1694 ι
914 1668 1041 1697 Testatur

253 1706 324 1733 idem
338 1708 456 1742 synodus
469 1714 556 1743 sexta,
576 1717 631 1739 act.
643 1712 676 1738 l7
692 1717 719 1740 et
735 1713 778 1741 18.
794 1713 921 1741 Testatur
931 1720 958 1742 et
970 1714 1041 1743 Con-

252 1753 388 1781 stantinus
408 1754 555 1789 imperator
577 1757 602 1784 in
624 1758 713 1786 edicto
726 1759 759 1786 ad
773 1760 898 1795 populum
914 1761 1040 1790 occiduas

252 1803 343 1834 partes
356 1801 516 1829 lncolentem
530 1812 537 1830 :
553 1807 581 1830 et
596 1802 694 1838 Leo'll,
714 1805 853 1833 Romanus
866 1807 997 1842 pontifex,
1013 1808 1040 1836 iu

252 1845 365 1879 epistola
401 1848 442 1874 ad'
464 1847 673 1877 Constantinum
695 1857 755 1884 quae
783 1852 945 1887 scriptiones
982 1853 1041 1881 duae

251 1890 325 1917 inter
343 1891 411 1919 Acta
434 1893 541 1921 concilii
556 1893 678 1928 ejusdem
691 1896 759 1923 sexti
775 1897 919 1925 habentur.
946 1898 1041 1926 Testa-

252 1939 298 1963 tur
308 1940 335 1963 et
344 1938 567 1974 pseudosynodus
580 1941 733 1975 quinisexta
749 1950 810 1970 can.
826 1951 846 1977 ι,
861 1949 889 1972 et
904 1946 1041 1980 synodica;

251 1981 350 2010 litterae
370 1982 505 2012 Theodori
518 1985 738 2022 Jerosolymitani
754 1996 816 2023 quae
837 1990 957 2017 recitatae
977 1998 1041 2020 sunt

251 2028 358 2056 actione
371 2029 388 2056 5
417 2032 511 2066 synodi
532 2033 672 2067 septimae;
693 2039 721 2061 et
732 2035 845 2069 epistola
863 2036 966 2064 Tarasii
984 2038 1041 2072 epi-

252 2075 326 2109 scopi
352 2075 657 2113 Constantinopolitani,
683 2081 822 2115 totiusque
846 2081 913 2109 adeo
941 2083 1038 2118 synodi

252 2121 375 2155 septima:
393 2123 427 2149 ad
441 2122 648 2152 Constantinum
670 2131 697 2153 et
709 2126 817 2159 lrenen,
832 2135 892 2161 quae
908 2132 997 2155 exstat
1013 2129 1040 2155 in

251 2169 386 2196 actionem
401 2170 417 2196 ’1
434 2171 541 2198 concilii
557 2172 695 2207 ejusdem;
717 2177 744 2200 et
761 2173 922 2201 Anastasius
937 2174 1038 2203 Biblio-

252 2214 390 2254 thecarius
402 2218 435 2243 ad
457 2224 558 2244 annum
572 2217 718 2246 Iustiniani
739 2220 897 2247 vicesimum
920 2226 1037 2248 sextum.

1095 293 1169 323 ptum
1187 294 1226 315 est
1244 293 1355 323 propter
1372 293 1521 323 spectatam
1544 288 1662 315 hominis
1677 287 1829 319 vafritiem,
1846 287 1877 313 ita

1092 334 1124 361 de
1145 334 1277 369 Eutychio
1303 334 1475 362 sanctissimo
1498 339 1526 362 et
1551 334 1743 362 candidissimo
1771 334 1878 361 homine

1091 381 1223 415 suspicari
1237 381 1283 408 vix
1300 381 1422 416 equidem
1438 388 1559 416 possum.
1572 380 1686 408 Concilii
1698 380 1824 416 profecto
1835 380 1880 406 bu-

1089 427 1134 462 jus
1162 435 1222 454 cum
1248 426 1353 458 Graeca,
1376 431 1430 453 tum
1457 427 1553 454 Latina
1583 426 1748 461 exemplaria
1772 425 1879 452 Macarii
1914 438 1915 447 ι

1092 472 1253 499 Autiocbeni
1265 477 1292 499 et
1301 471 1430 506 Stephani
1440 473 1530 500 studio
1541 472 1624 500 fuisse
1632 472 1722 500 vitiata
1732 471 1881 499 declaravit
1914 469 1915 479 ‘

1091 523 1166 546 sexta
1185 519 1315 553 synodus,
1325 519 1424 546 action.
1436 519 1479 551 M,
1490 523 1517 545 et
1524 518 1679 546 eorumdem
1690 525 1799 553 quoque
1807 517 1881 545 adul~

1093 565 1252 592 teratiouem
1262 564 1428 601 praedicavit,
1441 566 1540 591 action.
1551 564 1651 597 19,511!)
1663 564 1754 591 tinem.
1771 565 1808 590 At
1817 564 1882 591 Acta

1093 617 1181 638 tamen
1197 611 1303 639 concilii
1315 610 1421 638 etiamsi
1439 611 1705 646 integrajsuperesse
1719 611 1830 643 demus,
1846 610 1881 637 fr

1092 657 1201 684 tendum
1218 661 1291 684 certe
1304 658 1358 685 erit
1382 658 1409 684 iu
1430 657 1575 685 undecimo
1591 664 1623 685 ex
1635 656 1881 688 anathematismis,

1091 701 1137 736 qui
1151 701 1178 728 in
1195 701 1337 729 collatione
1360 701 1377 729 8
1400 707 1519 735 exstant,
1554 701 1697 737 Origenem
1721 702 1796 729 inter
1821 702 1882 728 alios

1092 748 1233 776 haereticos
1255 748 1399 776 anathema
1422 756 1483 776 esse
1505 748 1615 776 sanciri.
1633 748 1668 775 Et
1693 748 1720 775 in
1738 748 1882 775 collatione

1092 794 1183 821 itidem
1197 795 1290 829 quinta
1307 795 1363 823 haec
1378 794 1504 828 leguntur
1515 795 1595 822 verba
1610 803 1617 821 :
1635 803 1644 821 ι
1660 794 1694 821 Ει
1710 794 1812 821 multos
1826 794 1882 827 qui-

1092 840 1152 867 dem
1170 840 1252 867 etiam
1267 840 1334 868 alios
1347 841 1499 868 invenimus
1514 845 1574 875 post
1588 846 1701 867 mortem
1723 841 1883 867 anathema-

1094 886 1209 914 tizatos:
1235 894 1338 913 necnon
1354 888 1434 914 etiam
1452 886 1611 922 Origencm;
1635 891 1662 913 et
1676 887 1697 914 si
1713 887 1746 913 ad
1760 891 1883 920 tempora

1095 931 1237 966 Theophili
1254 937 1354 959 sauctm
1369 934 1516 966 memoriae,
1531 933 1572 960 vel
1588 933 1710 967 superius
1730 933 1829 967 aliquis
1842 941 1882 958 τυ-
1911 932 1915 967 λ

1093 978 1219 1011 currerit,
1242 984 1301 1012 post
1324 984 1436 1005 mortem
1470 979 1589 1005 inveniet
1610 978 1881 1005 auathematiaatmn.

1093 1023 1168 1058 Quod
1185 1024 1280 1051 etiam1
1293 1033 1364 1052 nunc
1386 1025 1412 1051 in
1430 1025 1487 1058 ipso
1508 1025 1570 1051 fecit
1589 1029 1616 1051 et
1629 1029 1718 1051 vestra
1742 1024 1883 1054 sanctitas,

1092 1075 1120 1097 et
1131 1069 1245 1104 Vigilius
1259 1070 1479 1103 religiosissimus
1494 1076 1560 1104 papa
1574 1068 1735 1103 antiquioris
1750 1068 1852 1095 (totum.
1872 1077 1878 1092 ι

1092 1116 1197 1144 Asserit
1219 1121 1306 1142 tanien
1325 1116 1391 1142 satis
1424 1115 1537 1142 ﬁdenter
1556 1114 1695 1141 llalloxius
1714 1122 1814 1141 nomen
1826 1114 1882 1140 Ori-

1092 1161 1167 1197 genis
1180 1162 1205 1188 in
1222 1162 1300 1187 allata
1325 1169 1339 1188 e
1364 1161 1532 1188 collationeS
1546 1161 1626 1187 verba
1642 1160 1726 1187 fuisse
1738 1160 1881 1190 intrusum,

1092 1211 1118 1234 et
1133 1206 1246 1234 aliorum
1262 1206 1450 1233 hmrcticorum
1474 1205 1628 1233 nominibus
1643 1204 1807 1238 subjectum,
1823 1213 1881 1231 cum

1091 1253 1182 1287 priore
1209 1253 1268 1279 loco
1297 1252 1391 1279 fuisset
1422 1252 1588 1286 ponendum.
1616 1251 1698 1284 Quasi
1718 1259 1774 1278 non
1803 1252 1881 1277 etiam

1092 1299 1233 1326 Theodoro
1255 1298 1444 1332 Mopsuesteuo
1463 1297 1586 1333 Origenis
1601 1305 1697 1324 nomen
1712 1297 1832 1332 Cyrillus
1859 1299 1883 1324 in

1095 1346 1153 1373 loco
1170 1353 1232 1373 mox
1251 1353 1265 1372 e
1290 1345 1350 1371 Vim
1377 1346 1455 1372 Sabm
1471 1346 1627 1379 deprompta
1640 1345 1825 1379 subj-mxerit,
1859 1351 1885 1371 ut

1091 1391 1167 1426 plura
1180 1391 1301 1424 exempla
1319 1390 1419 1417 referre
1434 1390 1633 1423 superscdeam,
1651 1390 1677 1415 in
1698 1389 1801 1423 quibus
1814 1389 1885 1415 nullo

1091 1435 1261 1468 discrimine,
1280 1436 1350 1462 nulla
1377 1436 1504 1470 temporis
1529 1435 1621 1461 habita
1645 1435 1751 1461 ratione
1774 1435 1883 1461 nomina

1090 1487 1278 1510 recensentur.
1303 1482 1423 1509 Alterum
1451 1482 1543 1508 itidem
1566 1481 1653 1509 locum
1683 1481 1843 1509 collationis
1870 1482 1885 1508 ὸ

1091 1529 1175 1557 fuisse
1189 1529 1347 1565 confictam,
1371 1533 1399 1556 ut
1415 1528 1482 1555 alias
1495 1528 1626 1562 quasdam
1641 1527 1800 1556 collationis
1816 1529 1885 1563 ejus-

1092 1575 1152 1603 dem
1168 1579 1271 1610 partes,
1288 1574 1437 1601 arbitratur
1456 1573 1604 1606 Halloxius,
1621 1574 1664 1601 his
1688 1573 1830 1608 impulsus
1843 1582 1885 1600 ar-

1093 1622 1245 1658 gumentis,
1258 1622 1330 1656 quod
1350 1621 1377 1648 in
1394 1620 1530 1655 prioribus
1550 1620 1745 1648 collationibus
1758 1627 1796 1648 ne
1823 1628 1884 1647 ver-

1094 1669 1156 1696 bum
1172 1668 1279 1704 quidem
1289 1668 1320 1695 de
1333 1666 1449 1702 Origene
1463 1667 1563 1694 factum
1582 1666 1632 1699 sit;
1648 1671 1675 1694 et
1691 1666 1719 1693 in
1736 1667 1885 1694 constituto

1094 1714 1248 1750 probaverit
1261 1712 1373 1746 Vigilius
1393 1713 1526 1740 neminem
1535 1720 1595 1740 esse
1605 1717 1665 1748 post
1678 1718 1799 1740 mortem
1814 1713 1885 1739 dam-

1094 1760 1222 1788 nandum.
1252 1759 1292 1787 Ad
1304 1760 1378 1794 prius
1404 1764 1592 1794 argumentum
1610 1759 1792 1794 respondebit
1805 1759 1885 1785 Baro-

1094 1807 1155 1834 nius
1169 1806 1267 1833 multas
1285 1806 1319 1833 ab
1343 1805 1503 1840 Origenistis
1522 1805 1618 1841 synodi
1633 1805 1713 1840 hujus
1736 1805 1886 1839 particulas

1094 1854 1177 1881 fuisse
1193 1859 1351 1888 suppressas
1367 1861 1373 1879 :
1387 1851 1501 1878 alterum
1519 1858 1584 1879 vero
1602 1851 1652 1878 hac
1665 1851 1833 1885 exceptione
1847 1858 1885 1877 re.

1095 1899 1233 1931 tundetur,
1260 1898 1384 1925 docuisse
1404 1896 1513 1932 quidem
1537 1897 1563 1924 in
1589 1897 1736 1924 Constituto
1753 1895 1883 1931 Vigilium

1094 1945 1192 1972 debere
1203 1944 1336 1972 neminem
1348 1947 1408 1977 post
1418 1943 1520 1971 obitum
1532 1943 1654 1970 damnari
1664 1951 1670 1976 ;
1679 1947 1706 1970 at
1714 1942 1886 1970 contrarium

1094 1993 1121 2019 in
1138 1991 1263 2019 Judicata
1278 1992 1403 2018 eumdem
1417 1991 1556 2018 statuisse.

1128 2037 1186 2066 XV.
1204 2037 1280 2065 Nunc
1301 2037 1427 2072 quoniam
1448 2037 1481 2064 de
1496 2036 1612 2071 Origene
1623 2036 1650 2062 in
1665 2034 1761 2070 quinta
1779 2035 1885 2070 synodo

1094 2089 1183 2112 actum
1197 2084 1279 2111 fuisse
1298 2087 1418 2115 constat,
1430 2083 1469 2109 rei
1482 2086 1563 2117 gestae
1576 2081 1673 2109 seriem
1687 2088 1884 2115 exsequamur.

1095 2128 1197 2156 Scribit
1212 2128 1344 2162 Evagrius
1360 2126 1479 2161 expulsis
1490 2134 1505 2154 e
1519 2126 1592 2153 Nova
1606 2125 1694 2152 Laura
1707 2125 1884 2160 Origenistis,

1094 2182 1154 2201 cum
1174 2174 1200 2201 id
1214 2174 1284 2207 apud
1300 2174 1493 2207 imperatorem
1509 2172 1608 2199 factum
1618 2172 1788 2205 vituperaret
1799 2171 1884 2199 Theo-

1095 2221 1178 2248 dorus
1195 2220 1318 2251 Ascidas,
1334 2217 1595 2253 Constantinopolim
1615 2217 1712 2244 missos
1726 2217 1816 2245 fuisse
1832 2218 1884 2245 Bu-

252 2259 315 2288 Ihec
329 2261 364 2288 ita
374 2262 518 2290 manifesta
527 2269 599 2297 sunt,
613 2269 643 2292 ut
653 2272 731 2293 nemo
741 2270 834 2293 contra
846 2267 887 2293 vel
899 2268 1038 2303 excipere,
1056 2274 1078 2300 Β
1094 2266 1161 2299 fum,
1172 2270 1199 2293 et
1211 2265 1348 2293 Cononem
1364 2264 1590 2292 archimandritas
1601 2283 1608 2295 ,
1620 2262 1745 2298 aliosque
1757 2263 1885 2290 Palaesti-

250 2307 292 2333 vel
307 2309 485 2342 prmscribere
504 2311 600 2344 possit.

286 2354 363 2387 Quod
378 2357 411 2383 ad
437 2356 593 2384 Facundum
620 2362 710 2385 autem
738 2359 874 2387 Victorem
900 2361 1036 2396 pertinet},

250 2407 344 2434 parum
361 2405 434 2428 certe
458 2402 549 2430 valere
574 2403 654 2431 debet
673 2405 801 2440 negativi,
816 2411 845 2432 ut
861 2411 970 2440 vocant,
994 2415 1039 2433 ar-

252 2446 371 2478 gumenti
387 2448 546 2481 auctoritas,
564 2456 624 2475 cum
651 2451 836 2484 καταφατικὸν
852 2456 1038 2486 argumentum

250 2490 277 2517 in
294 2492 456 2519 contrariam
476 2499 579 2528 partem
608 2494 728 2522 affertur.
755 2497 822 2523 Acta
846 2504 909 2524 vero
933 2498 1039 2525 concilii

250 2544 299 2563 cur
315 2537 347 2564 de
362 2537 478 2573 Origene
494 2539 603 2573 sileant,
622 2542 689 2569 mihi
705 2542 760 2569 veri
778 2543 884 2570 videtur
896 2544 1040 2578 persimilis

251 2587 265 2606 a
277 2580 394 2608 Baronio
406 2582 487 2610 allata
501 2584 579 2616 ratio,
594 2585 714 2613 mutilata
728 2593 758 2613 ea
769 2591 796 2614 et
808 2592 932 2614 truncata
944 2588 1036 2616 fuisse.

248 2626 325 2654 Facti
339 2633 463 2657 auctores
478 2631 630 2665 suspicatur
640 2632 684 2659 ille
695 2632 925 2669 Origenistas,qui
936 2636 1038 2670 synodo

250 2673 425 2708 praefuerunt,
452 2674 612 2712 Eutychium
638 2678 966 2714 Constantinopolitanum
990 2689 1039 2716 pa-

250 2719 408 2753 triarcham,
425 2721 542 2756 quicum
563 2722 654 2750 carnis
669 2724 894 2751 resurrectionem
910 2728 974 2752 tunc
985 2733 1038 2752 non

250 2764 403 2792 admitteret
429 2766 520 2801 (quem
543 2772 632 2795 tamen
656 2776 777 2796 errorem
801 2774 893 2803 postea
915 2770 1038 2806 Gregorii

250 2817 335 2845 papae,
358 2811 411 2839 hoc
426 2816 545 2847 tempore
567 2813 597 2841 S.
612 2813 646 2841 Β.
659 2814 690 2841 Ε.
712 2815 818 2842 diaconi
830 2821 856 2843 et
870 2817 1037 2851 apocrisiarii

250 2862 332 2882 suasu
355 2856 493 2892 ejuravit),
511 2859 607 2887 merito
631 2860 657 2887 in
677 2859 839 2895 Or-igenismi
855 2862 1036 2897 suspicionem

251 2902 323 2931 venit
336 2910 344 2932 ε
357 2902 529 2934 Theodorum
543 2912 650 2943 quoque
663 2906 859 2937 Caesariensem
876 2908 958 2938 totius
971 2915 1036 2937 cou-

1094 2320 1135 2340 me
1158 2311 1303 2339 monachos
1326 2311 1425 2337 virtute
1450 2310 1567 2343 nobiles;
1592 2317 1692 2344 eosque
1705 2309 1790 2336 simul
1807 2315 1887 2344 atque

1093 2357 1159 2384 illuc
1175 2356 1256 2383 delati
1267 2360 1341 2388 sunt,
1359 2356 1392 2383 ad
1418 2355 1600 2383 ventilandam
1617 2355 1753 2389 Origenis,
1776 2354 1886 2390 Evagrii

1089 2407 1117 2429 et
1143 2401 1247 2436 Didymi
1266 2408 1376 2428 causam
1399 2401 1547 2428 accessisse
1568 2411 1573 2428 :
1600 2400 1832 2433 Ascidacontra,
1861 2407 1887 2428 ut

1090 2447 1124 2475 de
1141 2447 1283 2474 Theodoro
1298 2446 1499 2481 Mopsuesteno,
1519 2446 1563 2474 Iba
1590 2451 1616 2474 et
1630 2446 1808 2474 Theodoreto
1821 2455 1886 2482 age-

1089 2496 1165 2519 retur
1179 2491 1320 2519 laborante
1332 2501 1338 2518 :
1365 2497 1429 2518 ante
1440 2492 1530 2519 omnia
1546 2492 1689 2526 quaesitum
1704 2499 1779 2524 esse,
1793 2498 1887 2519 utrum

1090 2538 1215 2565 homines
1236 2538 1292 2565 vita
1315 2537 1400 2564 functi
1427 2538 1610 2565 anathematis
1630 2537 1728 2572 subjici
1752 2539 1885 2572 possint;

1091 2585 1264 2620 Eutychium,
1285 2585 1331 2619 qui
1346 2585 1483 2612 Amaseuo
1498 2585 1624 2619 episcopo
1645 2589 1709 2612 tunc
1730 2590 1794 2612 erat
1810 2593 1827 2612 a
1845 2593 1886 2612 re-

1090 2632 1207 2666 sponsis,
1231 2631 1407 2666 quaestionem
1427 2631 1541 2659 solvisse
1552 2631 1678 2666 exemplo
1688 2630 1773 2658 Josiae
1801 2632 1886 2666 regis,

1090 2683 1105 2703 a
1123 2684 1177 2711 quo
1205 2685 1259 2704 non
1285 2677 1438 2705 daemonum
1459 2676 1546 2704 solum
1575 2676 1732 2704 sacerdotes
1760 2676 1791 2703 in
1818 2678 1886 2704 vivis

1090 2726 1212 2757 agentes,
1227 2722 1372 2754 interfecti,
1394 2721 1442 2749 sed
1457 2726 1626 2749 mortuorum
1641 2721 1725 2749 etiam
1743 2721 1830 2748 loculi
1843 2729 1885 2748 ne-

1091 2767 1155 2795 fossi
1171 2773 1249 2795 sunt:
1265 2768 1316 2795 hoc
1326 2768 1426 2795 dictum
1441 2772 1516 2795 tanto
1529 2768 1661 2800 omnium,
1673 2768 1721 2794 sed
1732 2766 1883 2794 Justiniani

1089 2815 1238 2849 pra-sertim
1253 2814 1382 2849 applausu
1402 2814 1489 2842 fuisse
1498 2819 1650 2849 exceptum,
1667 2818 1695 2840 ut
1707 2820 1772 2840 eum
1786 2814 1881 2841 deinde

1090 2862 1122 2889 ad
1131 2861 1456 2896 Constantinopolitanam
1469 2861 1560 2889 sedem
1574 2861 1723 2895 imperator
1732 2860 1881 2887 extulerit:

1089 2908 1122 2951 de
1135 2908 1281 2950 ‘Iheodoro
1298 2907 1424 2942 deinceps
1447 2907 1647 2942 Mopsuesteno,
1662 2906 1750 2942 deque
1770 2905 1881 2942 scriptis
