3794 6222
111 398 234 457 11⁸13

928 369 1498 454 ORIGENIANORUM
1535 383 1664 447 LIB.
1708 389 1771 456 n;
1810 391 1959 448 CAP.
2003 391 2089 457 tv,
2127 391 2316 448 SECT.
2358 392 2421 449 ιι.

3187 395 3242 450 ιρι
3255 395 3331 449 74

109 514 440 579 Theodoreti,
466 522 656 577 contra
692 511 971 568 duodecim
1009 512 1237 583 capitula
1260 511 1469 584 Cyrilli,
1517 511 1657 564 etde
1687 516 1732 571 Α
1763 512 2012 565 hortatur
2059 519 2118 565 ut
2170 511 2359 565 deliria
2413 509 2699 579 ejusmodi,
2732 513 2849 579 funa
2903 528 3021 566 cum
3062 513 3328 589 Origene,

104 610 200 663 lbze
236 606 455 677 epistola
494 606 561 662 ad
614 603 787 669 Mariti
819 605 1038 659 Persam
1072 605 1239 659 fuisse
1286 605 1651 673 disputatum;

107 701 287 771 quibus
314 697 585 753 damnatis
632 711 753 751 cum
806 695 1064 755 adversus
1123 694 1367 765 Origenis
1407 696 1666 764 dogmata.

107 793 371 860 ipsiusque
424 804 703 857 sequaces,
755 788 1077 842 obtulissent
1114 786 1326 841 libellos
1377 787 1650 856 Eulogius,

103 884 301 944 Conon,
329 881 587 951 Cyriacus
626 888 681 933 et
702 877 1013 932 Pancratius
1042 879 1313 943 monachi,
1334 877 1653 931 sententiam

103 973 279 1041 synodi
303 986 523 1041 rogasse
549 969 935 1033 Justinianum,
965 968 1185 1038 prolatis
1215 983 1432 1037 quoque
1455 968 1506 1021 in
1538 981 1652 1021 me-

101 1065 238 1117 diutn
274 1062 565 1115 lucubratis
601 1076 630 1113 a
687 1059 879 1127 Vigilio
915 1060 982 1113 de
1033 1059 1099 1113 iis
1142 1060 1300 1112 rebus
1343 1057 1559 1119 libellis,
1600 1057 1653 1110 in

100 1152 283 1220 quibus
315 1149 597 1220 Origenem
628 1149 903 1202 laborasse
946 1147 1283 1212 ostendebat,
1314 1156 1373 1199 ut
1403 1146 1654 1217 apostoli-

100 1224 173 1296 ca:
210 1241 467 1294 doctrinae
516 1239 882 1294 sinceritatem
917 1238 1225 1293 Graecorum
1255 1245 1308 1291 et
1332 1236 1654 1303 Manichaeo-

99 1348 213 1386 rum
240 1330 444 1385 deliriis
471 1338 818 1399 aspergeret;
851 1328 991 1398 quod
1021 1328 1074 1382 in
1109 1343 1172 1383 eo
1198 1328 1358 1382 etiam
1387 1329 1499 1397 jam
1532 1340 1655 1382 ante

96 1416 401 1486 culpaverat
443 1416 772 1471 JuStinianus
824 1417 876 1471 in
911 1416 1141 1485 Epistola
1166 1417 1232 1471 ad
1269 1415 1500 1483 Menam,
1527 1433 1653 1486 0pc-

96 1526 205 1565 ram
244 1526 367 1564 eum
405 1511 614 1563 dedisse
658 1510 863 1573 dicens,
902 1509 1016 1560 Ἵνα
1048 1508 1155 1560 τῶν
1195 1508 1459 1579 Ἐλλήνων
1493 1508 1656 1578 μυΘοο

95 1602 295 1670 λογίας,
352 1604 444 1656 καὶ
493 1603 589 1673 τὴν
640 1601 980 1671 Μανιχαῖκὴν
1038 1600 1201 1654 αὑτοῦ
1259 1601 1465 1671 πλάνην
1504 1603 1653 1655 εἱσα-

94 1696 255 1766 γάγῃ·
320 1714 338 1745 ι
404 1694 471 1749 Ut
527 1694 738 1747 fabulas
790 1689 1123 1759 Grtecorum,
1160 1700 1212 1746 et
1262 1692 1652 1746 Manichaicutn

91 1803 242 1839 suum
277 1802 516 1840 errorem
547 1785 912 1839 introduceret
940 1800 951 1834 :
994 1802 1010 1834 ι
1041 1792 1095 1837 et
1125 1784 1175 1837 in
1205 1784 1435 1849 epistola
1462 1784 1530 1839 ad
1560 1800 1653 1855 sy-

1759 607 1984 675 ejusque
2016 607 2360 673 sequacibus,
2414 606 2754 661 anathemate
2799 608 3068 664 obterant.
3112 610 3320 682 Quibus

1758 699 1997 765 acceptis
2030 698 2243 762 litteris,
2280 697 2469 751 Patres
2498 699 2739 753 unanimi
2782 715 3051 756 consensu
3078 704 3331 771 paruisse.

1761 786 1975 854 subjicit
1995 788 2208 840 demum
2244 786 2536 842 Cedrenus.

1831 876 1970 932 XVI.
2002 877 2080 932 lla
2110 878 2402 949 proﬂigatis
2431 878 2854 949 Origenistarum
2886 884 3067 950 rebus,
3094 886 3321 954 quicun-

1760 984 1864 1038 que
1894 970 2142 1025 factionis
2174 971 2330 1039 hujus
2347 970 2533 1026 aﬂines
2562 982 2721 1026 erant
2754 988 2784 1027 e
2816 974 2969 1031 Saba:
2987 976 3178 1033 Lauris
3194 987 3322 1034 sunt

1762 1059 1943 1126 ejecti,
1976 1060 2028 1113 in
2074 1074 2278 1128 easque
2323 1075 2537 1114 rursum
2582 1062 2864 1119 orthodoxi
2900 1062 3089 1121 Patres
3118 1067 3321 1136 migra-

1759 1160 1904 1205 runt.
1931 1148 2067 1204 Tum
2094 1165 2223 1205 vero
2258 1150 2327 1205 ab
2354 1152 2645 1207 lneresibus
2677 1160 2732 1208 et
2772 1162 3069 1223 temporum
3097 1156 3323 1214 diﬂicul-

1762 1257 1871 1301 tate
1910 1246 2191 1299 Palaestina
2219 1245 2521 1313 respiravit,
2552 1261 2674 1301 cum
2715 1248 2974 1303 adversus
3000 1250 3324 1305 mcumenici

1761 1337 1975 1405 concilii
2026 1336 2397 1390 auctoritatem
2450 1335 2705 1405 deinceps
2751 1339 2948 1392 mutire
2981 1339 3066 1392 vix
3098 1340 3325 1395 auderet

1760 1429 2065 1497 quisquam.
2101 1426 2251 1483 Unde
2290 1426 2340 1480 in
2372 1434 2574 1480 tantam
2610 1428 2758 1482 venit
2784 1429 2945 1485 totius
2968 1429 3205 1485 Orientis
3235 1432 3321 1486 in-

1761 1518 1957 1569 vidiam
2011 1516 2257 1586 Origenis
2294 1533 2489 1572 nomen
2532 1532 2597 1572 ac
2652 1518 2921 1585 doctrina,
2954 1529 3017 1583 ut
3057 1522 3325 1591 hodieque

1760 1608 2140 1663 ecclesiasticis
2163 1608 2367 1675 legibus
2404 1610 2541 1676 apud
2576 1608 2793 1676 Graecos
2832 1612 3057 1665 vetitum
3092 1627 3211 1667 esse
3241 1614 3323 1668 fe-

1764 1712 1903 1764 rant,
1938 1716 2004 1755 ne
2024 1702 2148 1769 quis
2176 1717 2335 1770 opera
2358 1703 2524 1771 ipsius
2539 1703 2841 1768 describat;
2871 1704 2960 1773 qui
2995 1720 3153 1761 secus,
3171 1706 3323 1773 faxit,

1762 1792 1905 1847 hunc
1922 1802 2073 1846 extra
2104 1792 2353 1847 Ecclesia:
2384 1794 2814 1847 communionem
2839 1809 2959 1857 esse
2983 1796 3181 1864 juberi.
3212 1797 3324 1851 Ma-

91 1878 285 1929 nodutn
308 1878 373 1929 de
418 1876 736 1945 Origenistis
776 1876 1001 1945 loquens
1030 1895 1045 1931 :
1074 1877 1189 1939 Ἵνᾳ
1224 1876 1297 1948 μὴ
1332 1876 1532 1939 τέλεον,
1577 1876 1661 1929 in-
1689 1870 1734 1929 Β
1761 1899 1920 1953 gnum
1953 1894 2078 1938 tunc
2111 1894 2225 1938 erat
2260 1886 2309 1938 in
2333 1884 2572 1944 Ecclesia
2602 1884 2903 1941 Cassiodori
2936 1890 3323 1957 nomen,cujus

89 1971 219 2036 quit,
241 1967 329 2021 διὰ
353 1967 448 2037 τῆς
485 1966 796 2037 Ἑλληνικῆς
825 1967 916 2019 καὶ
950 1967 1294 2043 Άλῐανιχαῐκῆς
1316 1968 1528 2039 ἀπάτης
1560 1967 1668 2023 αὒ-.

88 2060 192 2113 τῶν
223 2060 449 2124 πολλοὺς
480 2059 834 2114 ἀπολέσωσιν.
870 2080 887 2111 ι
928 2060 995 2115 Ut
1022 2076 1126 2114 non
1160 2061 1370 2130 penitus
1398 2076 1491 2129 per
1506 2060 1655 2119 Grae-

88 2155 333 2210 canicam
389 2164 442 2209 et
497 2153 885 2208 Manicltaicam
946 2168 1097 2208 suam
1143 2154 1383 2207 fraudem
1443 2152 1646 2207 multos

86 2248 345 2316 perdant:
390 2266 409 2300 ι
452 2247 594 2302 unde
629 2245 920 2316 Origenem
947 2262 1067 2301 cum
1104 2245 1396 2299 Manichaao
1424 2243 1653 2313 conjun-

86 2340 161 2407 git
195 2338 479 2394 Facundos
512 2339 603 2394 lib.
659 2354 760 2404 xu,
786 2354 926 2413 cap.
975 2339 1000 2393 1
1036 2356 1048 2392 :
1083 2356 1100 2387 ι
1136 2339 1216 2392 Ad
1251 2338 1410 2399 hanc,
1457 2337 1651 2405 inquit,

84 2430 501 2487 obstinationem
548 2429 820 2496 pertinere
867 2429 1119 2492 dicimus,
1156 2429 1263 2481 imo
1293 2428 1652 2501 principatum

86 2518 137 2571 in
160 2534 222 2572 ea
250 2529 433 2581 tenere
484 2517 910 2579 ﬁrmamusillas
961 2517 1123 2572 etiam
1164 2517 1460 2582 doctrinas,
1521 2532 1653 2588 quas

87 2610 303 2677 quidam
337 2627 443 2665 non
469 2610 623 2679 quasi
653 2610 830 2663 minus
860 2608 1205 2677 intelligendo
1238 2607 1552 2677 Scripturas
1578 2609 1653 2661 di-

84 2705 261 2769 vinas,
290 2706 383 2759 sed
413 2705 493 2759 eis
524 2712 709 2773 aperte
747 2702 1065 2765 resistendo,
1098 2701 1209 2755 sola
1235 2703 1653 2771 praesumptione

88 2796 315 2865 spiritus
345 2796 719 2861 condiderunt,
752 2793 892 2848 sicut
921 2792 1250 2847 Manichazus
1279 2800 1438 2861 atque
1461 2790 1651 2864 Orige-

88 2902 203 2941 nes.
246 2905 268 2940 ι
306 2886 468 2941 Addit
513 2887 771 2956 Evagrius
810 2894 933 2955 post
986 2885 1297 2939 damnatum
1341 2886 1529 2956 synodi
1561 2902 1653 2940 vo-

86 2978 499 3035 ciferationibtts
544 2978 854 3049 Origenem,
890 2978 1163 3047 ipsiusque
1198 2979 1501 3047 partiarios,
1548 2979 1654 3047 pla-

86 3072 264 3126 cuisse
290 3081 350 3126 ut
372 3073 438 3126 de
460 3086 525 3128 eo
549 3073 614 3126 ad
638 3071 1001 3128 Justinianum
1034 3070 1361 3126 referretur:
1405 3081 1515 3126 tum
1540 3087 1653 3127 ver-

84 3162 150 3215 ba
183 3164 299 3233 ipsa
340 3172 708 3233 reprmsentat,
751 3164 805 3218 in
850 3164 1046 3234 quibus
1089 3163 1353 3234 Origenes
1396 3175 1648 3235 tanquam

83 3256 589 3311 furanathematum
618 3256 828 3327 laqueis
861 3257 1200 3324 constrictus,
1225 3266 1278 3313 et
1312 3268 1466 3313 extra
1496 3272 1649 3313 sacra

81 3347 283 3400 mantia
318 3346 559 3415 deiectus
584 3361 703 3401 esse
724 3348 956 3413 dicitur;
993 3358 1156 3417 atque
1178 3348 1261 3403 his
1293 3350 1499 3418 adjecta
1532 3364 1651 3406 esse

78 3437 155 3490 ait
173 3439 427 3492 damnata
456 3437 879 3508 Origenistarum
924 3440 1181 3507 capitula,
1218 3442 1358 3494 unde
1386 3440 1542 3495 facile
1572 3441 1651 3495 in-

80 3540 332 3585 notescat
356 3531 409 3584 in
441 3530 636 3599 quibus
662 3531 734 3585 illi
766 3530 925 3584 simul
950 3531 1033 3595 vel
1069 3532 1412 3586 consentiant
1438 3533 1517 3587 vel
1540 3534 1649 3587 dis—

81 3623 356 3686 sentiant;
387 3624 633 3691 quintum
667 3636 733 3676 ex
765 3622 831 3678 iis
855 3623 1110 3693 capitulis
1143 3625 1421 3679 continere
1457 3625 1646 3694 dogma

78 3730 109 3769 a
150 3715 434 3771 monachis
482 3715 797 3784 quibusdam
840 3714 1000 3769 Nova:
1042 3715 1252 3780 Laurze,
1281 3726 1334 3771 et
1365 3716 1648 3781 Theodoro

76 3807 279 3862 Ascida
312 3820 598 3869 assertum,
644 3808 785 3876 quod
816 3807 1034 3863 Christo
1085 3807 1316 3884 :equales
1346 3810 1552 3863 futuros
1593 3809 1645 3862 in

79 3898 430 3953 restitutione
456 3900 747 3968 apostolos,
793 3910 847 3954 et
876 3911 1142 3970 martyres
1168 3916 1232 3954 ex
1268 3901 1540 3955 miraculis
1579 3903 1645 3955 ab

78 3990 211 4058 ipsis
236 3991 397 4046 editis
424 3992 726 4057 concludit;
768 3992 1115 4061 nefariasque
1147 3992 1379 4062 Didymi,
1431 3992 1643 4062 Evagrii

74 4092 130 4136 et
152 4083 425 4138 Theodori
453 4085 749 4139 sententias
782 4084 1017 4154 reliquas
1040 4084 1322 4154 diligenter
1347 4085 1511 4141 fuisse
1537 4086 1647 4141 col-

76 4173 475 4232 lectasJiabet
509 4176 625 4231 haec
651 4177 836 4233 eadem
873 4176 1229 4245 Nicephorus,
1263 4181 1356 4232 sed
1391 4178 1642 4233 nonnulla

72 4277 340 4335 praeterea
372 4270 438 4322 de
470 4285 568 4323 suo
602 4270 859 4334 adnectit,
903 4269 1069 4335 velut,
1097 4268 1293 4338 agitata
1319 4271 1429 4324 Ιιαεο
1456 4286 1645 4325 secun-

71 4360 140 4413 da
168 4361 412 4415 sessione
439 4360 636 4426 fuisse;
667 4362 905 4416 adnectit
929 4370 983 4416 et
1023 4362 1166 4429 ipsos
1196 4362 1385 4431 synodi
1422 4364 1647 4417 anathe-

69 4452 381 4518 matismos,
419 4466 557 4520 quos
587 4452 654 4506 ad
689 4453 911 4507 verbum
966 4452 1273 4507 describere
1306 4467 1365 4507 se
1392 4452 1640 4517 aﬂirmat,

1756 1975 1822 2030 de
1854 1974 2083 2045 Origene
2120 1979 2467 2042 sententiam,
2492 1988 2613 2045 post
2638 1977 2774 2033 latos
2807 1993 2838 2032 a
2870 1977 3321 2050 Constantinopo-

1755 2064 1915 2120 litana
1981 2068 2185 2137 synodo
2242 2068 2294 2121 in
2349 2084 2469 2122 eum
2519 2052 3006 2124 anathematismos
3050 2070 3319 2125 sciscitari

1754 2172 1931 2227 opera:
1961 2159 2189 2227 pretium
2242 2169 2340 2212 est.
2389 2160 2441 2211 In
2474 2160 2608 2213 libro
2648 2161 2828 2230 itaque
2860 2160 2935 2214 De
2988 2161 3320 2215 institutione

1754 2249 2052 2303 divinarum
2084 2247 2478 2317 Scripturarum
2508 2252 2634 2307 talia
2666 2252 2732 2307 de
2760 2267 2825 2307 eo
2864 2252 3088 2318 scribit,
3118 2252 3318 2305 multo-

1754 2358 1873 2396 rum
1910 2343 2079 2409 ipsutn
2111 2342 2327 2397 Patrum
2360 2347 2624 2399 sententia
2666 2347 2978 2401 haereticum
3024 2344 3312 2408 declarari,

1754 2444 1808 2488 et
1834 2449 1863 2486 a
1898 2432 2088 2501 Vigilio
2110 2450 2245 2503 papa
2276 2435 2449 2488 denuo
2474 2450 2594 2489 esse
2622 2437 2936 2490 damnatum
2961 2452 2978 2501 ;
3011 2449 3203 2503 nempe
3222 2450 3319 2503 per

1759 2523 2138 2589 Constitulum,
2174 2526 2512 2594 utsuspicari
2545 2526 2690 2592 licet,
2722 2527 2775 2581 in
2798 2543 2917 2582 eam
2954 2542 3065 2581 rem
3107 2527 3315 2595 speciar

1756 2614 1847 2667 tim
1877 2614 2237 2683 publicatum;
2263 2614 2614 2683 Theophilum
2637 2618 2858 2686 triginta
2889 2618 3125 2686 quinque
3148 2617 3318 2685 ipsius

1754 2716 1968 2758 errores
1996 2704 2365 2773 redarguisse;
2408 2720 2605 2773 magno
2634 2706 2685 2759 in
2719 2723 2840 2760 eum
2875 2708 3060 2761 dolore
3081 2707 3317 2775 Epipha-

1753 2796 1899 2851 nium
1930 2797 2338 2862 succensuisse;
2382 2799 2615 2853 maxime
2656 2798 2711 2852 in
2739 2814 2804 2854 eo
2832 2799 3058 2869 legendo
3087 2801 3318 2868 proban-c

1752 2888 1876 2942 dam
1930 2889 2189 2957 regulam,
2242 2904 2360 2958 qua:
2389 2890 2456 2942 ab
2508 2889 2835 2961 Hieronymo
2876 2892 2931 2945 in
2979 2890 3220 2960 Epistola
3248 2896 3317 2946 ad

1754 2977 2181 3048 TranquiUinum
2210 2979 2482 3050 proposita
2527 2988 2629 3035 est.
2678 2980 2971 3036 Florebant
2999 2983 3143 3038 circa
3176 2982 3317 3035 hanc

1756 3082 2125 3142 tempestatem
2159 3074 2475 3129 Anastasius
2518 3074 2725 3129 Sinaita
2777 3086 2832 3130 et
2861 3074 3099 3130 Joannes
3147 3074 3314 3128 Scho-

1754 3164 1998 3230 lasticus,
2027 3167 2111 3220 cui
2130 3180 2197 3219 ex
2229 3164 2381 3219 titulo
2404 3164 2549 3229 libri,
2570 3163 2727 3218 Scala
2754 3164 3015 3233 paradisi,
3042 3164 3310 3233 inscripti,

1753 3257 1977 3313 Climaci
2023 3266 2438 3326 cognomentum
2502 3255 2793 3311 fecerunt:
2839 3257 3032 3311 horum
3085 3267 3312 3325 uterque

1750 3366 1876 3421 erga
1908 3347 2196 3419 Origenem‘
2251 3347 2611 3419 Origenisque
2640 3350 2874 3405 asseclas
2909 3349 3051 3404 male
3083 3345 3314 3403 aﬂ‘ectus

1750 3442 1870 3496 fuit.
1908 3442 2032 3495 Fuit
2054 3441 2181 3496 illud
2200 3441 2363 3495 etiam
2395 3440 2461 3495 ad
2504 3440 2933 3511 Origenistarum
2962 3439 3312 3495 minuendam

1749 3533 2200 3588 existimationem
2238 3531 2659 3601 perappositum,
2708 3533 2850 3600 quod
2891 3532 2944 3585 iu
2973 3545 3163 3585 novam
3201 3532 3312 3585 bte-

1750 3625 1912 3679 resitn
1963 3625 2111 3691 lapso
2140 3622 2441 3679 Justiniano
2471 3625 2677 3678 assensi
2724 3633 2849 3679 sunt
2878 3640 2892 3677 :
2926 3623 3195 3678 haereseos
3217 3638 3311 3675 au-

1752 3727 1857 3771 tem
1890 3716 2034 3775 illius
2083 3717 2314 3785 capitale
2364 3719 2467 3773 hoc
2494 3726 2615 3772 erat
2643 3717 2854 3786 dogma,
2885 3730 3083 3784 corpus
3108 3713 3311 3768 Christi

1749 3808 1875 3861 dum
1896 3808 2123 3877 agitaret
2145 3808 2334 3871 vitam,
2360 3806 2520 3862 nullis
2538 3806 2842 3869 affectibus.
2868 3805 2997 3859 nulli
3017 3803 3311 3859 obnoxium

1747 3899 2078 3968 corruptioni
2102 3898 2272 3952 fuisse
2310 3917 2323 3952 :
2352 3900 2493 3968 quod
2526 3912 2648 3953 cum
2676 3898 2881 3954 calculo
2900 3913 2998 3954 suo
3019 3901 3311 3969 probarent

1747 3990 2083 4060 Origenistaz,
2107 3990 2234 4044 nulli
2256 4005 2360 4045 non
2388 3990 2732 4045 manifestum
2765 3990 2886 4057 fuit,
2929 4008 3089 4062 quam
3128 4008 3308 4062 prom-

1746 4092 1897 4153 ptum
1921 4083 1989 4140 iis
2015 4091 2159 4137 esset
2178 4097 2207 4135 a
2228 4082 2453 4152 probata
2485 4084 3009 4139 Ecclesiterdoctrina
3038 4085 3308 4142 recedere.

1747 4173 1875 4230 Post
1908 4175 2118 4245 aliquot
2150 4189 2322 4231 annos
2359 4175 2600 4244 pontifex
2645 4174 2921 4231 Romanus
2958 4187 3174 4233 creatur
3211 4177 3311 4233 Pe-

1746 4266 1916 4338 lagius
1938 4265 2226 4332 secundus,
2258 4268 2410 4337 cujus
2448 4271 2513 4322 de
2530 4266 2761 4338 Origene
2786 4268 3141 4339 Origenisque
3161 4283 3310 4326 secta

1746 4357 2054 4425 opinionem
2087 4356 2597 4425 patefacitpomine
2621 4358 2789 4425 ipsius
2812 4360 3017 4427 scripta
3054 4374 3083 4412 a
3107 4360 3310 4428 Grego-

1745 4446 1828 4501 rio
1861 4445 2107 4502 Romano
2132 4446 2307 4501 adhuc
2335 4446 2562 4502 diacono
2582 4485 2599 4513 ,
2639 4450 2977 4516 postmodum
3013 4464 3144 4504 vero
3175 4464 3306 4519 pons

68 4544 278 4613 quique
316 4544 351 4598 ii
388 4545 490 4613 ipsi
538 4554 683 4611 sunt,
736 4559 870 4612 quos
902 4542 1145 4613 epistolae
1197 4560 1305 4598 sua:
1334 4544 1402 4598 ad
1433 4543 1642 4607 Menam
1675 4538 1721 4596 ο
1751 4536 1912 4603 tilice,
1944 4537 2193 4606 epistola.
2244 4537 2334 4590 Sic
2383 4536 2473 4592 ille
2506 4551 2633 4606 ergo
2684 4537 2857 4594 Eliam
2905 4540 3307 4607 Aquileiensetn

65 4637 179 4705 iam
211 4646 340 4692 ante
383 4636 719 4691 Justinianus
760 4638 1128 4691 subtexuerat.
1164 4635 1362 4695 Horum
1415 4636 1545 4691 ﬁdes
1574 4637 1644 4689 sit

67 4744 240 4797 penes
268 4728 649 4797 Nicephorum,
680 4728 1030 4793 levissimum,
1059 4738 1115 4780 ut
1138 4726 1247 4795 jam
1285 4737 1409 4787 ante
1439 4728 1644 4783 monui-

65 4836 219 4885 mus,
246 4828 302 4873 et
336 4819 543 4874 [utilem
566 4818 894 4874 Graeculum.
928 4818 1201 4877 Cedrenus
1226 4828 1403 4875 autem
1436 4818 1641 4872 litteras

65 4912 294 4967 exhibet
328 4926 447 4980 quae
499 4927 529 4965 a
570 4910 872 4965 Justiniano
919 4910 983 4963 ad
1014 4911 1275 4979 synodum
1304 4919 1491 4964 contra
1519 4908 1641 4965 Ori-

63 5019 264 5071 genem
290 5005 467 5057 missae
490 5012 613 5057 sunt
631 5042 645 5065 ,
670 5018 896 5071 quarum
918 5003 1186 5057 sententia
1218 5003 1330 5056 haec
1359 5012 1475 5056 est:
1502 5018 1637 5056 com-

61 5102 287 5159 pertum
319 5093 516 5146 habere
548 5107 607 5146 se
652 5093 943 5147 monachos
973 5107 1091 5147 esse
1123 5090 1491 5161 Jerosolymis,
1549 5094 1638 5167 qui

62 5182 418 5251 Pythagoras,
452 5182 688 5237 Platonis
728 5192 783 5235 et
836 5182 1077 5250 Origenis
1109 5196 1322 5236 errores
1362 5192 1636 5248 tueantur,

62 5290 174 5341 qua
232 5275 300 5329 de
354 5291 414 5329 re
461 5276 810 5343 quaerendum
850 5273 1172 5328 decrevisse.
1222 5273 1355 5327 Tum
1394 5278 1637 5343 dogmata

60 5363 314 5431 ipsorum
354 5364 559 5432 aliquot
610 5373 890 5427 recenset,
935 5363 1063 5416 illud
1112 5363 1447 5430 potissimum
1496 5365 1637 5432 quod

60 5452 189 5508 istis
224 5454 456 5507 maxime
479 5454 811 5521 temporibus
842 5454 1153 5508 ventilatum
1180 5454 1552 5511 adnotavimus
1574 5455 1640 5509 de

61 5546 375 5598 animarum
402 5543 763 5615 προϋπάρξει,
797 5546 933 5599 inter
954 5560 1086 5613 quas
1110 5545 1285 5597 anima
1311 5544 1639 5605 solaChristi

60 5648 233 5689 suum
252 5634 490 5687 ordinem
522 5636 739 5688 immota
767 5632 1028 5697 tenuerit;
1049 5633 1188 5701 quod
1213 5648 1277 5684 cx
1304 5632 1619 5701 Pythagora:

62 5734 122 5775 ct
153 5724 379 5789 Plotini,
406 5740 468 5779 ac
499 5728 766 5796 praecipue
812 5725 1046 5780 Platonis
1079 5724 1527 5778 somniationibtts
1573 5724 1640 5778 ab

59 5814 309 5882 Origene
336 5819 653 5874 translatum
678 5819 1008 5875 demonstrat
1040 5834 1051 5872 :
1088 5816 1433 5880 quamobrem
1454 5815 1640 5873 Patres

1744 4629 2083 4698 episcopum,
2111 4628 2353 4697 aliosque
2387 4628 2760 4685 schismaticos
2790 4628 2961 4685 lstriat
2995 4630 3309 4701 episcopos,

1742 4728 1796 4773 et
1850 4720 1951 4774 tria
1998 4729 2399 4789 propugnantes
2450 4720 2683 4789 capitula
2729 4721 3061 4791 alloquitur:
3105 4741 3123 4774 ε
3162 4722 3300 4788 Quid

1742 4825 1975 4880 namque
2006 4811 2059 4865 in
2090 4811 2467 4866 haeresiarchis
2503 4810 2737 4880 Origene
2766 4814 3026 4880 deterius,
3073 4824 3129 4869 et
3175 4816 3308 4885 quid

1743 4903 1794 4955 in
1826 4901 2274 4972 historiographis
2297 4903 2523 4957 inveniri
2549 4902 2782 4959 Eusebio
2811 4904 3184 4963 bonorabilius
3211 4922 3308 4978 po-

1746 4992 1887 5047 test?
1919 4992 1984 5047 Et
2007 4994 2126 5063 quis
2154 5002 2397 5049 nostrum
2426 4997 2634 5051 nesciat
2675 4996 2730 5050 in
2762 4996 2915 5051 libris
2938 4998 3053 5053 suis
3087 5000 3307 5068 quantis

1747 5084 2031 5155 Origencm
2078 5085 2340 5141 Eusebius
2398 5085 2682 5154 praconiis
2730 5086 2972 5140 attollat?
3029 5089 3135 5144 Sed
3182 5089 3306 5159 quia

1746 5185 1929 5230 sancta
1963 5175 2200 5229 Ecclesia
2255 5189 2471 5230 suorum
2506 5176 2741 5231 ﬁdelium
2791 5177 2951 5230 corda
3001 5176 3305 5246 benignius,

1745 5282 1904 5335 quam
1937 5265 2099 5321 verba
2132 5267 2436 5322 districtius
2479 5277 2691 5337 pensat,
2722 5276 2777 5321 et
2814 5268 2934 5337 plus
2957 5269 3008 5321 in
3042 5269 3307 5323 haereticis

1744 5374 1963 5414 sensum
1991 5359 2289 5429 proprium,
2314 5374 2475 5427 quam
2525 5360 2738 5415 testatio
2767 5359 2980 5414 Eusebii
3022 5359 3304 5415 absolvere

1744 5451 1944 5519 potuit;
1975 5464 2073 5504 nec
2094 5465 2306 5504 rursum
2337 5449 2624 5505 Eusebium
2656 5451 2859 5506 laudati
2882 5453 3129 5522 Origenis
3150 5452 3309 5521 culpa

1746 5544 2037 5599 damnavit.
2066 5545 2259 5601 Annon
2290 5550 2345 5596 et
2388 5541 2894 5615 Gregorius-Nyssaz
2924 5544 3069 5597 urbis
3092 5544 3304 5613 episco~

1746 5652 1864 5704 pus,
1905 5651 2027 5690 cum
2084 5636 2367 5693 Canticum
2415 5638 2752 5692 canticorum
2800 5635 3036 5703 exponit,
3095 5633 3304 5701 magnis

1746 5719 2028 5789 Origenem
2058 5721 2303 5779 laudibus
2333 5723 2594 5793 przefert?
2626 5724 2817 5777 Annon
2867 5732 2921 5776 ct
2948 5720 3307 5792 Hieronymus

1748 5824 1941 5873 nostra:
1964 5815 2219 5875 Ecclesiae
2244 5819 2550 5896 presbyter,
2573 5814 2925 5889 etslngularis
2949 5812 3159 5870 ΗΑ)τωί
3181 5830 3295 5885 set:-
