3838 6222
470 355 609 413 1175

1734 352 1794 407 Ρ.
1837 352 2151 407 DANIELIS
2186 354 2417 409 llUETll

3588 348 3715 403 “76

466 462 645 506 monts
680 446 947 513 interpres
985 453 1133 499 tanto
1152 458 1281 514 erga
1312 443 1601 514 Origenem
1636 444 1820 499 favore
1852 447 2033 501 iuten—
2066 451 2114 506 Α
2142 443 2267 501 Sola
2304 447 2427 498 mihi
2458 462 2638 501 casum
2664 442 2801 513 Περὶ
2833 443 3033 512 ἀρχῶν
3059 443 3199 495 dicta
3227 443 3501 497 dederunt.

467 543 633 606 ditur,
663 549 719 592 ut
752 554 885 607 pene
931 537 1223 607 discipulus
1279 538 1394 607 ejus
1442 553 1561 594 esse
1607 538 1893 592 videatur?
1930 539 2038 594 Sed

468 632 591 698 quia
615 630 731 698 plus
755 645 915 683 causa
946 644 1107 698 quam
1130 630 1288 684 verba
1322 630 1591 699 pensanda
1618 638 1768 694 sunt,
1802 645 1901 686 nec
1923 630 2041 685 istis

468 738 563 776 sua
599 721 903 790 benignitas
942 721 1145 784 nocuit,
1179 735 1277 774 nec
1302 720 1446 773 illum
1479 736 1507 773 a
1543 731 1693 775 reatu
1721 723 1936 791 proprio
1958 722 2039 777 fa—

470 828 567 867 vor
600 812 787 866 alicam
822 812 1186 865 attestationis
1211 799 1518 866 excusavitl
1551 831 1570 864 ι
1614 811 1774 867 Certe
1811 816 1897 869 hic
1927 816 2042 885 ipse

468 903 783 975 Gregorius,
820 920 942 959 cum
977 916 1133 959 antea
1158 904 1497 974 apocrisiarii
1528 920 1752 959 munere
1771 906 2040 961 Constan-

470 999 691 1068 tinOpoli
740 998 1079 1069 fungeretur,
1133 1000 1416 1052 adversum
1471 998 1874 1053 sanctissimum
1915 1013 2044 1067 prte-

467 1089 639 1143 sulem
692 1086 1041 1159 Eutycbium,
1078 1085 1329 1157 Origenis
1375 1088 1675 1142 doctrinam
1716 1089 1781 1142 de
1811 1104 2045 1143 resurre-

468 1180 650 1234 ctione
682 1188 923 1235 tuentem
956 1180 1134 1233 fuerat
1165 1181 1413 1233 velitatus
1450 1198 1463 1234 :
1501 1180 1756 1234 docuerat
1784 1180 1925 1233 enim
1950 1180 2044 1234 bo-

468 1286 570 1324 nus
608 1270 699 1324 ille
736 1272 847 1336 vir,
874 1286 1069 1340 corpus
1084 1275 1344 1341 {nostrum
1368 1270 1422 1323 in
1455 1271 1849 1323 resurrectione
1869 1272 2045 1324 mani-

467 1362 570 1416 bus
588 1363 730 1432 tangi
757 1378 861 1417 non
887 1379 1066 1433 posse,
1091 1364 1372 1432 ventisque
1400 1372 1454 1417 et
1486 1377 1611 1417 aere
1636 1378 1757 1418 esse
1776 1363 2043 1419 subtilius.

470 1453 861 1508 ltenascentem
898 1469 1162 1519 errorem,
1191 1454 1284 1507 sed
1312 1454 1398 1508 vix
1428 1453 1525 1509 uili
1556 1465 1732 1508 tamen
1763 1454 1919 1508 hisin
1936 1455 2047 1509 oris

469 1547 751 1614 probatum
775 1544 1068 1613 Gregorius
1091 1545 1351 1610 coercuit,
1374 1558 1604 1614 eumque
1631 1545 1869 1599 moriens
1885 1544 2050 1615 Euty-

471 1635 625 1689 cbius
667 1635 959 1697 revocavit,
994 1649 1115 1689 cum
1167 1633 1363 1688 librum
1395 1634 1563 1704 ipsius
1605 1632 1853 1691 Tiberius
1878 1636 2040 1704 impe-

472 1733 623 1777 rator
651 1722 882 1778 flammis
913 1722 1132 1791 dignum
1167 1721 1481 1790 iudicasset.
1510 1722 1621 1779 Hac
1642 1740 1856 1794 quoque
1885 1725 2049 1780 circi—

2212 515 2264 569 Η
2273 518 2315 571 is
2340 534 2419 569 me
2447 516 2680 569 collectis
2702 530 2886 581 aspera
2922 515 3023 566 tela
3049 524 3306 581 premunt.

2211 609 2365 662 Anno
2392 607 2515 671 (349,
2545 606 2769 674 primam
2801 604 3063 675 synodum
3088 603 3512 657 Lateranensem
3543 604 3715 671 coegit

2142 697 2400 753 Martinus
2432 695 2671 766 pontifex
2701 695 2769 750 ad
2801 693 3144 748 Constantini
3181 693 3522 760 imperatoris
3537 691 3719 759 explo-

2143 791 2375 844 dendum
2431 798 2636 859 typum,
2666 796 2718 839 et
2768 788 2921 842 novis
2952 801 3016 840 ac
3063 785 3305 853 repetitis
3359 784 3719 841 anathematis

2143 881 2495 951 proterendos
2539 878 2806 949 Sergium,
2855 878 3119 948 Pyrrhum
3155 891 3216 930 ac
3263 875 3486 929 Paulum
3528 874 3721 930 Mono-

2142 973 2378 1028 thelitas.
2402 970 2662 1039 Origenes
2686 972 2737 1024 in
2762 986 2825 1025 ea
2853 986 2976 1025 cum
3006 971 3119 1023 suis
3136 966 3455 1036 sequacibus
3496 965 3725 1036 Didyme

2143 1073 2197 1119 et
2228 1065 2456 1134 Evagrio
2484 1062 2552 1116 ab
2593 1062 2833 1117 Ecclesia
2866 1061 3240 1130 proscribitur.
3282 1058 3503 1113 Favisse
3557 1072 3728 1113 econ-

2145 1156 2311 1209 trario
2350 1154 2563 1209 videtur
2604 1153 2817 1223 Origeni
2844 1152 3147 1219 Stephanus
3165 1149 3408 1205 Gobarus
3431 1148 3729 1211 Tritbeita,

2147 1252 2204 1299 ut
2238 1259 2305 1299 ex
2334 1244 2508 1299 n’bctii
2528 1243 2711 1298 codice
2731 1257 2963 1306 nexuit,
2996 1240 3262 1308 conjicere
3283 1250 3586 1309 promptum
3612 1248 3727 1300 est;

2144 1335 2402 1406 pleraque
2426 1336 2690 1405 siquidem
2716 1336 2884 1405 ipsius
2908 1335 3155 1404 dogmata
3182 1332 3415 1386 maxime
3434 1332 3727 1400 reprobata

2147 1430 2199 1482 in
2253 1438 2538 1497 utramque
2586 1427 2883 1494 disputavit
2946 1434 3187 1494 partem,
3241 1424 3561 1479 sententiam
3614 1424 3735 1490 ipse

2147 1535 2298 1575 suam
2352 1518 2583 1574 fortasse
2639 1521 2742 1573 hac
2780 1529 2898 1572 arte
2950 1515 3259 1581 occultans;
3316 1515 3736 1583 pmcipuosque

2147 1608 2393 1680 Origcnis
2443 1608 2759 1671 ;laudatores
2836 1604 3297 1661 commemoravit.
3366 1602 3513 1657 Vixit
3583 1603 3736 1655 circa

2150 1716 2351 1757 annum
2405 1701 2530 1767 720,
2567 1700 2869 1754 Germanus
2902 1696 3210 1768 patriarcha
3239 1694 3741 1765 Constantinopoli-

472 1821 557 1867 ter
590 1822 911 1881 tempestate
942 1787 1199 1867 Eeontius
1229 1812 1537 1882 Byzantius,
1565 1829 1594 1867 a
1625 1787 1852 1869 Leon-tio
1878 1814 2046 1871 altero

2163 1808 2326 1859 .anus,
2350 1796 2440 1863 qui
2474 1803 2672 1862 praeter
2701 1791 2802 1845 alia
2838 1789 3095 1859 opuscula
3123 1787 3569 1853 ἀνταποδοτικόν,
3616 1790 3739 1844 sive

473 1905 795 1975 Byzantino,
824 1906 960 1967 sive,
998 1905 1150 1973 juxta
1177 1902 1331 1970 alios,
1363 1903 1640 1976 Byzaceuo
1664 1908 1926 1962 monacho
1954 1923 2047 1963 su-

472 2011 571 2065 pra
602 2007 1024 2051 commemorato
1064 1995 1330 2064 diversus,
1357 1995 1646 2069 Origenem
1675 2000 1891 2069 scriptis
1916 2014 2047 2055 acu-

474 2087 631 2140 ieatis
665 2085 938 2140 laceravit.

548 2218 712 2274 XVII.
742 2220 820 2274 Ex
847 2234 912 2276 eo
937 2218 1265 2289 Origenismi
1293 2220 1495 2276 invidia
1520 2220 1735 2291 paulum
1762 2223 2044 2289 obsolevit,

456 2301 589 2367 inec
622 2312 816 2368 multos
846 2328 1076 2381 sequens
1105 2323 1236 2369 tetas
1278 2313 1377 2383 ipsi
1412 2314 1655 2370 infensos
1684 2314 1821 2369 tulit.
1869 2316 2043 2381 Anno,

476 2413 763 2475 postquam
788 2405 1022 2475 synodus
1050 2405 1235 2474 quinta
1255 2404 1527 2460 celebrata
1550 2414 1654 2470 est,
1688 2408 2045 2475 oct0gcsimo,

478 2495 817 2564 Sophronius
873 2494 1359 2563 Jerosolymitanus
1425 2495 1619 2562 prmsul
1673 2496 1739 2549 ad
1802 2495 2046 2565 Sergium

478 2587 1139 2656 Constantinopolitanum
1168 2588 1534 2655 patriarcham
1570 2588 1880 2657 synodicam
1914 2589 2050 2643 scri-

478 2681 616 2735 bens
634 2681 941 2748 epistolam,
966 2696 1084 2750 qum
1126 2691 1208 2734 est
1242 2681 1404 2735 veluti
1440 2680 1703 2749 professio
1735 2680 1880 2747 fidei,
1911 2681 2051 2737 inter

481 2773 620 2828 alios
644 2774 1020 2828 limreticorum
1067 2787 1280 2827 errores
1303 2774 1570 2843 praecipua
1602 2784 1887 2831 enumerat
1930 2774 2050 2831 Ori-

480 2866 634 2936 genis
670 2867 920 2936 dogmata
972 2864 1093 2919 fidei
1141 2865 1467 2920 Christiana:
1516 2867 1808 2932 contraria,
1843 2877 1897 2921 et
1925 2883 2049 2939 gra-

481 2957 719 3012 vissimis
760 2957 940 3011 verbis
992 2957 1255 3021 confutat,
1304 2957 1658 3026 eumdemque
1711 2957 1764 3011 iu
1822 2959 2051 3013 concilio

481 3053 671 3121 quinto
698 3052 1008 3106 damnatum
1042 3049 1210 3105 fuisse
1235 3060 1539 3116 asseverat;
1569 3060 1680 3105 tum
1698 3051 1870 3119 ipsum
1896 3051 2041 3104 dein-

482 3145 549 3198 de
597 3159 719 3199 cum
761 3144 1145 3213 perditissimis
1172 3143 1441 3197 haereticis
1487 3143 1734 3197 collocat.
1761 3143 1944 3196 Relata
1973 3146 2124 3204 estC

482 3239 599 3295 haec
634 3236 856 3305 epistola
898 3237 1037 3290 inter
1100 3237 1237 3290 Acta
1286 3236 1473 3306 synodi
1526 3245 1689 3290 sexta:
1740 3237 1938 3291 action.
1969 3238 2055 3290 11.

486 3329 693 3383 Deinde
720 3328 932 3383 actione
957 3329 1023 3382 17
1062 3338 1116 3382 et
1152 3327 1241 3392 18,
1287 3327 1517 3380 iteratur
1552 3326 1765 3382 concilii
1795 3326 2056 3390 definitio,

486 3419 542 3473 in
574 3433 678 3487 qua
716 3421 1016 3488 probantur
1048 3428 1103 3474 et
1153 3418 1546 3474 conﬁrmantur
1594 3418 1810 3473 decreta
1859 3420 2061 3487 quinta:

487 3509 706 3580 synodi,
731 3525 850 3579 qua:
880 3510 1115 3581 synodus
1156 3509 1263 3563 illic
1296 3508 1496 3564 dicitur
1524 3511 1783 3564 adversus
1816 3509 2063 3564 Theodo-

489 3616 613 3655 rum
644 3601 1102 3671 Mopsuestenum,
1128 3600 1438 3669 Origenem,
1473 3600 1754 3670 Didymum
1812 3612 1867 3657 et
1920 3602 2061 3656 Eva-

489 3692 665 3759 grium
714 3690 880 3746 fuisse
914 3702 1260 3761 congregata.
1291 3691 1347 3745 lu
1378 3693 1566 3746 eadem
1604 3696 1819 3749 actione
1848 3695 1937 3759 18,
1970 3696 2063 3750 ha-.

488 3784 649 3837 betur
674 3783 907 3837 edictum
930 3783 1271 3837 Constantini
1295 3783 1659 3853 imperatoris,
1692 3786 1744 3839 in
1767 3802 1871 3856 qua
1891 3788 2067 3841 susci-

488 3888 617 3944 pere
637 3890 697 3929 se
721 3876 1021 3940 denuntiat,
1046 3892 1163 3945 qua:
1193 3878 1376 3946 quinta
1412 3878 1647 3948 synodus
1675 3882 1854 3932 sanxit
1883 3890 2063 3932 contra

489 3967 589 4021 Dei
612 3968 999 4036 impugnatores
1025 3968 1325 4039 Origenem,
1363 3970 1641 4039 Didymum
1671 3981 1716 4022 et
1756 3970 2058 4039 Eragrium.

494 4060 732 4129 Denique
762 4059 957 4117 Leonis
998 4061 1040 4114 ll
1081 4076 1228 4130 papa:
1261 4063 1538 4129 epistolam
1563 4065 1626 4115 ad
1654 4061 2062 4116 Constantinum

494 4152 731 4215 exhibet,
774 4153 960 4222 inqua
990 4163 1104 4206 rata
1154 4169 1274 4208 esse
1318 4154 1517 4221 jubens
1549 4168 1669 4222 qua:
1716 4154 2066 4208 (ecunienica:

495 4242 685 4313 synodi
714 4256 808 4297 sex
835 4252 1153 4310 statuerant,
1174 4245 1312 4298 inter
1342 4243 1477 4296 alios
1512 4241 1813 4308 hmreticos,
1844 4258 1977 4311 quos
2003 4260 2065 4297 ea

495 4332 725 4385 concilia
758 4333 1120 4385 anatbematis
1168 4332 1548 4397 contuderaut,
1576 4331 1860 4400 Origenem
1920 4333 2066 4386 Ada-

496 4424 783 4489 mantium,
809 4423 1091 4493 Didymum
1128 4433 1181 4477 ct
1217 4422 1504 4492 Evagrium
1542 4425 1712 4493 ponit.
1735 4422 1843 4477 Nec
1876 4424 2067 4477 melius

496 4514 713 4569 habitus
746 4514 1108 4583 estOrigenes
1134 4517 1201 4569 ab
1226 4513 1431 4569 lsidoro
1462 4515 1784 4583 Hispalensi,
1812 4515 1903 4583 qui
1937 4515 2064 4571 Ori-

496 4610 604 4678 gin.
652 4610 743 4663 lib.
784 4626 903 4675 vui,
956 4623 1074 4678 cap.
1125 4609 1177 4673 5,
1216 4609 1489 4662 baereseon
1541 4608 1681 4663 inter
1722 4609 2069 4663 Christianos

497 4712 807 4754 csortarum
839 4702 1033 4756 seriem
1085 4710 1396 4771 pertexens,
1439 4700 1795 4771 Origenianos
1823 4716 2067 4756 comme-

500 4802 697 4859 morat,
758 4794 1103 4860 ipsorumque
1149 4792 1465 4861 reprobatas
1513 4794 1794 4861 opiniones
1816 4792 2067 4863 :exponit.

503 4881 690 4937 llefert
727 4896 791 4936 ex
826 4898 890 4937 eo
924 4882 1265 4952 Epigramma
1301 4884 1443 4937 istud
1465 4881 1638 4937 Guido
1667 4882 1981 4947 Carmelita,
2017 4882 2070 4937 iu

505 4991 613 5045 quo
646 4975 874 5045 loquens
902 4976 1172 5030 inducitur
1205 4974 1466 5045 Origenes
1495 4992 1510 5028 :

504 5134 607 5207 Ille
629 5134 874 5203 Origenes
906 5152 996 5205 ego
1018 5137 1199 5191 doctor
1221 5136 1330 5207 (53)
1355 5137 1648 5190 verissimus
1676 5138 1799 5190 olim

577 5206 679 5269 Qui
710 5208 935 5273 primum
970 5207 1093 5274 ﬁdei
1124 5205 1419 5277 grainuiata
1449 5208 1560 5275 (54)
1588 5208 1730 5259 clara
1763 5205 1885 5258 dedi
1913 5219 1932 5258 .‘

505 5273 685 5329 Celsus
725 5293 869 5328 eram
899 5273 1140 5339 meritis;
1158 5286 1206 5328 et
1247 5278 1421 5330 clarus
1452 5273 1663 5330 munere
1702 5277 1893 5345 fandi;

578 5345 890 5415 Pra’reptusc
913 5347 1080 5398 subito
1109 5364 1224 5400 voce
1253 5359 1464 5399 nocente
1494 5348 1597 5398 rui.

504 5414 767 5478 Condere,
791 5418 834 5467 si
858 5418 1044 5481 credis,
1080 5418 1254 5469 studui
1280 5425 1352 5467 tot
1390 5418 1551 5469 millia
1582 5415 1761 5481 libros,

578 5486 712 5550 Quot
741 5487 873 5554 legio
913 5489 1099 5539 missos
1130 5488 1273 5537 ducit
1300 5487 1353 5538 in
1386 5503 1533 5538 arma
1562 5489 1720 5541 viros.

509 5554 672 5613 Nulla
701 5572 845 5623 meos
864 5572 1091 5625 unquam
1119 5556 1281 5625 tetigit
1304 5556 1617 5623 blasphemia
1644 5572 1855 5624 sensus,

576 5627 683 5680 Sed
708 5627 848 5696 vigil,
874 5637 921 5680 et
949 5628 1179 5695 prudens
1208 5636 1348 5678 tutus
1377 5628 1440 5679 ab
1461 5626 1603 5679 hoste
1624 5628 1722 5694 fui.

579 5740 907 5798 3“’Anast.
948 5742 1001 5797 in
1030 5742 1168 5796 Hist.
1202 5742 1270 5795 ad
1296 5760 1422 5797 ann.
1460 5743 1584 5798 Chr.
1625 5745 1727 5799 185
1761 5755 1813 5799 et
1841 5744 1967 5800 2M.

580 5835 691 5907 (53)
724 5833 848 5905 Leg.
884 5837 1019 5891 forte
1054 5852 1065 5890 ;
1092 5834 1190 5892 Ille
1216 5852 1309 5907 ego
1343 5854 1456 5892 sum
1489 5835 1734 5908 Origenes
1760 5838 1959 5893 doctor.

2151 1884 2436 1939 ἀνόθευτον
2466 1883 2703 1953 scripsit.
2728 1882 2873 1937 Libri
2903 1882 3061 1950 hujus
3078 1895 3287 1934 summa
3315 1880 3736 1951 fastigialegens

2146 1976 2371 2031 Photius
2399 1977 2517 2031 cod.
2553 1990 2814 2039 ccxxxut,
2849 1976 2903 2029 in
2923 1990 2987 2029 eo
3010 1974 3277 2043 praecipue
3308 1976 3408 2030 hoc
3430 1974 3516 2045 agi
3541 1972 3739 2040 refert,

2160 2076 2221 2122 ut
2260 2066 2506 2137 Gregorii
2555 2066 2778 2137 Nysseni
2817 2067 3018 2136 scripta
3048 2068 3116 2123 ab
3148 2066 3239 2122 illo
3270 2065 3519 2136 Origenis
3548 2080 3740 2119 errore

2149 2155 2406 2212 immunia
2441 2173 2561 2213 esse
2615 2159 2933 2227 probentur,
2967 2172 3073 2227 quo
3108 2158 3379 2212 dmmones
3397 2172 3463 2211 ac
3488 2157 3737 2212 homines

2150 2250 2376 2305 infernis
2426 2250 2641 2319 ignibus
2682 2250 2966 2303 damnatos
3008 2248 3293 2303 liberatum
3327 2248 3621 2318 aliquando
3668 2248 3735 2299 iri

2150 2341 2474 2407 affirmatur;
2522 2343 2589 2395 ab
2624 2340 2946 2411 Origeuistis
2982 2354 3113 2409 ergo
3138 2340 3384 2409 Gregorii
3417 2340 3592 2395 libros
3617 2356 3739 2408 par-

2151 2435 2242 2487 tim
2286 2434 2486 2501 spuriis
2538 2433 2939 2498 additamentis,
2969 2432 3165 2501 partim
3193 2432 3532 2495 etiammale
3572 2432 3739 2485 inter-

2151 2526 2376 2595 pretatis
2393 2527 2574 2581 verbis
2596 2524 2761 2580 fuisse
2782 2528 2997 2581 vitiatos
3020 2525 3344 2580 Germanum
3364 2525 3739 2595 pertendisse,

2151 2633 2324 2686 eoque
2366 2632 2531 2687 opere
2565 2617 2830 2687 insignem
2868 2619 2933 2673 de
2967 2616 3287 2687 Origenistis
3319 2626 3506 2685 aperte
3551 2616 3743 2671 convi-

2151 2712 2254 2766 ctis
2294 2710 2626 2779 triumphum
2659 2712 2857 2780 egisse.
2914 2712 3139 2765 Comvus
3198 2708 3594 2778 propemodum
3637 2707 3746 2761 fuit

2152 2802 2421 2860 Germano
2451 2801 2577 2856 huic
2622 2800 2858 2857 Joannes
2890 2801 3274 2866 Damascenus,
3324 2800 3414 2868 qui
3450 2815 3615 2853 suum
3653 2800 3747 2853 ad-

2151 2910 2340 2949 versus
2361 2894 2692 2964 Origeuistas
2717 2894 2896 2947 odium
2920 2893 3242 2947 clarissimis
3270 2892 3607 2946 testimoniis
3649 2892 3745 2945 de-

2153 2985 2406 3051 claravit;
2448 2986 2499 3038 in
2551 2984 2688 3039 libro
2740 2986 3037 3053 prmsertim
3084 2982 3159 3036 De
3210 2982 3518 3045 hwresibus,
3542 2983 3600 3035 in
3642 2998 3749 3051 quo

2154 3071 2448 3125 teterrimis
2465 3071 2733 3125 hmreticis
2752 3071 3105 3141 Origeniauos
3124 3079 3391 3133 accenset,
3416 3086 3626 3141 eosque
3641 3074 3750 3125 Au-

2158 3163 2430 3232 gustinum
2461 3171 2514 3216 et
2551 3160 2907 3231 Epiphanium
2959 3169 3261 3216 assectatus
3298 3161 3544 3232 duplices
3578 3163 3753 3216 fuisse

2161 3257 2252 3307 ait.
2282 3253 2420 3307 Idem
2465 3253 2517 3307 in
2567 3252 2797 3323 Eclogis,
2826 3268 2945 3322 quze
2997 3253 3381 3319 manuscriptze
3427 3262 3655 3307 exstant
3695 3253 3744 3304 in

2160 3344 2495 3398 Bibliotheca
2513 3342 2924 3398 Claromonlana
2944 3342 3231 3398 Societatis
3256 3342 3405 3407 Jesu,
3440 3342 3749 3411 fragmenta

2160 3438 2402 3505 quaedam
2468 3435 2625 3489 aflcrt
2672 3436 2941 3503 Antipatri
2998 3436 3310 3490 Bostrorum
3370 3435 3639 3504 episcopi,
3690 3438 3751 3489 ἐκ

2161 3529 2260 3598 τῆς
2280 3526 2421 3582 κατὰ
2444 3528 2553 3581 τῶν
2577 3527 2934 3599 βλασφημιῶν
2955 3526 3050 3581 τοῦ
3073 3527 3389 3597 δυσωνύμου
3440 3528 3751 3598 Ὠριγένους

2164 3620 2565 3693 πραγματείας.
2602 3619 2702 3686 Qui
2729 3620 3002 3688 quomodo
3038 3620 3202 3675 fuerit
3226 3621 3276 3673 in
3309 3618 3605 3690 Origenem
3630 3620 3752 3672 ani-

2164 3722 2338 3767 matus
2382 3727 2447 3766 ex
2488 3713 2589 3766 hoc
2635 3712 2790 3765 titulo
2814 3713 3147 3782 intelligitur.
3174 3710 3251 3767 De
3284 3713 3442 3779 hujus
3471 3712 3753 3781 Antipatri

2164 3811 2320 3857 aetate
2354 3803 2443 3856 diu
2463 3818 2526 3856 ac
2548 3802 2771 3856 multum
2806 3803 2937 3857 mibi
2983 3804 3229 3873 quaesita,
3266 3803 3317 3857 id
3345 3803 3521 3857 solum
3562 3803 3757 3859 haete-

2167 3908 2272 3946 nus
2308 3893 2461 3962 potui
2488 3892 2918 3963 deprehendere,
2943 3893 3173 3947 Eusebio
3202 3908 3361 3961 quem
3384 3894 3643 3962 suggillat
3672 3909 3757 3947 re-

2167 3985 2460 4039 centiorem
2494 3986 2662 4039 fuisse
2690 4027 2705 4049 ,
2732 3984 2935 4039 Joanne
2982 3985 3314 4039 Damasceuo
3344 4001 3373 4038 a
3418 4002 3526 4054 quo
3563 3986 3756 4039 lauda-

2169 4086 2276 4140 tur,
2336 4077 2704 4131 vetustiorem.
2774 4076 3111 4146 lncomperta
3161 4092 3374 4147 quoque
3423 4076 3556 4131 mihi
3618 4089 3757 4132 .rtas

2167 4163 2393 4220 Joannis
2424 4164 2763 4231 Mabropodte
2792 4166 3189 4233 metr0politani
3224 4163 3481 4219 Ecclesia:
3511 4164 3754 4218 Eucbai-

2172 4268 2369 4322 tarum,
2433 4259 2523 4327 qui
2580 4257 2798 4325 scripsit
2848 4256 3168 4311 solutionem
3223 4256 3273 4309 in
3332 4256 3756 4325 explicationem

2172 4347 2418 4419 Origenis
2447 4351 2498 4402 in
2522 4348 2866 4404 Psalterium.
2898 4346 3232 4401 Recensetur
3260 4348 3500 4402 illeliber
3528 4349 3580 4400 in
3602 4360 3757 4400 cata-

2174 4441 2296 4510 logo
2343 4441 2695 4496 Bibliothccze
2746 4440 3358 4510 Constantinopolitana:
3396 4439 3755 4493 illustrissimi

2174 4533 2433 4602 principis
2457 4534 2815 4600 Marmoretat,
2846 4534 2935 4602 qui
2966 4534 3240 4587 subnexus
3264 4542 3350 4585 est
3376 4530 3759 4599 supplemento

2176 4623 2521 4678 Bibliotheca:
2570 4621 2921 4677 Gesnerianae
2972 4622 3193 4676 Antonii
3234 4619 3500 4675 Verderii.
3533 4620 3763 4689 Anony-

2178 4732 2323 4770 mum
2354 4729 2569 4785 quoque
2599 4714 2845 4784 Origenis
2864 4712 3201 4768 Scholiasten
3228 4720 3623 4765 commemorat
3652 4712 3764 4761 An.

2182 4809 2361 4865 tonius
2408 4808 2731 4865 Possevinus
2770 4808 2824 4860 in
2883 4807 3157 4875 Apparatu
3191 4821 3373 4869 sacro,
3409 4804 3587 4857 atatis
3640 4818 3760 4872 per-

2181 4916 2332 4968 mque
2382 4901 2599 4970 ignotze.
2654 4899 2834 4953 Nihilo
2879 4900 3048 4965 magis
3089 4898 3358 4964 conjicere
3401 4910 3625 4964 possum
3656 4910 3763 4963 quo

2181 5002 2422 5062 tempore
2452 4994 2732 5049 lucubrata
2759 4992 2920 5045 fuerit
2936 4988 3314 5060 Ὠριγενιστῶν
3335 4986 3605 5059 ἐρώτησις
3626 4986 3762 5056 πρὸς

2179 5086 2389 5149 πιστόν,
2433 5098 2551 5153 quae
2604 5085 2820 5151 ponitur
2848 5084 2899 5137 in
2946 5082 3215 5136 Allatiano
3256 5078 3533 5133 Vaticana:
3560 5079 3763 5131 Biblio—

2180 5178 2345 5231 theca;
2364 5191 2546 5230 censu.
2572 5174 2677 5229 Par
2690 5175 3008 5229 Damasceni
3034 5171 3369 5228 Venerabilis
3384 5169 3527 5225 Beda
3545 5184 3763 5239 aequum

2179 5266 2396 5338 Origeni
2425 5283 2483 5322 se
2505 5268 2764 5335 praebuit;
2791 5282 2913 5319 nam
2945 5276 2997 5318 et
3019 5264 3301 5336 praeclaras
3333 5263 3448 5333 ejus
3472 5263 3631 5317 dotes
3662 5274 3763 5316 es—

2181 5359 2304 5412 tulit
2328 5360 2611 5429 pra-coniis
2662 5375 2716 5412 in
2753 5356 3100 5411 Collectaneis
3140 5366 3194 5411 et
3228 5354 3498 5420 Floribus,
3531 5368 3657 5422 cap.
3692 5350 3767 5407 De

2182 5448 2488 5504 luminarib.
2552 5448 2790 5511 Eccles.,
2826 5462 2924 5501 nec
2977 5447 3105 5500 vitia
3144 5456 3321 5500 tamen
3375 5443 3762 5498 dissimulavit.

2183 5538 2417 5608 lniquior
2470 5540 2792 5594 Anastasius
2832 5536 3271 5595 Bibliothecarius
3312 5532 3430 5565 ³⁹ο³³
3455 5532 3766 5602 suppressis

2184 5632 2469 5686 Adatuauti
2515 5632 2761 5687 laudibus
2786 5629 2906 5701 ejus
2932 5640 3141 5685 tantum
3163 5642 3376 5685 errores
3400 5641 3585 5681 amare
3621 5625 3765 5679 ultus

2233 5835 2343 5902 (54)
2403 5834 2529 5903 Leg.
2558 5834 2594 5888 f.
2625 5835 2887 5901 dogmata.
