3838 6222
190 5722 208 5763 δὲ

242 316 371 369 H77

1104 315 1676 373 UHIGENIANORUM
1714 316 1840 371 LIB.
1876 318 1941 386 II,
1980 320 2132 382 CAP.
2174 323 2262 389 IV,
2305 324 2496 381 SECT.
2538 326 2601 381 II.

3352 335 3489 392 I178

235 446 338 506 est,
374 436 767 507 Eusebiumque
792 439 962 505 ipsum
996 441 1147 495 nimii
1184 457 1308 511 erga
1347 443 1632 512 Origenem
1659 458 1811 499 amo-
1838 448 1886 503 Α
1915 452 2125 512 natem,
2158 447 2333 514 ipsum
2367 449 2508 502 haud
2538 462 2699 503 secus
2735 463 2798 504 ac
2827 457 3106 520 parentem
3160 452 3484 506 Arianorum

232 530 310 582 ris
343 528 544 583 acriter
566 531 835 599 coarguit.
855 531 1064 586 Saeculo
1086 542 1366 602 sequente,
1398 532 1540 602 quod
1558 548 1586 587 a
1604 533 1807 589 Christi

234 631 354 674 ortu
404 637 603 677 nonum
655 632 994 690 numeratur,
1050 621 1235 677 ﬂoruit
1290 624 1495 694 llaymo
1532 624 1810 679 Albersta-

231 713 424 767 sensis.
455 713 670 781 Apertis
696 715 784 768 ille
805 716 983 771 verbis
1008 714 1294 784 Origenem
1320 716 1546 770 crimine
1578 724 1807 773 conatus

231 815 319 858 est
348 804 648 869 absolvere,
695 819 910 862 errores
938 806 1018 861 vel
1069 806 1169 875 ipsi
1199 808 1267 862 ab
1308 807 1579 871 haereticis
1602 806 1807 864 affictos

240 896 318 950 vel
349 896 416 949 ab
439 897 556 964 ipso
585 913 693 953 non
733 913 798 952 ex
837 898 1126 962 sententia,
1157 898 1251 954 sed
1293 914 1359 953 ex
1393 900 1644 968 opinione
1665 916 1806 971 prae-

238 987 439 1055 positos
473 1004 811 1044 asseverans.
854 987 1058 1043 Contra
1082 1004 1213 1044 vero
1245 989 1468 1046 Photius
1498 989 1809 1046 Constanti-

239 1081 583 1148 rmpolitanus
623 1082 931 1150 patriarcha
957 1084 1126 1153 ipsius
1158 1085 1380 1156 azqualis
1425 1084 1806 1140 Adamantium

231 1171 531 1227 saevissime
568 1173 845 1240 proscidit.

306 1261 491 1318 XVIII.
541 1262 783 1334 Longum
847 1274 991 1323 esset
1052 1267 1384 1338 singulorum
1428 1268 1711 1339 explorare
1754 1277 1811 1324 et

239 1353 443 1410 referre
468 1358 793 1411 sententiam
815 1396 831 1422 ,
869 1360 958 1428 qui
990 1359 1166 1415 obiter
1191 1375 1255 1416 ac
1288 1359 1436 1415 aliud
1470 1370 1697 1430 agentes
1744 1360 1813 1418 de

236 1444 469 1515 Origene
498 1446 864 1518 Origenisque
915 1452 1163 1505 doctrina
1197 1452 1328 1521 quid
1378 1452 1483 1507 sibi
1534 1453 1815 1508 videretur

237 1534 464 1590 strictim
496 1537 803 1596 ediderunt.
823 1540 963 1606 Quid
985 1541 1131 1597 enim
1163 1541 1457 1611 Georgium
1480 1543 1811 1615 Syncellum,

236 1636 291 1681 et
326 1626 748 1697 Theophanem,
812 1632 940 1699 quid
992 1630 1282 1703 Georgium
1333 1635 1659 1701 Cedrenum,
1688 1636 1815 1704 quid

237 1717 741 1789 Theophylactum,
804 1722 937 1791 quid
991 1721 1256 1778 Joannem
1316 1723 1585 1779 Zonaram
1622 1765 1637 1791 ,
1685 1725 1814 1795 quid

1911 535 2273 591 incessentem
2303 538 2325 591 ?
2368 539 2498 608 quid
2549 540 2841 596 Robertum
2876 541 3175 597 Cursonum
3211 543 3439 614 Auglum
3469 586 3491 613 ,_

1906 641 2063 696 quem
2090 630 2368 698 scripsisse
2412 630 2605 685 librum
2642 632 2718 686 De
2760 632 3045 688 salvatione
3099 634 3339 705 Origenis
3401 652 3485 690 re-

1905 714 2013 772 fert
2044 716 2251 775 Balmus
2273 720 2492 775 Centur.
2534 723 2568 775 '5
2615 720 2946 790 Scriptorum
2975 724 3314 783 Britanniis?
3360 729 3485 795 quid

1908 810 2250 866 Vincentium
2278 811 2735 880 Bellovacensem,
2782 815 2875 885 qui
2913 814 3124 880 Specuti
3176 818 3487 873 doctrinalis

1916 901 2009 955 lib.
2039 918 2194 967 xvm,
2225 919 2345 973 cap.
2380 904 2469 971 45,
2505 918 2711 958 summa
2744 907 2995 974 aequitate
3014 909 3081 962 de
3107 907 3337 979 Origene
3370 925 3487 977 pro-

1907 995 2159 1049 nuntiat?
2178 996 2305 1065 quid
2328 996 2650 1051 Wernerum
2670 996 3058 1066 Westphalum,
3082 1000 3171 1069 qui
3203 1013 3487 1070 postquam

1909 1085 2095 1142 laudes
2142 1089 2197 1143 in
2248 1088 2531 1157 Origenem
2568 1088 2886 1156 congessit,
2937 1092 3230 1147 conciliare
3275 1107 3334 1147 se
3380 1106 3486 1147 nor:

1911 1192 2075 1247 posse
2123 1179 2254 1233 dicit
2287 1189 2653 1249 repugnantes
2680 1188 2734 1234 et
2763 1181 3043 1249 oppositas
3076 1183 3141 1237 de
3172 1184 3381 1238 meritis
3424 1199 3481 1239 ac

1911 1269 2202 1325 virtutibus
2235 1271 2481 1341 Origenis
2511 1272 2851 1327 sententias?
2887 1273 3026 1339 Quid
3060 1275 3239 1331 varios
3265 1287 3489 1344 praeter.

1892 1373 1975 1423 ,ea
2012 1359 2286 1416 inferioris
2329 1361 2471 1417 illius
2514 1362 2613 1416 aevi
2666 1362 2946 1419 haereticos
2981 1379 3292 1420 recenseam
3321 1407 3337 1431 ,
3397 1369 3491 1436 qui

1914 1450 2171 1522 pleraque
2204 1453 2373 1522 ipsius
2407 1455 2606 1522 placita
2640 1465 2973 1510 renovarunt
3001 1474 3013 1510 :
3040 1457 3185 1511 velut
3228 1458 3262 1512 ii
3295 1458 3496 1528 quibus

1916 1557 2111 1597 nomen
2142 1542 2244 1596 fuit
2276 1545 2342 1598 de
2374 1543 2571 1599 Barulo
2593 1586 2607 1610 ,
2643 1560 2782 1613 quos
2828 1545 3073 1601 historici
3118 1559 3344 1602 narrant
3375 1550 3495 1602 ani-

1918 1648 2127 1687 marum
2153 1633 2497 1705 προΰπαρξιν
2528 1635 2850 1699 defendisse,
2884 1645 2938 1690 et
2981 1635 3195 1691 beatam
3219 1636 3494 1708 Virginem

1920 1738 2018 1793 pro
2047 1723 2236 1793 angelo
2282 1726 2579 1793 habuisse;
2640 1725 2786 1780 velut
2826 1723 3147 1791 Valdenses,
3185 1730 3276 1797 qui
3308 1745 3493 1785 sacer-

238 1809 560 1867 Michaclem
589 1812 838 1884 Glycam,
864 1814 993 1884 quid
1026 1814 1387 1884 Nicephorum
1414 1816 1624 1872 Callisti
1658 1832 1812 1874 com-
1844 1801 1886 1855 Β
1916 1815 2070 1869 dotes
2101 1816 2339 1885 quandiu
2371 1817 2693 1873 criminibus
2722 1825 2775 1873 et
2808 1818 3236 1889 noxisimpliciti
3260 1821 3491 1887 haerent,

236 1921 533 1962 memorem
559 1948 577 1973 ,
624 1924 651 1961 a
695 1910 891 1979 quibus
915 1952 931 1977 ,
961 1920 1020 1965 ut
1071 1926 1099 1966 a
1131 1921 1242 1967 tota
1275 1912 1388 1967 fere
1441 1912 1811 1968 Graeculorum

237 2001 454 2055 natione
481 2003 717 2068 pessime
748 2014 1007 2074 exceptus
1043 2005 1165 2062 est?
1197 2007 1325 2075 quid
1353 2006 1531 2061 Nilum
1560 2007 1608 2039 “
1643 2007 1813 2063 Thes-

237 2092 656 2162 salonicensem,
689 2096 780 2164 qui
817 2096 953 2151 nihil
994 2097 1072 2151 ait
1101 2094 1349 2167 Origeni,
1370 2098 1811 2153 Christianorum

234 2181 361 2239 licet
398 2186 800 2254 sapientissimo
832 2196 889 2243 et
922 2187 1219 2257 Scriptura:
1265 2188 1596 2257 peritissimo
1622 2229 1637 2253 ,
1686 2203 1814 2257 pro-

237 2273 403 2329 fuisse
436 2277 785 2346 sapientiam,
813 2292 921 2347 quo
958 2279 1138 2334 minus
1165 2295 1194 2333 a
1222 2280 1345 2335 fidei
1374 2282 1685 2350 integritate
1722 2281 1812 2337 de-

233 2367 496 2423 scisceret
524 2369 546 2422 ?
576 2368 772 2425 Suidas
798 2370 1221 2442 lexicographus
1250 2388 1349 2440 pro
1383 2388 1534 2428 more
1563 2388 1659 2429 suo
1679 2374 1812 2428 alio-

236 2477 355 2516 rum
381 2462 521 2516 dicta
548 2463 843 2531 compilans
867 2463 1064 2532 duplici
1098 2462 1387 2532 Origenem
1426 2466 1647 2520 donavit
1696 2465 1809 2521 elo-

229 2552 339 2625 gio,
372 2568 597 2623 quorum
634 2555 781 2623 prius
816 2569 882 2609 ex
909 2555 1121 2609 Eusebii
1152 2555 1290 2611 libro
1319 2555 1398 2610 De
1447 2558 1629 2626 script.
1680 2556 1806 2611 accf.

236 2630 349 2700 fere
385 2646 720 2714 decerptum,
750 2646 846 2701 sed
893 2644 1118 2701 confuso
1147 2654 1202 2701 et
1246 2648 1564 2717 perturbato
1594 2649 1808 2713 ordine,

223 2740 430 2809 partim
461 2740 625 2793 ctiam
676 2753 741 2792 ex
782 2736 968 2796 Graeca
1015 2738 1460 2809 interpretatione
1487 2741 1655 2811 Elogii
1700 2755 1808 2811 quo

229 2836 406 2899 ipsum
435 2830 654 2885 donavit
684 2832 1065 2902 Hieronymus,
1094 2832 1324 2887 mirifice
1353 2833 1528 2903 ipsum
1561 2834 1804 2901 extollit;

226 2920 461 2977 alterum
492 2937 619 2977 vero
649 2923 1022 2994 depromptum
1049 2922 1325 2990 αὑτολεξεὶ
1346 2941 1410 2981 ex
1436 2925 1677 2981 Cedreno
1700 2928 1809 2981 haz-

237 3029 418 3069 reseos
444 3015 618 3084 ipsum
643 3017 874 3071 crimine
911 3017 1226 3087 compellat.
1262 3019 1807 3074 Animadversionem

240 3122 371 3162 vero
399 3119 636 3162 nostram
673 3109 951 3178 postulat,
990 3112 1133 3181 quod
1183 3127 1282 3182 pro
1326 3110 1560 3182 Origene
1591 3111 1808 3167 Nicetes

233 3199 456 3268 scripsit
489 3200 721 3272 elogium
751 3220 768 3257 :
801 3220 821 3254 ‹
859 3201 972 3257 Hoc
1008 3212 1211 3267 autem,
1254 3205 1429 3274 inquit
1464 3246 1479 3271 ,
1510 3205 1563 3258 in
1594 3220 1809 3260 summa

238 3294 523 3348 dicendum
555 3303 657 3361 est,
712 3293 1006 3365 Origenem
1042 3297 1095 3349 in
1146 3296 1382 3367 physicis
1435 3297 1808 3362 theorematis,

239 3398 531 3454 eorumque
566 3384 840 3451 allegoriis
867 3422 882 3448 ,
926 3398 1134 3439 necnon
1170 3386 1225 3439 in
1282 3395 1396 3442 tota
1426 3389 1618 3443 morali
1647 3388 1812 3442 disci-

240 3475 382 3543 plina
412 3476 693 3530 doctorum
724 3475 973 3531 omnibus
1013 3477 1470 3545 acceptissimum,
1498 3494 1811 3535 accommo-

240 3566 682 3638 datissimumque
711 3569 903 3639 fuisse,
932 3581 1095 3642 atque
1125 3574 1259 3626 adeo
1293 3586 1415 3625 eum
1442 3611 1459 3637 ,
1506 3574 1595 3641 qui
1633 3573 1811 3627 virtu-

241 3669 348 3713 tem
379 3661 683 3716 actionibus
716 3676 777 3719 se
815 3663 1054 3718 maxime
1082 3666 1325 3719 omnium
1360 3674 1662 3719 exerceret.
1703 3663 1814 3718 Hu-

240 3751 325 3817 ius
351 3752 495 3806 enim
544 3755 787 3810 exercitii
816 3757 996 3810 studio
1026 3757 1192 3810 vitam
1226 3772 1398 3827 usque
1436 3756 1571 3811 adeo
1599 3756 1814 3811 excole-

241 3845 351 3911 bat,
372 3855 638 3914 utpectus
669 3847 806 3916 ejus,
842 3849 1296 3916 quemadmodum
1325 3850 1624 3918 aiunt,praa
1647 3848 1813 3902 nimia

242 3938 318 3992 rei
353 3937 725 4009 cujuscunque
761 3939 1015 3994 animatae
1038 3942 1373 3996 continentia
1398 3951 1453 3996 et
1481 3941 1813 3997 abstinentia

240 4031 521 4084 exciderit.
556 4030 626 4086 At
676 4031 731 4086 in
762 4046 890 4085 vera
940 4032 1067 4094 fide,
1104 4032 1278 4102 iisque
1330 4032 1660 4103 disciplinis,
1693 4047 1815 4103 quae

240 4121 501 4188 majorem
534 4122 1074 4192 contemplationem,
1112 4133 1278 4193 atque
1302 4125 1355 4179 in
1382 4125 1573 4195 primis
1603 4124 1813 4179 theolo-

240 4215 412 4283 gicam
444 4216 754 4283 requirunt,
784 4216 1027 4271 omnium
1055 4227 1318 4287 quotquot
1345 4217 1493 4272 illum
1526 4233 1817 4287 praecesse-

241 4315 384 4372 runt,
404 4317 459 4361 et
483 4308 655 4362 secuti
685 4316 830 4373 sunt,
862 4309 1314 4365 absurdissimum
1332 4326 1392 4365 se
1410 4312 1722 4379 praestiterit
1747 4328 1761 4364 :
1791 4330 1810 4363 ι

240 4413 357 4467 qua:
386 4413 452 4452 ex
501 4397 804 4467 Epiphanio
830 4400 960 4455 hmr.
994 4415 1119 4454 utv
1140 4438 1155 4464 ,
1189 4415 1310 4470 cap.
1336 4399 1389 4467 5,
1418 4400 1531 4455 fere
1562 4402 1815 4470 decerpta

1913 1906 2119 1961 ordinis
2139 1908 2221 1961 sui
2249 1918 2521 1977 potestate
2552 1910 2629 1963 uti
2680 1926 2791 1966 non
2823 1926 3006 1979 posse,
3038 1921 3094 1967 et
3136 1913 3255 1982 pios
3297 1928 3490 1969 omnes

1915 2000 2230 2055 sacerdotes
2281 2016 2404 2056 esse
2462 2001 2817 2057 asserebant?
2860 2000 3033 2057 Unum
3091 2002 3220 2057 illud
3260 2004 3494 2058 monitos

1913 2090 2148 2146 lectores
2198 2091 2355 2147 velim
2384 2132 2400 2159 ,
2437 2092 2684 2162 asperius
2721 2093 2838 2149 fere
2878 2108 2909 2148 a
2956 2094 3160 2149 Graecis
3203 2092 3492 2163 Origenem

1912 2197 2071 2249 quam
2118 2196 2147 2236 a
2176 2181 2382 2238 Latinis
2417 2183 2693 2249 adhiberi,
2741 2187 2894 2252 cujus
2914 2185 2989 2239 rei
3021 2200 3239 2240 causam
3296 2185 3363 2240 ad
3404 2200 3495 2257 sy-

1912 2275 2113 2329 nodum
2149 2275 2393 2344 quintam
2423 2276 2731 2342 referimus,
2772 2293 2892 2348 quze
2919 2294 3040 2335 cum
3069 2278 3356 2349 Origenem
3387 2295 3492 2333 una

1914 2379 2035 2418 cum
2069 2364 2243 2419 tribus
2295 2365 2549 2435 capitulis
2579 2368 2920 2436 damnasset,
2964 2369 3064 2423 tria
3096 2383 3228 2422 vero
3258 2367 3493 2437 capitula

1912 2456 2216 2524 complures
2238 2455 2545 2513 Occidentis
2582 2460 2822 2530 episcopi
2866 2460 3125 2515 adversus
3178 2460 3365 2531 synodi
3398 2475 3493 2513 au-

1911 2550 2213 2604 ctoritatem
2269 2552 2405 2605 tueri
2438 2552 2822 2618 instituissent,
2866 2554 2990 2607 hinc
3042 2554 3225 2607 tuendi
3280 2569 3495 2623 quoque

1909 2642 2158 2713 Origenis
2200 2642 2443 2713 profecta
2497 2646 2643 2714 apud
2690 2645 2839 2715 ipsos
2876 2645 3086 2700 videtur
3115 2660 3237 2700 esse
3267 2659 3497 2703 consue-

1913 2736 2063 2790 tudo.

1979 2828 2124 2885 XIX.
2166 2830 2319 2885 Piam
2371 2831 2622 2885 feminam
2653 2829 2996 2884 Mechtildem
3019 2829 3289 2885 decimum
3322 2845 3492 2898 quar-

1911 2928 2023 2975 tum
2056 2921 2307 2975 saeculum
2354 2921 2497 2976 tulit.
2531 2919 2700 2991 Hujus
2726 2930 2849 2976 ante
2871 2936 3046 2975 annos
3096 2920 3301 2990 aliquot
3326 2922 3379 2975 in
3404 2923 3488 2975 lu-

1908 3026 2026 3067 cem
2070 3014 2266 3068 emissa
2298 3013 2418 3068 Vita
2456 3022 2580 3080 est,
2614 3014 2667 3067 in
2720 3029 2825 3083 qua
2873 3014 3075 3068 editum
3112 3014 3213 3083 ipsi
3238 3012 3495 3070 divinitus

1861 3151 1878 3171 ,
1913 3105 2195 3161 oraculum
2229 3106 2497 3174 quoddam
2528 3116 2709 3161 nostra
2742 3106 3119 3162 observatione
3142 3107 3361 3177 dignum
3400 3123 3491 3163 re-

1913 3194 2106 3249 fertur.
2143 3195 2368 3250 Coelitus
2398 3197 2597 3266 quippe
2630 3196 2798 3252 Deum
2852 3197 2951 3266 ipsi
3001 3198 3280 3253 nuntiasse
3312 3208 3496 3255 narrat

1919 3285 2059 3343 Vita:
2094 3288 2255 3359 hujus
2290 3289 2544 3359 scriptor,
2589 3289 2849 3359 quidquid
2889 3289 3137 3345 Samsoni
3166 3330 3182 3357 ,
3218 3289 3495 3347 Salomoni

1913 3392 1968 3436 et
2004 3381 2222 3451 Origeni
2248 3384 2609 3437 condonatum
2640 3381 2779 3438 a"se
2818 3392 2874 3439 et
2932 3383 3195 3437 indultum
3228 3392 3334 3448 est,
3361 3397 3495 3438 con-

1913 3476 2054 3532 sulto
2082 3478 2328 3533 homines
2357 3478 2585 3544 celasse,
2614 3486 2669 3531 ut
2706 3477 2782 3532 rei
2811 3476 2976 3547 hujus
3003 3474 3341 3548 ignoratione
3369 3493 3495 3546 per-

1912 3571 2184 3627 terrefacti
2229 3573 2565 3639 doctissimi,
2613 3573 3017 3641 prudentissimi
3089 3583 3149 3627 et
3209 3571 3493 3628 fortissimi

1914 3664 2137 3732 quique,
2179 3677 2471 3733 perparum
2500 3665 2567 3718 de
2598 3678 2677 3725 se.
2707 3663 2887 3717 omnia
2918 3677 3047 3718 vero
3075 3664 3142 3718 de
3173 3663 3281 3718 Deo
3310 3677 3495 3732 spera-

1915 3769 1974 3809 re
1999 3755 2228 3808 discant.
2257 3754 2648 3810 Celebrabatur
2670 3755 2773 3809 hoc
2806 3755 2922 3825 ipso
2967 3764 3209 3824 tempore
3258 3755 3495 3811 Bernar-

1916 3847 2014 3902 dus
2041 3846 2236 3915 Guido,
2271 3864 2299 3901 a
2336 3862 2443 3917 quo
2481 3858 2838 3903 recensentur
2890 3847 3200 3918 Origeniani
3253 3863 3490 3913 errores,

1912 3946 1968 3993 et
1990 3939 2043 3993 in
2092 3940 2301 4010 synodo
2329 3941 2516 4010 quinta
2548 3956 2655 3994 una
2684 3956 2806 3995 cum
2843 3951 3065 3995 auctore
3102 3940 3341 3995 damnati
3372 3956 3494 3995 esse

1916 4039 2307 4084 memorantur.
2364 4029 2644 4086 Posterior
2713 4031 2804 4085 illo
2854 4032 3238 4087 Bartolomaeus
3287 4032 3493 4086 Platina

1915 4123 2171 4192 praeclare
2197 4123 2305 4194 egit
2335 4138 2459 4177 cum
2484 4122 2736 4193 Origene,
2775 4132 2829 4177 et
2856 4125 3066 4194 magnis
3099 4139 3219 4178 eum
3246 4122 3493 4177 laudibus

1914 4217 2220 4271 exornavit.
2250 4216 2485 4270 Maxima
2511 4231 2640 4270 vero
2665 4216 2767 4270 fuit
2794 4216 3041 4286 sequenti
3071 4225 3231 4269 aetate
3269 4214 3492 4270 Joannis

1915 4305 2026 4362 Pici
2094 4306 2451 4361 Mirandulani
2480 4308 2729 4369 comitis,
2766 4309 2821 4363 in
2869 4323 2927 4361 re
2980 4306 3245 4361 Iitteraria
3275 4307 3392 4361 laus
3439 4315 3494 4360 et

1917 4400 2223 4464 celebritas,
2256 4410 2314 4453 ut
2345 4415 2521 4470 neque
2571 4400 2891 4455 nobiliorem
2923 4440 2938 4466 ,
2990 4414 3165 4466 neque
3196 4399 3493 4453 doctiorem

240 4499 382 4544 sunt.
443 4490 675 4545 Rursum
721 4506 851 4546 vero
906 4492 1033 4561 quid
1076 4491 1359 4547 Sidonium
1408 4494 1811 4564 Apollinarem,
1844 4496 1888 4551 D
1919 4502 2203 4560 patronum
2248 4490 2349 4545 sibi
2374 4491 2633 4560 Origenes
2662 4500 2848 4561 optare
2872 4490 3126 4560 potuerit.
3168 4488 3313 4541 Inter
3360 4504 3494 4542 non-

240 4582 366 4651 quid
398 4580 617 4647 Bedam,
650 4583 779 4652 quid
812 4583 1176 4652 Freculphum
1224 4583 1610 4639 Lexoviensem
1634 4625 1649 4649 ,
1680 4587 1809 4654 quid

240 4673 607 4745 lleginonem,
662 4676 791 4744 quid
826 4674 1196 4731 Ilermannum
1241 4675 1594 4731 Contractum
1621 4717 1637 4742 ,
1682 4678 1811 4747 quid

240 4767 533 4821 Marianum
572 4767 791 4822 Scotum
815 4808 830 4835 ,
867 4768 994 4837 quid
1028 4766 1324 4823 Honorium
1348 4769 1809 4839 Augustodunen-

236 4872 372 4925 sem,
404 4858 534 4927 quid
567 4857 894 4912 Gulielmum
920 4859 1282 4914 Parisiensem
1323 4860 1609 4930 appellem,
1633 4861 1723 4929 qui
1756 4861 1808 4914 in

240 4965 358 5005 eum
394 4965 511 5005 sese
567 4952 837 5021 mquiores
888 4952 1296 5021 praebuerunt?
1340 4952 1467 5020 quid
1520 4951 1807 5005 Martinum

240 5041 495 5095 l’olonum
529 5044 618 5111 qui
671 5045 884 5112 magnis
929 5060 1052 5098 eum
1097 5044 1293 5099 extulit
1344 5044 1636 5099 laudibus?
1685 5043 1812 5112 quid

239 5134 581 5189 Auastasium
637 5134 1120 5191 Bibliothecarium
1178 5137 1269 5206 qui
1318 5136 1371 5189 in
1409 5136 1682 5189 contraria
1714 5134 1815 5189 fuit

238 5226 525 5291 sententia,
554 5236 609 5279 et
641 5227 962 5295 asperrimis
986 5226 1161 5294 ipsum
1194 5227 1457 5281 conviciis
1478 5225 1757 5295 perfricuit
1787 5226 1811 5279 ἲ

238 5321 362 5387 quid
395 5318 729 5373 Bernardum
757 5358 773 5385 ,
802 5321 894 5391 qui
936 5319 988 5372 in
1020 5334 1268 5374 sermone
1303 5320 1368 5374 de
1405 5318 1588 5373 verbis
1617 5316 1808 5390 Orige-

239 5412 361 5476 nis,
403 5412 547 5466 hunc
600 5414 994 5481 circumspecte
1043 5412 1327 5479 legendum
1388 5425 1509 5466 esse
1569 5425 1752 5467 monet
1784 5452 1800 5477 ,

238 5501 375 5568 quod
416 5502 582 5555 multa
636 5501 786 5555 illum
833 5512 1021 5556 contra
1059 5501 1217 5555 ﬁdem
1259 5501 1544 5569 scripsisse
1592 5512 1809 5555 sancto-

238 5610 354 5648 rum
390 5592 611 5649 Patrum
646 5594 822 5659 tradat
849 5594 1182 5649 auctoritas?
1207 5594 1334 5663 quid
1365 5591 1808 5659 ThontamAqui-

308 5776 351 5808 "
381 5777 485 5831 Nil.
524 5777 595 5831 De
628 5779 781 5847 print.
827 5792 974 5848 βψω
1007 5794 1033 5832 a
1080 5777 1340 5834 Salmasio
1373 5776 1546 5833 editus
1571 5817 1585 5842 ,
1643 5789 1761 5849 pag.
1796 5775 1884 5837 65η

1918 4592 2110 4652 gentas
2133 4596 2259 4651 ergo
2298 4581 2696 4643 conclusiones,
2726 4594 2859 4650 quas
2889 4579 3143 4632 universo
3170 4577 3286 4631 orbi
3314 4577 3493 4645 dispu-

1921 4676 2113 4728 tandas
2156 4674 2475 4743 proposuit,
2515 4672 2745 4743 insignis
2780 4673 2895 4726 haec
2934 4680 3091 4726 erat:
3125 4688 3145 4721 ι
3178 4669 3493 4723 Rationahi-

1917 4765 2021 4820 lius
2048 4775 2133 4820 est
2160 4766 2379 4820 credere
2425 4765 2709 4835 Origenem
2741 4777 2863 4819 esse
2892 4763 3099 4817 salvum
3126 4802 3141 4824 ,
3184 4776 3344 4829 quam
3376 4775 3493 4815 cre-

1920 4857 2048 4913 dere
2073 4859 2248 4928 ipsum
2278 4872 2400 4913 esse
2433 4859 2766 4911 damnatum.
2830 4874 2849 4907 ι
2905 4854 2983 4909 Ex
3027 4855 3231 4925 ingenti
3267 4852 3355 4906 illa
3393 4866 3492 4917 po-

1919 4952 2174 5005 sitionum
2212 4961 2362 5006 strue
2411 4949 2665 5005 tredecim
2709 4948 2988 5004 asteriscis
3032 4945 3304 5017 signatas,
3336 4943 3491 5012 quasi

1916 5042 2038 5096 fidei
2091 5041 2415 5097 Christiana:
2460 5041 2788 5106 contrarias,
2824 5039 2935 5093 Pici
2992 5038 3170 5093 remuli
3202 5037 3491 5090 damnave—

1912 5144 2079 5201 runt,
2111 5136 2163 5188 in
2215 5135 2413 5205 quibus
2464 5148 2527 5189 ea
2568 5141 2686 5188 erat
2731 5147 2851 5202 qua:
2886 5130 2954 5186 ad
2988 5131 3212 5185 salutem
3246 5126 3491 5197 Origenis

1914 5229 2167 5296 pertinet.
2198 5226 2511 5297 Apologiam
2540 5242 2638 5296 pro
2672 5240 2730 5281 se
2761 5240 2967 5295 suaque
3001 5223 3247 5279 doctrina
3272 5219 3489 5289 scripsit

1916 5320 2253 5376 clarissimus
2293 5322 2540 5391 princeps
2569 5361 2584 5385 ,
2617 5329 2671 5375 et
2701 5318 2927 5373 tutando
2970 5314 3294 5372 Adamantio
3331 5326 3489 5381 pecu-

1915 5413 2051 5468 liare
2095 5424 2260 5485 caput
2290 5414 2509 5469 dicavit.
2549 5412 2767 5483 Septem
2802 5412 2931 5466 illud
2959 5419 3173 5466 constat
3219 5403 3487 5470 articulis,

1917 5522 2052 5575 quos
2082 5506 2289 5562 referre
2318 5508 2451 5561 utile
2474 5516 2598 5561 est:
2639 5524 2657 5557 ‹
2691 5507 2743 5559 In
2785 5506 2959 5575 primo
2991 5502 3223 5563 videtur,
3271 5513 3337 5551 an
3368 5496 3487 5553 Ori-

1919 5612 2083 5667 genes
2117 5614 2354 5670 unquam
2401 5598 2711 5655 haereticam
2740 5596 2807 5653 de
2831 5597 2992 5652 rebus
3019 5591 3143 5647 fidei
3179 5588 3486 5661 opinionem
