3794 6222
387 327 444 379 H
456 326 522 381 79
1652 333 1711 389 Ρ.
1755 334 1885 391 DAN

2145 339 2339 397 iUETll
3490 347 3643 407 “8-0

385 442 666 511 scripserit
700 451 753 497 et
779 445 1102 512 crediderit;
1128 446 1181 500 in
1216 449 1473 514 secundo,
1507 448 1634 504 dato
1660 453 1802 521 quod
1825 457 1959 508 seri-
1986 461 2036 520 Α
2065 459 2132 514 ab
2180 458 2421 514 Ecclesia
2466 457 2703 528 legitime
2737 472 3087 532 congregrata
3135 463 3440 518 damnatum
3462 507 3476 527 ,
3524 480 3639 522 nec

386 534 576 603 pserit,
607 549 673 587 an
716 536 1039 606 dogmatice,
1069 540 1153 592 vel
1186 542 1488 608 adhaesive,
1537 545 1619 598 vel
1651 545 1959 614 inquisitive
2059 562 2144 608 est
2170 553 2504 619 hmreticum,
2542 568 2713 620 neque
2740 554 2790 607 in
2832 555 2935 609 ﬁde
2984 566 3315 625 suspectum.
3369 577 3387 609 ι
3438 557 3632 611 Tertia

385 633 589 679 tantum
633 629 944 697 scripserit;
999 630 1050 683 in
1093 633 1275 692 tertio.
1326 634 1451 688 dato
1495 636 1637 704 quod
1670 637 1955 705 adhtesive,
2057 652 2142 697 est
2168 643 2478 713 hujusmodi
2506 662 2518 697 :
2549 662 2567 695 ι
2616 644 2975 701 Probabiliter
3015 647 3285 705 affirmans
3332 651 3632 721 Origenem

384 734 452 772 an
481 720 658 772 taliter
691 722 987 789 adhaesive,
1021 726 1163 792 quod
1200 724 1286 779 ille
1315 727 1603 782 scribendo
1655 731 1958 787 mortaliter
2056 734 2439 789 Adamantium
2494 735 2747 791 Leonidis
2782 740 3031 807 martyris
3084 741 3249 794 ﬁlium
3298 757 3400 795 non
3453 743 3632 797 fuisse

383 813 723 879 peccaverit,
783 824 835 867 et
874 815 1164 869 haereticus
1220 817 1323 871 dici
1377 820 1585 887 possit;
1639 821 1691 874 in
1725 832 1956 890 quarto,
2058 837 2333 881 auctorem
2369 828 2609 882 omnium
2667 829 2879 883 illorum
2932 832 3285 900 pessimorum
3314 844 3628 888 erratorum

384 901 511 956 dato
533 904 671 971 quod
706 906 1008 974 scripserit,
1035 916 1091 961 et
1120 908 1299 963 taliter
1324 911 1622 980 scripserit,
1657 915 1797 983 quod
1822 916 1956 970 scri—
2058 931 2178 987 quae
2207 919 2308 974 sibi
2359 919 2711 989 imponuntur
2734 961 2749 986 ,
2809 935 2912 974 non
2962 922 3181 992 derogat
3232 924 3629 979 ecclesiasticis

382 994 559 1048 bendo
580 999 866 1063 erraverit,
902 1014 967 1052 au
997 1015 1092 1068 pro
1126 1000 1319 1055 talibus
1342 1018 1576 1072 unquam
1601 1006 1950 1073 paenituerit;
2056 1011 2443 1075 sanctionibus,
2463 1027 2636 1081 neque
2662 1017 3008 1079 summorumj
3024 1014 3332 1082 pontiﬁcum
3361 1016 3623 1080 decretis,

384 1087 439 1139 in
482 1088 705 1156 quinto,
741 1091 865 1144 dato
893 1094 1033 1160 quod
1068 1092 1133 1146 de
1160 1092 1278 1162 ejus
1324 1110 1424 1149 nec
1470 1098 1807 1164 pmnitentia,
1856 1114 1953 1154 nec
2054 1116 2230 1171 neque
2279 1113 2591 1156 sanctorum
2652 1104 2870 1157 Patrum
2920 1105 3279 1172 dogmatibus.
3342 1124 3361 1157 ι
3414 1106 3628 1172 Quarta

384 1179 781 1248 imptrnitentia
818 1193 1068 1250 constet,
1115 1201 1182 1239 an
1232 1186 1303 1240 sit
1355 1187 1733 1243 rationabilius
1778 1190 1951 1258 ipsum
2053 1190 2137 1243 his
2172 1191 2349 1245 verbis
2397 1200 2654 1260 concepta
2701 1204 2784 1245 est
2833 1212 2844 1245 :
2901 1211 2919 1243 ι
2957 1193 3215 1247 Asserere
3266 1195 3627 1262 probabiliter

382 1272 607 1325 credere
633 1286 750 1326 esse
778 1272 1115 1338 damnatum,
1153 1290 1219 1327 an
1245 1276 1488 1342 salvum;
1522 1278 1573 1331 in
1614 1289 1787 1343 sexto,
1824 1280 1952 1349 quid
2054 1280 2275 1335 alteram
2310 1283 2534 1335 istarum
2560 1284 2984 1351 propositionum
3021 1302 3033 1337 :
3070 1283 3324 1354 Origenes
3346 1288 3625 1341 Adaman-

383 1375 449 1414 ex
480 1362 641 1416 dictis
674 1364 1013 1418 decretorum
1057 1366 1399 1433 judicandum
1428 1368 1499 1423 sit
1522 1370 1818 1425 Ecclesiam
1860 1373 1953 1427 de-
2055 1371 2159 1424 tius
2181 1370 2433 1425 Leonidis
2466 1374 2718 1441 martyris
2754 1373 2893 1426 ﬁlius
2926 1387 3029 1425 non
3064 1384 3165 1434 est,
3200 1389 3298 1428 nec
3355 1375 3457 1428 fuit
3509 1377 3624 1430 ha:-

382 1455 702 1509 terminasse
730 1457 795 1509 de
820 1456 1078 1525 Origene;
1109 1459 1160 1511 in
1214 1460 1481 1526 septimo,
1517 1470 1779 1526 quantum
1809 1464 1951 1517 obli-
2053 1462 2253 1515 reticus
2293 1480 2304 1513 :
2351 1461 2609 1529 Origenes
2672 1463 3025 1517 Adamantius
3069 1463 3316 1518 Leonidis
3358 1468 3626 1537 martyris

381 1552 470 1612 get
516 1544 569 1597 in
622 1546 721 1599 ista
753 1550 975 1601 materia
1005 1550 1381 1605 credulitatem
1420 1564 1660 1608 nostram
1694 1557 1879 1611 detern

2123 1555 2195 1606 ius
2228 1563 2312 1607 est
2357 1553 2441 1606 vel
2488 1553 2589 1607 fuit
2647 1555 2934 1609 hereticus
2964 1596 2978 1620 ,
3031 1570 3136 1609 non
3170 1566 3254 1609 est
3282 1557 3621 1619 liaereticum,

382 1635 531 1689 natio
571 1636 844 1692 Ecclesizc.
886 1659 906 1692 ι
936 1642 1155 1695 Diversa
1190 1644 1341 1699 fuere
1374 1647 1440 1698 de
1477 1647 1560 1701 his
1588 1648 1880 1704 conclusio:

2122 1644 2309 1697 aresim
2360 1645 2577 1710 sapiens
2601 1683 2615 1707 ,
2649 1660 2748 1699 nec
2792 1659 3108 1710 erroneum,
3139 1662 3168 1698 a
3199 1646 3299 1700 ﬁde
3353 1658 3447 1701 aut
3493 1650 3620 1702 fidei

378 1725 483 1780 bus
503 1767 517 1790 ,
556 1736 613 1781 et
642 1728 979 1799 apologetico
1026 1733 1301 1786 hominum
1335 1734 1536 1803 judicia
1558 1777 1573 1801 ,
1602 1738 1737 1792 adeo
1782 1748 1837 1792 ut
1867 1739 1948 1792 vi-
2049 1735 2250 1804 pietate
2276 1734 2531 1789 alienum.
2560 1752 2578 1785 ι
2605 1732 2801 1800 Quinta
2831 1734 2954 1789 talis
2982 1743 3100 1789 est:
3131 1752 3149 1785 ¢
3185 1736 3450 1790 Asserens
3478 1737 3624 1792 hanc

381 1820 555 1873 tandm
579 1822 866 1874 multorum
894 1822 1197 1888 oﬁ‘ensioni,
1254 1840 1369 1880 nea
1399 1841 1667 1896 quoquam
1701 1828 1941 1898 legeren-
1975 1806 2018 1861 Β
2053 1826 2134 1881 vel
2174 1826 2319 1880 illam
2351 1835 2553 1895 partem
2591 1824 2960 1894 probabiliter,
3008 1841 3267 1896 seponere
3295 1829 3457 1884 debet
3495 1844 3623 1883 om-

378 1917 468 1961 tur
498 1910 612 1965 ista:
636 1913 1010 1968 conclusiones
1060 1917 1281 1971 decreto
1315 1920 1556 1973 sanxerit
1604 1919 1946 1978 innocentius
2050 1933 2171 1971 nem
2204 1919 2585 1987 pertinaciam,
2613 1927 2670 1972 et
2718 1919 2817 1972 sub
2870 1919 3179 1975 conditione
3223 1935 3482 1990 expressa
3535 1919 3623 1974 vel

377 1997 488 2053 Vill
522 2003 760 2069 pontifex
792 2006 1094 2073 maximus;
1128 2007 1334 2061 salvam
1367 2018 1545 2064 tamen
1588 2027 1652 2065 ae
1681 2013 1944 2083 integram
2048 2010 2207 2063 tacita
2260 2008 2527 2063 afﬁrmare
2563 2008 2785 2063 alteram
2823 2022 2839 2059 ε
2891 2008 3128 2079 alioquin
3182 2013 3490 2079 Perit-01050
3533 2015 3622 2067 di-

374 2090 487 2146 Pici
517 2094 977 2150 existimationem
1023 2111 1143 2151 esse
1186 2097 1438 2156 voluerit.
1469 2100 1637 2169 Hujus
1668 2117 1946 2159 successor
2046 2100 2284 2155 scrimini
2308 2114 2428 2155 sese
2460 2102 2846 2154 committeret.
2884 2120 2901 2152 ι
2930 2101 3094 2156 Sexta
3118 2104 3187 2157 ita
3210 2120 3469 2173 expressa
3491 2115 3577 2159 est
3606 2124 3621 2159 :

372 2182 679 2238 Alexander
711 2185 795 2250 Vl,
830 2202 971 2241 anno
1025 2189 1164 2242 M93
1192 2230 1207 2254 ,
1238 2190 1301 2245 18
1329 2190 1471 2245 Junii
1502 2196 1663 2249 breve
1692 2196 1945 2264 apostoli-
2052 2212 2071 2243 ε
2110 2192 2367 2258 Quamvis
2414 2194 2685 2260 przedictae
2718 2194 3109 2262 propositiones
3159 2211 3263 2250 non
3302 2197 3517 2263 possint
3549 2198 3621 2250 si-

371 2287 494 2326 cnm
524 2276 589 2329 ad
615 2275 796 2330 Picmn
829 2278 997 2343 dedit,
1047 2283 1189 2349 quod
1225 2290 1307 2335 est
1341 2284 1645 2351 huiusmodi
1674 2328 1688 2352 ,
1745 2297 1803 2341 ut
1848 2304 1944 2356 pro
2046 2285 2157 2337 niui
2188 2292 2333 2337 stare
2365 2285 2416 2338 in
2452 2285 2697 2348 veritate,
2729 2295 2784 2339 et
2832 2302 3054 2342 necesse
3108 2288 3179 2341 sit
3229 2288 3460 2342 alteram
3497 2305 3621 2344 esse

371 2366 613 2435 apologia
645 2368 817 2436 ipsum
851 2371 1028 2424 valere
1058 2372 1266 2439 possit,
1305 2374 1439 2428 adeo
1491 2392 1679 2431 severa
1710 2388 1762 2433 et
1790 2381 1942 2449 gravi
2046 2391 2256 2442 verum;
2284 2384 2391 2431 stat
2423 2386 2598 2431 tamen
2621 2378 2855 2446 aliquem
2886 2389 3093 2449 partem
3124 2396 3304 2434 veram
3337 2382 3620 2435 allirtnan-

370 2458 614 2512 oratione
639 2460 779 2512 omni
809 2458 992 2513 Picum
1025 2462 1292 2519 haireseos
1324 2474 1378 2519 et
1404 2469 1609 2522 erroris
1638 2473 1943 2539 suspicione
2046 2476 2150 2522 tem
2179 2484 2284 2523 non
2314 2484 2433 2523 esse
2475 2470 2881 2526 SChiSlnalicum
2904 2510 2918 2535 ν
2958 2486 3057 2526 nec
3085 2471 3153 2525 de
3197 2473 3497 2527 Sehisma‘e
3530 2490 3619 2528 ευ·

370 2547 577 2601 liberat.
616 2551 749 2603 Aliis
779 2563 906 2621 puto
955 2553 1063 2608 Pici
1116 2560 1461 2626 exemplum,
1515 2571 1572 2615 ut
1601 2564 1781 2618 simile
1840 2580 1935 2633 pro
2043 2571 2307 2629 spectum.
2351 2580 2370 2613 ι
2408 2561 2651 2632 Septima
2679 2563 2894 2617 demum
2922 2563 3007 2618 his
3049 2564 3229 2619 verbis
3257 2565 3568 2619 absolvitur
3605 2590 3616 2619 :

369 2639 603 2709 Origene
640 2643 924 2706 auderent,
965 2646 1185 2702 stimulo
1225 2648 1343 2703 fuit~
1381 2652 1742 2716 Quamobrem
1778 2656 1942 2711 Joan-
2048 2672 2065 2703 ‹
2101 2652 2423 2709 Christiana:
2453 2654 2635 2723 pietati
2685 2656 3075 2710 conducibilius
3103 2664 3186 2710 est
3210 2696 3224 2721 ,
3255 2667 3438 2712 Stante
3494 2658 3613 2721 tali,

369 2746 465 2785 nes
513 2731 806 2790 Nauclerus
849 2735 1206 2808 Tubingensis
1235 2745 1557 2812 praepositus
1615 2746 1842 2815 insignia

2120 2752 2302 2814 itaque
2336 2746 2523 2809 dubio,
2555 2760 2675 2800 cum
2707 2747 2911 2802 veritas
2953 2747 3005 2801 in
3040 2757 3193 2817 parte
3214 2749 3428 2801 occulta
3459 2758 3545 2802 est
3566 2758 3618 2801 et

368 2820 627 2878 Citronico
673 2826 894 2897 Origeni
955 2830 1127 2899 elogia
1179 2835 1526 2903 conscripsit.
1582 2835 1762 2891 Multis
1818 2852 1938 2892 eum
2042 2850 2241 2905 anceps
2270 2876 2283 2899 ,
2319 2851 2416 2891 nec
2448 2852 2542 2906 per
2590 2837 2886 2893 Ecclesiam
2945 2849 3038 2893 aut
3085 2840 3396 2908 pontiﬁcem
3428 2851 3619 2908 aperte

368 2928 579 2983 quoque
608 2918 1004 2975 concelebravit
1054 2922 1304 2977 laudibus
1358 2923 1592 2981 Joannes
1625 2925 1939 2985 Trittemius
2041 2926 2295 2991 deﬁnita,
2330 2928 2397 2982 de
2438 2928 2686 2999 Origenis
2729 2931 2974 2985 doctrina
3006 2941 3059 2985 et
3103 2939 3326 2986 auctore
3369 2932 3617 3001 ejusdem

367 3006 531 3061 abbas
555 3005 977 3075 Spanhemensis
1003 3053 1018 3079 ,
1052 3013 1103 3067 in
1137 3014 1231 3068 lib.
1269 3015 1343 3069 De
1374 3018 1556 3085 script.
1587 3019 1797 3087 eccles.,
1841 3037 1940 3077 nec
2040 3018 2093 3071 in
2122 3018 2363 3074 favorem
2392 3020 2532 3075 bene
2576 3036 2769 3091 sapere
2798 3032 2854 3077 et
2886 3023 3274 3093 dogmatizare,
3308 3038 3475 3092 quam
3494 3040 3617 3092 per-

366 3110 579 3153 errores
612 3106 785 3153 tamen
814 3101 984 3171 ipsius
1015 3105 1395 3175 dissimulavit,
1428 3111 1498 3164 ab
1532 3110 1709 3179 iisque
1738 3113 1782 3167 si
1807 3112 1940 3168 alie-
1965 3156 2008 3213 ϐ
2042 3126 2255 3180 peram;
2278 3120 2331 3166 et
2358 3112 2409 3166 in
2441 3114 2871 3168 commendando
2906 3116 3190 3181 excedere,
3214 3130 3376 3183 quam
3419 3115 3619 3168 deﬁce-

368 3202 492 3213 ...ιη-ι
520 3203 634 3213 Α-,.Α
666 3191 796 3213 -...II-
829 3195 1099 3213 __-r--_,,_
1141 3206 1207 3213 -,.
2222 3201 2235 3213 ι
2328 3202 2341 3213 ι
2456 3204 2486 3213 ..
2511 3204 2523 3213 .
2594 3205 2605 3213 .
2644 3206 2655 3213 .
2684 3206 2693 3213 .
3059 3207 3071 3213 -
3216 3209 3228 3213 -
3270 3207 3281 3213 -
3412 3206 3425 3213 -

366 3202 494 3240 tium
517 3203 636 3244 esse
666 3191 799 3246 velle
828 3195 1103 3262 professus
1130 3206 1231 3252 est.
1965 3191 2008 3213 ““¹
2042 3214 2101 3253 re
2142 3216 2171 3253 a
2222 3201 2377 3256 laude
2423 3204 2526 3257 sibi
2574 3205 2751 3259 debita
2785 3225 2796 3258 :
2832 3207 3129 3274 praesertim
3185 3209 3228 3260 si
3270 3207 3320 3260 in
3378 3206 3629 3261 alterum.

437 3277 557 3333 XX.
599 3278 757 3337 Initio
786 3285 1081 3353 superioris
1120 3290 1300 3343 saeculi
1330 3306 1550 3360 sparsas
1576 3294 1626 3347 in
1653 3293 1939 3352 Bibliothe-
2040 3292 2224 3347 Venire
2251 3302 2518 3363 oporteat.
2554 3313 2572 3346 ι
2607 3296 2890 3352 Secundus
2936 3298 3070 3353 liber
3117 3313 3310 3352 novem
3362 3300 3617 3367 βωμοεῑο

365 3366 448 3421 cis
471 3366 922 3438 Origenianarum
953 3377 1307 3444 scriptionum
1350 3380 1611 3449 reliquias
1665 3384 1934 3455 colligere,
2043 3382 2214 3436 tiones
2266 3398 2333 3438 ex
2390 3384 2643 3455 Apologia
2694 3387 2901 3442 Mcrlini
2952 3390 3019 3443 ab
3077 3390 3246 3456 ipsius
3283 3390 3617 3444 adversariis

364 3458 494 3511 etin
524 3460 792 3527 publicam
832 3462 1002 3518 lucem
1037 3468 1168 3521 dare
1200 3470 1406 3537 primus
1434 3472 1674 3528 instituit
1701 3474 1934 3532 Jacobus
2039 3484 2325 3545 excerptas
2351 3485 2407 3530 et
2439 3479 2795 3547 reprehensas
2831 3481 3089 3536 defendit.
3127 3480 3341 3537 Tertius
3359 3481 3615 3552 Origenis

364 3546 620 3605 Merlinus
673 3551 1067 3611 Victurniensis
1093 3595 1108 3621 ,
1141 3558 1417 3627 theologus
1445 3604 1460 3627 ,
1529 3566 1825 3621 canonicus
1883 3578 1937 3622 et
2040 3566 2214 3621 Vitam
2249 3578 2301 3621 et
2326 3568 2510 3639 Elegia
2543 3585 2608 3625 ex
2639 3572 2887 3637 Eusebio,
2925 3572 3269 3644 Hieronymo,
3344 3574 3615 3630 Nam-iero

364 3640 796 3710 ptenitentiarius
830 3644 1172 3703 Parisiensis.
1216 3649 1374 3718 Operi
1434 3655 1738 3724 Apologiam
1787 3659 1937 3712 addi-
2036 3668 2089 3713 et
2122 3659 2408 3716 Trittemio
2434 3663 2741 3733 depromit:
2773 3666 2969 3733 quibus
3008 3640 3247 3735 subjecta
3274 3676 3356 3721 est
3388 3680 3614 3737 respou-

362 3732 443 3785 dit
475 3748 568 3800 pra
616 3733 861 3804 Origene,
906 3739 959 3791 in
995 3753 1099 3807 qua
1134 3742 1199 3795 de
1232 3741 1444 3798 Gelasio
1470 3786 1486 3813 ,
1538 3756 1593 3800 et
1631 3747 1733 3800 lata
1780 3752 1846 3802 ab
1872 3763 1935 3803 eo
2037 3751 2117 3804 sio
2148 3751 2216 3805 ad
2270 3732 2517 3823 Dialogos
2566 3732 2803 3820 Massici,
2829 3766 2883 3811 et
2926 3732 3293 3812 Additationes
3334 3732 3520 3817 Bedre.
3557 3763 3613 3813 In

362 3820 419 3875 in
454 3823 684 3879 concilio
713 3824 962 3883 Romano
997 3832 1288 3900 sententia,
1341 3843 1454 3889 tum
1483 3846 1538 3892 et
1567 3839 1631 3892 de
1670 3838 1935 3911 Hierony—
2036 3842 2119 3897 his
2147 3842 2406 3899 Merlinus
2427 3820 2540 3899 non
2569 3857 2678 3900 tam
2709 3863 2773 3902 ex
2810 3848 2911 3902 ﬁde
2933 3850 3171 3903 historiae
3208 3860 3261 3904 et
3285 3853 3613 3908 testimoniis

360 3929 452 3969 mo
485 3931 591 3970 non
620 3918 753 3973 satis
784 3922 1075 3988 prudenter
1102 3924 1314 3982 locutus
1338 3937 1443 3993 est,
1484 3944 1583 3985 nec
1613 3940 1670 3984 ut
1692 3931 1934 3988 Catlioli-
2041 3936 2410 4004 antiquorum,
2444 3953 2605 4007 quam
2639 3941 2905 3995 contortis
2927 3942 3276 4011 sophismatis
3301 3952 3355 3998 et
3379 3945 3613 4011 argutiis

359 4019 485 4061 cum
513 4020 577 4061 ac
608 4009 752 4075 pium
783 4011 983 4077 virum,
1009 4015 1205 4070 nedum
1245 4018 1550 4089 theologum
1587 4023 1933 4088 decuit,alia-
2036 4026 2102 4081 de
2123 4028 2308 4081 schola
2341 4029 2616 4084 velitatur.

358 4110 467 4165 que
499 4098 694 4167 adjecit
722 4100 911 4167 multa,
940 4119 1061 4173 qua:
1089 4106 1295 4166 Μεδετεὶ
1324 4109 1737 4167 Cameracensis
1764 4116 1926 4169 sclio-
2103 4116 2243 4173 XXI.
2281 4119 2546 4177 Praeclare
2581 4122 2743 4177 etiam
2780 4124 2882 4179 hac
2917 4134 3075 4181 actate
3124 4128 3189 4182 de
3217 4127 3451 4193 Origene
3488 4146 3607 4183 me-

359 4187 426 4243 he
452 4197 562 4242 tum
587 4193 814 4246 rectoris
837 4233 851 4257 ,
889 4204 943 4248 et
988 4194 1191 4254 Natalis
1224 4202 1378 4255 Beda:
1416 4202 1685 4257 facultatis
1730 4205 1934 4261 theolo-
2033 4209 2168 4263 ritus
2218 4220 2299 4265 est
2334 4213 2642 4267 Desiderius
2675 4215 2965 4280 Erasmus,
3001 4232 3122 4270 nam
3173 4227 3227 4272 et
3266 4217 3613 4275 ϐοηιηιρηιιιο.

358 4280 493 4349 gica:
520 4281 733 4349 syndici
764 4288 1288 4349 exposlulationibus
1333 4300 1575 4360 patuere.
1622 4294 1757 4348 Cum
1807 4295 1929 4350 Ori-
2033 4302 2230 4356 riorum
2258 4303 2375 4371 ejus
2425 4307 2480 4358 in
2514 4306 2828 4361 Matt/mrum
2878 4322 3084 4377 partem
3116 4310 3348 4380 aliquam
3405 4310 3606 4367 Latino

358 4371 511 4441 genis
550 4386 679 4441 ergo
710 4373 810 4442 ipsi
844 4374 1230 4447 aiIingerentur
1262 4398 1501 4447 errores,
1533 4385 1717 4440 multis
1745 4401 1808 4441 ac
1840 4389 1928 4443 diu
2031 4406 2279 4450 sermone
2310 4397 2513 4465 retulit,
2544 4408 2597 4452 et
2637 4398 2812 4452 Vitam
2848 4401 3016 4468 ipsius
3051 4404 3285 4472 scripsit,
3328 4420 3392 4457 ac
3418 4406 3605 4460 laudes

359 4475 449 4515 res
477 4462 530 4516 in
561 4478 811 4532 supremo
846 4478 1060 4534 senatu,
1092 4479 1146 4525 et
1171 4472 1315 4527 inter
1342 4474 1618 4532 Parisinos
1653 4478 1929 4551 theologos
1961 4490 2005 4546 ι)
2035 4497 2350 4553 prosecutus
2381 4498 2503 4554 est,
2530 4499 2584 4545 et
2610 4491 2675 4545 de
2700 4491 3179 4559 lucubrationibus,
3211 4497 3379 4563 deque
3418 4499 3605 4551 erudi-

359 4564 703 4611 controversa
736 4573 799 4613 ac
815 4560 1087 4631 disputata
1114 4572 1216 4619 est.
1250 4565 1406 4620 Certe
1428 4582 1568 4622 anno
1600 4571 1757 4635 1522,
1792 4571 1930 4640 Apo-
2034 4579 2200 4641 tione,
2233 4595 2295 4633 ac
2318 4580 2543 4635 docendi
2584 4583 2794 4639 ratione
2820 4585 3104 4639 arbitrium
3131 4587 3246 4639 tulit
3268 4560 3334 4651 ;_a
3371 4588 3601 4657 dogma-

358 4641 511 4711 logia:
557 4660 667 4700 suae
721 4650 1023 4717 apologiam
1070 4663 1357 4721 pertexere
1403 4672 1689 4713 necessum
1746 4661 1931 4717 habuit
2034 4670 2101 4724 tis
2122 4681 2299 4724 autem
2328 4688 2521 4728 manus
2541 4675 2823 4737 abstinuit,
2854 4686 3047 4740 morte,
3077 4677 3129 4730 ni
3156 4677 3330 4740 fallor,
3356 4695 3601 4745 praeven-

357 4732 634 4791 Merlinus.
666 4738 825 4794 Manu
871 4746 1073 4813 scripta
1104 4745 1193 4798 illa
1240 4760 1487 4802 servatur
1519 4751 1582 4804 in-
1611 4752 1926 4823 theologicae
2034 4770 2142 4827 tus,
2183 4779 2303 4829 qua:
2332 4768 2621 4833 quominus
2658 4777 2961 4836 susceptam
2994 4783 3207 4837 quoque
3238 4768 3598 4837 Origeniano-

358 4825 629 4882 facultatis
663 4830 1017 4899 Bibliotheca,
1055 4837 1276 4907 ejusque
1307 4841 1436 4895 milii
1462 4857 1621 4896 usura
1669 4860 1926 4901 concessa
2029 4868 2145 4905 rum
2188 4870 2412 4923 operum
2449 4857 2737 4913 editionem
2772 4867 2826 4913 et
2870 4874 3151 4914 censuram
3187 4859 3511 4923 absolveret,
3544 4873 3597 4916 et

356 4925 459 4972 cst.
489 4918 657 4983 Quam
692 4938 789 4975 cur
828 4924 881 4978 in
910 4926 1084 4982 lucem
1116 4946 1218 4983 non
1255 4932 1497 4988 emiserit
1538 4946 1747 5001 auctor,
1776 4940 1928 5009 equi-
2028 4943 2278 5013 Origenis
2324 4948 2667 5003 adversarios
2720 4950 2985 5005 refelleret
3010 4991 3025 5015 ,
3059 4951 3446 5019 impedimento
3473 4953 3591 5006 fuit.

354 5007 475 5062 dem
508 5013 710 5065 nescio.
753 5014 948 5073 Tribus
974 5018 1063 5073 illa
1091 5020 1244 5075 libris
1271 5026 1604 5079 continetur.
1636 5027 1790 5083 Prior
1830 5007 1924 5099 pro
2026 5032 2082 5087 ln
2110 5007 2173 5089 e'a
2220 5051 2402 5104 porro,
2447 5054 2565 5106 qum
2597 5048 2795 5105 exstat,
2844 5056 3086 5096 censurae
3126 5051 3275 5110 parte
3311 5043 3590 5111 antiquum

354 5098 585 5172 Origene
645 5104 997 5178 Origenisque
1048 5114 1293 5167 doctrina
1361 5126 1563 5186 pugnat
1585 5160 1599 5184 ,
1635 5129 1689 5173 et
1718 5132 1921 5190 septem
2025 5124 2285 5179 Erasmus
2314 5128 2569 5195 obtinuit,
2599 5146 2687 5185 res
2724 5146 2827 5186 non
2853 5134 2985 5187 satis
3009 5142 3254 5186 accurate
3280 5146 3590 5200 perspeCIas

356 5194 796 5252 conclusionibus
819 5200 1134 5267 absolvitur,
1168 5219 1397 5273 quarum
1430 5208 1604 5276 prima
1640 5210 1754 5264 haec
1796 5221 1878 5265 est
1907 5233 1918 5267 :
2023 5215 2295 5282 praecipiti
2337 5194 2560 5282 judicio
2594 5219 2902 5288 disceptans
2925 5261 2939 5283 ,
2987 5230 3039 5274 et
3072 5222 3422 5289 disceptando
3454 5239 3585 5275 tton-

360 5304 378 5337 ι
414 5285 531 5341 Non
549 5297 632 5343 est
648 5301 855 5345 certum
881 5302 935 5347 et
965 5295 1206 5359 evidens,
1241 5312 1339 5351 nec
1367 5298 1745 5365 indubitatum,
1777 5317 1922 5355 con-
2024 5319 2298 5374 nunquam
2330 5308 2645 5377 impingens.
2686 5310 3039 5380 Summopere
3066 5313 3277 5366 interim
3301 5312 3584 5382 Origenem

354 5377 537 5433 cilium
590 5379 806 5450 aliquod
860 5384 1146 5441 damnasse
1195 5387 1482 5457 Origenem
1540 5390 1919 5448 Adamantium
2022 5398 2371 5452 aversabatur
2404 5400 2663 5455 Martinus
2694 5402 2983 5466 Lutherus,
3012 5404 3181 5472 [cujus
3210 5419 3271 5456 ea
3302 5418 3405 5457 vox
3444 5406 3582 5456 fuit:

354 5467 603 5525 Leonidis
642 5475 899 5545 martyris
928 5475 1117 5541 ﬁlium,
1150 5484 1407 5547 tanquam
1455 5481 1766 5537 hazrcticum
1819 5501 1915 5539 no-
2027 5504 2045 5537 ‹
2082 5486 2368 5557 Origenem
2405 5489 2719 5556 jamdudum
2749 5494 2882 5547 diris
2909 5467 3117 5547 devovi.
3173 5513 3190 5544 ι
3222 5494 3321 5549 Cui
3356 5488 3586 5549 subinde

354 5563 551 5615 torium
587 5574 642 5617 et
670 5566 966 5632 publicum.
1009 5587 1027 5619 ι
1060 5569 1243 5623 Altera
1287 5571 1363 5623 ita
1394 5587 1453 5627 se
1485 5573 1645 5627 habet
1700 5596 1710 5628 :
1760 5594 1778 5627 t
1816 5578 1917 5632 Do-
2022 5581 2345 5648 astipulatus
2384 5591 2465 5635 est
2496 5583 2811 5638 Theodorus
2834 5585 2993 5651 Bcza,
3018 5600 3139 5639 cum
3163 5588 3594 5643 sexcentislocis

354 5652 647 5718 gmatizare
680 5654 964 5726 Origenem
981 5661 1359 5717 Adamantium
1386 5663 1634 5721 Leonidis
1660 5671 1915 5739 martyris
2020 5671 2426 5726 adnotationum
2462 5674 2721 5744 majorum
2761 5676 2812 5729 in
2867 5674 3160 5744 Epistolam
3189 5680 3255 5729 ad
3298 5678 3584 5743 Romanas,

354 5738 524 5797 ﬁlium
554 5759 672 5815 non
704 5745 871 5806 fuisse
897 5752 1167 5811 notorium
1198 5764 1250 5811 et
1282 5756 1555 5823 publicum
1602 5738 1913 5820 haereticum
2019 5772 2131 5822 tum
2168 5766 2400 5823 maxime
2433 5768 2534 5825 sub
2580 5768 2752 5838 ipsum
2786 5768 2993 5825 initium
3022 5808 3057 5833 .4
3093 5770 3387 5827 (mitissima
3440 5770 3587 5829 Ada-
