3838 6222
234 346 367 403 1181

1124 343 1701 402 ORIGENIANORUM
1740 344 1870 403 LIB.
1910 344 1977 412 Il,
2018 346 2167 403 CAP.
2211 347 2298 413 IV,
2336 349 2530 406 SECT.

3341 355 3479 413 “82

233 467 441 523 mantio
473 467 725 537 stigmata
776 465 1000 520 inurens
1027 484 1038 519 :
1072 483 1090 517 ι
1134 464 1320 534 Neque
1366 482 1496 523 vero
1523 507 1541 536 ,
1589 466 1762 536 inquit
1789 510 1803 533 ,
1836 469 1882 531 Α
1911 482 2079 522 ausos
2104 483 2222 523 esse
2253 484 2350 538 pro
2381 471 2567 525 eodem
2587 483 2752 526 novas
2784 470 2944 528 edere
2982 472 3276 545 apologias,
3308 484 3363 529 et
3383 491 3479 529 au-

232 576 352 616 cum
388 561 501 616 hare
551 561 707 627 dico,
750 561 1042 630 quidquam
1080 560 1199 615 volo
1230 559 1450 615 Patrum
1491 561 1803 616 auctoritati

232 654 520 709 detrahere
552 671 565 705 :
602 654 698 708 sed
721 667 851 708 sane
894 652 1034 722 quod
1065 654 1132 706 ad
1156 667 1240 706 me
1274 654 1489 717 attinet,
1515 652 1808 724 Origenem

232 759 339 798 non
372 759 591 814 possum
623 745 761 799 bona
792 743 1127 798 conscientia
1176 745 1320 799 inter
1346 759 1440 800 eos
1478 745 1669 801 Patres
1695 746 1806 800 col-

232 835 429 899 locare,
466 849 601 904 qu.os
648 833 804 888 velim
831 834 1055 888 imitari.
1112 833 1300 904 Itaque
1349 849 1453 890 non
1493 835 1712 905 pudebit
1742 834 1805 889 il-

230 929 335 984 lius
386 937 567 982 errata
620 926 823 996 passim
879 926 1126 981 refellere
1156 966 1171 991 ,
1225 926 1373 981 nullo
1419 924 1517 997 (ita
1554 941 1639 981 me
1668 927 1804 982 bene

231 1021 371 1076 Deus
394 1020 560 1087 amet)
593 1018 932 1074 obtreCtandi
966 1018 1143 1072 studio
1173 1036 1184 1071 :
1228 1018 1323 1072 sed
1355 1018 1495 1086 quod
1530 1019 1800 1087 impurum

230 1113 548 1181 scriptorem
577 1119 829 1178 exoptem
886 1117 978 1162 aut
1019 1122 1085 1161 ex
1134 1108 1395 1164 lectorum
1427 1110 1677 1165 manibus
1708 1124 1803 1164 ex-

230 1203 364 1268 cuti,
389 1210 482 1256 aut
515 1215 727 1257 summo
753 1215 874 1255 cum
899 1200 1105 1269 judicio
1138 1216 1165 1253 a
1208 1201 1463 1256 studiosis
1489 1202 1731 1255 tractari.
1776 1220 1795 1253 ι

232 1293 561 1349 Moderatius
588 1293 654 1348 de
678 1290 915 1362 Origene
958 1298 1013 1346 et
1042 1291 1248 1361 aequius
1278 1301 1564 1347 senserunt
1591 1302 1644 1346 et
1668 1292 1802 1347 scri-

232 1391 458 1454 pserunt
491 1382 983 1452 Magdeburgenses
1006 1421 1021 1445 ,
1052 1396 1151 1450 pro
1179 1381 1329 1435 vitiis
1356 1396 1480 1436 eum
1516 1381 1600 1437 vel
1625 1382 1802 1437 virtu-

231 1477 375 1530 tibus
397 1483 652 1529 ornantes
679 1494 693 1529 :
728 1488 1035 1544 quanquam
1071 1471 1453 1542 minimeipsos
1482 1472 1802 1537 feras,lAda-

230 1569 420 1633 mantii
447 1568 751 1624 orthodoxa
782 1567 1060 1630 nonnulla,
1086 1565 1179 1621 sed
1210 1575 1372 1629 sectae
1396 1580 1505 1618 suae
1535 1565 1801 1635 dogmatis

230 1663 521 1726 contraria,
561 1663 615 1715 in
647 1661 848 1715 crimen
884 1660 1193 1722 trahentes;
1234 1656 1411 1726 aliqua
1453 1671 1582 1711 vero
1607 1671 1801 1726 perpe~

230 1770 344 1810 ram
373 1755 475 1822 ipsi
511 1752 848 1822 alfmgentes.
881 1752 1185 1805 Adamantii
1230 1752 1287 1803 in
1334 1749 1593 1803 Joannem
1642 1747 1800 1803 Com-

1912 560 2480 617 ctoritate'catholica:
2527 562 2778 617 Ecclesia
2811 562 3078 631 judicatas
3101 567 3298 636 sacpius
3345 582 3478 621 con-

1914 662 2191 708 troversas
2224 655 2401 709 denuo
2431 663 2633 709 temere
2659 656 2865 726 agitare
2889 697 2904 722 ,
2931 660 3073 726 quod
3102 658 3249 713 visus
3272 669 3353 714 est
3397 659 3479 713 le-

1910 743 2050 797 cisse
2074 753 2164 798 aut
2188 745 2398 812 pridem
2437 745 2623 800 Sixtus
2651 745 2927 802 Senensis.
2966 767 2984 798 ι
3012 747 3127 802 Non
3167 749 3348 804 mitius
3366 750 3479 806 Ori-

1920 848 2110 902 genem
2162 836 2322 901 habet
2371 835 2640 891 Robertus
2666 836 3021 895 Bellarminus
3076 840 3365 896 cardinalis
3407 842 3475 905 ⁸⁸.

1906 925 2261 997 Origenisque
2313 927 2449 981 adeo
2487 928 2773 997 partiarios
2819 944 3006 984 omnes
3055 939 3107 985 et
3141 930 3473 986 defensores.

1979 1017 2202 1073 Summa
2242 1034 2374 1074 sane
2396 1020 2653 1089 aequitate
2675 1035 2797 1073 cum
2829 1021 3153 1074 Adamantio
3185 1020 3475 1091 egitClau-

1906 1109 2026 1164 dius
2072 1109 2397 1180 Espencaaus
2451 1111 2504 1165 in
2544 1111 2944 1165 Commentariis
2989 1113 3043 1165 in
3077 1111 3369 1179 Epistolam
3407 1114 3475 1166 ad

1912 1199 2123 1266 Titum;
2158 1215 2281 1255 nam
2337 1216 2511 1271 neque
2542 1201 2734 1257 insano
2764 1201 3071 1258 obczccatus
3107 1217 3289 1257 amore
3322 1204 3479 1272 quid—

1904 1307 2067 1361 quam
2092 1293 2157 1348 de
2193 1293 2299 1348 ﬁde
2330 1293 2574 1349 historiae
2620 1294 2921 1364 decerpsit,
2958 1310 3056 1349 nec
3089 1294 3367 1351 erroribus
3396 1294 3479 1349 of-

1902 1382 2090 1439 fensus
2118 1383 2309 1440 laudes
2337 1384 2503 1455 ipsius
2541 1387 2869 1441 obscuravit.
2915 1386 3211 1440 Plurimum
3243 1386 3343 1455 ipsi
3393 1385 3475 1440 fa-

1911 1474 2056 1529 visse
2085 1475 2257 1530 fertur
2305 1492 2369 1531 ac
2417 1477 2583 1531 multa
2617 1479 2953 1533 condonasse
2982 1478 3217 1533 Vicclius
3262 1480 3314 1531 in
3342 1478 3479 1534 ΙΙ)το

1903 1565 1981 1619 De
2039 1571 2377 1635 scriptoribus
2452 1569 2854 1634 ecclesiasticis;
2911 1571 3052 1640 quod
3130 1572 3347 1640 quidem
3406 1586 3474 1625 ex

1906 1659 2081 1713 aliena
2113 1659 2218 1714 fide
2258 1660 2455 1727 refero,
2507 1677 2632 1715 nam
2670 1663 2863 1716 librum
2897 1661 3135 1730 reperire
3165 1676 3269 1716 non
3307 1664 3474 1731 potui.

1908 1748 2259 1817 Reliquorum
2295 1764 2425 1804 vero
2485 1750 2538 1804 in
2593 1753 2840 1805 ornando
2878 1751 3111 1821 Origene
3157 1751 3477 1806 industriam

228 1813 487 1900 memoria
516 1844 570 1898 in
592 1813 801 1898 vcneta
829 1841 887 1897 S.
925 1840 1091 1895 Marci
1129 1840 1460 1896 Bibliotheca
1490 1839 1677 1908 Grtece
1703 1856 1797 1894 na—
1827 1813 1874 1874 Β
1906 1841 2067 1910 longo
2105 1833 2392 1897 intervallo
2456 1844 2729 1912 superavit
2776 1813 3053 1898 Gilbert'us
3100 1841 3479 1898 Genebrardus

227 1948 349 1992 ctus
368 1914 686 1992 Ambrosius
711 1935 998 1992 Ferrarius
1030 1934 1467 1999 Mediolanensis,
1502 1934 1802 1989 monachus

226 2027 501 2094 Cassinas,
546 2026 752 2097 primus
788 2025 979 2080 Latine
1009 2025 1276 2080 convertit
1315 2036 1372 2079 et
1404 2024 1543 2094 typis
1576 2025 1802 2079 commi-

226 2123 298 2175 sit
330 2139 344 2175 :
373 2118 713 2192 Origenianas
742 2133 871 2176 vero
920 2119 1075 2173 fama:
1128 2134 1300 2188 usque
1348 2119 1482 2173 adeo
1528 2120 1803 2175 studiosus

227 2211 350 2279 fuit,
387 2223 446 2267 ut
495 2214 619 2267 dum
652 2212 727 2266 illi
768 2211 1145 2282 patrocinatus
1170 2220 1282 2276 est,
1314 2225 1506 2281 parum
1531 2212 1645 2280 ipse
1690 2227 1802 2267 suae

226 2305 560 2361 consuluerit
590 2319 605 2357 :
633 2306 881 2373 quamvis
920 2303 1064 2358 enim
1121 2318 1330 2359 summa
1367 2306 1502 2359 sein
1535 2305 1635 2358 hoc
1666 2303 1802 2358 libro

227 2398 485 2453 vertendo
508 2413 664 2452 usum
702 2396 802 2452 lide
848 2398 919 2451 sit
961 2397 1284 2462 obtestatus,
1319 2396 1574 2451 nonnulla
1621 2405 1799 2449 tamen

226 2488 470 2543 consulto
510 2496 718 2542 resecta
774 2487 1187 2556 deprehendas,
1242 2488 1293 2541 in
1347 2489 1543 2558 quibus
1574 2503 1603 2541 a
1651 2497 1799 2541 recto

226 2572 550 2630 Christiana!
582 2575 840 2630 doctrinae
868 2576 1004 2630 calle
1033 2574 1296 2645 Origenes
1330 2578 1694 2631 aberraverat.
1742 2576 1796 2630 In

227 2667 618 2734 nuncupatoria
660 2678 926 2737 praeterea
962 2668 1028 2721 ad
1076 2664 1275 2722 iulium
1306 2665 1549 2721 Tertium
1582 2667 1799 2737 pontiﬁ-

228 2771 345 2811 cem
398 2761 691 2811 maximum
749 2758 1018 2829 epistola,
1072 2758 1284 2828 magnis
1332 2773 1452 2813 sese
1497 2760 1799 2828 sumptibus

228 2845 509 2901 adeundas
541 2861 762 2902 curasse
785 2857 974 2901 narrat
1010 2847 1416 2912 celeberrimas,
1447 2864 1567 2917 qua:
1603 2849 1800 2917 ubique

228 2936 471 3008 gentium
498 2947 644 3003 sunt,
676 2937 1054 3002 bibliothecas,
1093 2937 1272 2994 missis
1297 2938 1462 2992 etiam
1505 2937 1596 3007 qui
1632 2946 1797 2991 totam

227 3032 624 3099 perlustrarent
675 3028 938 3085 Graeciam
966 3068 982 3095 ,
1018 3039 1072 3084 et
1108 3029 1155 3085 si
1187 3045 1309 3100 qua
1356 3030 1801 3085 nanciscerentur

1908 1933 2189 2002 theologus
2249 1932 2614 1998 Parisiensis,
2686 1942 2739 1988 et
2793 1933 3232 2004 archiepiscopus
3286 1935 3481 1989 deinde

1902 2026 2213 2093 Aqueusis:
2248 2040 2370 2078 nam
2411 2025 2618 2093 priores
2661 2025 2924 2080 editiones
2970 2014 3262 2089 recensuit,
3308 2036 3364 2080 et
3406 2025 3474 2079 ad

1905 2128 2091 2170 vetera
2123 2130 2245 2169 cum
2279 2114 2470 2168 Graeca
2512 2122 2623 2167 tum
2664 2111 2854 2166 Latina
2884 2112 3231 2167 Bibliothecae
3276 2112 3477 2181 Regius,

1904 2204 2232 2274 exemplaria
2266 2204 2495 2259 contulit
2539 2212 2593 2258 et
2635 2203 2972 2269 emendavit;
2999 2218 3191 2257 novam
3221 2204 3462 2258 omnium

1903 2313 2128 2367 operum
2172 2297 2463 2351 editionem
2497 2295 2717 2351 molitus
2735 2306 2837 2361 est,
2874 2296 2927 2350 in
2955 2310 3127 2365 eaque
3156 2296 3320 2350 multa
3346 2311 3479 2350 non-

1904 2393 2030 2447 dum
2059 2392 2203 2444 edita
2239 2389 2555 2460 publicavit,
2593 2387 2952 2443 Philocaliam
2992 2390 3045 2443 in
3075 2389 3324 2444 Latinum
3357 2405 3478 2445 ser-

1903 2498 2123 2539 monem
2188 2481 2493 2548 transtulit;
2535 2481 2863 2536 collectanea
2907 2481 3130 2537 editioni
3183 2498 3293 2537 suae
3343 2497 3481 2551 pra!-

1904 2575 2043 2640 fixit,
2076 2574 2127 2627 in
2160 2573 2356 2642 quibus
2388 2572 2527 2625 nihil
2572 2571 2688 2626 fere
2728 2573 3149 2641 praetermissum
3183 2583 3287 2637 est,
3335 2574 3477 2642 quod

1903 2663 1969 2718 ad
2018 2662 2354 2731 purgandum
2396 2658 2731 2731 Origenem,
2791 2670 2847 2716 et
2889 2662 3035 2716 omni
3091 2662 3478 2717 absolvendum

1902 2753 2131 2807 crimine
2148 2753 2467 2821 pertineret.
2492 2751 2691 2807 Ultimo
2706 2754 3004 2822 praesertim
3026 2752 3478 2808 collectaneorum

1907 2843 2086 2912 capite
2143 2842 2339 2897 selecta
2414 2843 2663 2913 quaedam
2723 2842 2973 2910 Origenis
3026 2854 3345 2913 prosecutus
3398 2852 3482 2899 est

1904 2935 2184 3005 dogmata,
2220 2934 2289 2988 ab
2321 2934 2690 2989 ecclesiastica
2742 2950 2933 2990 norma
2982 2934 3385 3004 discrepantia;
3425 2936 3478 2989 in

1904 3028 2077 3096 iisque
2104 3027 2342 3082 tutandis
2377 3026 2461 3079 vel
2483 3027 2810 3082 excusandis
2840 3026 3065 3081 nimium
3110 3042 3208 3082 suo
3250 3029 3303 3081 in
3332 3026 3477 3095 ,Ori-

226 3120 429 3189 scripta
464 3118 714 3191 Origenis
740 3162 755 3186 ,
792 3135 854 3174 ea
890 3120 955 3173 ad
986 3134 1043 3174 se
1085 3129 1453 3189 asportarent.
1492 3120 1631 3175 Hinc
1664 3120 1797 3174 adeo
1824 3156 1868 3214 c
1904 3139 2096 3196 genem
2136 3124 2309 3178 amori
2334 3124 2626 3178 obsecutus
2650 3131 2755 3187 est.
2784 3121 3074 3191 Equiores
3127 3137 3185 3177 se
3230 3123 3283 3176 in
3318 3122 3480 3177 rebus

227 3212 620 3283 locupletatus,
669 3210 835 3265 multa
889 3213 1057 3280 ipsius
1100 3221 1155 3267 et
1197 3215 1394 3285 γνήσια
1438 3226 1602 3281 opera
1650 3212 1799 3281 prelo

226 3305 472 3375 parabat.
513 3303 646 3370 Quae
675 3318 772 3357 cur
802 3302 853 3355 in
885 3302 1056 3357 lucem
1087 3319 1196 3359 non
1245 3306 1494 3360 venerint
1520 3349 1535 3373 ,
1578 3304 1798 3375 ignora-

229 3413 373 3453 mus.
397 3394 644 3451 Tutando
662 3395 912 3466 Origenis
939 3397 1141 3450 nomini
1166 3397 1349 3461 utilem
1384 3397 1659 3460 aliquanto
1679 3410 1803 3468 post

227 3504 447 3560 operam
502 3488 729 3543 contulit
771 3487 957 3541 Sixtus
995 3486 1251 3543 Senensis
1296 3504 1327 3544 e
1377 3491 1800 3548 Praedicatorum

226 3581 431 3636 familia
461 3599 474 3634 :
502 3582 783 3651 egregium
807 3582 1005 3651 quippe
1030 3582 1102 3637 illi
1131 3583 1184 3636 in
1228 3581 1576 3639 Bibliothecaa
1599 3594 1804 3640 sanctas

227 3673 367 3730 libro
388 3683 584 3743 quarto
614 3673 849 3743 elogium
900 3675 1260 3741 consecravit,
1289 3674 1343 3729 in
1372 3691 1478 3746 quo
1511 3692 1617 3731 non
1654 3677 1801 3733 illum

227 3767 400 3826 solum
426 3766 641 3831 extollit
666 3767 969 3836 praeconiis,
1003 3767 1097 3823 sed
1147 3766 1406 3822 librorum
1436 3769 1598 3823 etiam
1630 3770 1802 3837 ipsius

230 3873 516 3914 numerum
573 3869 865 3925 recenset,
909 3868 964 3914 et
1010 3861 1246 3930 genuina
1280 3875 1309 3913 a
1345 3862 1545 3930 spuriis
1592 3863 1803 3918 erudite

231 3952 737 4008 secernit.Errores
764 3968 893 4009 vero
934 3954 985 4007 in
1020 3953 1443 4008 Adnotationum
1472 3953 1625 4008 libris
1652 3962 1803 4009 notat

229 4053 286 4099 et
307 4043 533 4098 excutit.
562 4042 759 4097 Parum
791 4044 958 4114 ipsius
988 4044 1125 4098 ratio
1152 4043 1348 4098 Caesari
1369 4044 1601 4100 Baronio
1620 4046 1664 4077 ³⁸
1682 4060 1804 4100 car—

228 4134 395 4189 dinali
426 4134 648 4204 probata
676 4143 795 4199 est;
828 4136 919 4204 qui
950 4149 1072 4189 cum
1125 4134 1458 4191 alienissimo
1502 4148 1646 4191 esset
1709 4137 1803 4192 ad-

229 4240 417 4280 versus
440 4226 727 4296 Origenem
757 4227 940 4282 animo
966 4270 980 4292 ,
1013 4241 1391 4296 summamque
1428 4227 1483 4280 in
1519 4242 1642 4281 eum
1678 4226 1802 4297 styli

231 4317 578 4386 asperitatem
623 4325 679 4371 et
727 4316 1128 4372 inclementiam
1162 4317 1214 4370 in
1245 4318 1545 4373 Annalibus
1580 4333 1806 4373 exerce—

230 4418 333 4473 ret,
366 4409 569 4477 carpsit
592 4408 756 4462 etiam
787 4419 842 4463 et
867 4408 1065 4463 obiter'
1092 4410 1266 4478 tetigit
1304 4409 1558 4477 reliquos,
1584 4412 1805 4479 quicun-

1904 3219 2071 3288 ipsius
2106 3216 2404 3272 tractandis
2443 3217 2790 3284 praebuerunt
2830 3209 3093 3269 Antonius
3150 3214 3479 3269 Possevinus

1906 3310 1960 3364 in
1988 3308 2189 3378 Appar.
2244 3323 2383 3362 sacr.
2427 3304 2657 3361 Iacobus
2692 3305 2980 3361 Gretserus
3005 3305 3082 3359 De
3100 3306 3226 3375 jure
3248 3315 3296 3359 et
3337 3321 3480 3360 more

1907 3399 2213 3469 prohibendi
2245 3398 2405 3452 libros
2427 3397 2614 3464 malos,
2644 3397 2737 3453 lib.
2796 3413 2851 3462 x,
2886 3411 3005 3465 cap.
3029 3398 3085 3449 11
3119 3406 3213 3461 ;et
3247 3395 3479 3465 Stepha-

1907 3505 2010 3544 nus
2045 3490 2268 3545 Binetus
2299 3489 2352 3542 in
2381 3486 2565 3541 libello
2594 3486 2660 3540 de
2705 3484 2879 3541 salute
2901 3484 3169 3555 Origenis,
3197 3485 3480 3538 veritatem

1904 3587 2213 3646 spectantes
2255 3576 2595 3642 unam,odio
2643 3575 2728 3630 vel
2779 3577 2951 3628 amori
3002 3574 3135 3629 nihil
3190 3576 3479 3630 admodum

1907 3670 2236 3724 tribuentes.
2276 3669 2492 3722 Incerta
2520 3680 2653 3721 vero
2699 3666 2999 3721 Abrahami
3048 3664 3273 3721 Sculteti
3318 3670 3478 3733 ratio,

1904 3763 1995 3831 qui
2032 3771 2319 3831 postquam
2349 3760 2415 3813 de
2445 3757 2677 3827 Origene
2724 3772 2781 3811 se
2825 3758 3012 3827 paucis
3042 3766 3287 3813 acturum
3322 3759 3480 3823 dixit,

1905 3854 2031 3923 quia
2061 3855 2203 3907 inter
2225 3852 2515 3907 haereticos
2538 3852 2652 3906 fere
2683 3853 2882 3922 potius,
2924 3864 3085 3919 quam
3120 3851 3261 3905 inter
3293 3850 3483 3905 Patres

1905 3955 2247 4013 numeratur,
2274 3961 2400 3999 mox
2429 3944 2520 3999 ubi
2560 3945 2627 3998 ad
2663 3943 2780 4013 ejus
2816 3944 3119 3998 doctrinam
3149 3950 3371 3997 ventum
3397 3952 3484 3997 est

1905 4047 1961 4093 et
1990 4050 2225 4103 errores,
2261 4035 2346 4089 vel
2367 4050 2398 4089 a
2428 4035 2693 4091 librorum
2738 4034 3186 4104 depravatoribus
3210 4032 3482 4103 profectos

1914 4130 2060 4198 ipsos
2078 4142 2198 4184 esse
2228 4137 2433 4193 censet,
2459 4128 2543 4182 vel
2570 4128 2623 4181 in
2661 4128 2729 4183 iis
2762 4128 3048 4182 ﬂuctuasse
3077 4124 3362 4196 Origenem
3388 4128 3483 4181 de-

1911 4231 2178 4277 monstrat
2209 4223 2262 4275 in
2295 4220 2531 4275 Medulla
2559 4220 2738 4276 Theol.
2780 4220 2960 4289 Patr.,
3003 4220 3096 4275 lib.
3132 4236 3207 4287 vt,
3237 4234 3337 4289 cap
3376 4220 3399 4274 l
3428 4228 3482 4274 et

1911 4315 1966 4370 6.
1996 4315 2287 4370 Dissimilis
2316 4315 2531 4369 illorum
2564 4313 2763 4367 Petrus
2794 4312 3075 4367 Halloxius
3121 4312 3437 4367 Leodieusis
3462 4351 3479 4377 ,

1910 4408 2257 4477 nuperrimus
2282 4408 2370 4462 ille
2402 4406 2647 4476 Origenis
2678 4406 2901 4473 vindex,
2960 4405 3129 4473 ipsius
3154 4405 3344 4469 vitam,
3374 4405 3483 4458 vir-

230 4514 336 4570 que
385 4500 438 4553 in
489 4513 612 4553 eum
648 4499 1031 4567 propensiores
1074 4509 1257 4554 essent
1287 4516 1303 4556 :
1343 4518 1362 4551 ι
1406 4499 1630 4555 Miratus
1682 4514 1801 4554 sum
1836 4511 1880 4565 1)
1923 4509 2088 4566 tutes,
2121 4509 2173 4554 et
2209 4501 2530 4555 documenta
2588 4499 2738 4553 libris
2767 4506 2999 4567 quatuor
3035 4495 3308 4551 fusissime
3336 4511 3484 4551 com-

228 4595 597 4657 vehementer,
654 4592 869 4661 inquit,
919 4601 1042 4661 post
1087 4593 1501 4647 damnationem
1560 4593 1677 4658 ejus
1734 4595 1802 4650 ab

228 4685 518 4741 Anastasio
543 4699 677 4754 papa
707 4684 981 4753 pontificia
1005 4686 1329 4739 auctoritate
1371 4684 1647 4752 inﬂictam,
1680 4695 1805 4755 post

228 4782 470 4851 ejusdem
503 4780 933 4847 reprobationem
965 4781 1197 4845 in,sexta
1232 4780 1441 4849 synodo
1483 4780 1804 4849 pronuntia-

231 4885 367 4939 tam,
410 4883 533 4942 post
567 4882 644 4928 tot
676 4875 1020 4943 antiquorum
1049 4872 1267 4927 Patrum
1297 4874 1348 4927 in
1390 4873 1621 4942 idipsum
1668 4888 1800 4929 con-

228 4966 500 5040 spirantes
555 4966 885 5033 sententias,
935 4966 1111 5022 adhuc
1160 4966 1494 5021 recentiores
1535 4967 1799 5036 quosdam

299 5167 348 5207 ⁸⁸
375 5169 568 5228 Baron.
599 5168 663 5225 ad
692 5184 816 5225 ann.
860 5169 987 5237 236,
1018 5185 1133 5241 cap.
1166 5170 1252 5223 ll.

1913 4592 2103 4661 plexus
2138 4609 2153 4647 :
2194 4592 2258 4646 ad
2292 4591 2345 4646 id
2392 4599 2634 4645 attentus
2674 4604 2862 4654 unum,
2917 4596 2973 4641 ut
3018 4587 3102 4640 vel
3130 4588 3393 4657 integram
3427 4595 3482 4641 et

1910 4685 2292 4749 orthodoxam,
2330 4699 2393 4739 ac
2416 4683 2555 4737 labis
2583 4684 2876 4736 immunem
2907 4681 3153 4753 Origenis
3181 4679 3481 4736 doctrinam

1908 4776 2076 4831 fuisse
2098 4775 2460 4841 demonstret;
2483 4774 2570 4829 vel
2596 4774 2641 4829 si
2670 4775 2797 4845 quid
2816 4775 3041 4830 veritate
3064 4774 3235 4829 victus
3255 4773 3379 4828 huic
3400 4773 3483 4827 in-

1908 4868 2133 4925 hazsisse
2147 4866 2430 4923 vitiifateri
2461 4866 2689 4937 cogitur,
2718 4866 2770 4923 id
2792 4875 2849 4923 ut
2871 4866 3110 4937 quaesitis
3129 4865 3484 4936 undecunque

1915 4963 2361 5019 excusationibus
2388 4962 2577 5021 diluat.

1341 5171 1383 5202 ³⁸
1415 5169 1667 5227 Bellarm.
1696 5172 1749 5226 in
1783 5170 1876 5226 lib.
1900 5169 1977 5227 De
1999 5170 2180 5241 script.
2215 5171 2341 5226 εδει.
