3838 6222
1600 304 1661 359 Ρ.
1702 291 1933 355 ΒΑΝΙΕΙ

2045 296 2274 353 llUETll
3433 276 3582 331 “85

325 323 469 383 £583

339 457 3277 503 __________________________________w

1382 639 1800 755 LIBER
1864 632 2529 748 TERTIUS.

3284 453 3563 464 ..——_-.-—

1274 998 1949 1082 OBIGENIS
2030 993 2639 1077 SCRIPTA.

412 1348 565 1402 Ltsnt
602 1361 785 1402 mir"
820 1358 1095 1400 PARTITIO.
1124 1373 1192 1385 -
1226 1342 1449 1396 Librum
1471 1341 1635 1393 istum
1667 1339 1849 1393 itidem
1878 1335 2176 1409 ut'priores
2201 1334 2335 1409 duos
2368 1331 2622 1409 incapita
2652 1336 2884 1409 quatuor
2915 1324 3288 1409 dispescimus.
3334 1321 3587 1409 Primum

340 1400 659 1485 descriptis
702 1400 951 1485 Origenis
1001 1418 1049 1468 in
1096 1414 1407 1485 universum
1440 1412 1698 1485 diSputat.
1727 1411 1877 1485 Quae,
1908 1400 2164 1475 quoniam
2209 1404 2291 1485 vel
2330 1402 2395 1455 ad
2432 1402 2724 1485 Scriptura:
2759 1400 3255 1485 inteLpretationent
3287 1400 3588 1485 pertinent:

336 1466 1173 1552 v7.21Ennipiscariis;'i'ns'tiut’ti,
1210 1484 1261 1535 in
1288 1466 1391 1535 duo
1417 1466 1610 1550 genera
1635 1466 2030 1552 distribuimus,
2063 1474 2339 1552 exegetica
2378 1483 2443 1552 et
2483 1466 2849 1552 syntagmata.
2881 1466 3187 1552 secupdum
3221 1467 3591 1552 itaqttegea‘put

340 1559 453 1625 agit
503 1558 569 1609 de
607 1542 856 1625 Origenis
885 1542 1195 1625 exegeticis,
1230 1553 1399 1625 iisque
1418 1542 1549 1611 Vejns
1587 1546 2091 1625 operilmsuquibus
2139 1544 2318 1625 varias
2377 1542 3177 1625 _Scriptura:_interpretationes
3235 1546 3357 1625 ante
3417 1542 3591 1625 ipsius

338 1608 547 1680 Haterii
574 1608 745 1679 editaus
766 1608 1071 1693 complexvus
1097 1608 1197 1684 est,
1236 1631 1287 1675 et
1311 1608 1679 1693 ἑρμηῖαεψτωὶᾴ
1714 1608 2764 1693 appella-ri_queunt.jertiutnVersatur
2797 1608 3203 1693 circ‘arejlttsgdern
3223 1614 3589 1693 spumantem:

338 1672 1627 1762 ii."di.‘5n'6,"aita'é‘iﬁihéfqhitiué‘té‘iﬁpbrmus
1649 1672 1915 1747 lucubrati
1952 1672 2061 1740 sint
2086 1684 2210 1739 libri
2235 1682 2503 1755 Origenis,
2533 1680 2856 1751 exquiritur.
2888 1676 3179 1745 Subjicitur
3211 1672 3490 1745 Appendix
3513 1672 3592 1727 de

339 1765 493 1821 libris
513 1764 733 1837 Origeni
773 1763 909 1820 falso
935 1762 1207 1832 ascriptis.
1410 1834 1439 1874 ι

1469 1997 1855 2089 CAPUT
1929 1992 2456 2084 PRIMUM.

1107 2190 1486 2269 Disputatur
1532 2187 1599 2248 in
1649 2185 2025 2247 universum
2070 2183 2149 2246 de
2193 2182 2447 2263 scriptis
2492 2177 2817 2258 Origenis.

344 2485 388 2544 1.
422 2486 600 2557 Slylus
646 2483 887 2551 Origenis
918 2481 1215 2557 redundans
1257 2490 1306 2536 et
1337 2478 1698 2557 inc_ultus.__ll.
1745 2477 1875 2557 [lus
1924 2486 2115 2543 septem
2154 2477 2201 2531 ei
2243 2474 2740 2557 ﬁrmati-aderant.
2766 2471 3254 2557 notarii,__tolidem
3304 2470 3514 2551 librarii
3551 2482 3601 2523 et

331 2543 360 2601 ί
418 2543 605 2627 puclla:
633 2543 793 2627 Opera
836 2557 951 2622 ejus
985 2553 1218 2627 nitidius
1242 2550 1552 2627 exarabant.
1604 2549 1689 2609 lll.
1739 2548 2046 2627 Quicunque
2074 2555 2350 2627 supersunt
2389 2544 2633 2627 Origeui‘tt
2859 2543 3035 2623 t'itiati
3086 2552 3132 2593 et
3186 2543 3599 2621 corruptisuut.

416 2611 505 2684 iV.
546 2611 971 2693 Sua'quibusque
1004 2622 1244 2693 Qrigenis
1291 2621 1532 2693 cperibus
1571 2611 1883 2679 auctoritas,
1920 2611 2044 2693 suus
2075 2611 2219 2693 valor
2245 2611 2654 2693 assignauit.“
2683 2611 3216 2693 pegrigenianarum
3247 2612 3605 2679 scriptionum

424 2681 640 2752 numero
664 2681 960 2748 disseritur.
1003 2681 1333 2756 VL'Quibus'
1357 2688 1643 2758 Scriptura:
1670 2699 1863 2742 sancta:
1897 2687 2213 2741 editiom'bus
2247 2686 2324 2741 uti
2354 2681 2541 2738 solitus
2566 2683 2723 2752 fuerit
2761 2681 3031 2752 Origenes,
3056 2683 3309 2749 aperitur.

334 3046 337 3047 ν
428 2986 471 3042 I.
492 2982 1244 3056 RedundatstylusOrigenis,
1268 2979 1923 3051 etdimuit.Quamobrem
1952 2980 2001 3037 Α
2024 2983 2172 3041 sunt,
2200 2973 2393 3044 planus
2425 2978 2511 3025 est
2550 2969 2725 3041 stylus
2755 2977 2811 3023 et
2853 2976 3119 3056 apertus)
3170 2966 3411 3036 adeoque
3457 2964 3606 3019 aﬂir—

352 3080 522 3148 ipsius
581 3077 818 3147 ἄμετρον
874 3074 1179 3145 φλυαρίαν,
1234 3082 1290 3126 et
1345 3070 1697 3138 ταυτολογίαν
1749 3071 1923 3137 carpit

352 3167 670 3222 Eustathius
707 3166 1111 3226 Antiochenus,
1147 3172 1199 3217 et
1230 3172 1352 3230 post
1383 3162 1531 3216 illum
1560 3161 1921 3229 Epiphanius,

352 3272 586 3326 eumque
611 3257 969 3312 Seminarium
1012 3254 1347 3323 loquacitatis
1385 3253 1619 3321 appellat
1646 3251 1923 3320 Theophi-

353 3348 459 3403 lus.
483 3346 622 3401 Hinc
650 3357 704 3401 et
728 3348 825 3417 ipsi
852 3344 1066 3400 elTatum
1097 3345 1200 3399 hoc
1223 3344 1528 3400 Salomonis
1554 3344 1926 3400 accommodat

354 3437 573 3496 Nicetas
603 3457 615 3491 :
646 3437 715 3490 In
745 3437 1074 3503 multiloquio
1105 3450 1208 3491 non
1234 3436 1396 3489 deerit
1420 3434 1771 3502 peccatum",
1794 3435 1927 3488 adeo

354 3538 413 3586 ut
436 3544 627 3599 parum
660 3537 921 3581 attentum
952 3527 1115 3583 fuisse
1163 3536 1343 3594 putem
1380 3525 1660 3580 Erasmum
1696 3525 1750 3579 in
1794 3523 1929 3578 Cen-

357 3639 477 3677 sur.
510 3636 629 3675 cum
664 3618 987 3675 brevitatem
1032 3618 1149 3685 ejus
1175 3619 1437 3675 laudavit.
1472 3616 1616 3671 Vitio
1646 3618 1772 3672 huic
1805 3616 1931 3672 Ori-

357 3713 512 3783 genis
538 3726 716 3766 causa:
748 3709 914 3764 fuisse
962 3725 1160 3765 censeo
1215 3711 1485 3765 assiduam
1537 3709 1761 3763 docendi
1795 3706 1955 3763 con?

362 3803 723 3871 suetudinem,
780 3818 900 3872 quas
953 3802 1212 3858 verbosos
1252 3803 1501 3857 homines
1535 3802 1693 3856 facile
1742 3800 1926 3855 ellicit.

358 3892 469 3947 Nec
494 3895 677 3949 verbis
720 3893 915 3956 solum,
953 3894 1046 3948 sed
1074 3895 1236 3949 rebus
1257 3894 1419 3949 etiam
1439 3893 1675 3949 abundat
1700 3907 1715 3945 :
1737 3907 1929 3962 quem-

360 3985 646 4039 admodum
693 3985 835 4038 enim
885 3984 1067 4038 herbis
1110 3983 1352 4038 luxuriat
1388 3984 1621 4037 feracior
1644 3996 1827 4048 seges,
1858 3981 1931 4035 ita

361 4074 613 4143 Origenis
648 4075 882 4140 animus,
925 4076 972 4129 si
1012 4076 1228 4143 quando
1252 4076 1307 4129 in
1347 4074 1584 4143 aliquam
1617 4088 1739 4128 sese
1765 4072 1931 4144 medi-

375 4167 639 4220 tationem
664 4168 994 4236 conjecerat,
1038 4176 1244 4221 tantam
1274 4167 1374 4237 ipsi
1413 4180 1593 4220 rerum
1632 4167 1932 4219 ubertatem

361 4258 489 4312 felix
522 4258 824 4328 ingenium,
855 4268 909 4314 et
939 4260 1276 4315 reconditum
1306 4258 1565 4313 doctrina;
1609 4272 1780 4327 penus
1808 4255 1933 4310 sub-

2026 3081 2178 3121 mare
2207 3064 2399 3125 ausim,
2451 3061 2620 3115 sicubi
2664 3061 2928 3113 obscurus
2966 3058 3039 3112 sit
3067 3053 3345 3126 Origenes,
3379 3065 3605 3111 senten-

2029 3160 2158 3213 tiam
2185 3158 2251 3212 de
2283 3156 2542 3209 industria
2570 3154 2798 3207 vitandae
2817 3150 3099 3206 olrensioni
3124 3149 3441 3204 occultasse.
3465 3147 3609 3202 Vitia

2028 3249 2336 3320 Origeniani
2374 3247 2494 3317 styli
2525 3245 2864 3308 notavimus;
2894 3244 3079 3297 laudes
3113 3252 3426 3295 notaremus
3468 3254 3607 3309 quo-

2028 3360 2154 3414 que,
2186 3342 2229 3397 si
2259 3357 2363 3396 non
2399 3342 2451 3394 id
2495 3340 2605 3409 iam
2655 3346 2907 3394 accurate
2944 3346 2999 3390 et
3025 3335 3233 3391 erudite
3262 3334 3610 3404 prrestitisset

2029 3439 2305 3500 Erasmus,
2342 3450 2502 3505 quem
2527 3434 2746 3489 omnino
2772 3434 2873 3487 hac
2909 3431 2962 3486 in
2991 3439 3142 3501 parte
3167 3430 3367 3495 audiat,
3400 3431 3444 3485 si
3478 3431 3608 3499 quis

2030 3528 2351 3583 Adamantio
2386 3526 2553 3581 lavet.

2101 3622 2163 3677 ll.
2202 3622 2320 3676 Dixi
2368 3622 2456 3677 vix
2485 3618 2769 3675 scribendo
2805 3632 2961 3687 pares
2995 3617 3163 3675 fuisse
3204 3616 3487 3670 netarios:
3525 3617 3610 3671 sic

2033 3714 2176 3769 enim
2206 3722 2345 3769 erat.
2377 3712 2569 3767 Tradit
2613 3711 2876 3766 Eusebius
2904 3720 3109 3779 septem
3148 3718 3204 3763 et
3230 3707 3460 3778 amplius
3509 3723 3614 3761 no—

2037 3804 2200 3858 tarios
2223 3803 2445 3857 dietanti
2477 3802 2551 3855 illi
2575 3802 2842 3868 adfuisse;
2875 3816 2980 3856 non
3014 3800 3169 3855 simul
3199 3801 3435 3869 quidem,
3455 3809 3515 3853 ut
3542 3800 3614 3856 de

2033 3894 2249 3950 Caesare
2278 3894 2448 3948 refert
2474 3893 2678 3948 Plinius
2696 3933 2711 3957 ,
2735 3893 2827 3962 qui
2867 3893 3063 3947 scribis
3091 3903 3340 3962 quatuor,
3361 3892 3613 3960 vellsini-

2034 3985 2113 4040 hil
2147 3994 2331 4056 ageret
2353 3984 2520 4050 aliud,
2549 3993 2753 4052 scptem
2788 3998 2896 4037 uno
2928 3991 3171 4052 tempore
3214 3984 3464 4039 dictando
3494 3981 3615 4037 sul-

2038 4075 2286 4141 ticiebat;
2342 4076 2435 4129 sed
2486 4073 2815 4138 alternatim,
2872 4082 2926 4128 et
2981 4073 3138 4129 statis
3170 4087 3612 4144 unumquemque

2035 4166 2264 4220 vicibus.
2298 4164 2408 4220 Cur
2442 4165 2495 4220 id
2548 4180 2677 4236 ergo
2731 4174 3013 4233 tantopere
3057 4167 3287 4221 miretur
3342 4164 3614 4220 Baronius

2039 4273 2199 4312 causa
2230 4257 2371 4312 nulla
2402 4268 2485 4312 est
2510 4274 2524 4323 ;
2552 4273 2672 4311 nam
2706 4265 2760 4313 et
2789 4268 2935 4312 tanta
2964 4258 3064 4312 fuit
3106 4256 3303 4327 ingenii
3327 4256 3617 4311 celeritate

362 4327 730 4412 ministrabat,
758 4351 849 4402 vix
884 4359 945 4403 ut
975 4348 1175 4404 notarii
1202 4348 1492 4404 scribendo
1522 4361 1680 4416 pares
1728 4353 1929 4401 essent.
1969 4327 2011 4380 Β
2037 4348 2318 4417 Origenes,
2354 4357 2607 4417 tantaque
2634 4349 2811 4404 diurni
2847 4363 2910 4404 ac
2962 4348 3216 4404 nocturni
3268 4348 3468 4402 laboris
3516 4363 3615 4417 pa-

362 4437 442 4494 Ex
467 4440 569 4495 hac
592 4439 1030 4508 festinatione,ut
1052 4455 1210 4510 supra
1227 4439 1336 4507 jam
1354 4440 1484 4503 dixi,
1514 4438 1677 4493 multa
1700 4438 1933 4492 exsiste-

366 4532 498 4585 bant
534 4531 872 4587 incommoda
907 4551 922 4589 :
966 4532 1131 4586 nimia
1160 4541 1278 4586 erat
1308 4530 1587 4585 orationis
1620 4530 1831 4584 incuria
1879 4537 1937 4583 et

362 4623 652 4691 Supinitas,
710 4625 776 4678 ad
824 4640 913 4679 res
956 4624 1100 4678 enim
1141 4632 1383 4677 attentus
1427 4623 1643 4676 animus
1708 4621 1934 4690 insuper

370 4713 606 4767 habebat
634 4716 923 4769 verborum
963 4730 1167 4779 curam,
1208 4723 1262 4767 et
1300 4712 1688 4780 stribliginibus
1730 4726 1937 4767 sermo-

368 4817 488 4856 nem
518 4805 842 4873 quandoque
876 4803 1115 4859 laedabat
1139 4820 1155 4867 ;
1183 4800 1792 4870 cujusmodi-nonnullas
1823 4801 1935 4857 suis

368 4889 501 4946 locis
537 4892 980 4947 observavimus:
1012 4906 1098 4947 res
1123 4905 1265 4960 saape
1302 4888 1661 4946 confundebat
1694 4905 1815 4945 cum
1852 4905 1938 4946 re-

369 4984 490 5048 bus,
514 4993 572 5036 ιιι
603 4985 894 5053 scriptores
926 4997 1109 5038 sacros
1142 4983 1313 5037 citans
1343 4982 1629 5050 aliquando
1659 4992 1936 5052 permuta-

372 5086 455 5129 ret
477 5075 716 5139 nomina,
744 5075 976 5144 etlunum
1001 5073 1297 5142 appellaret
1330 5088 1427 5141 pro
1475 5073 1667 5139 altero,
1701 5088 1765 5127 ac
1797 5089 1939 5142 smpe

371 5165 668 5234 Scriptura:
710 5165 821 5220 loca
855 5166 1237 5236 permisceret;
1273 5164 1512 5221 conlisus
1534 5165 1807 5219 memoria:
1836 5164 1943 5219 sci-

374 5259 523 5323 licet,
566 5268 621 5313 et
654 5260 940 5328 quominus
986 5259 1153 5315 libros
1205 5258 1545 5322 consuleret,
1592 5257 1944 5313 festinatione

380 5352 682 5423 impeditus.
734 5351 932 5406 Scribit
978 5351 1232 5420 Didymus
1278 5350 1331 5403 in
1366 5349 1722 5419 Apologetico,
1782 5364 1941 5417 quem

374 5458 473 5515 pro
503 5444 734 5515 Origene
760 5444 961 5509 edidit,
989 5441 1148 5495 aliam
1178 5440 1360 5495 verbis
1395 5440 1568 5494 inesse
1593 5440 1939 5506 sententiam,

378 5551 442 5594 ac
464 5537 634 5608 prima
660 5538 834 5590 lronte
867 5535 1097 5591 videtur.
1122 5532 1294 5589 Certe
1340 5533 1599 5588 librorum
1626 5531 1717 5601 qui
1743 5546 1943 5604 super-

485 5716 526 5747 ³⁷
555 5714 705 5772 Prov.
741 5729 791 5779 tt,
834 5714 913 5769 l9.

2038 4442 2266 4508 tientia,
2301 4450 2357 4496 ut
2406 4443 2708 4498 scribentes
2764 4445 3006 4498 notarios
3056 4443 3211 4498 facile
3259 4441 3612 4512 defatigaret.

2041 4530 2146 4584 Par
2164 4532 2213 4585 ei
2243 4532 2431 4587 aderat
2460 4532 2800 4589 librariorum
2819 4549 3097 4599 numerus,
3115 4548 3218 4587 una
3247 4549 3365 4587 cum
3392 4533 3613 4601 puellis,

2037 4638 2262 4693 quarum
2291 4624 2752 4694 compositissima:
2779 4634 2935 4679 erant
2964 4635 3018 4680 et
3049 4624 3362 4679 clarissima:
3381 4625 3612 4691 litterae;

2048 4714 2351 4783 horumque
2412 4718 2480 4770 ad
2515 4717 2900 4772 describendas
2942 4718 3114 4773 nitide
3178 4731 3303 4772 suas
3351 4717 3612 4773 lucubra-

2043 4806 2237 4871 tiones,
2266 4823 2370 4861 non
2399 4808 2465 4861 ad
2494 4808 2747 4863 dictantis
2780 4809 2947 4863 verba
2977 4810 3030 4864 in
3059 4809 3273 4865 litteras
3298 4809 3613 4879 referenda,

2043 4907 2103 4953 ut
2131 4901 2338 4968 ptttavit
2363 4899 2623 4955 Martinus
2657 4901 2908 4968 Polonus,
2938 4915 3102 4971 opera
3127 4904 3401 4958 utebatur.
3425 4902 3617 4958 Homi-

2045 4989 2144 5043 lias
2173 5000 2349 5043 autem
2382 5005 2516 5058 quas
2548 4993 2612 5046 ad
2642 4992 2897 5062 populum
2929 4993 3160 5050 habebat
3185 4993 3295 5049 fere
3328 4995 3612 5064 quotidie,

2048 5081 2138 5136 alii
2160 5096 2226 5135 ex
2251 5096 2346 5136 ore
2372 5082 2640 5152 loquentis
2671 5083 3033 5154 excipiebant,
3062 5084 3204 5154 quod
3235 5095 3360 5140 ante
3386 5099 3617 5153 sexage-

2048 5173 2243 5228 simum
2274 5174 2449 5228 zetatis
2500 5188 2612 5228 sum
2645 5188 2845 5229 annum
2881 5175 2997 5230 lieri
3034 5176 3407 5243 prohibuerat.
3458 5174 3617 5242 Quod

2052 5265 2097 5320 si
2152 5279 2305 5320 secus
2351 5264 2544 5321 fuisset
2596 5265 2818 5333 factum,
2867 5266 3209 5323 homiliarum
3242 5283 3363 5338 qua:
3397 5277 3617 5322 exstant

2044 5367 2173 5423 pars
2206 5368 2307 5408 non
2339 5354 2531 5423 exigua
2555 5355 2827 5424 periisset.
2860 5355 2987 5412 Haec
3024 5372 3134 5413 non
3183 5358 3314 5413 satis
3368 5357 3618 5425 distipxit

2049 5441 2237 5497 Sixtus
2273 5442 2550 5508 Senensis,
2602 5458 2722 5498 cum
2753 5446 2863 5499 ait:
2899 5464 2918 5496 ‹
2952 5444 3212 5517 Origenes
3243 5447 3519 5515 quotidie,
3564 5456 3615 5501 et

2047 5536 2205 5605 quasi
2232 5551 2297 5593 ex
2320 5545 2559 5608 tempore
2586 5536 2891 5612 Scripturas
2923 5539 2989 5594 ad
3020 5539 3271 5610 populum
3299 5538 3620 5606 enarrabat,
