3838 6222
274 324 417 381 “85

1334 304 1910 375 OltIGENlANORUM
1944 319 2070 374 uc.
2105 309 2203 385 in,
2245 319 2394 374 car.
2434 304 2476 373 t.

3394 321 3531 378 “86

277 443 673 516 excipientibus
708 424 771 497 ex
795 456 889 497 ore
916 441 1032 513 ejus
1057 448 1264 511 septem
1302 441 1554 505 notariis,
1594 441 1849 495 totidem-
1878 448 1925 504 Α
1955 455 2075 508 cap.
2116 438 2173 500 5,
2227 439 2277 492 in
2330 440 2476 492 Ollllll
2528 437 2809 508 Scriptura
2860 450 3122 510 perpetrm
3152 456 3367 497 errasse
3403 445 3531 499 dicit

277 548 379 604 que
405 530 760 586 velocissimis
801 531 852 585 in
889 529 1177 584 scribendo
1211 529 1422 597 puellis,
1451 530 1679 597 aliisque
1721 529 1857 583 scri-

276 624 542 694 ptoribus,
576 622 667 692 qui
703 638 798 677 eas
841 620 1179 692 (conciones)
1213 622 1277 674 ad
1324 630 1730 675 monumentum
1760 635 1854 689 po-

275 717 536 773 steritatis
565 716 928 770 tradiderunt.
964 734 982 766 ι
1018 713 1204 782 Neque
1248 727 1381 766 sane
1421 713 1473 766 id
1521 714 1660 767 dixit
1691 712 1852 766 Pam-

275 810 479 878 philus,
535 822 696 877 quem
754 815 943 861 testem
997 806 1163 870 citat,
1219 805 1312 858 sed
1358 805 1487 857 illud
1546 806 1848 858 duntaxat:

277 920 296 951 ι
322 902 591 969 przecipue
617 913 746 952 vero
776 914 868 967 per
890 912 990 951 eos
1015 908 1274 951 tractatus
1296 912 1430 966 quos
1458 913 1593 967 pene
1616 897 1855 965 quotidie

279 994 334 1047 in
376 992 612 1046 Ecclesia
667 992 901 1045 habebat
948 1005 1015 1043 ex
1066 1000 1345 1065 tempore,
1377 1006 1514 1059 quos
1559 1001 1611 1043 et
1652 991 1855 1044 descri-

275 1084 467 1136 bentes
501 1082 698 1136 notarii
732 1083 799 1135 ad
837 1082 1229 1135 monimentum
1284 1083 1625 1152 p05teritatis
1680 1082 1853 1135 trade-

272 1174 422 1229 bant.
457 1190 478 1225 ι

346 1262 431 1317 Ill.
473 1263 601 1319 Inde
647 1280 807 1334 porro
852 1267 1174 1334 scriptiones
1213 1265 1461 1337 Origenis
1486 1281 1606 1323 esse
1638 1268 1854 1324 vitiatas

274 1371 437 1425 supra
472 1358 793 1413 notavimus.
830 1360 899 1411 At
928 1361 1207 1414 ferendum
1244 1360 1370 1413 illud
1406 1369 1541 1425 erat,
1570 1361 1614 1414 si
1658 1377 1762 1415 non
1791 1376 1855 1416 eo

274 1450 440 1502 etiam
482 1450 802 1504 accessisset
845 1452 1107 1504 malorum
1169 1453 1443 1505 hominum
1478 1454 1732 1521 nequitia,
1764 1469 1852 1507 er-

274 1556 426 1596 rores
451 1556 577 1596 suos
623 1542 778 1595 malis
820 1544 1027 1597 artibus
1072 1545 1541 1614 prapugnantium,
1584 1557 1637 1599 et
1666 1546 1855 1600 alienis

276 1632 528 1699 operibus
596 1632 871 1686 adulteras
943 1648 1135 1687 manus
1192 1634 1561 1686 inferentium.
1618 1635 1670 1687 ld
1742 1636 1856 1703 ipso

277 1722 569 1775 etiamnum
596 1722 720 1775 vivo
748 1731 1082 1775 attentarunt
1108 1722 1366 1778 nonnulli.
1397 1723 1527 1777 Ausi
1562 1733 1685 1776 sunt
1715 1724 1853 1776 idem

1961 528 2272 598 Origenem,
2316 541 2543 597 eamque
2586 528 2787 597 ingenti
2836 530 3097 583 librorum
3160 531 3302 583 mole
3349 531 3531 596 expla-

1954 635 2113 674 nasse
2142 637 2153 673 :
2186 631 2292 672 Iuni
2314 620 2622 675 subnectit:
2653 620 2746 682 Εἰς
2775 621 3009 691 ἑκάστην
3040 622 3256 692 γραφὴν
3289 621 3349 674 οὐ
3376 638 3528 693 παρ-

1957 714 2197 785 ῃτήσατο
2242 711 2413 763 εἰπεῖν
2446 709 2481 763 ἂ
2509 709 2656 781 αὑτῷ
2689 711 2833 777 ἔδοξε
2852 729 2863 740 ·
2908 713 2999 764 καὶ
3028 712 3130 765 ὅσα
3157 713 3252 782 μὲν
3278 713 3335 763 ὲν
3360 729 3529 782 προσ-

1954 804 2212 873 ομιλίαις,
2248 805 2341 855 καὶ
2370 801 2457 855 διὰ
2487 801 2595 855 τῶν
2637 804 2934 873 προοιμίων
2981 804 3061 867 εἰς
3090 803 3193 874 ἤθη
3220 818 3278 855 τε
3310 804 3404 855 καὶ
3452 804 3531 867 εἰς

1956 896 2146 965 φύσεις
2176 894 2330 958 ζώων
2363 911 2421 946 τε
2476 894 2569 947 καὶ¹
2611 894 2718 947 τῶν
2762 895 2932 947 ἄλλων
2978 896 3210 966 εἴρηται,
3247 896 3410 965 μέσος
3439 914 3533 965 φε-

1958 989 2182 1059 ρόμενος
2225 988 2485 1050 πολλάκις
2530 987 2787 1058 χαρίεντα
2828 988 3159 1058 διηγήσατο·
3198 989 3299 1041 ὅσα
3342 989 3399 1041 δὲ
3451 991 3531 1051 εἰς

1954 1081 2195 1152 δόγματα
2219 1081 2562 1151 ἐδογμάτισε,
2592 1081 2684 1133 καὶ
2708 1080 2836 1151 περὶ
2881 1080 3135 1142 πίστεως,
3168 1084 3261 1134 καὶ
3290 1082 3531 1151 μείζονος

1957 1171 2207 1244 θεωρίας,
2247 1172 2355 1225 τῶν
2406 1172 2623 1226 πάντων
2661 1170 2985 1224 ἀτοπώτατα
3031 1171 3138 1223 τῶν
3175 1173 3280 1242 πρὸ
3336 1170 3527 1236 αὑτοῦ,

1957 1265 2049 1317 καὶ
2078 1265 2191 1334 μετ’
2217 1264 2380 1317 αὐτὸν
2410 1265 2744 1334 εὑρίσκεται,
2781 1264 2921 1335 πλὴν
2942 1263 3051 1316 τῶν
3087 1265 3142 1315 ὲν
3173 1267 3290 1326 ταῖς
3318 1266 3529 1335 αἱρέσε-
3590 1319 3598 1331 .

1959 1373 2042 1409 σιν
2084 1358 2503 1428 αἰσχρουργιῶν.
2568 1355 2671 1410 «In
2722 1356 2966 1426 singulos
3024 1356 3318 1422 Scriptura:
3367 1357 3530 1410 libros

1958 1462 2063 1499 non
2105 1448 2369 1500 dubitavit
2412 1448 2595 1500 dicere
2621 1462 2740 1515 qua:
2781 1447 2883 1500 sibi
2916 1446 3029 1499 visa
3084 1456 3229 1499 sunt.
3266 1445 3527 1511 Qnazcun-

1956 1552 2060 1606 que
2089 1548 2266 1591 autem
2308 1542 2360 1591 in
2404 1538 2659 1602 homiliis,
2686 1546 2739 1591 et
2780 1538 2830 1591 in
2864 1537 3143 1606 prommiis
3191 1538 3256 1590 de
3292 1536 3531 1590 moribus

1957 1638 2008 1682 et
2039 1640 2230 1681 natura
2277 1630 2614 1691 animalium,
2654 1629 2993 1698 aliorumque
3039 1630 3179 1684 dicta
3222 1638 3368 1692 sunt,
3416 1642 3530 1682 me-

1959 1722 2077 1773 dius
2106 1721 2358 1775 incedens
2388 1737 2528 1789 saepe
2561 1721 2837 1791 eleganter
2863 1723 3121 1776 disseruit
3150 1739 3163 1775 :
3193 1732 3531 1791 quaecunque

275 1813 613 1881 postmodum
644 1813 849 1876 Ariani,
884 1814 1185 1881 horumque
1234 1815 1448 1867 demum
1480 1823 1852 1882 corruptorum
1885 1784 1930 1843 Β
1959 1826 2089 1866 vero
2120 1812 2185 1863 de
2216 1812 2556 1879 dogmatibus
2586 1814 2979 1881 pronuntiavit,
3006 1825 3061 1867 et
3109 1814 3176 1868 de
3211 1814 3339 1878 ﬁde,
3379 1814 3530 1869 aliis-

276 1902 555 1956 audaciam
603 1902 831 1958 Ruﬁnus
856 1903 951 1957 lib.
978 1903 1051 1958 De
1079 1904 1362 1957 adulterat.
1389 1905 1641 1958 librorum
1671 1904 1855 1975 Orige-

277 1996 356 2050 nis
381 1995 651 2066 coarguit.
685 1994 885 2050 Verum
917 2012 1022 2052 non
1067 1997 1229 2052 alium
1283 2012 1605 2067 quemquam
1635 1996 1853 2068 Origeui

278 2096 488 2142 tantum
535 2088 756 2156 perﬁdia
810 2103 905 2144 sua
956 2099 1011 2144 et
1052 2090 1354 2145 temeritate
1399 2093 1648 2145 nocuisse
1691 2107 1853 2160 quam

277 2178 528 2233 Ruﬁnum
554 2181 753 2248 ipsum,
790 2181 982 2235 merito
1017 2180 1283 2236 afﬁrmare
1312 2198 1548 2251 possunt.
1582 2182 1714 2237 Nam
1740 2188 1854 2251 eius

279 2272 479 2336 scripta
511 2271 897 2341 interpretans,
934 2274 1009 2327 ita
1040 2274 1421 2328 additamentis
1465 2282 1518 2328 et
1558 2275 1851 2331 detractio-

281 2363 441 2417 nibus
475 2364 692 2418 vexavit
735 2373 789 2419 et
822 2367 1087 2433 corrupit,
1115 2375 1171 2418 ut
1217 2366 1503 2434 Origenem
1538 2367 1589 2419 in
1620 2365 1853 2437 Origene

277 2458 569 2513 desideres.
613 2458 909 2529 Acceptum
948 2460 1072 2514 huic
1102 2459 1318 2528 quidem
1375 2461 1537 2517 refert
1577 2462 1850 2518 Adaman-

279 2548 406 2615 tius,
439 2550 581 2619 qnud
611 2565 774 2619 opera
822 2552 991 2619 ipsius
1036 2565 1065 2604 a
1104 2550 1313 2604 Latinis
1356 2552 1662 2607 hominibus
1695 2554 1850 2607 intel-

280 2639 451 2696 lectus
478 2651 533 2696 et
572 2653 865 2711 usurpatus
893 2651 1010 2708 est;
1038 2652 1091 2696 et
1130 2643 1269 2710 quod
1296 2646 1632 2711 consumptis
1664 2660 1851 2698 exeru-

282 2731 527 2802 plaribus
546 2731 749 2788 Graecis
769 2733 824 2787 in
864 2733 1120 2787 Romanis
1156 2734 1691 2802 interpretationibus
1720 2750 1853 2804 quo-

287 2824 582 2879 dammodo
605 2826 819 2879 revixit.
840 2823 1039 2880 Verum
1071 2826 1261 2879 iisdem
1279 2825 1702 2894 expositionibus
1728 2841 1852 2880 cum

279 2917 453 2987 ignari
494 2915 695 2971 Grzecae
742 2916 937 2985 lingua:
982 2917 1229 2970 homines
1279 2917 1707 2984 acquiescerent,
1759 2932 1851 2972 ne-

278 3006 439 3077 glecti
480 3008 595 3063 fere
627 3007 845 3063 codices
888 3005 1061 3062 Grazci
1090 3007 1389 3076 perierunt,
1432 3009 1566 3062 adeo
1612 3016 1669 3061 ut
1713 3008 1853 3062 bona

1956 1918 2061 1971 que
2116 1904 2337 1973 majoris
2387 1906 2884 1974 contemplationis,
2931 1905 3184 1959 omnibus
3239 1905 3529 1975 protulisse

1954 1997 2293 2063 absurdiora,
2327 2006 2383 2051 et
2423 2000 2515 2066 qui
2562 2007 2957 2067 praecesserunt
3008 1999 3202 2065 ipsum,
3233 2008 3287 2051 et
3319 1999 3408 2066 qui
3441 2012 3529 2052 se-

1955 2091 2062 2143 cuti
2107 2100 2249 2153 sunt,
2294 2093 2597 2161 reperitur;
2647 2092 2889 2161 exceptis
2936 2088 3203 2146 duntaxat
3250 2093 3528 2147 haereseon

1954 2179 2311 2237 fmditatibus.
2342 2200 2361 2234 ι
2409 2182 2713 2252 Utrumque
2743 2193 2923 2237 autem
2974 2184 3330 2251 scriptionum
3373 2183 3525 2237 Grae-

1955 2286 2137 2327 carum
2182 2290 2375 2345 genus,
2425 2277 2675 2331 homilias
2715 2277 2858 2340 dico,
2902 2285 2956 2329 et
2999 2276 3165 2331 libros
3222 2291 3319 2346 per
3350 2278 3523 2331 otium

1953 2374 2260 2431 accuratos,
2292 2374 2347 2419 et
2377 2366 2636 2435 quidquid
2673 2366 2907 2434 denique
2939 2364 3126 2420 Graece
3173 2368 3243 2421 ab
3286 2366 3522 2436 Origene

1953 2457 2212 2524 scriptum
2252 2466 2446 2521 exstat,
2500 2456 2657 2526 longe
2708 2458 2774 2513 iis
2813 2459 3065 2526 anteponi
3100 2457 3283 2526 jubeo,
3323 2474 3442 2526 qua
3468 2458 3525 2513 in

1953 2545 2208 2601 Latinum
2243 2562 2549 2602 sermonem
2576 2550 2818 2603 derivata
2856 2560 3003 2613 sunt,
3039 2559 3092 2603 et
3116 2551 3197 2605 vel
3227 2552 3522 2605 sublestam

1959 2640 2317 2709 interpretum
2362 2640 2543 2705 fidem,
2578 2641 2660 2694 vel
2698 2642 3167 2706 hallucinationes,
3199 2645 3280 2698 vel
3314 2655 3524 2697 utrum-

1954 2747 2059 2800 que
2105 2733 2497 2786 sustinuerunt.
2560 2733 2705 2787 Inter
2760 2736 3087 2803 scriptiones
3124 2753 3241 2803 quae
3278 2736 3467 2791 Latine
3494 2756 3526 2792 a

1953 2823 2225 2877 veteribus
2265 2838 2540 2877 conversa:
2567 2833 2802 2888 exstant,
2857 2827 3029 2894 prima
3071 2828 3175 2880 erit
3205 2843 3389 2882 earum
3424 2846 3525 2883 au-

1955 2916 2203 2981 ctoritas,
2236 2932 2374 2986 quas
2404 2916 2722 2986 Hieronymi
2776 2918 2923 2971 dedit
2963 2918 3340 2988 interpretatio
3373 2938 3387 2974 :
3424 2938 3523 2991 po-

1956 3016 2215 3063 stremum
2262 3009 2519 3063 tenebunt
2564 3010 2761 3075 locum,
2788 3026 2907 3079 qua:
2945 3026 2974 3065 a
3016 3012 3213 3067 Ruﬁno
3240 3012 3526 3069 Latinitati

278 3099 473 3155 Graeca
518 3100 766 3170 pessimis
800 3098 1005 3154 Latinis
1035 3108 1362 3153 commutata
1392 3099 1518 3153 sint.
1541 3098 1653 3170 (55)
1687 3100 1852 3165 Quot-
1879 3127 1923 3185 α
1956 3099 2169 3153 donatae
2210 3111 2352 3153 sunt.
2386 3100 2494 3155 Nec
2532 3101 2652 3170 plus
2682 3102 2802 3156 ﬁdei
2834 3117 2967 3158 sane
2998 3106 3162 3159 veteri
3191 3104 3525 3160 Commenta-

279 3202 411 3263 quot
437 3206 566 3262 ergo
589 3192 755 3247 libros
780 3190 1032 3260 Origenis
1059 3190 1126 3244 ad
1154 3205 1252 3244 nos
1286 3190 1501 3244 fortuna
1531 3193 1851 3259 transmisit,

281 3287 512 3342 violatos
550 3299 670 3340 esse
704 3283 998 3338 verisimile
1024 3292 1127 3348 est,
1161 3292 1218 3336 at
1258 3298 1352 3338 eos
1382 3283 1721 3353 potissimum
1761 3284 1852 3352 qui

278 3387 476 3448 praeter
500 3376 828 3432 notariorum
863 3375 1176 3446 σφάλματα,
1204 3384 1260 3428 et
1292 3376 1671 3429 haereticorum
1703 3377 1853 3430 adul-

284 3470 605 3533 terationes,
664 3468 1019 3537 interpretum
1077 3467 1241 3521 etiam
1300 3466 1748 3523 hallucinationes
1800 3475 1855 3523 et

282 3556 563 3625 perﬁdiam
589 3566 900 3611 senserunt.

355 3647 443 3703 IV.
486 3646 599 3702 Non
627 3663 724 3716 par
747 3662 874 3717 ergo
910 3654 963 3701 et
989 3646 1176 3701 eadem
1204 3654 1285 3701 est
1319 3646 1579 3701 librorum
1610 3647 1851 3701 omnium

280 3741 597 3805 auctoritas,
629 3741 939 3809 quicunque
987 3756 1055 3794 ex
1106 3739 1358 3809 Origenis
1398 3740 1592 3796 incude
1628 3741 1853 3809 profecti

279 3844 428 3887 sunt.
457 3832 920 3899 Quemadmodum
951 3831 1094 3884 enim
1132 3830 1371 3899 suspecti
1410 3840 1566 3884 erant
1593 3829 1627 3883 ii
1662 3829 1854 3898 praeci-

280 3940 403 3996 pue,
429 3936 483 3981 et
513 3924 939 3980 damnosissimis
969 3932 1179 3977 scatere
1212 3921 1510 3985 erroribus,
1556 3930 1612 3973 et
1650 3919 1717 3973 ab
1755 3919 1854 3974 Ec-

280 4020 460 4073 clesia:
481 4018 759 4087 disciplina
792 4017 1046 4071 recedere
1069 4015 1409 4079 dicebantur,
1444 4027 1582 4083 quos
1613 4012 1728 4081 ipse
1759 4027 1854 4079 per

278 4113 449 4167 otium
494 4118 703 4164 secreto
746 4106 1109 4168 lucubrasset,
1141 4118 1204 4157 ac
1254 4103 1376 4157 libri
1421 4101 1688 4171 prmcipue
1712 4100 1852 4170 Περὶ

278 4200 502 4271 ἀρχῶν,
532 4200 585 4254 in
618 4198 815 4268 quibus
846 4198 1153 4265 dogmatum
1186 4209 1405 4250 suorum
1439 4192 1705 4248 oﬂicinam
1739 4204 1854 4249 sta-

282 4302 480 4357 tuerat,
519 4300 578 4345 ut
627 4297 813 4345 narrat
852 4287 1164 4357 Pamphilus
1224 4288 1278 4341 in
1340 4286 1642 4356 Apologia:
1675 4287 1747 4340 ita
1787 4287 1854 4339 ad

280 4387 399 4455 ejus
451 4398 645 4440 sensus
690 4381 906 4452 penitus
968 4378 1443 4448 introspiciendos,
1502 4394 1564 4432 ac
1619 4378 1853 4431 eruenda

1956 3194 2155 3245 riorum
2190 3195 2243 3246 in
2274 3191 2585 3247 Matt/neum
2634 3195 2938 3262 interpreti,
2962 3196 3274 3265 quicunque
3308 3199 3525 3253 tandem

1955 3285 2046 3340 ille
2080 3287 2169 3349 sit,
2202 3301 2363 3353 quam
2402 3285 2598 3339 Ruﬁno
2647 3286 3010 3341 adhibendum
3054 3296 3156 3342 est.
3190 3288 3343 3342 lllum
3379 3290 3424 3344 si
3453 3288 3524 3345 ad

1953 3376 2223 3440 Graecum,
2274 3392 2433 3443 quem
2477 3379 2689 3441 damus,
2732 3388 3045 3432 contextum
3092 3380 3360 3449 exegeris,
3388 3380 3528 3434 Deus

1954 3467 2117 3532 bone,
2154 3468 2296 3535 quod
2348 3468 2815 3537 interpretationis
2854 3480 3157 3526 monstrum
3184 3474 3524 3540 comperies!

1955 3560 2121 3613 Totas
2168 3558 2411 3626 paginas,
2452 3568 2563 3611 tota
2612 3558 2740 3613 folia
2776 3573 2979 3621 assuta,
3028 3570 3138 3616 tota
3170 3565 3406 3617 detracta
3435 3563 3530 3618 de-

1952 3651 2277 3719 prehendes.
2316 3648 2440 3702 Haec
2480 3648 2657 3715 inter,
2714 3652 3109 3705 observandum
3181 3655 3311 3707 illud
3365 3656 3529 3709 etiam

1953 3743 2243 3797 discrimen
2274 3750 2379 3804 est,
2423 3740 2680 3807 majorem
2720 3756 2908 3795 eorum
2962 3757 3083 3797 esse
3128 3744 3389 3798 librorum
3430 3761 3527 3799 au-

1953 3833 2297 3896 ctoritatem,
2333 3847 2470 3901 quos
2521 3847 2686 3887 senex
2733 3833 3127 3899 Adamantius,
3166 3836 3383 3906 ingenio
3435 3853 3530 3906 per

1954 3937 2167 3983 aetatem
2198 3927 2369 3996 magis
2402 3926 2627 3980 subacto
2652 3924 2916 3988 elimavit,
2955 3942 3115 3995 quam
3152 3930 3242 3996 qui
3269 3928 3531 3984 efferente

1953 4032 2076 4073 sese
2118 4017 2171 4070 in
2202 4016 2500 4083 juventutis
2526 4024 2660 4069 aestu
2688 4014 3015 4071 fecunditate
3045 4017 3249 4084 profusi
3278 4028 3425 4075 sunt.

2027 4109 2092 4165 V.
2136 4108 2244 4163 Nec
2271 4109 2561 4178 aliquantis
2593 4109 2857 4165 duntaxat
2901 4109 3354 4178 Origenianarum
3391 4112 3530 4166 scri-

1956 4202 2203 4274 ptionum
2253 4202 2519 4270 partibus,
2560 4201 2644 4255 vel
2677 4202 3012 4256 notariorum
3044 4204 3413 4271 properantia,
3448 4204 3529 4257 vel

1955 4301 2337 4362 corruptorum
2372 4292 2558 4346 nocuit
2587 4293 2849 4359 audacia;
2874 4295 2967 4348 sed
3007 4294 3059 4347 in
3102 4304 3213 4347 tota
3243 4294 3404 4347 etiam
3444 4310 3533 4349 vo-

1956 4385 2157 4438 lumina
2238 4384 2542 4437 invidorum
2607 4384 3029 4453 intemperantia
3086 4394 3330 4453 grassala
3398 4395 3524 4441 est:

287 4477 565 4546 dogmata,
596 4473 757 4527 iidem
795 4486 937 4524 nunc
972 4469 1309 4537 potissimum
1344 4468 1527 4521 valere
1550 4466 1765 4521 debent.
1793 4466 1849 4519 ln
1878 4486 1921 4543 ο
1956 4492 2081 4531 nam
2131 4477 2222 4546 qui
2275 4486 2425 4531 ωηιο
2464 4485 2663 4531 conatu
2699 4478 2749 4530 in
2782 4476 3036 4546 Origenis
3085 4478 3390 4531 doctrinam
3428 4492 3529 4531 suo-

280 4567 522 4623 homiliis
557 4564 759 4636 quippe
809 4563 876 4616 ad
916 4561 1059 4631 vulgi
1112 4574 1233 4615 sese
1276 4560 1711 4614 accommodavit
1759 4575 1851 4613 ca-

278 4672 452 4731 ptum,
490 4674 588 4713 nec
627 4656 929 4726 exquisitas
970 4655 1229 4709 doctrinae
1272 4668 1480 4708 merces
1513 4671 1543 4707 e
1575 4654 1850 4723 myrothe-

281 4753 384 4806 ciis
415 4752 528 4806 suis
556 4751 900 4819 depromptas
925 4748 1156 4803 indoctis
1194 4747 1505 4801 hominibus
1526 4747 1847 4816 propinavit.

281 4846 352 4898 At
390 4844 443 4897 in
470 4841 762 4897 elaboratis
809 4839 1132 4907 diligentiori
1198 4853 1327 4894 cura
1391 4839 1853 4893 lucubrationibus

282 4934 605 4989 eruditionis
658 4947 769 4986 sua:
805 4930 1174 5000 promptuaria
1234 4932 1516 4985 reseravit.
1564 4929 1732 4999 Igitur
1786 4930 1851 4984 de

283 5025 507 5090 Graecis,
540 5025 630 5095 qui
667 5032 979 5094 supersunt,
1010 5021 1163 5077 libris
1197 5022 1277 5077 sic
1317 5024 1664 5077 statuendum
1698 5031 1845 5091 puto,

283 5128 343 5172 ut
382 5128 711 5188 postremum
762 5116 1004 5170 ordinem
1058 5116 1290 5170 homilias
1329 5124 1569 5180 teneant,
1613 5118 1846 5184 priorem

284 5212 516 5281 cogitate
547 5221 603 5263 et
644 5219 848 5263 attente
896 5208 1096 5277 scripta
1137 5222 1323 5275 opera,
1370 5208 1668 5277 cujusmodi
1722 5215 1849 5262 sunt

282 5302 405 5356 libri
451 5311 634 5355 contra
674 5298 909 5364 Celsum,
936 5309 989 5354 et
1019 5297 1157 5366 Περὶ
1186 5296 1407 5367 ἀρχῶν,
1443 5307 1493 5350 et
1521 5298 1669 5363 Ionii,
1700 5297 1846 5367 judi-

283 5394 425 5448 cium
466 5394 532 5447 de
564 5392 648 5447 his
687 5406 842 5445 suum
876 5404 1181 5460 proponens
1221 5388 1554 5457 Epiphanius
1587 5389 1718 5441 ιιωτ.
1757 5386 1847 5453 64,

352 5574 467 5643 (55)
496 5574 758 5644 Quotquot
793 5590 913 5642 ergo
953 5571 1111 5624 libros
1131 5568 1371 5644 Ofigeuis
1405 5570 1472 5621 ad
1511 5586 1603 5623 uos
1629 5568 1841 5644 fortuna

284 5638 601 5709 tr‘dnsﬁziiit,
649 5638 873 5698 'violatos
923 5658 1032 5697 esse
1078 5639 1354 5693 verisimile
1395 5648 1491 5709 est,
1544 5650 1649 5695 etc.
1713 5638 1842 5693 Vide

286 5716 658 5769 Pr:efationem
701 5724 941 5767 nostram
962 5722 1118 5764 ~tomo
1154 5712 1329 5777 primo
1376 5708 1674 5778 praftixam,
1714 5724 1838 5777 pag.

283 5786 419 5853 2,3,
455 5786 509 5849 4,
526 5787 629 5841 ubi
656 5784 994 5840 ostendimus
1017 5781 1395 5837 haereticorum
1421 5780 1846 5836 adulterationes

1955 4569 2194 4635 viebant,
2226 4568 2414 4637 ejusne
2444 4569 2813 4636 pepercissent
2842 4568 3017 4631 libris,
3043 4575 3099 4621 et
3124 4583 3229 4622 non
3257 4582 3351 4621 eos
3379 4568 3528 4621 omni

1956 4661 2136 4716 studio
2172 4659 2567 4714 abolevissent?
2595 4660 2955 4714 Accesserunt
2984 4660 3175 4714 crebra
3201 4659 3527 4729 syuodorum

1955 4760 2013 4804 et
2056 4750 2434 4819 episcoporum
2477 4750 2850 4813 anathemata,
2897 4749 3092 4818 quibus
3148 4749 3531 4815 Adamantius,

1956 4840 2370 4908 Adamantiique
2405 4840 2651 4893 doctrina
2684 4842 2937 4895 damnata
2989 4850 3108 4895 est:
3139 4850 3249 4894 tum
3287 4840 3529 4909 promunt-'-

1956 4940 2075 5000 gata
2111 4931 2257 4999 apud
2289 4929 2624 4985 recentiores
2654 4930 2872 4987 Graecos
2896 4932 3135 4999 decreta,
3166 4932 3363 5001 quibus
3390 4933 3529 4986 veti-
3616 4970 3621 4981 .

1958 5029 2068 5076 tum
2104 5031 2189 5076 est
2226 5037 2293 5077 ne
2326 5022 2449 5091 quis
2485 5020 2602 5089 ejus
2626 5021 2797 5076 libros
2829 5022 3125 5076 describat.
3165 5022 3315 5077 Unde
3345 5017 3520 5075 maxi—

1956 5128 2056 5167 mae
2089 5111 2428 5181 Latinorum,
2478 5129 2541 5168 ac
2588 5111 2901 5168 Graecorum
2942 5113 3211 5182 praecipue
3249 5113 3529 5181 exempla-

1956 5205 2096 5259 rium
2132 5206 2269 5274 parti
2300 5206 2481 5260 elades
2507 5205 2654 5259 illata
2681 5213 2785 5268 est,
2811 5213 2867 5258 et
2906 5204 3105 5273 oppido
3134 5219 3303 5273 pauca
3336 5221 3399 5259 ex
3426 5205 3527 5258 hoc

1958 5298 2178 5352 interitu
2216 5309 2431 5353 servata
2480 5309 2625 5353 sunt.
2674 5297 2993 5367 Quanquam
3031 5299 3175 5352 enim
3212 5298 3398 5365 ingens
3432 5298 3527 5350 ad-

1958 5388 2064 5443 huc
2114 5388 2564 5458 Origenianorum
2629 5403 2855 5458 operum
2919 5388 3169 5444 volumen
3235 5396 3531 5455 superest,

1950 5570 2169 5640 scriptis
2187 5568 2440 5639 Origenis
2472 5585 2576 5625 non
2603 5585 2799 5624 nocere
2816 5570 3054 5638 potuisse
3082 5586 3147 5624 ex
3167 5584 3271 5638 quo
3297 5570 3527 5624 authenv

1951 5642 2051 5694 lica
2095 5642 2420 5705 exemplaria
2448 5658 2665 5695 suorum
2706 5644 2937 5709 tlperunt
2966 5640 3079 5707 ipse
3126 5655 3250 5696 ante
3295 5648 3529 5696 mortem

1950 5712 2003 5765 in
2031 5710 2350 5768 Cwsariensi
2381 5710 2717 5768 Bibliotheca
2746 5711 3013 5781 deposuit.
