3838 6222
348 334 477 389 “87

1612 332 1673 385 Ρ.
1714 332 2027 384 DANIELIS
2066 331 2155 383 HU
2167 332 2243 382 Εἰ
2259 324 2302 383 ll

3462 337 3602 390 “88

343 456 505 519 quota
542 446 628 501 illa
658 459 782 515 pars
804 453 887 502 est
920 445 1096 515 magni
1140 444 1301 513 hujus
1342 444 1779 500 lucubrationum
1812 463 1915 499 uu-
1944 452 1996 509 Α
2023 442 2414 523 legere,‘quos
2478 444 2566 498 ille
2612 459 2716 498 non
2762 444 3020 514 scripsit;
3075 425 3391 514 faciliusque
3441 449 3605 502 credo

341 540 498 603 meri,
526 551 664 606 quas
696 536 764 589 ab
795 550 861 591 eo
902 536 1213 589 elaboratas
1274 535 1439 589 fuisse
1480 545 1697 590 veteres
1739 536 1920 604 prodi-

342 629 577 685 derunt?
616 620 819 681 Scribit
868 625 1199 693 Theophilus
1270 623 1468 678 Pasch.
1520 628 1544 679 1
1600 637 1655 679 et
1699 627 1734 680 2
1780 627 1922 681 hunc

349 743 368 775 ι
394 721 816 776 innumerabiles
850 720 1091 774 texuisse
1122 719 1308 781 libros,
1341 729 1395 772 et
1422 719 1760 786 garrulitatis
1789 735 1918 785 suae,

343 814 495 881 quasi
539 811 814 865 damnosae
850 808 1209 878 possessionis
1245 808 1444 861 mundo
1478 808 1761 876 reliquisse
1812 809 1920 862 has-

343 905 646 959 reditatem.
673 921 691 953 ι
732 904 879 954 Ἀνω
923 901 1016 953 καὶ
1071 900 1219 953 κάτω
1262 898 1601 967 ταυτολογῶν
1632 900 1918 970 ἐπλήρωσε

341 994 440 1065 τὴν
491 992 825 1063 οἰκουμένην
879 993 1104 1062 ἀμέτρῳ
1157 990 1425 1061 φλυαρίᾳ·
1471 992 1548 1043 ait
1604 990 1921 1044 Eustathius

343 1086 712 1139 Antiochenus
766 1085 839 1136 De
893 1092 1120 1152 engastr.
1158 1100 1176 1132 ‹
1207 1082 1338 1147 Quis
1366 1092 1635 1146 nostrum,
1688 1101 1706 1133 ι
1750 1082 1923 1150 inquit

343 1176 705 1247 Hieronymus
743 1178 901 1246 epist.
954 1176 1040 1237 65,
1101 1175 1169 1228 ad
1227 1174 1540 1230 Pammach.
1592 1185 1646 1229 et
1696 1174 1918 1240 Ocean.,

343 1283 464 1338 cap.
504 1270 560 1332 ’5,
597 1280 615 1319 ι
646 1277 794 1321 tanta
839 1276 1018 1337 potest
1063 1266 1267 1337 legere,
1301 1276 1501 1336 quanta
1540 1267 1632 1321 ille
1682 1266 1919 1321 conscri-

342 1360 483 1429 psit?
508 1379 524 1409 ι
576 1359 719 1414 Idem
772 1358 928 1429 epist.
972 1358 1061 1423 18,
1117 1359 1181 1412 ad
1216 1359 1458 1414 Marcell.
1495 1380 1505 1413 :
1538 1379 1556 1411 ‹
1583 1359 1918 1424 Ambrosius,

342 1466 451 1520 quo
506 1453 745 1513 chartas,
794 1459 1061 1518 sumptus,
1104 1451 1345 1504 notarios
1408 1452 1769 1515 ministrante,
1812 1459 1918 1504 tam

343 1540 768 1598 innumerabiles
819 1540 983 1594 libros
1035 1553 1165 1594 vere
1216 1541 1572 1595 Adamantius
1634 1551 1813 1596 noster
1868 1549 1923 1595 et

340 1634 729 1689 Chalcenterus
750 1632 1026 1702 explicuit.
1054 1651 1072 1684 ι
1106 1631 1420 1688 Vincentius
1452 1633 1751 1688 Lirinensis
1780 1634 1921 1689 Con-

343 1733 426 1780 tra
460 1725 613 1788 luem,
638 1739 756 1795 cap.
784 1724 857 1777 25
889 1739 901 1775 :
939 1743 956 1774 ε
979 1724 1085 1778 Sed
1120 1725 1281 1779 credo
1328 1740 1498 1794 pauca
1549 1726 1913 1794 conscripsit;

341 1830 503 1869 nemo
538 1812 845 1868 mortalium
879 1812 1053 1882 plura,
1089 1822 1144 1867 ut
1185 1814 1317 1869 mihi
1348 1828 1445 1867 sua
1472 1814 1652 1867 omnia
1694 1828 1798 1866 non
1836 1828 1917 1867 so-
1947 1801 1989 1856 Β

344 1909 451 1962 lum
487 1923 587 1961 non
632 1908 856 1977 perlegi,
894 1908 985 1961 sed
1017 1922 1085 1961 ne
1115 1908 1347 1962 inveniri
1380 1906 1601 1977 quidem
1653 1921 1811 1974 posse
1836 1908 1918 1959 vi-

342 2000 589 2053 deanttlt‘.
620 2017 641 2050 ι
673 1999 748 2053 Ex
811 2000 1072 2052 immenso
1132 2000 1232 2054 hoc
1290 2014 1423 2068 ergo
1474 1998 1909 2053 lucubrationum

343 2104 568 2143 numero
612 2089 891 2158 syutactici
938 2103 1131 2144 nomen
1171 2090 1392 2146 meruit.
1436 2088 1696 2142 Futurum
1740 2098 1916 2141 autem

342 2181 715 2249 praesentiens,
764 2190 824 2233 ut
870 2180 1131 2233 immensa
1188 2180 1301 2233 hanc
1361 2178 1643 2233 scribendi
1698 2178 1917 2232 licentia

342 2273 721 2327 nonnullorum
772 2273 874 2327 sibi
904 2271 1355 2341 reprehensiones
1380 2272 1766 2336 conscisceret,
1790 2269 1920 2323 mul-

344 2366 413 2420 tis
436 2382 553 2419 eam
603 2374 830 2420 excusat
867 2373 1014 2420 torno
1042 2366 1090 2416 v'
1118 2365 1173 2417 in
1217 2364 1404 2431 Joan.,
1449 2378 1599 2417 num.
1626 2364 1679 2430 1,
1708 2361 1744 2415 2
1775 2372 1831 2416 et
1860 2362 1916 2427 4,

342 2454 500 2523 cujus
578 2454 945 2509 excusationis
1018 2453 1319 2522 fragmenta
1384 2453 1550 2511 habes
1607 2452 1919 2508 Philocaliaz

350 2563 470 2616 cap.
508 2546 561 2600 5.

410 2654 660 2708 Attamen
691 2656 892 2726 ingenti
927 2656 1051 2711 huic
1082 2655 1223 2711 libro
1240 2673 1357 2711 rum
1401 2659 1591 2727 copias,
1640 2672 1799 2728 quam
1836 2659 1917 2712 in-

342 2746 732 2800 numerabilem
762 2760 882 2803 esse
915 2747 1101 2801 dicunt
1145 2748 1410 2814 nonnulli,
1443 2759 1650 2805 certum
1689 2750 1778 2803 alii
1814 2767 1916 2804 nu-

346 2850 550 2889 merum
595 2838 961 2908 assignarunt.
1011 2838 1346 2908 Epiphanius
1376 2839 1509 2894 haar.
1543 2839 1634 2906 64,
1665 2854 1786 2909 cap.
1820 2840 1911 2907 6'5,

344 2928 716 2995 percrebuisse
745 2938 932 2982 narrat
957 2943 1051 2983 sex
1083 2929 1343 2983 librorum
1372 2930 1535 2983 millia
1571 2929 1640 2983 ab
1661 2944 1724 2983 eo
1752 2929 1918 2985 fuisse

339 3018 669 3087 conscripta.
705 3020 883 3087 Atque
930 3019 984 3073 id
1032 3033 1100 3073 ex
1144 3020 1326 3089 seipso
1360 3019 1546 3087 refert,
1577 3035 1681 3073 non
1712 3036 1777 3074 ex
1808 3020 1919 3074 Me-

341 3109 549 3173 thodio,
601 3118 658 3163 ut
708 3125 989 3179 perperam
1029 3118 1349 3165 asseverant
1389 3110 1908 3181 Magdeburgenses,

340 3212 485 3258 cent.
514 3204 570 3265 ³5,
604 3216 723 3271 cap.
760 3203 846 3256 10.
882 3203 1146 3257 Eumdem
1172 3206 1455 3273 assignant
1484 3217 1768 3256 numerum
1802 3202 1910 3255 llo-

341 3296 529 3349 uorius
558 3294 1064 3364 Augustodunensis
1099 3293 1177 3347 De
1215 3294 1399 3360 script.
1432 3294 1637 3352 eccles.,
1671 3309 1791 3361 cap.
1821 3294 1910 3361 55,

340 3396 395 3441 et
436 3385 713 3440 Cedrenus
758 3385 829 3438 in‘
865 3383 1078 3449 Severo,
1115 3394 1170 3439 et
1224 3400 1292 3439 ex
1325 3385 1570 3440 Cedreno
1623 3383 1819 3440 Suidas
1857 3387 1915 3439 in

340 3477 584 3546 Origene,
616 3485 670 3529 et
701 3475 896 3545 Glycas
928 3486 1069 3544 part.
1114 3493 1202 3540 ιιι,
1230 3476 1424 3530 Annal.
1476 3476 1742 3531 Praeterea
1768 3478 1917 3531 Ruti-

339 3585 444 3624 nus
476 3570 529 3622 in
572 3568 752 3623 libello
791 3567 869 3621 De
907 3567 1295 3621 adulteratione
1337 3568 1589 3622 librorum
1644 3566 1911 3638 Origenia,

339 3663 405 3715 de
454 3659 753 3729 Epiphanio
787 3660 858 3713 ita
913 3659 1195 3729 loquitur:
1229 3678 1247 3711 ι
1280 3661 1518 3730 Denique
1565 3663 1786 3731 quidam
1847 3677 1916 3718 ex

340 3750 491 3819 ipsis,
525 3750 617 3820 qui
658 3765 715 3805 se
746 3750 892 3804 velut
935 3751 1343 3822 evangelizandi
1395 3754 1775 3807 necessitatem
1808 3768 1904 3823 per

340 3857 532 3897 omnes
571 3852 780 3911 gentes,
825 3851 881 3895 et
930 3856 1029 3911 per
1056 3857 1243 3897 omnes
1269 3842 1479 3913 linguas
1505 3844 1707 3898 habere
1738 3854 1912 3914 putat,

338 3936 404 3987 de
431 3931 663 4002 Origene
687 3931 831 3986 male
863 3931 1140 4001 loquendi,
1178 3946 1273 3986 sex
1298 3933 1465 3986 millia
1506 3932 1765 3987 librorum
1791 3934 1908 4001 ejus

342 4038 404 4080 se
449 4024 641 4092 legisse
696 4022 1095 4093 quamplurima
1149 4023 1374 4077 fratrum
1417 4024 1764 4080 multitudine
1815 4042 1915 4081 au-

339 4115 521 4168 diente
568 4112 850 4167 confessus
886 4121 987 4168 est.
1023 4130 1041 4163 ι
1080 4114 1162 4167 Ad
1208 4128 1270 4166 ea
1308 4113 1684 4185 Hieronymus,
1725 4116 1818 4182 qui
1856 4130 1913 4170 se

337 4203 519 4257 omnia
559 4202 813 4273 Origenis
850 4203 1071 4268 habere,
1100 4203 1295 4272 legisse
1338 4218 1465 4258 vero
1506 4207 1908 4275 quamplurima.

332 4294 573 4362 jactabat
620 4292 747 4348 libr.
792 4309 834 4349 ιι
900 4295 1078 4364 Apol.,
1117 4309 1238 4363 cap.
1283 4295 1337 4362 4,
1367 4296 1481 4350 haec
1537 4300 1748 4366 reponit
1790 4299 1909 4352 libri

336 4384 580 4451 ejusdem
611 4395 764 4440 sexto
796 4386 971 4455 capite
1000 4403 1014 4439 :
1058 4404 1077 4438 ι
1112 4385 1188 4440 De
1218 4402 1312 4441 sex
1359 4388 1593 4443 millibus
1637 4400 1814 4445 autem
1847 4392 1911 4444 lio

340 4476 584 4541 brorum,
615 4493 752 4548 quos
780 4479 846 4531 ab
877 4493 940 4532 eo
968 4492 1088 4533 esse
1134 4478 1305 4536 lectos
1336 4480 1623 4551 contingis,
1650 4482 1769 4551 quis
1797 4498 1913 4537 cre-

339 4570 431 4621 dat
475 4578 569 4622 aut
612 4580 663 4623 te
704 4586 890 4625 verum
936 4572 1137 4636 dicere,
1163 4583 1255 4626 aut
1301 4573 1450 4627 illum
1479 4574 1717 4642 potuisse
1758 4589 1909 4627 men-

342 4659 471 4712 tiri?
495 4659 550 4713 Si
579 4661 724 4715 enim
757 4660 1027 4732 Origenes
1054 4677 1149 4718 sex
1194 4664 1359 4718 millia
1395 4665 1705 4731 scripsisset
1737 4664 1907 4719 libro-

338 4766 479 4815 rum,
515 4762 762 4820 potuerat
813 4753 928 4807 fieri
979 4764 1035 4809 ut
1078 4756 1162 4809 vir
1195 4756 1458 4821 eruditus,
1491 4767 1546 4810 et
1580 4758 1649 4810 ab
1678 4756 1904 4811 infantia

335 4844 508 4899 sacris
550 4845 746 4898 litteris
784 4846 1066 4901 institutus
1111 4862 1211 4917 pro
1241 4848 1555 4902 curiositate
1595 4858 1649 4902 et
1684 4850 1909 4905 scientia

339 4937 559 5005 legisset
591 4937 808 4990 aliena:
844 4938 985 5006 quod
1022 4953 1151 4993 vero
1206 4940 1292 4993 illc
1338 4954 1442 4995 non
1493 4930 1736 5009 scripsit,
1784 4957 1913 5010 quo-

336 5029 497 5082 modo
525 5029 626 5083 iste
657 5028 837 5099 legere
882 5032 1098 5100 potuit?
1128 5031 1361 5087 Numera
1402 5034 1610 5088 indices
1646 5035 1903 5089 librorum

334 5119 470 5188 ejus,
501 5120 596 5191 qui
635 5122 687 5174 in
723 5122 884 5176 tertio
908 5123 1181 5178 volumine
1205 5124 1441 5189 Eusebii,
1477 5126 1530 5178 in
1574 5140 1682 5193 quo
1719 5125 1910 5180 scribit

336 5211 519 5267 Vitam
555 5211 841 5282 Pamphili.
870 5215 1225 5269 continentur
1252 5232 1266 5279 ;
1293 5227 1348 5269 et
1374 5230 1481 5268 non
1519 5217 1640 5270 dico
1665 5230 1758 5270 sex
1785 5216 1910 5269 mil-

337 5303 430 5369 lia,
478 5306 571 5359 sed
621 5305 833 5358 tertiam
890 5315 1098 5373 partem
1153 5322 1256 5361 non
1312 5307 1575 5375 reperies.
1640 5308 1909 5363 Habemus

337 5395 620 5464 epistolam
652 5394 947 5463 supradicti
979 5395 1271 5465 pontificis,
1316 5398 1368 5449 in
1400 5412 1504 5465 qua
1547 5398 1670 5451 huic
1701 5397 1910 5450 calum-

338 5489 439 5541 uite
468 5496 591 5548 tua},
623 5488 749 5541 dum
780 5488 954 5540 adhuc
982 5502 1133 5541 esses
1169 5490 1219 5539 in
1251 5486 1492 5549 Oriente,
1524 5489 1829 5556 respondet,
1857 5497 1913 5541 et

338 5580 737 5647 apertissimum
801 5580 1139 5634 mendacium
1184 5580 1371 5638 {libera
1442 5581 1682 5633 veritatis
1735 5579 1913 5633 fronte

337 5670 614 5738 confutat;
643 5673 735 5739 »εει
767 5672 818 5725 in
845 5672 1004 5741 epist.
1036 5672 1124 5735 62,
1182 5674 1248 5727 ad
1279 5671 1659 5741 Theophilum,
1680 5688 1799 5742 cap.
1827 5672 1862 5723 Ε).
1894 5687 1906 5722 :

344 5784 362 5813 ι
394 5762 492 5816 Sex
529 5763 692 5818 millia
737 5762 983 5833 Origenis
1036 5774 1210 5822 tomos
1242 5781 1345 5823 non
1385 5775 1597 5838 poterat
1626 5767 1909 5840 quisquam

2029 547 2221 593 testem
2269 535 2429 606 hujus
2462 538 2752 601 sermonis,
2781 552 2942 606 quam
2990 547 3265 591 auctorem
3296 552 3416 592 esse
3451 554 3603 593 men-

2025 631 2211 685 titum.
2245 649 2263 682 ι
2302 630 2470 701 Negat
2506 630 2865 700 Hieronymus
2891 630 3090 684 dixisse
3120 629 3480 699 Epiphanium
3506 646 3603 685 sex

2024 724 2285 777 librorum
2322 723 2572 793 Origenis
2622 723 2790 775 millia
2834 738 2861 775 a
2910 737 2967 776 se
3004 724 3174 787 lecta;
3211 724 3318 777 imo
3364 738 3492 776 vero
3522 732 3606 777 tot

2022 813 2090 866 ab
2128 811 2361 883 Origene
2403 829 2639 882 unquam
2675 812 2841 865 fuisse
2892 811 3093 880 scripta
3125 821 3318 882 negat;
3354 812 3606 881 quamvis

2023 907 2076 961 id
2109 917 2287 961 tamen
2321 908 2694 975 percrebuisse
2724 906 3057 974 Epiphanius
3091 916 3316 962 asserat.

2094 1000 2231 1065 Quid
2257 999 2356 1053 sibi
2384 997 2770 1075 voluntigitur
2796 997 2935 1051 Beda
2970 997 3022 1051 in
3064 997 3203 1051 libro
3238 996 3314 1050 De
3345 1013 3437 1050 sex
3464 1007 3603 1052 teta—

2024 1092 2158 1145 tibus
2192 1091 2400 1158 mundi,
2446 1091 2563 1144 Ado
2594 1091 2947 1153 Viennensis,
2989 1089 3331 1144 Hermaunus
3360 1090 3595 1144 Contra-

2024 1190 2168 1245 ctus,
2231 1180 2507 1234 Marianus
2548 1179 2743 1233 Scotus
2786 1189 2841 1234 et
2885 1178 3161 1233 Conradus
3193 1177 3604 1249 Urspergensis,

2023 1278 2144 1324 cum
2197 1271 2583 1342 Hieronymum
2631 1272 2863 1339 quodam
2916 1271 3032 1324 loco
3075 1270 3361 1339 scripsisse
3427 1272 3603 1336 aiunt,

2022 1364 2260 1432 quinque
2288 1363 2452 1417 millia
2494 1361 2755 1415 librorum
2783 1361 3033 1431 Origenis
3062 1360 3247 1440 fuisse“
3274 1361 3371 1415 sibi
3427 1361 3611 1426 perle-

2022 1456 2159 1510 cta?
2213 1454 2476 1509 Martinus
2523 1468 2652 1509 vero
2703 1455 2936 1509 Polonus
2984 1462 3039 1509 et
3086 1453 3259 1508 Guido
3310 1453 3608 1510 Carmelita

2032 1564 2129 1603 sex
2160 1546 2372 1603 millia?
2413 1546 2551 1614 Quid
2603 1548 2744 1617 apud
2796 1548 2939 1601 hunc
2989 1544 3290 1600 Guidonem
3329 1544 3600 1611 Isidorus,

2026 1644 2117 1712 qui
2142 1644 2220 1697 sic
2251 1642 2559 1711 loquentem
2594 1641 2802 1695 inducit
2829 1638 3117 1709 Origenein
3152 1656 3167 1692 :

2165 1737 2423 1798 Condere,
2450 1737 2494 1789 si
2522 1736 2713 1799 credis,
2748 1734 2927 1787 studui
2954 1739 3027 1786 tot
3056 1733 3227 1785 millia
3254 1732 3438 1798 libros,

2160 1808 2296 1873 Quot
2320 1808 2451 1877 legio
2483 1807 2665 1859 missos
2696 1806 2839 1859 ducit
2874 1807 2928 1859 in
2961 1820 3112 1857 arma
3142 1803 3319 1856 viros?

2026 1923 2170 1978 Sane
2196 1922 2408 1976 videtur
2440 1921 2493 1975 id
2525 1929 2796 1987 sumptum
2833 1933 2899 1973 ex
2943 1918 3192 1986 proxime
3236 1915 3450 1970 laudato
3488 1914 3605 1970 Ru-

2026 2015 2117 2068 lini
2164 2014 2301 2078 loco,
2340 2015 2431 2083 qui
2469 2027 2589 2066 cum
2632 2011 2917 2080 Epiphau'ri
2948 2024 3145 2063 nomen
3193 2023 3298 2062 non
3324 2008 3601 2074 exhibeat,

2026 2106 2184 2161 facile
2223 2121 2345 2160 eum
2394 2106 2461 2159 ad
2507 2104 2894 2173 Hieronymum
2947 2102 3250 2156 retulerunt
3294 2100 3602 2169 scriptores

2026 2199 2123 2264 illi,
2153 2197 2605 2267 quemadmodum
2636 2197 2704 2249 ab
2732 2196 2955 2250 Erasmo
2984 2194 3177 2247 deinde
3213 2203 3265 2247 et
3287 2192 3602 2248 Genebrar-

2025 2292 2093 2346 do
2120 2291 2325 2346 relatus
2366 2297 2467 2345 est.
2514 2288 2668 2355 Quod
2702 2297 2879 2341 autem
2913 2288 3150 2356 quinque
3188 2286 3450 2340 librorum
3480 2286 3604 2339 mil-

2025 2383 2093 2438 lia
2128 2383 2371 2452 plerique
2404 2390 2616 2444 notant,
2645 2395 2769 2435 cum
2797 2395 2891 2436 sex
2935 2380 3026 2433 alii
3055 2387 3502 2442 commemorent,
3529 2392 3606 2433 ex

2025 2476 2319 2543 corruptis,
2356 2482 2415 2526 ut
2452 2473 2564 2527 fere
2594 2473 2673 2536 lit,
2709 2471 3029 2526 numerandi
3070 2471 3216 2525 notis
3241 2481 3421 2525 ortum
3446 2483 3604 2524 erro-

2026 2578 2139 2617 rem
2166 2573 2317 2631 puto.
2349 2562 2464 2617 Utri
2492 2571 2672 2615 autem
2706 2562 3119 2616 assentiendum
3150 2560 3444 2629 potius,vel
3465 2559 3601 2615 Hie-

2024 2668 2265 2724 ronymo.
2300 2662 2379 2708 tot
2430 2653 2661 2720 scriptos
2702 2653 2770 2707 ab
2804 2651 3037 2723 Origene
3061 2652 3227 2707 libros
3257 2651 3601 2722 perneganti,

2024 2760 2092 2800 an
2143 2747 2442 2816 Epiphanio
2506 2745 2562 2799 id
2619 2746 2762 2815 vulgi
2812 2759 3065 2800 sermone
3124 2745 3254 2798 ferri
3306 2743 3600 2807 asscrenti,

2023 2838 2270 2908 equidem
2303 2837 2506 2893 nescio.
2544 2834 2715 2891 Fama
2742 2837 2966 2907 quippe,
3000 2834 3175 2889 futilis
3198 2846 3391 2889 auctor
3420 2853 3435 2889 :
3470 2835 3608 2888 Hie-

2024 2930 2238 3000 ronymi
2272 2944 2404 2983 vero
2451 2929 2616 2983 inane
2665 2939 3079 2997 argumentum;
3118 2942 3239 2982 nam
3269 2926 3513 2997 quamvis
3543 2927 3602 2981 in

2024 3022 2292 3076 indicibus
2340 3022 2598 3077 librorum
2655 3021 2923 3089 Origenis,
2954 3036 3089 3089 quos
3144 3022 3197 3075 in
3249 3021 3408 3076 tertio
3462 3020 3601 3073 Vita:

2024 3114 2291 3184 Pamphili
2342 3115 2479 3170 libro
2561 3114 2828 3169 Eusebius
2892 3123 3279 3182 pertexuerat,
3338 3128 3442 3165 non
3498 3128 3601 3166 sex

2019 3208 2190 3273 mille,
2220 3211 2313 3262 sed
2340 3222 2405 3261 ne
2432 3207 2589 3262 tertia
2617 3207 2833 3276 quidem
2859 3221 2985 3275 pars
3014 3216 3229 3275 reperta
3254 3205 3344 3269 sit,
3373 3204 3603 3257 minime

2019 3296 2145 3350 hinc
2204 3294 2435 3350 efficitur
2484 3309 2592 3349 non
2645 3294 2827 3364 plures
2881 3295 2947 3347 ab
2990 3293 3225 3364 Origene
3254 3291 3597 3354 lucubratos,

2015 3398 2176 3453 quam
2209 3392 2341 3453 quot
2374 3389 2725 3437 recensuerat
2753 3381 3035 3435 Eusebius.
3088 3382 3223 3434 Pars
3266 3379 3446 3448 aliqua
3476 3381 3602 3448 jam

2017 3475 2399 3541 interciderat;
2427 3489 2553 3543 pars
2586 3473 2752 3544 ipsius
2767 3470 3024 3544 ell'ugcrat
3050 3471 3381 3539 diligentiam
3409 3491 3422 3525 :
3466 3472 3604 3527 licet

2016 3568 2160 3622 enim
2182 3566 2273 3622 lib.
2304 3582 2355 3620 vt
2395 3565 2625 3630 Histor.,
2656 3580 2776 3635 cap.
2802 3564 2890 3629 52,
2926 3575 3243 3618 accuratum
3272 3577 3461 3616 eorum
3496 3578 3600 3616 ca-

2019 3660 2256 3731 talogum
2300 3660 2537 3713 texuisse
2580 3672 2638 3713 se
2678 3658 2900 3722 scribat,
2939 3671 3049 3710 non
3075 3669 3272 3727 omnes
3305 3664 3484 3708 tamen
3519 3655 3596 3709 ad

2017 3752 2188 3821 ipsius
2218 3752 2464 3807 notitiam
2494 3752 2815 3821 pervenisse
2838 3748 3180 3804 crediderim.

2092 3843 2168 3898 Ne
2196 3843 2318 3912 quis
2343 3857 2475 3896 vero
2508 3849 2726 3896 censeat
2754 3855 2849 3895 sex
2886 3840 2973 3894 illa
3025 3840 3279 3895 librorum
3328 3838 3513 3905 millia,
3546 3839 3597 3895 si

2018 3937 2176 3991 modo
2228 3936 2450 3991 totidem
2507 3934 2574 3989 ab
2619 3932 2851 4005 Origene
2932 3934 3117 4003 scripti
3152 3942 3296 3994 sunt,
3350 3934 3595 4002 ingentia

2016 4031 2262 4096 quaedam
2325 4028 2601 4084 volumina
2662 4026 2867 4091 fuisse,
2935 4025 3232 4095 cujusmodi
3280 4034 3408 4095 puta
3455 4040 3600 4095 opus

2016 4131 2199 4171 contra
2255 4115 2485 4181 Celsum,
2522 4120 2607 4171 \‘cl
2649 4131 2781 4186 opus
2812 4116 2949 4186 Περὶ
2986 4114 3207 4186 ἀρχῶν,
3235 4116 3316 4168 vel
3375 4117 3502 4171 torui
3542 4118 3602 4169 in

2014 4208 2296 4274 Joannem,
2334 4209 2416 4264 vel
2443 4208 2678 4263 homilia:
2715 4211 2772 4262 in
2792 4208 3017 4266 Lucam.
3056 4208 3308 4277 Epistolas
3339 4208 3596 4279 singulae,

2016 4302 2212 4371 singuli
2247 4300 2662 4370 tomi,,singulae
2726 4301 2977 4365 homilize,
3024 4316 3123 4355 suo
3169 4315 3394 4370 quaeque
3435 4302 3600 4357 titulo

2015 4405 2069 4448 et
2108 4397 2322 4449 nomine
2378 4395 2434 4448 in
2486 4395 2630 4449 hunc
2676 4408 2898 4448 censum
2954 4405 3258 4459 venerunt;
3301 4404 3463 4462 atque
3517 4395 3598 4447 ita

2019 4485 2179 4540 facile
2212 4486 2402 4555 ingens
2449 4485 2540 4540 ille
2570 4501 2828 4540 numerus
2859 4486 3082 4554 prodiit,
3112 4485 3205 4554 qui
3240 4501 3341 4540 nec
3366 4497 3602 4554 superat

2018 4578 2202 4645 fidem,
2266 4592 2364 4633 nec
2421 4579 2573 4633 valde
2629 4579 2894 4634 mirabilis
2934 4588 3034 4633 est.
3092 4578 3288 4634 Fertur
3333 4579 3602 4651 Didymus

2016 4668 2418 4724 Alexandrinus
2443 4670 2833 4740 grammaticus
2877 4672 2944 4724 ad
2974 4671 3077 4724 tria
3107 4671 3274 4725 millia
3304 4671 3599 4737 librorum,

2016 4769 2071 4813 et
2103 4760 2430 4831 quingentos
2464 4762 2766 4830 scripsisse.
2813 4760 3012 4816 Narrat
3039 4762 3309 4833 Georgius
3347 4763 3599 4818 Alexan-

2020 4852 2208 4906 drinus
2240 4852 2358 4920 pios
2395 4854 2653 4922 quosdam
2690 4854 2840 4908 viros
2874 4864 2992 4923 post
3031 4854 3398 4923 Cbrysostomi
3442 4872 3601 4912 mor-

2020 4954 2149 5010 tem,
2175 4944 2429 4999 homilias
2459 4946 2574 5013 ejus
2603 4944 2952 5014 octingentas
2974 4959 3134 5015 supra
3158 4954 3389 5014 quatuor
3421 4948 3600 5012 mille,

2017 5051 2141 5091 cum
2171 5051 2360 5091 omnes
2399 5051 2503 5091 non
2536 5046 2776 5106 possent,
2812 5038 2864 5090 in
2903 5053 3066 5091 unum
3105 5037 3408 5107 collegisse.
3442 5039 3601 5093 Tan-

2018 5139 2127 5183 tam
2165 5144 2296 5184 vero
2348 5129 2607 5184 librorum
2657 5128 3031 5201 Cbrysostomi
3091 5129 3329 5200 ejusdem
3376 5131 3603 5200 c0piam

2016 5221 2187 5278 fuisse
2227 5223 2389 5277 tradit
2421 5222 2641 5287 Suidas,
2667 5233 2727 5277 ut
2769 5238 3049 5277 numerum
3078 5232 3400 5294 superarent
3430 5239 3446 5275 :
3479 5233 3602 5279 tum

2016 5316 2170 5384 quasi
2221 5330 2335 5370 rem
2394 5329 2501 5370 non
2540 5317 2676 5370 satis
2723 5316 3108 5385 significasset,
3163 5314 3311 5369 addit
3340 5332 3355 5369 :
3384 5314 3509 5368 Τῶν
3538 5316 3604 5369 δὲ

2018 5407 2465 5478 συγγραμμάτων
2507 5405 2671 5460 αὐτοῦ
2717 5407 3035 5475 καταλέγειν
3064 5406 3156 5461 τὸν
3200 5404 3456 5479 ἀριθμὸν,
3491 5408 3602 5459 οὐκ

2019 5498 2324 5572 ἀνθρώπου,
2364 5498 2499 5551 Θεοῦ
2532 5500 2587 5551 δὲ
2618 5499 2817 5569 μᾶλλον
2840 5499 2934 5552 τοῦ
2985 5500 3054 5552 τὰ
3092 5500 3269 5553 πάντα.
3292 5497 3602 5566 γινώσκον-

2018 5606 2131 5652 τος.
2174 5606 2191 5639 ι
2218 5588 2345 5656 Ejus
2374 5605 2506 5645 vero
2561 5590 2997 5645 lucubrationum
3049 5604 3335 5645 recensere
3380 5605 3601 5657 “nume-

2020 5696 2163 5748 rum,
2203 5697 2307 5735 non
2354 5682 2612 5747 hominis,
2651 5685 2744 5738 sed
2772 5684 2866 5738 Dei
2920 5685 3099 5753 potius
3127 5693 3233 5746 est,
3274 5682 3363 5750 qui
3406 5684 3600 5736 omnia

2018 5773 2316 5843 cognoscit.
2350 5793 2368 5825 ι
2414 5771 2611 5830 Fertur
2646 5773 2961 5833 Theodorus
3013 5773 3599 5844 Mopsuestcnus-plua
