3838 6222
298 328 430 383 1189

1170 327 1736 385 ORIGENIANORUM
1768 329 1895 385 LIB.
1938 329 2026 396 Ill,
2070 331 2220 387 CAP.
2256 330 2323 400 Il,
2360 331 2553 388 SECT.
2595 333 2637 387 ἰ.

3393 320 3529 388 “90

295 462 449 514 quam
487 446 670 500 decem
695 444 1027 498 voluminum
1075 442 1244 497 millia
1286 443 1541 508 edidisse,
1572 443 1855 515 Raymun-
1887 456 1936 508 Α
1966 446 2328 517 Hieronymus
2374 447 2426 501 in
2483 446 2752 501 Procemio
2821 434 3186 499 Traditionum
3249 444 3530 500 llebraica-

293 541 391 593 dus
419 553 544 591 vero
588 536 790 590 Lollius
820 535 939 605 plus
974 549 1134 603 quam
1168 543 1422 602 quatuor.
1462 534 1636 588 Causa
1693 536 1861 603 igitur

294 646 399 684 non
451 636 569 683 erat
609 644 704 680 cur
740 643 836 681 sex
886 626 1034 679 mille
1084 625 1252 679 libros
1296 627 1365 679 ab
1414 625 1647 693 Origene
1694 626 1863 680 fuisse

292 718 518 785 scriptos
564 727 671 769 tam
714 716 1002 784 praefracta
1046 714 1454 768 asseveratione
1498 714 1861 784 Hieronymus

293 806 663 872 inliciaretur;
707 821 831 859 cum
879 820 1002 859 eum
1046 806 1345 872 prazsertim
1376 804 1607 858 fateatur
1632 806 1776 859 mille
1808 815 1864 860 et

292 913 358 952 eo
387 897 616 968 amplius
646 906 907 950 tractatus
947 898 998 950 in
1037 896 1274 950 Ecclesia
1319 896 1484 949 fuisse
1530 896 1785 962 locutum,
1810 905 1864 952 et

294 987 711 1043 innumerabiles
757 996 1021 1054 praeterea
1083 997 1257 1040 tomos
1308 987 1562 1040 edidisse.
1613 986 1857 1041 lndicem

293 1094 453 1147 porro
494 1078 751 1133 librorum
800 1080 988 1147 ipsius.
1026 1089 1148 1147 post
1196 1077 1507 1141 Eusebium,
1553 1078 1694 1132 idem
1726 1092 1864 1147 quo-

291 1183 396 1236 que
470 1170 891 1224 concinnaverat
948 1168 1313 1240 Hieronymus
1381 1168 1436 1221 in
1489 1170 1855 1225 voluminibus

291 1260 662 1330 epistolarum,
694 1276 832 1330 quas
871 1262 937 1315 ad
962 1260 1186 1315 Paulam
1232 1258 1553 1328 scripserat;
1576 1270 1630 1316 et
1661 1260 1852 1331 Orige-

292 1369 413 1409 nem
431 1368 551 1408 cum
572 1353 833 1419 Varrone,
851 1355 967 1407 viro
982 1353 1315 1423 πολυγράφῳ
1331 1353 1654 1417 contulerat,
1672 1362 1729 1407 ut
1744 1353 1862 1421 ipse

292 1448 360 1502 de
388 1462 447 1500 se
472 1456 697 1501 testatur
732 1449 783 1501 in
823 1448 959 1500 libro
997 1445 1073 1499 De
1100 1448 1339 1513 scriptor.
1382 1446 1585 1511 eccl-es.,
1622 1460 1740 1513 cap.
1772 1444 1858 1500 85.

366 1540 454 1593 Vl.
493 1541 756 1594 Caeterum
792 1554 915 1593 cum
956 1540 1097 1592 circa
1131 1538 1295 1593 libros
1336 1553 1521 1593 sacros
1555 1538 1707 1592 labor
1739 1535 1863 1591 Ori-

294 1629 463 1699 genis,
492 1637 545 1682 et
594 1627 856 1682 industria
924 1626 1267 1696 patissimum
1321 1636 1536 1681 versata
1588 1626 1697 1691 sit,
1748 1640 1855 1680 non

295 1723 484 1776 eadem
538 1720 774 1775 editione
816 1720 868 1773 in
918 1719 985 1774 iis
1036 1719 1451 1787 interpretandis
1489 1732 1616 1772 usus
1640 1726 1724 1772 est
1760 1733 1774 1769 :
1807 1716 1863 1770 in

1965 552 2081 589 rum
2106 552 2124 589 :
2155 554 2174 588 ι
2202 538 2274 590 De
2328 537 2651 591 Adamantio
2690 547 2869 592 autem
2914 538 3085 603 sileo,
3137 538 3289 608 cujus
3335 550 3530 594 nomen

1964 626 2028 698 (si
2074 642 2239 697 parva
2268 627 2395 682 licet
2424 641 2751 697 componere
2792 627 3021 696 magnis)
3054 641 3179 682 meo
3201 631 3419 683 nomine
3455 631 3531 684 iti-

1964 720 2229 775 vidiosius
2263 720 2499 789 estzqui
2533 733 2654 775 cum
2712 720 2764 773 in
2813 719 3052 775 homiliis
3105 721 3238 785 suis,
3284 736 3421 789 quas
3461 722 3531 775 ad

1966 810 2179 880 vulgum
2209 810 2445 880 loquitur
2465 852 2479 877 ,
2508 824 2852 865 communem
2901 811 3193 865 editionem
3244 822 3532 878 sequatur;

1966 904 2017 956 in
2072 903 2247 963 tomis.
2280 903 2333 955 id
2378 910 2459 956 est
2504 901 2556 955 in
2613 901 2969 968 disputatione
3020 902 3207 970 majori
3264 900 3533 955 llebraica

1965 992 2196 1046 veritate
2246 992 2496 1060 Stipatus,
2539 998 2593 1044 et
2632 1005 2854 1045 suorum
2890 991 3255 1044 circumdatus
3301 993 3533 1060 agmini-

1965 1084 2089 1147 bus,
2123 1084 2395 1137 interdum
2446 1082 2641 1153 lingua:
2682 1082 2979 1151 peregrinae
3026 1082 3222 1150 quaerit
3258 1083 3477 1137 auxilia.
3509 1101 3528 1135 ι

1966 1174 2232 1240 Quocirca
2280 1173 2576 1241 Scriptum
2620 1171 2932 1227 testimonia
2963 1173 3029 1226 ab
3061 1186 3124 1227 eo
3164 1188 3533 1242 saepenumero

1966 1264 2122 1319 aliter
2177 1264 2344 1319 relata
2394 1266 2656 1334 reperies,
2701 1279 2764 1319 ac
2801 1265 2855 1319 in
2899 1264 3232 1319 editionihus
3262 1276 3526 1334 concepta
3587 1316 3593 1328 ,

1968 1363 2111 1420 sunt,
2156 1367 2274 1422 quae
2326 1353 2485 1407 hodie
2532 1352 3021 1409 circumferuntur:
3060 1356 3201 1422 quod
3244 1365 3297 1408 et
3330 1370 3392 1409 ex
3423 1371 3535 1409 me-

1967 1444 2153 1499 morim
2203 1444 2424 1514 perﬁdia
2462 1444 2751 1513 aliquando
2792 1445 3036 1515 contigit.
3064 1444 3167 1498 Par
3204 1447 3255 1498 in
3288 1446 3531 1515 Evange-

1966 1533 2158 1587 liorum
2183 1534 2520 1602 depromptis
2563 1534 2630 1587 ab
2658 1548 2721 1589 eo
2748 1532 2881 1588 locis
2917 1534 3207 1588 discrimen
3247 1535 3531 1600 occurrit;

1965 1640 2090 1678 nam
2137 1635 2499 1694 praeterquam
2549 1624 2693 1693 quod
2740 1625 3011 1679 variantes
3097 1639 3224 1678 suas
3280 1624 3535 1680 lectiones

1966 1716 2101 1771 Novi
2145 1730 2357 1785 quoque
2389 1715 2721 1770 Testamenti
2766 1716 2983 1770 codices
3025 1716 3313 1778 habebant,
3344 1726 3401 1770 ut
3435 1719 3535 1770 Ito-

295 1813 536 1868 homiliis
564 1812 826 1880 siquidem
850 1825 984 1879 quas
1017 1811 1083 1865 ad
1108 1810 1285 1879 populi
1306 1818 1519 1877 captum
1550 1820 1858 1861 accommo-
1893 1844 1938 1899 Β
1964 1806 2158 1875 dieque
2180 1805 2415 1869 habent;
2446 1806 2699 1859 utebatur
2740 1805 2807 1859 ad
2834 1805 2961 1860 hzec
2984 1820 3356 1874 saepenumero
3390 1806 3537 1861 Ada-

294 1906 480 1971 dabat,
532 1905 827 1959 editionem
883 1902 1210 1971 sequebatur
1269 1914 1648 1963 communem,
1701 1913 1861 1967 quam

297 2012 395 2051 usu
420 1996 737 2066 quotidiano
769 1993 999 2066 populus
1051 1993 1399 2057 conterebat;
1433 1991 1487 2044 in
1526 1992 1683 2044 tomis
1727 2003 1855 2044 vero

297 2087 615 2143 Hebraicam
642 2088 942 2151 veritatem,
965 2085 1207 2153 aliasque
1227 2084 1461 2138 editione
1476 2097 1501 2137 s
1521 2081 1859 2137 consulebat.

1969 1897 2217 1951 mantius
2258 1896 2547 1966 Evangelio
2587 1896 2879 1951 secundum
2940 1895 3217 1961 Hebraeos,
3273 1907 3329 1950 ut
3368 1897 3535 1951 tradit

1968 1989 2328 2060 Hieronymus
2357 1988 2535 2054 inlib.‘
2558 1987 2650 2057 De;
2667 1988 2852 2055 script.
2904 1988 3104 2049 eccles.,
3143 2003 3259 2056 cap.
3294 1987 3349 2054 ι,
3378 1998 3536 2059 atque

1970 2078 2095 2134 inde
2129 2079 2552 2148 discrepantiam
2592 2078 2741 2132 illam
2784 2079 3061 2134 exstitisse
3102 2079 3355 2149 conjicio.

1622 2489 1999 2581 CAPUT
2058 2489 2194 2577 ΙΙ.

1319 2685 1618 2767 Origenis
1662 2682 1985 2765 exegetica
2029 2691 2089 2748 et
2128 2694 2514 2768 ὲρμηνευτικά.

364 2985 584 3059 ῼΑιδιτιε
610 3000 827 3041 SECUNDI
856 3000 1143 3059 mnrt'rio.
1164 3018 1233 3028 —
1263 2986 1603 3045 Sectionibus
1648 2989 1821 3044 tribus
1846 2988 1877 3042 h

1980 2999 2143 3059 caput
2165 2989 2503 3045 'continetur.
2544 2987 2587 3043 1.
2618 2986 2783 3059 Varia
2810 2986 3253 3057 Origenianorum
3281 2987 3536 3059 ἐξηγητικ-

298 3055 408 3108 κῶν
439 3071 633 3126 genera
673 3067 1077 3131 percettsentiir.
1110 3058 1173 3131 ll.
1206 3059 1430 3131 Singula
1464 3060 1710 3127 Origenis
1743 3055 2076 3131 ιέξηγητικεῖ⁹
2113 3076 2339 3131 quorum
2390 3060 2603 3126 quidem
2656 3060 2720 3131 ad
2762 3055 3087 3131 hanc—diem
3145 3055 3401 3111 memoria
3438 3055 3537 3112 'su-

296 3138 517 3201 perest,
551 3136 954 3201 enumerantur.
995 3127 1415 3201 llﬁl.‘Agitur_de
1453 3131 1743 3201 exegeticis
1782 3127 1911 3199 qua!
1940 3127 2228 3201 supersunt
2253 3170 2267 3190 ,
2307 3130 2482 3198 deque
2521 3130 2749 3201 vetustis
2795 3129 3033 3201 ipsorum
3070 3128 3533 3201 interpretationi-

298 3199 415 3250 bus.
455 3194 540 3249 IV.
570 3196 881 3264 Disputatur
914 3197 980 3251 de
1012 3194 1260 3268 Origenis
1299 3194 1594 3268 Tetraplis',
1633 3194 1890 3269 Hexaplis
1916 3236 1933 3263 ,
1963 3194 2021 3256 et
2047 3200 2281 3270 Octaplis
2327 3194 2501 3269 deque
2524 3199 2753 3269 vulgata
2805 3194 3038 3253 editione
3065 3194 3413 3269 Septuaginta
3447 3199 3536 3253 ln-

298 3273 611 3334 terpretum.

339 3570 490 3612 VABIA
528 3572 966 3614 ORIGENIANORUM
1003 3574 1410 3616 EXEGETICORUM
1449 3574 1657 3615 GENERA
1698 3577 1831 3617 PER-

918 3645 1241 3685 CENSENTUR.

299 3692 354 3750 θ.
385 3695 711 3763 Scripturam
751 3700 1259 3771 sacranuAmbrosii
1290 3710 1477 3769 rogatu
1504 3700 1751 3771 Origenes
1782 3700 1866 3753 in-

369 3777 679 3838 terpretatus
720 3782 812 3823 est.
845 3768 1200 3836 Confutantur
1228 3768 1485 3836 nonnulli,
1522 3768 1617 3837 qui
1641 3772 1866 3838 primum

372 3834 662 3908 §criuturw
700 3856 864 3908 sacrm
891 3834 1217 3901 interpretem
1256 3842 1424 3905 ipsum
1464 3834 1859 3908 fuisse'volunt.

370 3904 432 3976 ll.
459 3905 777 3960 Dividuntur
811 3907 1051 3976 Origenis
1077 3904 1334 3976 exegetica
1368 3911 1421 3961 in
1447 3904 1667 3972 scholia,
1691 3910 1862 3963 homi-

367 3974 466 4048 lifts
504 3986 554 4048 et
593 3988 789 4048 tomos;
830 3974 923 4030 ΙΙΙξ
959 3980 1026 4048 de
1059 3974 1241 4045 quibus
1282 3978 1859 4048 sigillatimﬁquwritur.

369 4042 457 4096 1V.
501 4047 638 4111 Quid
678 4052 778 4099 sint
819 4042 1169 4114 σημειώάεις
1207 4042 1524 4113 disputatur.
1553 4042 1613 4105 ν’,
1655 4050 1864 4116 Ἑρμη-

366 4116 605 4169 νευτικὰ
621 4133 746 4185 pars
792 4116 1184 4187 Ἐξηγητικῶν
1230 4118 1489 4185 Epistolas
1518 4120 1652 4171 inter
1678 4130 1862 4187 synta-

367 4199 543 4253 gmata
584 4187 919 4239 collocamus.
960 4186 1041 4240 Vl.
1081 4186 1330 4256 Origenes
1380 4186 1719 4253 historicum,
1749 4204 1864 4257 my—

371 4263 559 4313 sticum
590 4266 637 4309 et
685 4258 936 4326 moralem
975 4274 1181 4310 sensum
1218 4261 1531 4326 perscrutari
1564 4258 1710 4311 solet.
1754 4258 1861 4311 Vll.

367 4330 475 4383 Cur
511 4328 679 4379 minor
703 4326 756 4378 in
798 4325 941 4378 Novo
971 4344 1126 4394 quam
1158 4325 1224 4381 in
1248 4326 1413 4380 Veteri
1443 4326 1768 4381 Testamento
1797 4329 1861 4380 ab

365 4396 640 4454 Ambrosio
670 4396 844 4449 dictus
868 4398 954 4462 sit,
996 4399 1349 4466 investigatur.

384 4488 426 4542 l.
492 4487 793 4553 Antequam
876 4486 1026 4538 varia
1086 4485 1533 4553 Origenianorum
1602 4486 1860 4559 ἐξηγητι-

294 4580 407 4635 κῶν
443 4593 642 4651 genera
681 4591 1049 4646 percenseam,
1092 4588 1410 4632 revocentur
1455 4579 1508 4633 in
1549 4580 1861 4633 memoriam

293 4685 413 4743 quae
440 4686 601 4740 supra
628 4681 807 4725 notata
835 4680 980 4733 sunt,
1004 4671 1068 4723 ad
1101 4671 1536 4739 interpretandos
1566 4669 1861 4740 Scriptura:

295 4776 465 4817 sacrae
509 4761 706 4825 libros,
732 4761 1005 4814 Ambrosii
1037 4760 1295 4823 consiliis,
1332 4761 1651 4814 auctoritate
1682 4770 1736 4814 et
1775 4777 1863 4815 ro-

295 4862 419 4921 gatu
446 4849 733 4920 Origenem
767 4851 931 4905 fuisse
958 4849 1265 4917 impulsum,
1302 4859 1356 4903 et
1391 4852 1544 4918 quasi
1589 4850 1858 4915 adactum,
1896 4833 1937 4886 Ῑ)

295 4951 353 4995 ut
382 4941 553 4996 amice
584 4942 653 4996 ab
683 4956 749 4996 eo
779 4942 892 5010 ipse
920 4939 1220 5008 expostulat
1259 4940 1311 4993 in
1346 4939 1758 4993 Commentariis
1792 4941 1861 4992 ad

294 5032 484 5100 psalm.
505 5048 542 5097 ι,
563 5047 709 5087 num.
728 5032 782 5099 2,
803 5047 856 5101 p.
874 5030 976 5086 526
995 5031 1131 5102 (57),
1149 5038 1202 5085 et
1221 5038 1277 5084 ut
1292 5029 1343 5083 in
1362 5031 1593 5099 quadam
1611 5030 1857 5103 cpistola,

295 5139 455 5190 quam
483 5124 737 5178 exhibent
765 5122 1040 5178 Cedrenus
1068 5130 1124 5177 et
1160 5122 1376 5185 Suidas,
1406 5122 1596 5175 leviter
1621 5135 1857 5190 conque-

294 5218 450 5279 ritur,
480 5217 592 5286 (56)
620 5227 673 5270 et
703 5226 760 5270 ut
788 5218 902 5286 ipse
933 5217 1121 5270 scribit
1154 5215 1471 5270 Ambrosius
1518 5217 1571 5269 in
1618 5215 1848 5284 episwla

292 5307 361 5359 ad
394 5306 701 5375 Origenem,
733 5324 891 5376 quam
925 5306 1088 5362 refert
1144 5306 1499 5378 Hieronymus
1541 5308 1592 5361 in
1629 5308 1854 5376 epistola

293 5397 381 5465 £8,
421 5400 489 5451 ad
512 5398 842 5453 Marcellam.

368 5541 475 5613 (56)
507 5546 571 5595 Et
607 5552 659 5593 ut
698 5541 803 5608 ipse
840 5539 1351 5613 scribitLAmbrosius
1396 5538 1447 5589 in
1497 5536 1738 5613 Epistola
1785 5538 1853 5589 ad

296 5606 591 5681 Origeitem,
611 5606 769 5679 quant
794 5612 947 5677 refert
976 5606 1463 5681 Hieronyntus,etc.
1494 5609 1853 5677 Hieronymus

294 5686 349 5737 in
380 5678 479 5735 liae
515 5685 579 5734 ad
625 5678 927 5733 Marcellam
959 5682 1179 5748 epistola
1212 5678 1296 5733 l8.
1329 5680 1610 5745 (incertum
1639 5693 1704 5729 an
1743 5692 1854 5731 tne-

296 5754 480 5807 tnoriae
510 5752 706 5819 lapsu),
735 5751 1015 5806 Ambrosio
1044 5750 1227 5805 tribuit
1266 5751 1433 5818 ipsam
1467 5748 1712 5814 Origeuis
1736 5748 1852 5815 epi-

1896 3496 1939 3556 c
2040 3487 2404 3547 Coufutandus
2439 3486 2631 3542 deinde
2654 3484 2801 3540 venit
2825 3484 3205 3540 nonnullorum
3236 3498 3408 3549 error,
3440 3486 3534 3556 qui

1966 3582 2198 3653 primum
2228 3579 2515 3649 Origenem
2561 3578 2887 3647 Scripturas'
2911 3577 3100 3660 fuisse.
3124 3579 3534 3646 interpretatum

1966 3673 2164 3728 litteris
2192 3670 2566 3741 prodiderunt.
2591 3667 2647 3721 in
2670 3669 2755 3722 his
2776 3668 2964 3722 beatus
2991 3667 3283 3724 Rhenanus
3309 3671 3375 3722 ad
3400 3668 3532 3724 Her-

1966 3778 2222 3818 mannum
2267 3761 2730 3831 archiepiscopum
2764 3758 3139 3814 Coloniensem
3194 3762 3266 3814 ita
3301 3762 3366 3816 de
3412 3761 3534 3816 Ori-

1967 3871 2102 3926 gene
2131 3855 2347 3910 disserit
2372 3872 2384 3908 :
2424 3869 2443 3903 ι
2480 3852 2688 3921 Quippe
2718 3851 2811 3905 hic
2841 3851 3103 3920 scriptor,
3131 3866 3256 3905 cum
3283 3854 3422 3920 quod
3454 3854 3537 3907 in-

1964 3948 2122 4016 genio
2155 3945 2645 4015 perspicacissimo,
2676 3951 2730 3996 et
2769 3942 2989 4011 optimis
3035 3942 3334 4011 disciplinis
3360 3944 3536 3997 omni-

1965 4037 2157 4091 fariam
2201 4034 2416 4090 exculto
2470 4033 2726 4103 praeditus
2782 4032 2914 4096 fuit,
2945 4042 3056 4086 tum
3098 4034 3240 4101 quod
3290 4034 3534 4103 improbo

1963 4128 2138 4183 studio
2167 4127 2337 4181 sacris
2370 4125 2731 4180 monumentis
2762 4123 3093 4194 invigilavit,
3129 4126 3335 4193 primus
3377 4126 3533 4194 quasi

1962 4219 2186 4287 glaciem
2235 4218 2396 4272 scidit
2447 4218 2600 4287 juxta
2657 4217 3043 4285 proverbium,
3090 4216 3143 4269 in
3216 4217 3537 4272 enarrandis

1965 4311 2261 4378 Scripturis
2292 4308 2507 4363 divinis.
2543 4308 2672 4373 Qua:
2692 4322 2816 4361 vera
2856 4308 2988 4369 laus,
3021 4324 3292 4377 quamque
3320 4311 3534 4376 copiosa

1965 4402 2228 4455 debeatur
2255 4399 2444 4467 primis
2466 4399 2765 4467 quibusque
2790 4414 2968 4453 rerum
2996 4398 3322 4466 optimarum
3351 4408 3537 4453 aucto-

1965 4492 2147 4556 ribus,
2183 4490 2383 4544 nemini
2421 4490 2729 4559 ambiguum
2763 4498 2865 4545 est.
2905 4509 2924 4541 ι
2962 4489 3026 4542 Ει
3057 4488 3241 4543 Sixtus
3285 4489 3539 4543 Senensis

1966 4581 2056 4637 lib.
2106 4596 2158 4634 tv
2198 4579 2449 4633 Biblioth.
2513 4581 2601 4648 qui
2636 4580 2715 4633 sic
2745 4579 2857 4633 ait:
2899 4597 2918 4629 ‹
2951 4578 3044 4632 llis
3079 4578 3344 4631 similibus
3390 4578 3539 4633 exci-

1966 4670 2277 4725 tatiunculis
2312 4670 2509 4736 ubique
2543 4671 2615 4723 uti
2659 4670 2859 4734 voluit,
2908 4678 3070 4737 prout
3105 4668 3332 4722 decebat
3365 4668 3537 4721 homi-

1968 4777 2086 4814 nem
2135 4774 2269 4829 pene
2316 4758 2721 4825 αὐτοδίδακτον,
2767 4769 2822 4813 et
2868 4759 2958 4828 qui
3005 4758 3213 4827 primus
3255 4771 3536 4827 aggressus

1968 4861 2109 4905 esset
2135 4850 2567 4918 explanationem
2599 4850 2837 4903 omnium
2878 4851 3185 4903 divinarum
3229 4849 3535 4918 Scriptura-

1968 4958 2107 5008 rum,
2140 4942 2371 4996 nondum
2420 4941 2489 4995 ob
2522 4941 2797 5010 ingentem
2846 4956 3029 4996 earum
3077 4940 3439 4995 difﬁcultatem
3469 4942 3537 4996 ab

1966 5034 2146 5103 aliquo
2173 5043 2512 5087 attentatam.
2556 5053 2575 5085 ι
2612 5034 2677 5087 Ει
2703 5033 3083 5089 Genebrardus
3114 5034 3164 5087 in
3193 5034 3432 5103 Epistola
3467 5034 3537 5088 ad

1964 5124 2216 5178 Carolnm
2258 5123 2351 5189 lx,
2388 5124 2541 5191 cujus
2584 5126 2698 5179 haec
2726 5128 2889 5180 verba
2943 5135 3067 5181 sunt
3104 5144 3118 5178 :
3173 5144 3193 5176 ι
3235 5124 3537 5195 Τιιεοιοεὶω

1964 5216 2375 5284 liquidissimam
2409 5215 2571 5271 veluti
2621 5216 3001 5287 scaturiginem
3052 5218 3278 5286 aperuit,
3310 5227 3365 5271 et
3410 5232 3534 5271 cum

1966 5307 2106 5377 frugi
2155 5306 2242 5361 illo
2274 5305 2576 5361 Salomonis
2608 5308 2723 5360 viro
2772 5307 3033 5361 derivavit
3078 5308 3257 5361 fontes
3287 5322 3413 5361 suos
3448 5307 3533 5362 fo-

1972 5415 2079 5453 ras.
2118 5419 2137 5452 ι
2170 5398 2305 5451 Tum
2359 5399 2587 5453 deinde:
2648 5416 2666 5449 ι
2702 5399 2767 5454 Ει
2814 5414 2943 5454 sane
2988 5400 3256 5463 omnium,
3301 5413 3530 5468 quorum

1964 5536 2181 5600 stelam,
2218 5552 2375 5605 quam
2409 5538 2665 5591 exhibent
2700 5540 2971 5594 Cedrenus
2999 5549 3053 5592 et
3083 5538 3297 5601 Suidas,
3336 5554 3530 5607 quam-

1963 5623 2066 5677 que
2113 5619 2257 5679 tomo
2289 5617 2485 5679 nostra:
2514 5610 2763 5662 editionis
2797 5628 2832 5670 ι.
2871 5626 2922 5678 p.
2960 5611 3025 5674 ὅ,
3059 5620 3313 5677 tanquam
3344 5611 3531 5679 genui-

1963 5676 2088 5732 nam
2127 5678 2289 5745 ipsius
2316 5676 2564 5743 Origenis
2604 5676 2895 5733 edidimus.

2035 5748 2146 5817 (57)
2180 5745 2312 5803 Vide
2340 5759 2536 5805 nostrae
2564 5750 2834 5817 editionis,
2865 5760 2992 5806 tom.
3024 5748 3062 5817 l,
3092 5765 3210 5821 pag.
3240 5750 3296 5805 5.
