3838 6222
340 272 459 339 1191

1605 276 1665 342 Ρ.
1711 288 2027 347 DANIELIS
2064 290 2300 353 HUETII

3449 302 3593 358 {I92

338 408 547 477 quidem
578 404 628 460 in
654 404 832 460 divina
864 405 1062 474 scripta
1112 405 1481 460 commentarii
1530 418 1761 475 exstent,
1813 410 1911 467 fuit
1940 422 1987 479 Α
2016 416 2100 473 liis
2140 420 2455 476 obscuriora
2508 434 2737 491 quaeque
2782 419 3111 486 illustravit;
3162 420 3243 476 vel
3291 422 3357 476 ad
3407 423 3590 491 populi

336 498 764 570 antiquissimus.
802 518 820 550 ι
872 499 1020 552 Itane
1068 498 1233 552 vero?
1281 499 1624 568 antiquiorne
1662 504 1905 572 Philone,

335 591 422 657 qui
477 600 554 645 tot
591 590 809 659 scriptis
852 590 1119 660 hodieque
1163 593 1550 659 superSLitibus
1603 594 1911 666 Scripturas

332 687 518 728 sacras
562 674 875 743 explanavit
911 674 934 726 ?
984 674 1326 742 antiquiorne
1373 675 1671 747 Theophila
1716 681 1908 735 Antio-

330 765 524 831 cbeno,
547 764 700 835 cujus
729 774 945 820 exstant
967 768 1356 821 commentaria
1386 768 1439 821 in
1484 780 1713 838 quatuor
1734 771 1911 827 Evan-

329 858 516 928 gelia?
549 858 886 912 Vetustiores
920 873 1134 928 quoque
1164 858 1382 914 fuerunt
1417 860 1505 916 illo
1542 861 1725 917 Melite
1754 866 1911 919 Asia-

329 965 455 1013 nus,
486 950 575 1019 qui
624 949 818 1003 librum
849 951 1141 1018 scripserat
1185 951 1252 1004 de
1285 951 1602 1025 Apocalypsi
1645 954 1905 1024 Joannis;

328 1051 383 1097 et
419 1043 667 1108 Rhodon,
696 1052 749 1097 et
776 1042 1067 1106 Candidus,
1097 1054 1150 1098 et
1178 1044 1407 1115 Appion,
1437 1045 1529 1116 qui
1564 1056 1824 1104 tractatus
1855 1050 1906 1104 in

327 1133 700 1189 Hexaemeron
745 1134 1013 1207 sigillalim
1044 1147 1497 1205 composuerunt;
1528 1147 1579 1193 et
1602 1138 1789 1205 Judas,
1816 1142 1909 1210 qui

328 1231 395 1282 de
447 1228 787 1298 septuaginta
834 1228 971 1297 apud
1005 1228 1277 1283 Danielem
1317 1231 1740 1286 hebdomadibus
1772 1234 1907 1289 scri-

324 1322 451 1391 psit.
484 1321 668 1391 ltaque
709 1321 1030 1375 Ambrosius
1070 1321 1135 1375 ad
1185 1322 1324 1391 psal.
1358 1338 1543 1390 cxvm,
1590 1324 1683 1391 28,
1718 1324 1907 1395 Orige-

328 1422 451 1466 nem
497 1412 571 1465 ait
611 1430 628 1462 ι
666 1411 953 1465 multorum
1003 1413 1480 1481 interpretationes
1526 1415 1763 1486 diligenti
1794 1418 1904 1471 dis-

326 1504 563 1559 cussisse
594 1504 878 1573 indagine:
917 1524 934 1556 ι
969 1518 1105 1572 quos
1133 1513 1187 1557 et
1216 1520 1357 1572 szepe
1389 1507 1580 1560 citatos
1613 1509 1751 1575 apud
1779 1524 1904 1563 eum

330 1595 605 1664 reperias:
644 1596 786 1650 velut
838 1597 1024 1653 homil.
1055 1597 1120 1651 15
1173 1598 1227 1649 in
1278 1586 1491 1661 Cenes.,
1541 1615 1688 1652 num.
1738 1600 1789 1664 7,
1819 1600 1904 1655 ubi

330 1686 406 1739 ait
442 1703 456 1739 :
497 1704 516 1737 ι
555 1685 706 1741 Nunc
749 1688 965 1741 interim
998 1704 1102 1743 non
1140 1689 1412 1743 videbitur
1452 1688 1654 1757 absque
1701 1693 1907 1745 ratione

326 1777 457 1843 dici,
505 1779 649 1848 quod
700 1789 754 1833 et
803 1780 1079 1851 prioribus
1129 1784 1329 1836 nostris
1376 1782 1695 1849 quihusdam
1731 1784 1902 1837 visum
1938 1768 1979 1825 Β

326 1879 445 1935 est,
495 1872 831 1940 prophetiam
877 1873 1167 1942 quamdam
1226 1874 1277 1927 in
1328 1873 1429 1927 hoc
1461 1874 1795 1944 designatam
1828 1875 1906 1929 vi-

325 1962 462 2017 deri.
501 1980 520 2016 ι
572 1964 638 2017 Et
684 1964 872 2019 homil.
918 1966 1059 2019 lSin
1096 1965 1458 2030 Exod.,num.
1493 1966 1527 2020 5
1561 1984 1573 2019 :
1615 1984 1633 2017 ι
1668 1966 1905 2021 Arietetn

324 2054 490 2110 etiam
520 2064 646 2109 ante
683 2071 781 2110 nos
816 2056 1037 2125 quidam
1071 2071 1171 2128 pro
1203 2056 1385 2111 furore
1424 2066 1739 2125 posuerunt.
1777 2077 1797 2109 ι
1842 2058 1908 2113 Et

327 2144 512 2199 homil.
545 2145 577 2199 8
624 2148 677 2199 in
707 2144 895 2212 Levit.,
935 2162 1084 2200 num.
1114 2147 1183 2201 6:
1211 2166 1229 2199 ι
1260 2148 1336 2202 De
1368 2149 1466 2202 hoc
1498 2148 1714 2217 quidam
1744 2150 1907 2203 etiam

327 2248 455 2294 ante
498 2254 585 2293 me
620 2242 891 2295 dixerunt.
925 2258 944 2292 ι
984 2241 1046 2295 Et
1087 2240 1274 2296 homil.
1311 2241 1343 2296 9
1374 2242 1427 2295 in
1445 2240 1633 2307 Num.,
1670 2257 1821 2298 num.
1850 2244 1905 2298 5:

331 2350 351 2384 ι
393 2332 620 2398 Quidam
670 2342 848 2387 tamen
903 2347 968 2387 ex
1020 2333 1084 2386 iis
1130 2333 1219 2402 qui
1255 2342 1380 2386 ante
1428 2348 1528 2388 nos
1570 2335 1904 2404 interpretati

326 2434 454 2479 sunt
495 2424 672 2479 locum
709 2426 852 2479 hunc
879 2464 894 2490 ,
932 2425 1149 2478 memini
1191 2425 1333 2495 quod
1384 2435 1627 2480 mortuos
1655 2426 1910 2482 dixerunt

328 2532 445 2581 eos,
478 2517 571 2585 qui
604 2517 883 2571 nimietate
931 2518 1198 2572 scelerum
1248 2518 1299 2571 in
1339 2520 1577 2588 peccatis
1607 2519 1805 2573 mortui
1835 2519 1910 2573 in-

330 2609 660 2679 telliguntur.
685 2627 702 2661 ι
726 2609 789 2663 Ει
822 2610 1004 2664 homil.
1030 2610 1099 2663 26
1143 2626 1278 2680 seq.,
1318 2628 1466 2665 num.
1499 2611 1532 2664 4
1564 2626 1577 2662 :
1611 2630 1629 2663 ‹
1669 2612 1907 2666 Exeundi

328 2702 395 2757 de
418 2700 653 2773 IEgypto
683 2701 908 2771 figuram
943 2704 1155 2758 duobus
1187 2704 1358 2758 modis
1404 2706 1609 2775 accipi,
1644 2721 1673 2758 a
1708 2707 1909 2775 priori-

328 2794 429 2849 bus
455 2795 656 2848 nostris
679 2836 694 2860 ,
731 2804 784 2848 et
812 2809 841 2847 a
893 2795 1047 2849 nobis
1091 2809 1234 2865 smpe
1273 2795 1386 2864 jam
1419 2797 1619 2851 dictum
1649 2808 1753 2853 est.
1790 2816 1808 2851 ι
1843 2798 1909 2857 Et

331 2886 515 2942 homil.
549 2888 581 2942 8
615 2888 669 2939 in
698 2886 901 2952 ludia,
936 2902 1083 2940 num.
1118 2888 1152 2940 4
1190 2906 1201 2940 :
1250 2906 1267 2939 ι
1294 2887 1504 2943 Memini
1531 2890 1693 2944 etiam
1723 2906 1909 2961 quem-

327 2979 450 3032 dam
478 2993 543 3032 ex
571 2978 1059 3048 prmdecessoribus
1096 2981 1299 3034 nostris
1336 2981 1388 3034 in
1434 2979 1627 3035 libellis
1659 2984 1773 3037 suis
1804 2982 1909 3037 vel-

331 3086 413 3147 lus
466 3071 600 3125 lana:
652 3070 904 3141 populum
956 3071 1159 3125 dixisse
1211 3070 1394 3128 Israel.
1435 3091 1453 3124 ι
1510 3072 1575 3127 Et
1621 3074 1803 3129 homil.
1842 3076 1903 3129 H

330 3166 384 3217 in
409 3163 791 3230 Jerem.,.uum.
821 3163 876 3224 2,
904 3162 1077 3216 ταῦτα
1108 3163 1164 3216 δὲ
1198 3166 1288 3217 καὶ
1323 3165 1428 3235 πρὸ
1454 3166 1611 3237 ἡμῶν
1635 3166 1782 3222 ἄλλοι
1800 3168 1913 3240 διη-

327 3256 585 3327 γήσαντο.
618 3256 681 3309 Et
716 3256 899 3311 homil.
933 3257 1019 3318 14,
1054 3272 1170 3324 seq.
1206 3274 1353 3311 num.
1389 3258 1421 3311 5
1443 3298 1457 3321 ,
1500 3259 1607 3312 τῶν
1641 3261 1745 3331 πρὸ
1775 3261 1909 3332 ἐμοῦ

328 3348 385 3400 δέ
440 3366 524 3411 τις
578 3346 806 3400 ἐπέϐαλε
844 3346 920 3417 τῷ
970 3347 1139 3418 τόπῳ.
1193 3348 1259 3401 Et
1309 3360 1439 3403 tom.
1506 3367 1537 3404 x
1586 3354 1642 3406 in
1690 3352 1908 3415 Muttlt.,

329 3456 478 3494 num.
538 3439 644 3504 2‘3,
704 3456 824 3509 pag.
885 3439 1031 3504 4η,
1090 3441 1324 3513 ἐτήρησε
1373 3443 1470 3513 μὲν
1525 3439 1616 3497 οὖν
1676 3462 1759 3507 τις
1805 3447 1911 3517 πρὸ

329 3529 503 3603 ἡμῶν.
536 3531 600 3584 Et
632 3532 827 3600 passim
858 3531 909 3584 iu
942 3530 1345 3588 Commentariis
1374 3536 1429 3589 in
1459 3536 1720 3603 Joannem
1747 3537 1912 3594 Hera-

330 3625 577 3680 cleonein
607 3625 944 3688 hacreticum,
979 3625 1135 3693 hujus
1163 3627 1507 3697 evangelistze
1556 3630 1905 3698 interpretem

332 3719 653 3773 insectatur.
687 3717 788 3783 Qui
828 3732 956 3788 ergo
1005 3718 1125 3772 aliis
1177 3719 1243 3773 ad
1292 3718 1602 3789 Scripturas
1646 3722 1909 3790 interpre—

333 3810 521 3864 tandas
561 3809 821 3879 Origenes
854 3812 992 3863 viam
1027 3811 1306 3881 prteivisse
1339 3813 1445 3867 dici
1482 3813 1693 3882 potest?
1721 3813 1791 3868 At
1816 3828 1910 3869 ex-

330 3904 510 3957 cusari
574 3912 750 3972 potest
804 3904 946 3972 quod
998 3903 1075 3957 ait
1123 3903 1311 3959 Sixtus
1364 3903 1622 3960 Senensis
1675 3905 1798 3961 libr.
1854 3921 1909 3959 IV

330 3995 622 4049 Biblioth.:
649 4013 668 4047 ι
714 3995 808 4051 llis
842 3994 1109 4050 similibus
1137 3994 1576 4050 excitatiunculis
1604 3995 1803 4065 ubique
1830 3997 1905 4048 uti

331 4089 535 4152 voluit,
595 4097 756 4159 prout
817 4089 1043 4143 decebat
1100 4088 1375 4143 hominem
1437 4102 1575 4157 pene
1630 4085 1906 4139 αὐτοδίδα-

331 4196 483 4245 κτον,
512 4188 566 4235 et
599 4180 689 4249 qui
719 4180 924 4251 primus
955 4194 1243 4250 aggressus
1290 4190 1438 4236 esset
1467 4179 1903 4249 explanationem

330 4273 570 4327 omnium
597 4272 903 4327 divinarum
939 4272 1349 4341 Scripturarum
1374 4312 1389 4337 ,
1430 4273 1666 4326 nonduin
1712 4275 1781 4327 ob
1825 4274 1904 4325 iu-

331 4377 543 4436 gentem
573 4381 761 4420 earum
794 4364 1165 4420 difﬁcultatem
1193 4366 1261 4420 ab
1294 4364 1477 4435 aliquo
1503 4374 1843 4419 attentatam.
1877 4382 1898 4416 ›

2010 524 2229 584 captum
2261 530 2382 571 sese
2415 517 2669 581 demisit,
2698 524 2755 572 et
2786 516 3023 571 selectas
3052 517 3313 585 quasdam
3343 515 3593 584 Scriptu-

2012 619 2087 659 ra:
2112 606 2397 675 pericopas
2427 609 2606 663 minus
2629 618 2884 663 accurate
2918 623 3013 678 per
3040 608 3290 664 homilias
3314 612 3590 680 exposuit.

2012 695 2368 768 Hieronymus
2412 700 2464 753 in
2501 699 2727 770 Prologo
2760 715 2871 755 suae
2901 701 3367 771 interpretationis
3410 703 3591 757 homi-

2011 791 2221 857 liarum,
2245 808 2379 861 quas
2405 794 2456 847 in
2484 794 2815 849 Ezechielem
2836 793 3095 865 Origenes
3118 794 3340 850 habuit:
3377 814 3397 847 ί
3429 796 3589 861 Illud,

2012 883 2201 952 inquit,
2235 886 2468 941 breviter
2518 889 2834 952 admonens,
2868 898 2925 942 ut
2977 890 3121 943 scias
3173 888 3422 959 Origenis
3452 904 3593 958 opu-

2010 974 2155 1027 scula
2189 976 2238 1027 in
2271 990 2485 1029 omnem
2521 976 2862 1045 Scripturam
2896 994 3016 1034 esse
3061 978 3308 1049 triplicia.
3343 979 3591 1034 Primum

2009 1063 2122 1130 ejus
2170 1075 2443 1135 excerpta,
2472 1081 2591 1133 quae
2628 1066 2815 1122 Graace
2859 1066 3046 1136 σχόλια.
3081 1077 3495 1136 nuncupantur,
3529 1067 3589 1123 in

2010 1155 2205 1224 quibus
2242 1172 2305 1209 ea
2336 1172 2452 1225 quae
2486 1158 2586 1211 sibi
2632 1158 2954 1213 videbantur
2999 1158 3227 1213 obscura
3277 1167 3439 1226 atque
3488 1160 3594 1212 ha-

2010 1247 2138 1301 bere
2189 1246 2391 1316 aliquid
2440 1247 2814 1314 difﬁcultatis,
2864 1250 3196 1313 summatim,
3241 1250 3590 1319 breviterque

2010 1339 2341 1407 perstrinxit.
2376 1338 2687 1393 Secundum
2734 1342 3122 1395 homiliaticum
3151 1356 3354 1409 genus,
3385 1344 3453 1396 de
3479 1358 3593 1410 quo

2008 1438 2063 1483 et
2090 1445 2328 1497 prrcsens
2354 1430 2732 1499 interpretatio
2759 1430 2875 1498 ejus
2905 1442 3006 1487 est.
3035 1432 3275 1486 Tertium
3302 1430 3443 1500 quod
3474 1432 3593 1500 ipse

2010 1521 2286 1590 inscripsit
2314 1522 2545 1593 τόμους,
2581 1539 2679 1577 nos
2713 1522 2985 1577 volumina
3040 1538 3328 1592 possumus
3381 1537 3591 1576 nuncu-

2008 1629 2160 1684 pare,
2198 1616 2252 1668 in
2283 1630 2390 1684 quo
2420 1629 2586 1685 Opere
2618 1624 2725 1670 tota
2757 1615 2959 1685 ingenii
2992 1616 3076 1669 sui
3108 1614 3223 1669 vela
3253 1614 3592 1684 spirantibus

2010 1707 2183 1760 ventis
2212 1707 2390 1772 dedit,
2440 1717 2493 1761 et
2528 1707 2786 1763 recedens
2830 1723 2856 1759 a
2901 1716 3041 1761 terra
3082 1707 3136 1761 in
3174 1708 3405 1761 medium
3441 1706 3593 1775 pela-

2010 1810 2109 1866 gus
2156 1797 2380 1867 aufugit.
2418 1816 2435 1849 ›
2470 1798 2697 1853 Rufinus
2746 1799 2799 1853 in
2840 1797 3070 1868 Prologo
3122 1797 3591 1867 interpretationis

2010 1902 2120 1941 sum
2148 1889 2665 1945 Commentariorum
2697 1889 2948 1961 Origenis
2996 1891 3052 1943 in
3095 1887 3354 1943 Numeros
3375 1930 3392 1955 ,
3424 1902 3594 1958 quem

2011 1983 2144 2036 mihi
2219 1983 2345 2036 olim
2410 1984 2687 2053 Blgotiana
2768 1982 3097 2037 bibliotheca
3166 1982 3589 2052 suppeditavit:

2017 2094 2035 2127 ι
2073 2076 2415 2144 Quaecunque
2441 2079 2493 2129 in
2530 2076 2889 2130 Numerorum
2930 2074 3089 2139 libro,
3113 2074 3230 2130 sive
3255 2073 3592 2128 homiliatico

2012 2169 2186 2239 Slylo,
2223 2168 2335 2223 sive
2365 2170 2527 2223 etiam
2561 2186 2628 2223 ex
2662 2170 2744 2223 his
2772 2182 2889 2236 qua:
2931 2176 3186 2237 excerpta
3228 2166 3591 2236 appellantur,

2011 2263 2209 2331 scripta
2241 2263 2559 2332 reperimus,
2597 2264 2713 2318 haec
2763 2271 3092 2332 perurgente
3132 2270 3204 2328 te,
3239 2259 3481 2314 Romana
3532 2268 3595 2314 ut

2011 2355 2282 2426 potuimus
2315 2369 2447 2409 voce
2476 2371 2542 2409 ex
2574 2355 2804 2409 diversis
2846 2355 2899 2409 in
2932 2368 3093 2407 unum
3137 2352 3380 2406 ordinem
3428 2351 3594 2406 colle—

2011 2452 2096 2499 cta
2143 2445 2480 2512 digessimus.
2519 2464 2536 2496 ι
2571 2443 2635 2498 Et
2677 2444 2836 2512 paulo
2865 2454 3023 2512 post:
3062 2462 3080 2494 ι
3124 2442 3279 2497 Scire
3320 2453 3501 2495 tamen
3540 2451 3595 2496 te

2011 2535 2151 2601 volo,
2199 2536 2385 2602 frater,
2434 2536 2571 2605 quod
2624 2536 2739 2589 haec
2770 2535 2941 2604 :leetio
2968 2534 3079 2588 vias
3113 2533 3331 2603 quidem
3378 2532 3595 2600 aperiat

2012 2627 2403 2696 intelligentiae,
2429 2645 2532 2682 non
2563 2639 2740 2682 tamen
2771 2627 3047 2694 sigillatim
3079 2633 3269 2679 cuncta
3303 2640 3427 2693 qua:
3453 2626 3596 2679 scri-

2013 2727 2102 2788 pta
2131 2728 2255 2772 sunt
2286 2719 2529 2779 disserat,
2565 2727 2625 2770 ut
2656 2717 2707 2770 in
2739 2716 3161 2785 explicationum
3193 2714 3342 2767 libris
3370 2713 3593 2783 legisti:

2012 2826 2118 2882 quo
2152 2811 2359 2865 scilicet
2384 2811 2549 2863 etiam
2598 2808 2764 2861 lector
2808 2822 2913 2861 non
2951 2806 3203 2860 reddatur
3230 2805 3456 2865 otiosus.
3492 2806 3595 2859 sed

2010 2910 2326 2971 pungatcor
2352 2914 2507 2954 suum
2538 2897 2607 2963 ³⁸,
2636 2899 2774 2954 sicut
2802 2898 3058 2966 scriptum
3089 2905 3205 2961 est,
3230 2906 3283 2950 et
3325 2895 3599 2965 producat

2012 3010 2249 3059 sensum,
2286 3005 2340 3049 et
2386 2995 2569 3049 audito
2618 2993 2785 3047 verbo
2815 2993 2977 3057 bono,
3011 3000 3071 3044 ut
3122 2991 3336 3060 sapiens
3369 2991 3599 3060 adjiciat

2018 3085 2083 3138 ad
2113 3084 2239 3139 illud
2270 3084 2332 3137 ⁸³.
2376 3104 2393 3136 ι

2090 3176 2172 3228 111.
2205 3174 2416 3228 Scholia
2455 3176 2648 3229 breves
2678 3184 2831 3228 erant
2863 3183 3003 3229 notae
3028 3173 3325 3229 enodandis
3353 3172 3487 3228 locis
3518 3173 3601 3227 in-

2017 3266 2408 3331 tricatioribus,
2444 3274 2497 3318 et
2547 3264 2973 3319 abstrusioribus
3016 3265 3267 3319 sensibus
3310 3263 3597 3327 emendis,

2014 3358 2200 3427 quales
2224 3358 2483 3412 habemus
2507 3358 2558 3409 in
2580 3371 2772 3411 omnes
2799 3358 2914 3411 fere
2940 3356 3156 3412 Graecos
3185 3367 3387 3427 poetas.
3452 3357 3600 3412 Era-

2014 3465 2161 3502 smus
2210 3449 2285 3501 De
2323 3448 2489 3502 doetr.
2528 3458 2576 3501 et
2625 3448 2720 3501 lib.
2775 3448 2988 3518 Origen.
3023 3448 3200 3504 Otiola
3248 3450 3599 3519 rcddijub-et.

2013 3540 2198 3593 Sixtus
2223 3539 2479 3592 Senensis
2520 3538 2611 3592 lib.
2650 3554 2703 3591 iv
2729 3537 2869 3591 Bibl.
2903 3541 3157 3608 exponit:
3195 3559 3214 3590 ι
3247 3540 3600 3613 Vacationes,

2011 3631 2124 3685 sive
2149 3632 2278 3693 Otia,
2314 3632 2427 3685 sive
2476 3645 2570 3698 per
2610 3632 2780 3684 otium
2813 3644 3069 3699 excerpta
3095 3673 3110 3698 ,
3150 3633 3346 3702 quibus
3377 3636 3601 3703 quoties

2011 3724 2075 3776 ad
2110 3722 2319 3792 plenam
2350 3722 2863 3777 commentationem
2898 3723 3067 3778 otium
3105 3726 3338 3790 deesset,
3366 3740 3431 3781 ea
3466 3737 3601 3780 tan-

2012 3826 2122 3869 tum
2150 3831 2267 3885 qua:
2310 3814 2412 3868 sibi
2445 3814 2766 3870 videbantur
2795 3817 3053 3881 obscura,
3085 3816 3339 3872 brevibus
3370 3819 3603 3886 quibus-

2010 3906 2131 3960 dam
2160 3906 2597 3959 adnotationibus
2631 3909 2941 3961 summatim
2971 3909 3386 3978 perstringebat.
3413 3928 3435 3961 ι
3474 3910 3603 3966 fne-

2009 4010 2101 4068 pte
2136 4009 2377 4066 uterque.
2411 3998 2680 4068 [Scholion
2728 4000 3113 4054 diminutivum
3164 4009 3252 4056 est
3295 4016 3324 4054 a
3364 4003 3596 4059 schola:

2010 4090 2205 4145 Schola
2241 4090 2427 4145 Graece
2463 4100 2515 4145 et
2548 4090 2763 4157 Latine,
2797 4105 2992 4162 praeter
3034 4093 3282 4163 volgatas
3314 4094 3602 4164 signiﬁca-

2008 4184 2205 4248 tiones,
2268 4184 2685 4236 lucubrationem
2737 4186 2899 4238 etiam
2930 4195 3106 4249 sonat,
3150 4201 3269 4255 qua:
3302 4187 3369 4241 de
3404 4201 3465 4242 re
3493 4188 3603 4244 ali-

2008 4288 2110 4343 qua
2164 4288 2259 4343 per
2305 4273 2473 4327 otium
2527 4274 2856 4329 elaboratur.
2909 4274 3166 4330 Scholion
3198 4291 3329 4349 ergo
3361 4292 3595 4347 parvam

2008 4366 2250 4420 scholam
2290 4366 2585 4432 significat,
2618 4366 2720 4419 hoc
2773 4374 2856 4419 est
2904 4366 3437 4421 lucubratiunculam.
3467 4365 3605 4437 Spe.

334 4459 467 4513 Nam
499 4458 635 4513 alios
668 4458 886 4528 quidem
926 4475 1032 4513 non
1062 4469 1224 4528 negat
1252 4466 1459 4527 partem
1497 4455 1731 4525 aliquam
1763 4455 1904 4510 Scri-
1932 4465 1981 4525 ι)
2006 4456 2190 4512 ciatim
2241 4471 2370 4511 vero
2401 4456 2605 4510 scholia
2649 4456 2986 4525 appellantur
3017 4457 3469 4523 commentarioli,
3506 4458 3603 4514 vel

333 4565 618 4623 pturarum
671 4552 1048 4621 exposuisse;
1115 4552 1357 4605 omnium
1452 4563 1581 4602 vero
1660 4548 1907 4616 Scriptu-

334 4662 513 4701 rarum
587 4646 1022 4715 explanationem
1101 4658 1408 4714 aggressum
1480 4654 1603 4696 esse
1671 4641 1905 4709 aliquem

331 4744 456 4787 ante
511 4732 832 4801 Origenem,
875 4732 926 4785 id
986 4746 1116 4786 vero
1175 4741 1382 4800 negat,
1420 4741 1474 4784 et
1534 4731 1731 4785 merito
1783 4730 1907 4799 qui-

330 4829 472 4879 dem.

405 4916 461 4969 ll.
483 4914 867 4971 Verumtamen
900 4917 1144 4985 quamvis
1164 4916 1394 4969 aliorum
1419 4917 1727 4986 exemplum
1761 4916 1905 4985 quod

331 5022 648 5078 sequeretur
678 5009 887 5075 habuit,
916 5009 1191 5063 fatendum
1224 5009 1576 5063 nihilominus
1607 5011 1747 5064 hanc
1780 5025 1901 5063 eum

332 5103 665 5171 explicandae
712 5102 1006 5171 Scriptura:
1052 5112 1224 5156 artem
1274 5102 1502 5157 multum
1549 5102 1900 5171 provexisse:

335 5210 433 5249 nec
459 5194 602 5248 enim
627 5194 927 5264 simplicem
957 5196 1243 5263 quemdam
1270 5194 1653 5263 interpretandi
1688 5196 1903 5248 modum

332 5288 616 5355 adhibuit;
653 5288 746 5342 sed
782 5287 928 5341 varia
975 5285 1415 5357 explanationum
1453 5302 1651 5356 genera
1697 5286 1902 5355 primus

333 5381 630 5449 Scriptura;
686 5380 1132 5435 accommodavit.
1182 5378 1315 5432 Nam
1359 5379 1440 5433 vel
1496 5379 1704 5433 diffusis
1752 5393 1905 5432 com-

332 5472 636 5539 mentariis,
666 5472 924 5542 quidquid
960 5472 1375 5542 suppeditabant
1413 5472 1685 5541 ingenium
1721 5480 1774 5525 et
1804 5471 1903 5526 do-

331 5568 526 5630 ctrina,
550 5566 758 5636 prolixe
784 5566 1088 5635 congessit;
1116 5565 1195 5620 vel
1223 5566 1473 5621 brevibus
1498 5574 1700 5620 tantum
1732 5564 1896 5622 5011οο

336 5766 377 5799 ⁸⁸
406 5766 571 5825 Eccli.
602 5784 736 5835 χχιι,
762 5768 852 5824 2:1.
931 5769 973 5802 "
1004 5767 1168 5825 Eccli.
1210 5781 1321 5834 xxi,
1360 5764 1446 5822 18.

2016 4550 2521 4605 dissertatiunculae.
2564 4547 2832 4603 Praeterea
2856 4551 3099 4619 excerpti
3131 4565 3197 4605 ex
3237 4560 3461 4605 auctore
3489 4550 3601 4605 ali-

2016 4657 2120 4712 quo
2146 4642 2246 4696 loci
2274 4643 2527 4695 dicuntur
2570 4639 2776 4694 scholia
2797 4679 2812 4705 ,
2844 4639 3143 4707 cujusmodi
3173 4656 3236 4696 ex
3274 4641 3600 4711 Evangelia,

2015 4749 2122 4803 quo
2146 4734 2395 4787 utebatur
2421 4732 2656 4787 Marcion
2690 4733 2948 4787 nonnulla
2982 4734 3321 4803 deprompsit
3354 4734 3603 4803 Epipha-

2016 4825 2137 4879 nius
2154 4825 2288 4878 bazr.
2308 4837 2438 4887 tht,
2462 4832 2515 4877 et
2538 4825 2738 4879 scholia
2768 4824 3073 4894 appellavit.
3097 4825 3275 4893 Atque
3301 4824 3411 4878 lucc
3438 4826 3604 4878 scho-

2016 4916 2086 4969 lia
2122 4914 2307 4969 Latine
2348 4925 2602 4984 excerpta
2652 4918 2866 4985 proprie
2912 4916 3187 4969 dicuntur.
3236 4914 3373 4967 Male
3407 4926 3599 4970 autem

2012 5008 2114 5061 hoc
2145 5006 2361 5061 nomine
2405 5006 2613 5062 afﬁcias
2658 5008 2850 5063 breves
2906 5007 3273 5077 expositiones
3298 5016 3349 5059 et
3380 5007 3597 5060 disser-

2013 5100 2285 5153 tationes:
2319 5100 2460 5169 quod
2492 5108 2674 5154 tamen
2721 5100 2970 5155 fecerunt
3007 5098 3368 5170 Hieronymus
3399 5108 3454 5152 et
3482 5098 3598 5152 Ru-

2012 5191 2172 5257 finus,
2201 5207 2322 5246 cum
2354 5191 2606 5262 Origeuis
2643 5191 3134 5247 Commentariolos
3162 5194 3215 5246 in
3245 5191 3594 5261 Scripturam

2011 5297 2265 5354 excerpta
2314 5286 2608 5351 dixerunt;
2641 5300 2804 5340 omne
2859 5286 3186 5341 scholiorum
3234 5300 3404 5356 genus
3430 5301 3594 5339 coni-

2012 5379 2161 5433 muni
2211 5385 2591 5447 excerptorutn
2643 5376 2907 5433 vocabulo
2980 5378 3275 5441 donantes,
3329 5376 3474 5445 quod
3520 5377 3595 5427 ail

2012 5482 2215 5527 certam
2263 5472 2553 5541 quamdam
2599 5472 2835 5539 speciem
2868 5480 2984 5525 erat
3037 5470 3491 5538 restringendum.
3521 5470 3595 5520 At

2014 5565 2270 5635 quoniam
2306 5566 2559 5619 brevibus
2590 5564 2874 5621 sententiis
2910 5566 3025 5619 haac
3064 5562 3265 5618 scholia
3310 5560 3591 5630 Origenis,
