3838 6222
163 359 302 414 H95

1035 358 1603 414 ORIGENMNORUM
1643 359 1768 414 LIB.
1813 359 1900 426 lll,
1935 356 2087 414 CAP.
2128 358 2193 422 Il,
2239 358 2410 416 SECT
2453 362 2493 418 I.

3266 370 3405 427 1194

164 478 281 533 sive
330 474 773 531 Commentarioli
829 474 1326 537 concludebantur.
1358 478 1562 533 idcirco
1600 494 1741 533 com-
1769 482 1814 541 Α
1846 476 2047 545 posuit,
2093 475 2323 532 lldeliter
2362 477 2534 543 magis
2582 492 2743 546 quam
2790 489 2978 536 ornate
3026 482 3409 551 interpretatus

159 572 420 626 maticum
450 569 916 640 interpretationis
956 586 1124 641 genus
1149 586 1213 625 ea
1252 570 1612 640 Hieronymus
1640 586 1731 640 ap-

159 664 344 735 pellat.
375 664 611 719 Promm.
642 663 950 718 Comment.
986 665 1040 717 in
1087 662 1278 717 Matth.
1319 681 1338 713 ι
1386 662 1603 732 Legisse
1648 676 1735 718 me

160 759 350 823 fateor,
386 759 588 826 inquit,
625 767 749 811 ante
798 771 966 810 annos
1021 755 1279 824 plurimos
1327 756 1378 808 in
1428 754 1730 808 Mattltaeum

157 850 408 922 Origcnis
439 851 630 921 viginti
687 851 926 920 quinque
954 850 1220 904 volumina
1240 889 1257 913 ,
1285 860 1338 905 et
1368 850 1588 905 totidem
1616 850 1733 919 ejus

158 944 431 1006 homilias,
478 945 970 1013 commaticumque
1001 944 1459 1013 interpretationis
1491 960 1678 1012 genus.
1703 963 1724 998 ι

162 1033 226 1087 Ει
261 1033 495 1088 Proaam.
514 1034 815 1089 Comment.
841 1036 896 1088 in
928 1035 1096 1103 Epist.
1123 1036 1192 1087 ad
1218 1033 1393 1088 Galat.
1415 1048 1433 1087 :
1457 1052 1476 1085 ι
1503 1032 1733 1104 Scripsit

155 1129 299 1182 enim
329 1127 416 1182 ille
456 1128 540 1181 vir
579 1126 879 1199 (Origenes)
912 1127 962 1181 in
1017 1128 1306 1197 Epistulam
1341 1128 1487 1182 Pauli
1536 1129 1600 1182 ad
1630 1127 1731 1183 Ga-

155 1218 295 1273 latas
327 1220 565 1288 quinque
608 1221 826 1289 propria
861 1223 1130 1275 volumina
1153 1262 1167 1281 ,
1196 1231 1253 1275 et
1283 1221 1549 1276 decimum
1582 1222 1732 1276 Stro-

153 1320 355 1362 ntatum
409 1324 629 1363 suorum
681 1310 880 1365 librum
937 1312 1257 1367 commatico
1288 1326 1449 1380 super
1477 1311 1731 1380 explana-

153 1400 301 1453 tione
331 1400 445 1469 ejus
476 1415 724 1455 sermone
765 1401 1072 1469 complevit.
1123 1402 1275 1468 Quod
1330 1402 1403 1456 ita
1453 1403 1725 1471 intelligo,

151 1495 357 1549 scholia
401 1495 453 1548 in
478 1493 767 1563 Epistulam
805 1494 870 1547 ad
904 1494 1120 1549 Galatas
1154 1496 1363 1550 decimo
1405 1494 1730 1549 Strumalum

151 1601 371 1641 suorum
419 1586 555 1641 libro
600 1586 772 1655 ipsum
815 1585 1130 1643 inseruisse.
1186 1607 1205 1640 ι
1250 1587 1467 1642 Scholia
1500 1602 1629 1641 vero
1663 1587 1726 1641 ad

152 1693 432 1733 sacrorum
510 1678 770 1733 librorum
841 1695 993 1735 uram
1071 1680 1369 1735 attexuisse
1432 1678 1727 1745 Origenem

150 1771 388 1825 ostendit
425 1770 562 1825 liber
612 1770 1020 1827 vetustissimus
1068 1771 1258 1825 Renati
1306 1770 1583 1831 Marcbali,
1619 1786 1725 1838 quo

152 1861 503 1915 continentur
532 1863 811 1931 pruphetze
838 1876 1049 1926 omnes,
1082 1862 1283 1933 quique
1313 1864 1367 1915 in
1392 1861 1597 1930 collegii
1618 1860 1721 1914 Pa-

152 1952 396 2006 risiensis
429 1950 717 2005 Societatis
743 1950 870 2005 Jesu
908 1952 1231 2006 bibliotheca
1262 1962 1528 2013 servatur,
1550 1962 1605 2005 et
1629 1966 1724 2005 cu-

145 2043 238 2112 jus
254 2058 473 2097 usuram
498 2043 886 2098 humanissime
908 2043 1035 2096 milti
1061 2046 1333 2098 concessit
1360 2042 1577 2097 Gabriel
1592 2044 1725 2097 Cus-

151 2137 353 2192 sartius
373 2137 716 2205 amplissima:
732 2136 858 2191 huic
877 2136 1215 2191 bibliotheca
1234 2136 1515 2205 praefectus
1534 2134 1725 2204 βιϐλιο-

151 2228 295 2299 θήκη
319 2228 431 2298 ipse
459 2227 718 2298 ἔμψυχος,
741 2238 796 2282 et
822 2229 1078 2282 doctrinae
1106 2228 1285 2281 omnis
1311 2226 1722 2281 refertiSsimum

154 2335 315 2390 penu.
368 2319 670 2388 Pruphetia;
717 2318 1013 2374 Ezechielis
1074 2318 1352 2387 praefixum
1409 2320 1513 2375 hoc
1560 2319 1724 2373 habet

154 2412 246 2465 ille
282 2412 418 2467 liber
459 2410 824 2484 εΜετελήφθη
873 2411 981 2465 ἀπὸ
1021 2410 1129 2465 τῶν
1178 2410 1319 2464 κατὰ
1359 2410 1457 2475 τὰς
1487 2412 1724 2475 ἐκδόσεις

162 2496 496 2562 Ἐξαπλῶν,
535 2500 630 2551 καὶ
667 2496 949 2570 διωρθώθη
982 2497 1090 2552 ἀπὸ
1140 2498 1249 2550 τῶν
1289 2498 1594 2569 Ὠριγένους
1628 2500 1724 2551 αὐ-

149 2592 246 2645 τοῦ
275 2591 640 2660 Τετραπλῶν,
664 2590 821 2644 ἅτινα
837 2592 928 2644 καὶ
956 2590 1120 2643 αὐτοῦ
1149 2592 1292 2662 χειρὶ
1316 2590 1608 2663 διώρθωτο,
1630 2592 1723 2646 καὶ

149 2686 636 2757 ὲσχολιογράφητο’
666 2685 788 2739 ὅθεν
829 2683 1101 2747 Ἐυσέῦιος
1145 2682 1255 2753 ἐγὼ
1285 2684 1353 2737 τὰ
1387 2685 1572 2755 σχόλια.
1588 2702 1725 2756 παρ-

150 2779 343 2849 έθηκα.
379 2796 397 2829 t
427 2779 772 2845 Desumptum
807 2784 891 2830 est
928 2775 995 2828 ab
1035 2774 1311 2845 Hexaplis,
1337 2775 1491 2843 juxta
1530 2777 1724 2832 editio-

154 2888 272 2935 nes,
330 2878 382 2924 et
424 2868 764 2924 emendatum
809 2883 875 2923 ex
926 2868 1092 2937 ipsius
1142 2868 1392 2938 Origcnis
1440 2866 1722 2937 Tetraplis,

151 2978 272 3031 qute
300 2973 356 3016 et
386 2977 548 3014 manu
580 2961 748 3029 ipsius
780 2960 1088 3023 emendata,
1110 2968 1162 3013 et
1192 2959 1415 3015 scholiis
1444 2961 1721 3014 succincta

152 3064 330 3110 erant.
365 3054 521 3112 Unde
556 3068 658 3122 ego
702 3053 965 3108 Eusebius
999 3051 1201 3107 scholia
1246 3052 1491 3121 apposui.
1531 3070 1550 3102 ι
1590 3050 1727 3107 Hinc

1838 584 2000 624 sum:
2049 585 2069 620 ι
2110 577 2166 621 et
2210 568 2262 621 in
2310 568 2579 623 Prommiu
2622 569 2974 625 Commentar.
3012 574 3068 626 in
3126 574 3293 641 Epist.
3339 578 3407 629 ad

1835 657 2018 714 Galat.
2055 676 2076 713 :
2115 678 2133 710 ‹
2169 658 2398 728 Scripsit
2430 660 2571 713 enim
2612 660 2699 714 ille
2744 662 2828 715 vir
2871 662 3169 733 (Origenes)
3203 667 3253 718 in
3284 666 3407 735 Epi-

1835 750 2031 807 stulam
2062 749 2211 803 Pauli
2235 752 2301 803 ad
2333 749 2549 805 Galatas
2582 753 2819 820 quinque
2852 754 3063 821 propria
3115 754 3408 817 volumina,

1832 854 1885 899 et
1912 843 2178 898 decimum
2219 840 2543 897 Stromatum
2595 858 2815 899 suorum
2857 847 3050 900 librum
3087 849 3413 901 commatico

1832 951 1993 1004 super
2026 936 2411 1006 explanatione
2457 936 2575 1004 ejus
2640 952 2887 992 sermone
2939 938 3265 1008 complevit:
3301 949 3411 994 tra-

1831 1036 2008 1082 ctatus
2055 1042 2274 1098 quoque
2331 1030 2543 1093 varios,
2593 1037 2646 1083 et
2686 1040 2970 1097 excerpta,
3018 1044 3136 1099 quae
3177 1032 3262 1086 vel
3299 1032 3409 1087 sola

1830 1120 2041 1191 possint
2073 1119 2320 1175 sufﬁcere
2343 1158 2358 1183 ,
2396 1120 2718 1187 composuit.
2761 1138 2781 1173 ι
2831 1118 3033 1188 Nempe
3074 1128 3283 1185 tomos,
3314 1125 3412 1177 bo-

1833 1210 2007 1264 milias
2062 1218 2118 1264 et
2148 1210 2356 1265 scholia
2397 1211 2671 1279 signiﬁcat
2714 1223 2812 1279 per
2849 1211 3088 1278 quinque
3129 1209 3217 1263 illa
3259 1211 3412 1265 volu-

1832 1302 1998 1364 mina,
2029 1308 2084 1354 et
2133 1308 2420 1363 tractatus,
2453 1309 2507 1354 et
2552 1298 2936 1353 commaticum
2980 1313 3317 1363 sermonem,
3346 1314 3411 1354 ac

1829 1402 2102 1459 excerpta.
2148 1389 2453 1446 Concludat
2482 1406 2608 1445 vero
2654 1390 2879 1445 forsitan
2914 1406 2981 1445 ex
3011 1392 3110 1447 hoc
3163 1393 3283 1445 loco
3312 1392 3407 1446 ali-

1830 1486 1975 1554 quis,
2019 1495 2274 1554 excerpta
2318 1493 2372 1537 et
2416 1486 2795 1539 commaticum
2829 1499 3134 1539 sermonem
3168 1500 3254 1540 res
3287 1500 3408 1541 esse

1830 1576 2068 1630 diversas
2109 1576 2253 1629 :sed
2302 1574 2541 1641 frustra;
2582 1576 2635 1630 id
2686 1577 2828 1631 enim
2886 1577 2988 1631 sibi
3042 1577 3155 1632 vult
3220 1578 3407 1633 Hiero-

1832 1685 2049 1740 nymus,
2081 1668 2183 1722 alia
2222 1669 2274 1722 in
2310 1669 2576 1723 decimum
2617 1668 2945 1724 Stromatum
2978 1668 3173 1725 librum
3204 1671 3405 1726 inserta

1828 1776 1949 1817 esse
1994 1764 2219 1828 scholia,
2265 1762 2369 1816 alia
2421 1776 2668 1817 seorsum
2708 1761 2981 1816 elaborata
3028 1772 3083 1816 et
3110 1764 3404 1833 descripta.

1821 1855 2045 1910 Fallitur
2077 1855 2331 1909 Erasmus
2360 1871 2479 1909 cum
2511 1854 2761 1909 homilias
2788 1854 2905 1907 illas
2936 1863 3085 1909 recte
3118 1856 3223 1910 dici
3254 1865 3406 1921 putat

1824 1948 2104 2017 colloquia,
2145 1964 2251 2002 non
2288 1948 2430 2001 enim
2466 1946 2729 2016 Origenes
2770 1961 2891 2002 cum
2930 1946 3265 2002 auditoribus
3294 1950 3405 2001 cul-

1824 2040 2161 2108 loquebatur,
2201 2040 2292 2095 sed
2326 2040 2603 2094 auditores
2643 2037 3035 2109 alloquebatur;
3073 2055 3136 2094 ac
3177 2040 3401 2109 proinde

1825 2133 2017 2187 melius
2068 2133 2375 2187 dicerentur
2419 2131 2672 2202 alloquio.
2710 2132 2765 2186 ln
2808 2132 2873 2186 iis
2920 2131 3166 2200 phaleras
3208 2141 3263 2185 et
3288 2146 3405 2185 ora-

1825 2224 1959 2276 toria
1992 2226 2260 2293 pigmenta
2309 2223 2544 2291 neglexit
2580 2225 2973 2289 Adamantius;
3002 2224 3216 2294 planum
3249 2239 3397 2289 vero,

1824 2314 2088 2369 familiare
2146 2329 2210 2368 ac
2262 2315 2527 2385 simplex,
2576 2330 2673 2369 nec
2702 2314 2858 2369 Valde
2906 2316 3196 2385 prolixum,
3241 2315 3402 2386 quale

1824 2403 2037 2461 facilius
2091 2405 2366 2476 patiuntur
2423 2406 2695 2472 humilite,
2750 2407 2960 2462 dicendi
2998 2423 3166 2477 genus
3220 2424 3402 2480 perse-

1823 2510 1979 2551 ClllllS
2021 2507 2125 2551 881».

1893 2589 2048 2645 Tomi
2083 2591 2223 2645 idem
2257 2600 2385 2646 sunt
2417 2605 2535 2660 quae
2560 2600 2616 2645 et
2648 2590 2948 2663 ὲξηγητικὰ
2977 2594 3197 2663 proprie
3218 2596 3397 2660 dicta;

1822 2699 1948 2738 nam
1978 2684 2229 2753 quamvis
2260 2684 2364 2738 hoc
2387 2685 2603 2739 nomine
2631 2684 2768 2740 allici
2806 2688 3039 2756 possint,
3064 2703 3399 2759 quaecunque

1824 2777 2282 2847 interpretationis
2318 2778 2437 2832 vice
2472 2779 2765 2847 funguntur
2804 2797 2820 2845 ;
2878 2790 3044 2849 atque
3092 2782 3159 2834 ita
3195 2796 3300 2835 nun
3332 2783 3400 2836 ad

1822 2877 1997 2922 tomos
2032 2868 2229 2933 solum,
2261 2868 2356 2924 sed
2384 2878 2442 2923 et
2484 2870 2549 2922 ad
2580 2870 2833 2925 homilias
2864 2872 3052 2936 etiam.
3089 2881 3144 2927 et
3194 2873 3397 2928 scholia

1825 2957 2016 3011 referri
2050 2958 2224 3028 possit
2251 2972 2313 3011 ea
2342 2973 2470 3024 vox,
2508 2958 2762 3029 illamque
2786 2960 3010 3017 editioni
3043 2971 3259 3029 nostrae,
3282 2977 3400 3033 qua:

1827 3048 1985 3103 tomis
2017 3057 2068 3104 et
2116 3049 2355 3105 homiliis
2402 3061 2612 3105 constat
2649 3052 3038 3121 pra‘lixerimus
3075 3071 3088 3119 ;
3122 3054 3400 3109 nihilomi-

85 3189 99 3202 ,
150 3141 411 3197 discimus
452 3138 823 3210 Tetraplorum
872 3140 1067 3195 limbus
1110 3141 1329 3195 scholiis
1379 3142 1447 3197 ab
1492 3140 1723 3210 Origene
1749 3169 1791 3228 ο
1827 3155 1925 3196 nus
1957 3151 2137 3196 tamen
2168 3142 2235 3195 ad
2268 3151 2441 3197 tomos
2477 3143 2755 3211 speciatim
2805 3153 2860 3199 et
2901 3146 3117 3214 proprie
3146 3146 3398 3215 pertinet,

152 3238 319 3292 fuisse
348 3237 672 3293 succinctos.
706 3234 761 3288 Si
796 3236 919 3303 quis
964 3242 1142 3288 autem
1191 3235 1468 3315 existimet
1519 3251 1637 3304 qua:
1669 3236 1721 3290 in

153 3328 256 3383 hoc
282 3326 538 3382 Marchali
568 3326 753 3381 codice
778 3327 845 3379 ad
869 3340 1018 3381 oram
1046 3325 1371 3391 Ezechielis,
1390 3325 1725 3392 aliorumque

150 3420 531 3489 prophetarum
566 3427 784 3472 attextae
807 3426 933 3472 sunt
960 3416 1355 3478 adnotationes,
1378 3431 1439 3469 ea
1469 3417 1581 3483 ipsa
1606 3430 1727 3470 esse

150 3510 404 3577 Origcnis
430 3508 659 3574 scholia,
691 3507 917 3561 multum
969 3508 1014 3562 is
1049 3523 1182 3562 sane
1210 3508 1434 3562 errabit.
1462 3507 1725 3561 Constant

150 3601 296 3654 enim
321 3600 423 3653 illa:
452 3600 645 3669 partim
668 3600 831 3652 variis
856 3598 1389 3667 interpretationibus
1416 3613 1481 3653 ex
1508 3599 1724 3668 Aquila,

151 3689 523 3745 Theodotione
573 3700 627 3744 et
680 3689 1007 3761 Symmacho
1077 3690 1412 3760 depromptis
1456 3706 1472 3756 ;
1531 3692 1723 3759 partim

152 3782 473 3837 lectionibus
506 3784 671 3837 variis
696 3823 711 3845 ,
749 3782 832 3837 vel
878 3783 1026 3838 circa
1075 3783 1364 3838 lectionum
1404 3781 1723 3835 varietatem

150 3877 636 3932 observationibus.
672 3876 887 3933 Neutra:
917 3893 1045 3933 vero
1092 3893 1189 3948 pro
1219 3876 1443 3932 scholiis
1477 3874 1726 3944 Origenis

154 3969 338 4023 haberi
390 3980 612 4038 possunt
655 3989 668 4024 :
722 3987 828 4025 non
868 3972 1076 4041 priores
1121 3987 1137 4035 ;
1189 3970 1310 4039 quis
1350 3969 1494 4024 enim
1538 3978 1726 4038 putare

151 4060 323 4130 possit
371 4059 424 4113 in
456 4058 720 4128 Tetrapla,
753 4076 874 4131 qua:
918 4061 1162 4125 scholiis,
1190 4071 1252 4115 ut
1279 4060 1414 4124 dixi,
1450 4059 1722 4114 succincta

151 4160 347 4219 erant,
385 4155 523 4209 unde
554 4164 607 4209 et
638 4144 1060 4224 ista'assumpta
1108 4164 1267 4219 sunt,
1303 4154 1647 4224 depromptas
1694 4168 1724 4207 e

151 4247 382 4300 diversis
427 4246 779 4314 interpretum
809 4247 1230 4317 expositionibus
1265 4246 1556 4315 particulas
1592 4260 1723 4299 cun-

154 4336 351 4391 "ecisse
379 4336 691 4407 Origenem,
724 4354 845 4392 cum
881 4341 932 4393 in
962 4340 1029 4394 iis
1058 4339 1228 4409 pleme
1259 4340 1387 4409 ipsa:
1411 4354 1474 4393 ac
1504 4337 1724 4407 integrae

152 4427 632 4497 interpretationes
685 4430 1054 4485 haberentur?
1101 4445 1205 4484 non
1236 4430 1603 4499 posteriores;
1638 4438 1722 4482 ut-

1828 3233 2001 3301 iisque
2032 3246 2413 3301 nunquamnon
2465 3232 2515 3286 in
2564 3234 2801 3301 antiquis
2825 3234 3095 3289 codicibus
3123 3235 3397 3292 tribuitur.

1826 3324 2256 3393 Explicationum
2308 3324 2475 3379 libros
2518 3326 2753 3394 appellat
2808 3324 3034 3380 Ruﬁnus
3078 3326 3129 3379 in
3173 3324 3401 3395 Prulugo

1825 3416 2289 3484 interpretationis
2314 3415 2846 3471 Commentariorum
2889 3416 3136 3486 Origenis
3180 3418 3235 3471 in
3280 3416 3399 3471 Nu-

1825 3522 2013 3560 meros.
2049 3504 2106 3560 ln
2158 3507 2221 3560 iis
2267 3505 2531 3578 Origenes
2578 3507 2842 3563 Hebraica
2873 3508 3107 3563 veritate
3149 3508 3398 3578 stipatus,

1825 3606 1880 3652 et
1929 3612 2149 3652 suorum
2193 3598 2563 3653 circumdatus
2591 3600 2937 3669 agminibus,
2971 3600 3267 3669 peregrine
3316 3600 3399 3653 in-

1828 3690 2037 3744 terdum
2070 3690 2263 3758 lingua:
2294 3692 2570 3759 quaerebat
2596 3690 2817 3754 auxilia,
2846 3700 2903 3745 ut
2934 3690 3101 3745 tradit
3134 3690 3402 3761 Hierony-

1827 3797 1946 3836 mus
1982 3782 2036 3835 in
2072 3781 2310 3836 Promm.
2346 3781 2547 3848 Quwst.
2586 3782 2970 3836 Hebraicarum
2996 3795 3015 3833 :
3066 3783 3119 3837 in
3167 3784 3401 3838 homiliis

1826 3883 2004 3944 autem
2035 3889 2375 3929 communem
2407 3873 2696 3928 editionem
2748 3876 3099 3943 sequebatur,
3143 3884 3202 3929 ut
3239 3891 3401 3947 supe-

1827 3966 1971 4019 riore
2010 3967 2252 4020 sectione
2282 3974 2529 4021 notatum
2558 3976 2660 4021 est.

1896 4057 1985 4112 ιν.
2019 4058 2497 4129 interpretationes
2537 4070 2795 4130 praeterea
2839 4060 3089 4132 Origcnis
3118 4062 3401 4131 quasdam,

1826 4150 2154 4222 σημειώσεις
2196 4151 2493 4221 appellatas
2538 4154 2771 4222 reperio.
2826 4151 3023 4209 Utrum
3076 4155 3295 4212 scholiis
3333 4173 3401 4210 an

1823 4246 2119 4316 exegeticis
2152 4246 2368 4316 proprie
2416 4245 2579 4300 dictis
2619 4260 2722 4300 vox
2769 4262 2830 4302 ea
2879 4248 3079 4303 tributa
3115 4249 3226 4314 sit,
3257 4265 3406 4318 qua:-

1827 4339 2053 4393 rendum
2084 4347 2187 4392 est.
2234 4337 2594 4409 Hieronymus
2634 4339 2856 4394 scholiis
2889 4340 3178 4396 manifeste
3216 4342 3405 4396 tribuit

1825 4445 2050 4500 prodam.
2092 4431 2146 4484 in
2188 4429 2541 4486 tComment.
2596 4432 2798 4486 Isaiw:
2835 4432 3159 4498 «Feruntur,
3208 4434 3399 4503 inquit,

151 4528 278 4588 pote
309 4520 362 4573 in
394 4521 587 4589 quibus
619 4534 764 4590 saepe
791 4519 1056 4590 Origcnis,
1078 4530 1132 4575 et
1164 4521 1359 4576 alicubi
1388 4520 1551 4575 etiam
1576 4519 1717 4574 Cou-
1748 4522 1794 4580 υ
1820 4533 1873 4578 el
1899 4524 1987 4577 alii
2021 4523 2123 4578 sub
2166 4524 2384 4579 nomine
2438 4526 2553 4595 ejus
2605 4525 2897 4596 (Origcnis)
2942 4526 3009 4580 de
3057 4527 3262 4581 visione
3313 4544 3403 4580 τε-

151 4612 371 4669 slantini
400 4611 737 4682 imperatoris
774 4613 973 4668 mentio
1004 4613 1114 4666 llat.

224 4704 470 4759 Humilia:
497 4721 524 4758 a
560 4704 752 4758 Rufino
775 4712 829 4759 et
862 4704 1191 4776 Hieronymo
1220 4704 1506 4760 Tractatus
1536 4704 1724 4774 appel-

151 4795 354 4851 lantur.
400 4796 656 4866 Apologia
711 4796 980 4867 Pamphili
1054 4812 1083 4851 a
1145 4796 1342 4851 Ruﬁno
1401 4812 1720 4853 conversa:

156 4905 176 4937 ‹
213 4884 493 4956 Przecipue
520 4900 648 4940 vero
684 4900 780 4955 per
817 4902 909 4941 eos
942 4896 1238 4951 tractatus,
1267 4902 1403 4957 quos
1433 4903 1566 4958 pene
1589 4902 1723 4958 quo-

152 4978 282 5033 tidie
326 4978 380 5033 in
426 4978 663 5034 Ecclesia
701 4979 931 5034 habebat
978 4995 1043 5034 ex
1083 4992 1354 5050 tempore,
1381 4996 1517 5050 quos
1546 4991 1601 5036 et
1630 4981 1722 5036 de-

150 5069 451 5125 scribentes
486 5071 678 5126 notarii
720 5071 787 5125 ad
823 5072 1214 5126 monimentum
1246 5073 1581 5142 posteritatis
1611 5083 1723 5126 tra-

150 5164 373 5217 debant.
403 5181 423 5214 »
460 5162 815 5234 Hieronymus
851 5165 1097 5218 adversus
1136 5163 1475 5234 Vigilantiam
1501 5205 1516 5230 ,
1564 5165 1723 5235 epist.

153 5253 243 5315 75,
275 5254 344 5308 de
372 5254 603 5309 homiliis
630 5257 681 5309 in
716 5254 815 5309 Job
845 5257 1069 5327 loquens
1094 5296 1109 5321 ,
1136 5272 1272 5327 quas
1320 5255 1555 5311 Hilarius
1595 5272 1717 5310 vcr-

151 5352 329 5399 terat:
368 5361 388 5395 α
418 5344 528 5399 Cur
559 5343 846 5401 Tractatus
874 5348 990 5414 ejus
1018 5346 1070 5400 in
1097 5345 1227 5412 Job,
1275 5346 1470 5417 inquit,
1513 5350 1717 5405 descri-

147 5445 271 5503 ptos
305 5435 515 5491 habes?
543 5455 561 5488 ι
595 5446 648 5492 et
675 5439 727 5491 in
754 5437 1071 5494 Praefatione
1094 5441 1161 5495 ad
1192 5441 1442 5496 homilias
1467 5440 1717 5514 Origcnis

145 5528 204 5580 in
232 5526 550 5582 Canticum:
586 5548 604 5580 ι
635 5529 742 5584 Hos
770 5531 904 5585 duos
937 5540 1220 5595 tractatus,
1260 5548 1398 5601 quos
1427 5534 1479 5587 in
1513 5550 1715 5589 morem

144 5618 450 5688 quotidiani
477 5619 674 5691 eloquii
700 5620 937 5691 parvulis
983 5624 1158 5677 adhuc
1200 5622 1524 5680 lactantibus
1568 5642 1717 5683 com-

221 5816 356 5888 (57')
387 5816 519 5873 Vide
541 5818 790 5872 editionis
822 5826 1021 5873 nostra
1044 5828 1172 5877 tum.
1211 5820 1273 5892 ll,
1305 5838 1423 5895 pag.
1462 5823 1578 5882 H8.

474 5914 741 5974 “nam”
773 5918 893 5976 Gtt.
922 5916 1122 5981 XVII.

1827 4614 2107 4686 τραπόδων
2141 4615 2245 4670 duo
2276 4614 2340 4669 ad
2387 4615 2607 4671 Gratam
2651 4618 2808 4681 libri,
2860 4617 2951 4687 qui
3004 4620 3402 4689 pseudugraplti

1825 4717 2116 4776 putantur,
2151 4716 2205 4761 et
2247 4708 2434 4779 viginti
2484 4710 2724 4779 quinque
2764 4710 3029 4776 humilia,
3056 4721 3112 4765 et
3158 4712 3401 4783 σημειώ-

1826 4816 1958 4867 σεις,
2018 4816 2152 4870 quas
2212 4816 2311 4857 nos
2373 4811 2622 4871 excerpta
2678 4818 2964 4872 possumus
3053 4805 3341 4874 appellare.
3376 4825 3395 4859 ι

1822 4892 2090 4965 Excerpta
2149 4896 2335 4967 igitur,
2404 4912 2501 4952 seu
2564 4897 2773 4967 σχόλια,
2838 4913 2901 4952 ea
2974 4908 3102 4954 sunt
3159 4900 3402 4972 σημειώ-

1831 5006 1965 5053 σεις.
1994 4988 2063 5042 At
2098 4987 2407 5044 Philocaliw
2452 5004 2570 5059 cap.
2623 4990 2730 5055 27,
2788 4999 3071 5060 postquam
3132 4994 3400 5061 prolixum

1830 5080 2079 5151 Origenis
2108 5080 2469 5152 fragmentum
2501 5084 2555 5135 in
2588 5080 2766 5135 Exod.
2792 5098 2847 5149 x,
2874 5083 2965 5147 27,
2995 5084 3263 5154 prolatum
3294 5098 3400 5152 est,

1830 5173 1995 5227 verba
2046 5173 2160 5227 haec
2206 5174 2556 5243 sequentibus
2601 5174 2805 5245 aliquot
2858 5175 3176 5243 fragmentis
3226 5178 3403 5247 praefi-

1831 5273 2027 5331 guntur
2068 5285 2080 5319 :
2126 5266 2219 5319 καὶ
2265 5266 2423 5321 πάλιν
2465 5268 2523 5320 ὲν
2561 5267 2703 5339 ἄλλῳ
2744 5267 2894 5339 τόμῳ
2935 5270 2991 5322 ὲν
3042 5272 3161 5334 ταῖς
3210 5271 3399 5335 αὑταῖς

1821 5358 1901 5421 εἰς
1946 5356 2044 5429 τὴν
2092 5358 2309 5423 Ἔξοδον
2359 5358 2721 5431 σημειώσεων
2762 5359 2919 5435 (57‘).
2952 5362 3119 5432 Igitur
3164 5358 3400 5433 σημειώ-

1816 5469 1929 5517 σεις
1958 5457 2278 5511 constabant
2316 5458 2514 5524 tomis;
2544 5458 2708 5529 igitur
2752 5474 3085 5530 quascunque
3132 5460 3232 5515 hoc
3267 5456 3397 5512 ΡΙιὶ-

1819 5546 2027 5601 ιοεαιὶω
2075 5549 2252 5619 capite
2284 5549 2586 5621 fragmenta
2636 5552 2689 5605 in
2718 5551 2958 5607 Exodum
3004 5560 3396 5621 repraesentan-

1822 5646 1932 5704 tur,
1965 5636 2136 5708 petita
2170 5650 2295 5696 sunt
2320 5642 2386 5695 ὲκ
2413 5639 2522 5696 τῶν
2550 5640 2921 5714 σημειώσεων.
2950 5641 3025 5697 Ea
3049 5656 3180 5698 vero
3224 5639 3397 5698 neuti-

3036 5927 3118 5986 38
