3838 6222
424 333 481 388 Η
495 333 564 392 95

1675 327 1737 384 P.
1779 323 2095 382 DANIELIS
2133 322 2364 380 HUETll

3515 320 3661 376 H95

423 472 583 527 quam
631 469 730 525 pro
774 453 991 510 scholiis
1039 453 1226 508 haberi
1271 457 1528 521 possunt,
1575 449 1668 503 sed
1711 448 1978 516 iustorum
2006 454 2054 511 Α
2081 447 2486 503 benedictiones
2510 453 2719 500 tantum
2746 483 2763 509 ,
2789 457 2960 513 neque
3008 443 3314 498 futurorum
3363 439 3480 496 sola
3522 455 3662 510 pra:-

424 545 937 601 commeutariorum
971 545 1142 598 vicem
1184 542 1444 612 explent;
1474 553 1537 594 ea
1578 547 1664 593 est
1709 555 1888 594 rerum
1920 555 1984 595 ac

423 638 714 690 verborum
739 635 957 689 ubertas
984 643 1037 689 et
1063 635 1239 702 copia.

494 728 606 798 Ego
648 727 860 798 quidem
886 725 1210 797 σημειώσεις
1239 729 1486 796 generale
1510 729 1824 786 vocabulum
1864 739 1986 782 esse

425 831 574 889 puto,
617 836 726 890 quo
771 820 900 875 tomi
947 830 998 874 et
1035 820 1236 873 scholia
1295 822 1657 876 continemur.
1721 816 1987 890 Σημειοῦ-

428 911 549 966 σθαι
573 923 676 976 est,
710 930 728 962 ι
768 913 1045 976 adnotare,
1070 913 1513 967 commentarium
1559 912 1817 972 scribere,
1849 910 1986 964 scri-

427 1013 573 1070 ptum
605 1002 820 1070 aliquod
854 1002 920 1055 ad
951 1002 1094 1056 aliud
1124 1002 1376 1070 adjicere,
1409 1001 1718 1065 ascribere;
1752 998 1989 1069 σημείω-

428 1109 531 1155 σις,
570 1092 863 1158 aduotatio,
919 1091 1338 1146 commentarius
1367 1130 1383 1158 ,
1434 1092 1694 1161 quidquid
1740 1091 1806 1143 ad
1846 1089 1989 1142 aliud

427 1184 716 1237 scribendo
770 1183 1041 1250 adjicitur,
1083 1202 1102 1236 ι
1154 1183 1451 1250 cujusmodi
1488 1192 1614 1238 sunt
1676 1182 1881 1238 scholia
1937 1189 1986 1234 et

427 1274 793 1329 commentarii
819 1274 910 1343 qui
942 1275 1007 1328 ad
1033 1290 1184 1329 oram
1215 1275 1471 1329 librorum
1500 1275 1663 1329 attexi
1698 1274 1892 1330 solent.
1912 1273 1989 1326 Ita

426 1363 800 1434 intelligendus
834 1364 1098 1418 Eusebius
1122 1363 1214 1419 lib.
1243 1380 1273 1412 v
1304 1364 1532 1428 Histor.,
1555 1379 1606 1421 c.
1634 1364 1723 1430 20,
1753 1379 1874 1419 cum
1903 1379 1996 1434 χα-

429 1457 716 1524 ριεστάτην
743 1452 1042 1524 σημείωσιν
1086 1452 1317 1522 appellat
1354 1455 1770 1508 obtestationem
1803 1467 1993 1521 quam-

426 1541 548 1594 dam
571 1542 776 1610 quejad
806 1541 965 1595 tinem
1002 1541 1120 1596 libri
1152 1539 1334 1596 lrenazi
1365 1542 1505 1609 Περὶ
1543 1538 1825 1611 ὀγδοάδος
1858 1557 1995 1609 prae-

430 1642 513 1685 ter
538 1640 845 1686 contextum
886 1630 1092 1698 adjecta
1138 1642 1274 1685 erat.
1306 1630 1432 1687 lnde
1479 1633 1568 1686 lux
1596 1647 1808 1702 quoque
1837 1631 1992 1686 alteri

427 1722 666 1792 ejusdem
693 1722 906 1777 Eusebii
934 1722 1052 1777 loco
1087 1723 1180 1777 lib.
1209 1738 1282 1788 vr,
1315 1739 1434 1792 cap.
1473 1723 1562 1785 l6,
1596 1725 1681 1777 ubi
1719 1725 1783 1777 de
1810 1722 1992 1776 Hexa-

2090 539 2377 604 nuntiatio,
2407 546 2665 607 quantum
2717 550 2896 589 mores
2937 535 3020 588 vel
3077 533 3405 604 propositum
3443 547 3662 592 eorum,

2089 631 2174 685 vel
2202 631 2363 684 etiam
2393 629 2635 698 quaedam
2664 627 2731 682 ab
2753 628 2832 680 eis
2887 635 3034 695 gesta
3079 624 3386 680 notabiliter
3413 637 3662 692 arguun-

2092 733 2203 778 tur.
2236 723 2364 789 Quae
2396 736 2483 776 res
2510 721 2667 774 nobis
2697 719 3018 787 tripartitam
3060 717 3143 789 (ut
3178 717 3228 770 in
3261 716 3380 769 aliis
3423 714 3660 768 fecimus

2093 813 2494 882 explanationis
2530 810 2814 864 materiam
2850 807 3092 875 subjicit,
3119 806 3190 859 ita
3235 815 3290 858 ut
3320 803 3659 858 benedictio-

2095 923 2189 961 nes
2212 907 2450 962 historia:
2469 906 2642 960 locum
2681 912 2935 965 servent;
2966 899 3243 968 prophetia
3279 911 3406 950 vero
3463 895 3660 962 mysti-

2094 1015 2216 1052 cum
2263 1009 2422 1067 atque
2477 997 2868 1066 dogmaticum;
2918 1007 3126 1046 morum
3186 987 3456 1056 correptio
3491 995 3664 1052 atque

2095 1091 2398 1159 objurgatio
2427 1087 2683 1142 moralem
2719 1087 2916 1155 dirigat
2943 1083 3162 1152 stylum.
3197 1099 3216 1132 ι
3241 1079 3390 1145 Quod
3424 1078 3566 1131 idem
3605 1076 3666 1129 in

2096 1184 2204 1237 line
2232 1183 2468 1252 ejusdem
2527 1178 2758 1234 homilia:
2790 1176 3006 1247 repetit.
3055 1175 3133 1228 Ab
3177 1171 3437 1227 historico
3476 1179 3662 1223 autem

2097 1287 2255 1328 sensu
2288 1275 2354 1326 ad
2400 1272 2713 1342 mysticum,
2764 1283 2796 1321 a
2847 1268 3076 1338 mystico
3123 1265 3188 1318 ad
3243 1261 3499 1317 moralem
3544 1259 3669 1313 fere

2097 1364 2474 1435 progreditur;
2505 1362 2747 1432 quamvis
2770 1359 2914 1414 hunc
2938 1357 3181 1412 ordinem
3222 1361 3496 1424 pervertat
3521 1367 3669 1407 non-

2098 1473 2397 1527 nunquam,
2443 1454 2675 1509 litteram
2736 1450 3027 1519 aliquando
3080 1449 3350 1518 negligat,
3399 1459 3430 1498 a
3469 1441 3670 1497 morali

2098 1547 2433 1616 expositione
2467 1548 2532 1598 ad
2562 1544 2846 1613 mysticam
2875 1542 3196 1612 quandoque
3239 1542 3494 1591 transeat.
3525 1533 3669 1599 Quae

2098 1641 2348 1709 quoniam
2391 1653 2553 1706 supra
2613 1637 2913 1693 luculenter
2942 1633 3313 1694 tractavimus,
3339 1630 3454 1684 hac
3481 1627 3668 1682 obiter

2101 1733 2339 1802 tetigisse
2363 1731 2611 1786 sufﬁciat.

429 1814 530 1880 ptis
563 1813 811 1883 Origenis
839 1829 1024 1882 agens,
1059 1815 1231 1882 deque
1265 1816 1430 1869 variis
1485 1815 1684 1884 quibus
1729 1814 1818 1867 illa
1866 1829 1995 1869 con—

2165 1825 2275 1880 Vll.
2301 1824 2486 1878 Finem
2515 1822 2640 1877 huic
2672 1821 3009 1890 imponemus
3034 1815 3282 1880 sectioui,
3332 1811 3668 1866 adducentes

430 1905 651 1958 stabant
707 1904 1262 1973 interpretationibus,
1292 1905 1366 1959 ita
1418 1906 1605 1961 scribit
1640 1951 1651 1962 .
1700 1905 1912 1970 Ταύτας
1938 1906 1995 1958 δὲ

431 1997 645 2059 ἁπάσας
674 1995 767 2048 ἐπὶ
799 1994 992 2049 ταύτὸν
1026 1994 1365 2064 συναγαγὼν,
1395 1996 1580 2050 διελών
1609 2015 1667 2050 τε
1713 1999 1846 2069 πρὸς
1888 1997 1996 2050 κῶ-

430 2081 541 2145 λον,
603 2083 698 2135 καὶ
747 2082 1133 2153 ἀντιπαραθεὶς
1190 2084 1462 2155 ἀλλήλαις,
1517 2087 1654 2156 μετὰ
1697 2089 1791 2139 καὶ
1828 2088 1996 2157 αὐτῆς

429 2173 527 2244 τῆς
569 2173 832 2244 Ἐϐραίων
864 2174 1211 2244 σημειώσεως
1231 2217 1245 2240 ,
1271 2178 1340 2230 τὰ
1374 2177 1479 2230 τῶν
1504 2178 1805 2247 λεγομένων
1838 2179 1998 2243 Ἐξα-

431 2263 604 2318 πλῶν
633 2266 761 2335 ἡμῖν
788 2266 1093 2335 ἀντίγραφα
1116 2266 1530 2321 καταλέλοιπεν.
1583 2287 1604 2319 α
1626 2269 1718 2323 llis
1748 2270 1997 2324 omnibus

432 2354 486 2408 in
511 2371 675 2408 unum
709 2356 777 2410 ab
799 2370 862 2409 eo
890 2357 1152 2421 collectis,
1180 2365 1234 2410 et
1272 2372 1367 2426 per
1418 2357 1534 2412 cola
1576 2359 1782 2423 divisis,
1820 2374 1882 2412 ac
1912 2359 1996 2412 ἰη-

431 2448 604 2502 vicem
636 2463 666 2501 e
691 2448 911 2518 regione
938 2449 1197 2517 oppositis
1223 2489 1240 2513 ,
1269 2465 1389 2502 cum
1424 2449 1742 2503 llebraicum
1780 2460 1999 2517 praeter-

435 2555 499 2594 ea
559 2549 871 2595 contextum
890 2540 1257 2609 ascripsisset,
1283 2538 1610 2608 exemplaria
1636 2540 1790 2594 nobis
1819 2538 2001 2592 Hexa-

433 2632 659 2700 plorum,
691 2633 762 2686 uti
789 2631 1042 2702 appellari
1067 2632 1266 2695 solent,
1300 2631 1539 2700 reliquit.
1573 2651 1592 2682 ι
1651 2632 1803 2699 Quod
1835 2631 1999 2686 Euse-

435 2726 554 2780 hius
585 2724 881 2795 σημείωσιν
919 2724 1183 2795 Ἐϐραίων
1212 2724 1367 2788 dixit,
1401 2726 1737 2780 commodius
1764 2723 2002 2793 παραϐέ-

435 2833 548 2880 σεις
580 2817 677 2887 τῆς
731 2815 1024 2887 Ἐϐραῖκῆς
1054 2817 1348 2888 ἑρμηνείας
1407 2816 1743 2886 Epiphanius
1796 2831 2001 2870 nuncu-

437 2910 606 2977 pavit,
642 2909 797 2978 quasi
856 2910 1026 2973 dicas,
1081 2926 1100 2959 ι
1137 2909 1533 2977 adjunctiones,
1582 2908 1935 2976 adjectiones.
1975 2926 1995 2960 ι

436 3003 648 3071 Optime
677 3016 890 3073 quoque
912 3001 1244 3070 Nicephorus
1271 3001 1720 3072 παρασημείωσιν
1748 2999 2002 3064 reddidit,

438 3097 539 3150 hoc
567 3105 670 3159 est,
693 3114 711 3146 ι
741 3095 1154 3164 descriptionem
1181 3093 1248 3147 ad
1285 3094 1426 3146 aliud
1483 3094 1754 3157 additam;
1793 3111 1811 3142 ι
1848 3092 2000 3145 addi—

439 3197 491 3240 ta
523 3188 665 3240 enim
699 3186 1003 3256 praepositio
1052 3193 1202 3240 notat
1251 3198 1372 3239 esse
1406 3183 1512 3236 τῶν
1554 3183 1687 3254 πρός
1735 3199 1808 3237 τι.
1867 3183 2000 3238 Cum

437 3292 568 3346 ergo
595 3277 797 3330 scholia
844 3286 900 3331 et
949 3276 1370 3341 commentaria,
1420 3275 1643 3329 alterius
1692 3275 2007 3344 scriptionis

439 3368 771 3436 explicanda:
799 3367 970 3436 gratia
1001 3367 1161 3421 scribi
1183 3367 1411 3431 soleant,
1440 3368 1597 3436 eique
1618 3382 1758 3436 saepe
1787 3365 2007 3437 adjungi

437 3468 492 3512 et
549 3459 615 3511 ad
658 3472 810 3512 oram
876 3458 1084 3524 attexi,
1143 3468 1427 3527 propterea
1483 3455 1808 3527 σημειώσεις
1862 3465 2009 3511 recte

438 3552 584 3604 dicta
627 3559 755 3604 sunt
797 3565 812 3602 :
875 3563 1049 3618 neque
1105 3549 1378 3604 immerito
1429 3547 1738 3602 Pltitocalire
1770 3557 2007 3602 textores

441 3640 542 3693 hoc
573 3637 893 3693 vocabulum
921 3637 1364 3704 Commentariis,
1394 3636 1753 3709 Hieronymus
1775 3636 2011 3692 Scholiis

443 3729 698 3786 tribuere.

511 3819 577 3875 ν.
605 3818 891 3874 Communi
930 3833 1144 3889 quoque
1176 3816 1516 3889 ὲξηγητικῶν
1545 3816 1701 3872 titulo
1743 3816 2007 3887 Tetrapla,

443 3913 684 3983 "exopta
723 3922 778 3968 et
823 3910 1043 3976 Octapla
1087 3909 1334 3978 Origenis
1397 3908 1841 3979 complectimur,
1889 3925 2010 3979 quae

441 4005 658 4076 proprio
689 4002 944 4057 vocabulo
973 3999 1341 4073 ἑρμηνευτικὰ
1369 4001 1637 4068 appellare
1668 3999 1858 4068 possis.
1876 4001 2009 4054 Cum

442 4100 585 4153 enim
614 4113 676 4150 ex
708 4096 870 4150 variis
905 4094 1204 4162 Scriptura;
1253 4093 1483 4148 conflata
1517 4095 1628 4148 sint
1685 4095 2010 4164 interpreta-

445 4189 700 4251 tionibus,
732 4189 786 4242 in
843 4200 965 4240 eum
1027 4185 1213 4240 venire
1263 4186 1566 4240 debuerunt
1620 4199 1866 4250 censum,
1901 4199 2010 4254 quo

442 4293 774 4350 quaecunque
822 4279 887 4332 ad
935 4275 1392 4347 interpretandam
1441 4275 1777 4343 Scripturam
1827 4275 2013 4330 elabo-

447 4373 586 4426 ravit
611 4370 987 4434 Adamantius,
1018 4369 1387 4424 continentur.
1423 4366 1539 4422 Huc
1571 4368 1755 4435 adjicit
1808 4369 2012 4434 episto-

2097 1919 2225 1972 illud
2286 1916 2557 1970 Ambrosii
2606 1929 2636 1968 e
2679 1913 2775 1966 lib.
2806 1930 2860 1976 v,
2918 1911 3075 1980 epist.
3110 1909 3180 1963 45
3213 1926 3228 1960 ;
3273 1926 3292 1958 ι
3326 1905 3394 1976 Et
3418 1904 3464 1958 si
3492 1903 3671 1956 sciam

2097 2009 2238 2080 quod
2275 2008 2408 2062 nihil
2439 2006 2708 2061 diilicilius
2730 2005 2824 2068 sit,
2851 2019 3012 2072 quam
3040 2003 3106 2056 de
3156 1998 3385 2067 apostoli
3432 1995 3672 2049 lectione

2097 2102 2387 2163 disserere,
2440 2114 2562 2153 cum
2621 2097 2736 2166 ipse
2782 2097 3043 2163 Origenes
3095 2092 3255 2161 longe
3296 2088 3472 2142 minor
3509 2086 3583 2140 sit
3609 2085 3667 2136 in

2097 2193 2264 2258 Novo,
2297 2207 2457 2260 quam
2482 2191 2534 2243 in
2566 2188 2744 2243 Veteri
2776 2186 3143 2242 Testamento.
3183 2200 3203 2228 ι
3235 2181 3398 2248 Cujus
3423 2178 3498 2231 rei
3534 2191 3674 2230 cau—

2097 2295 2184 2335 sas
2211 2279 2468 2349 quazrenti
2503 2278 2634 2332 mihi
2682 2278 2732 2332 id
2776 2274 3243 2338 succurrit,a2tate
3267 2269 3515 2338 Origenis
3551 2265 3672 2334 plu-

2099 2373 2249 2426 ribus
2289 2371 2714 2436 eommeutariis,
2739 2365 3291 2437 interpretationibus,
3318 2363 3668 2417 dissertatio—

2099 2466 2278 2530 nibus,
2299 2464 2678 2519 traditionibus
2707 2462 3032 2517 illustratum
3064 2458 3230 2512 fuisse
3258 2455 3669 2510 Testamentum

2100 2557 2290 2620 Vetus,
2316 2571 2474 2625 quam
2506 2555 2737 2620 Novum,
2772 2554 2928 2623 cujus
2970 2551 3355 2608 recouditiores
3380 2545 3676 2602 sententia

2099 2664 2486 2720 perpaucorum
2520 2648 2782 2704 industria
2811 2646 3026 2711 fuerant
3056 2644 3124 2699 ad
3174 2645 3276 2696 hoc
3322 2649 3530 2707 tempus
3587 2637 3676 2689 in-

2099 2743 2416 2812 vestigata;
2471 2741 2806 2812 proindeque
2861 2739 3278 2792 lnstrumentum
3344 2731 3504 2786 Vetus
3557 2738 3676 2782 tra-

2102 2843 2340 2888 ctantem
2374 2831 2755 2887 Adamantium
2797 2827 2988 2896 majori
3025 2827 3188 2880 fuisse
3223 2825 3275 2878 in
3321 2823 3436 2876 luce
3482 2835 3678 2873 versa-

2103 2932 2235 2987 tum,
2264 2937 2423 2992 quam
2446 2937 2570 2976 cum
2607 2918 2756 2976 Novo
2795 2918 3110 2989 explicando
3133 2929 3349 2985 Operam
3375 2928 3528 2968 suam
3573 2928 3675 2964 na—

2102 3024 2272 3069 varet.
2293 3012 2407 3070 Huc
2431 3013 2641 3068 accedit
2668 3012 2902 3082 antiqua:
2927 3009 3059 3082 legis
3089 3008 3372 3078 abrogatas
3404 3019 3678 3061 σείει-ωηο-

2107 3107 2224 3163 nias
2274 3117 2326 3162 et
2369 3107 2572 3176 judicia
2621 3116 2992 3168 enarrantem,
3047 3105 3255 3158 minore
3321 3100 3564 3169 periculo
3622 3100 3679 3152 in

2105 3200 2387 3270 allegorias
2416 3201 2722 3254 excurrisse
2752 3207 2807 3253 et
2858 3197 3194 3252 destruxisse
3231 3195 3484 3254 litteram,
3506 3206 3684 3259 quam

2105 3304 2228 3344 cum
2285 3287 2486 3342 Christi
2543 3289 2757 3342 decreta
2821 3298 2874 3341 et
2927 3286 3231 3339 sanctiones
3284 3281 3684 3352 apostolorum,

2106 3381 2408 3450 dogmatum
2426 3393 2645 3434 suorum
2677 3378 2914 3432 novitate
2946 3377 3282 3446 depravaret.

2709 3537 2953 3594 SECTIO
2987 3535 3056 3590 ll.

2107 3649 2330 3691 SINGULA
2368 3649 2614 3690 ORIGENIS
2651 3649 2972 3696 EXEGETICA,
3013 3645 3228 3694 QUOBUI
3268 3644 3335 3682 AD
3384 3644 3483 3685 805
3549 3643 3687 3682 νει-

2449 3721 2608 3760 νΕΝιΤ
2639 3721 2857 3759 ΝΟΤΙΤΙΛ
2878 3745 2891 3768 ,
2922 3717 3333 3758 EIUIERAXTL'R.

2108 3817 2149 3872 l.
2180 3817 2571 3888 Enumerantur
2591 3816 2830 3888 Origenis
2855 3817 3115 3888 exegetiea
3150 3817 3202 3868 in
3227 3811 3639 3888 Pentateuchum
3662 3828 3685 3875 ;

2180 3887 2242 3941 ll.
2280 3888 2346 3941 In
2377 3887 2563 3954 Iosue,
2594 3883 2829 3953 Iudices,
2864 3883 3017 3938 libros
3058 3883 3276 3951 Regum.
3307 3883 3679 3954 Paralipome-

2180 3974 2294 4010 nam
2317 3998 2332 4019 ,
2375 3948 2562 4011 Esdrre
2597 3969 2645 4010 el
2676 3957 2776 4010 Job
2794 3948 2933 4020 ,"lll.
2983 3957 3036 4007 in
3071 3948 3426 4015 Psalterium;
3491 3948 3582 4002 ιν.
3625 3952 3688 4002 in

2183 4026 2486 4090 Proverbia,
2521 4028 2868 4080 Ecclesiasten
2895 4037 2939 4079 et
2967 4025 3272 4085 Canticum;
3317 4021 3379 4076 V.
3437 4023 3493 4074 in
3559 4035 3685 4070 ma-

2174 4097 2316 4165 jores
2347 4099 2621 4165 grapltetas
2650 4108 2914 4165 quatuor;
2957 4092 3043 4146 VI.
3066 4105 3111 4146 et
3136 4097 3189 4165 i_n
3224 4094 3449 4165 minores
3473 4093 3684 4142 duode-

2179 4159 2316 4230 cim;
2349 4159 2459 4222 Vll.
2494 4168 2613 4219 item
2661 4159 2712 4219 in
2761 4164 3101 4226 Matthwum,
3137 4163 3367 4224 Lucam,
3411 4159 3688 4230 Joannem

2181 4248 2231 4287 et
2267 4228 2399 4288 Acta
2463 4235 2848 4300 apostolorum;
2917 4231 3049 4289 Vill.
3093 4232 3355 4302 Epistolas
3409 4228 3575 4282 Pauli
3633 4237 3690 4283 et

2175 4307 2564 4375 Apocalypsim.

444 4464 525 4519 las
580 4463 771 4518 Sixtus
829 4460 1106 4525 Senensis,
1158 4459 1300 4527 quod
1349 4460 1656 4528 propositas
1702 4461 1804 4515 sibi
1864 4460 2010 4515 circa
2044 4491 2089 4547 Β
2186 4465 2227 4521 ι.
2292 4465 2578 4536 Postquam
2629 4464 2777 4519 varia
2827 4461 3271 4534 Origemanoruin
3334 4459 3690 4528 Exegeltcwn

445 4557 736 4625 Scriptura:
790 4553 1203 4609 illustrationem
1270 4554 1597 4621 quaestiones
1664 4552 2011 4608 rescribendo

444 4646 703 4717 Origenes
731 4643 1058 4698 dissolverit.
1089 4643 1158 4696 At
1207 4656 1329 4696 cum
1387 4641 1491 4695 alia
1526 4655 1742 4711 quoque
1775 4656 1872 4711 per
1901 4642 2014 4710 epi-

445 4737 611 4792 stolas
634 4743 951 4805 argumenta
979 4743 1241 4789 tractasse
1272 4735 1444 4804 ipsum
1473 4745 1703 4799 constet,
1720 4733 1866 4788 velut
1890 4749 2012 4788 cum

445 4831 514 4883 ad
534 4829 834 4898 Philippum
860 4828 1266 4897 imperatorem,
1299 4828 1382 4882 vel
1421 4829 1489 4881 ad
1525 4826 1808 4895 conjugem
1840 4826 2014 4894 ipsius

448 4925 726 4988 Severam,
754 4923 839 4977 vel
859 4924 928 4977 ad
962 4921 1258 4975 Fabianum
1293 4934 1484 4990 papam
1520 4919 1643 4973 lidei
1697 4933 1807 4971 suae
1852 4917 2015 4986 proli-

449 5017 622 5071 tendae
678 5031 840 5070 causa
890 5015 1169 5078 scriberet,
1223 5013 1417 5068 merito
1475 5013 1616 5067 inter
1675 5019 2014 5081 syntagmata

448 5109 701 5177 epistolas
727 5107 896 5177 ipsius
927 5107 1292 5176 conjiciendas
1318 5120 1626 5160 censemus.

516 5201 608 5256 Vl.
629 5201 730 5268 Qui
756 5199 1174 5269 interpretandis
1203 5196 1497 5268 Scripturis
1541 5197 1732 5268 triplex
1758 5199 2012 5270 ἐξηγητι-

447 5293 561 5348 κῶν
587 5307 756 5361 genus
784 5290 1030 5345 adhibuit
1086 5291 1372 5362 Origenes,
1408 5291 1454 5345 is
1511 5292 1777 5357 triplicem
1810 5306 1876 5344 ex
1910 5292 2015 5346 illis

449 5399 665 5439 sensum
706 5397 895 5438 eruere
938 5397 1002 5435 ac
1031 5380 1361 5448 inveStigare
1417 5380 1737 5444 consuevit;
1793 5380 2014 5434 histori-

449 5492 595 5540 cum,
630 5490 786 5545 quem
815 5482 868 5528 et
897 5473 1089 5527 littera:
1117 5487 1338 5528 sensum
1388 5469 1679 5540 appellant,
1728 5471 2013 5540 mysticum

451 5578 505 5620 et
553 5565 828 5620 moralem.
866 5564 956 5618 Sic
1007 5565 1093 5619 ille
1121 5563 1305 5618 homil.
1337 5561 1401 5614 l7
1435 5565 1488 5613 in
1533 5558 1745 5625 Genes.,
1778 5578 1927 5617 num.
1957 5565 2010 5630 l,

452 5656 646 5726 p.106,
678 5656 766 5710 ubi
800 5656 911 5725 agit
939 5656 1006 5709 de
1034 5653 1492 5708 benedictionibus
1529 5651 1956 5719 patriarcharum
1995 5669 2008 5704 :

456 5773 477 5803 ι
515 5749 568 5801 tn
600 5748 714 5816 ipso
739 5757 917 5801 autem
949 5760 1178 5815 corpore
1206 5755 1261 5802 et
1288 5743 1440 5815 serie
1480 5742 1790 5809 verborum,
1836 5760 2013 5815 neque

2115 4574 2314 4629 genera
2378 4559 2834 4626 percensuimus;
2881 4556 3119 4624 singulas
3170 4567 3312 4608 nunc
3365 4553 3695 4619 exegeticas

2114 4650 2516 4705 lucubrationes
2565 4661 2888 4704 enumerare
2942 4648 3118 4708 decet,
3179 4657 3404 4712 quarum
3461 4644 3529 4695 ad
3591 4657 3693 4694 no—

2113 4752 2281 4799 stram
2307 4751 2516 4796 aetatem
2549 4740 2738 4797 notitia
2771 4741 3032 4807 pervenit.
3065 4736 3196 4790 Nam
3222 4750 3284 4789 ex
3322 4733 3528 4802 ingenti
3557 4732 3694 4794 hac,

2112 4850 2277 4904 quam
2339 4833 2594 4897 diximus,
2642 4829 2998 4898 scriptionum
3043 4826 3315 4894 congerie,
3350 4837 3458 4876 non
3522 4822 3690 4874 modo

2114 4941 2239 4996 pars
2287 4923 2560 4979 intercidit
2589 4922 2847 4983 maxima,
2884 4919 2977 4971 sed
3019 4917 3307 4969 multarum
3333 4912 3497 4966 etiam
3541 4911 3689 4964 tituli

2115 5031 2178 5071 ac
2206 5015 2423 5070 nomina
2479 5012 2878 5069 obsoleverunt.
2912 5007 3361 5074 Quarumcunque
3385 5016 3521 5069 ergo
3574 5018 3689 5054 tne-

2115 5108 2284 5162 moria
2323 5107 2500 5175 aliqua
2547 5106 2599 5158 in
2627 5114 2876 5159 veterum
2923 5099 3144 5167 scriptis
3169 5106 3378 5152 serrata
3410 5106 3521 5156 est,
3595 5107 3690 5145 eas

2115 5199 2518 5253 recensebimus
2547 5196 2843 5266 sigillatim,
2878 5202 2932 5248 et
2959 5193 3116 5262 juxta
3142 5189 3400 5243 librorum
3434 5182 3690 5252 Scriptu-

2114 5305 2188 5345 ra:
2217 5305 2384 5345 sacrae
2409 5290 2652 5343 ordinem
2687 5287 3012 5356 digeremus.

2189 5382 2387 5438 Scribit
2407 5381 2760 5451 Epiphanius,
2786 5395 2849 5432 ex
2884 5389 3053 5445 eoque
3095 5373 3400 5433 Cedrenus,
3462 5378 3519 5422 et
3568 5366 3693 5423 Sui-

2114 5475 2230 5539 das,
2257 5473 2494 5544 singulos
2519 5471 2818 5540 Scriptura:
2848 5481 3014 5521 sacrae
3040 5464 3208 5518 libros
3227 5459 3479 5527 Origenis
3501 5459 3693 5510 studio

2115 5566 2282 5620 fuisse
2309 5566 2713 5632 interpretatos.
2745 5554 3145 5626 Auspicandum
3187 5567 3213 5604 a
3245 5549 3439 5603 Genesi
3463 5587 3476 5609 ,
3519 5563 3689 5617 quam

2115 5656 2376 5712 tredecim
2436 5651 2950 5709 commentariorum
3003 5645 3153 5698 libris
3215 5651 3268 5693 et
3326 5637 3688 5708 mysticarum

2116 5747 2456 5804 homiliarum
2488 5743 2644 5800 libris
2667 5742 2873 5798 duobus
2907 5735 3208 5808 explicasse
3239 5734 3408 5803 ipsum
3455 5739 3685 5785 testatur
