1919 3111
219 163 289 192 “99

854 162 884 189 Ρ.
903 161 1060 189 DANlELlS
1079 160 1196 190 HUETII

1766 162 1833 190 1200

219 232 333 253 num.tt.
354 224 420 252 Octo
438 223 464 250 in
480 231 540 250 etim
558 223 682 250 homilias
694 222 822 258 Origenis
837 230 1002 250 commemo-
1016 226 1037 253 Α
1053 224 1128 255 tium,
1157 222 1202 249 ubi
1225 227 1252 249 et
1276 222 1303 249 id
1326 222 1435 257 apponit
1457 231 1465 249 :
1497 231 1508 248 ε
1523 222 1578 249 Cur
1605 222 1748 251 Tractatns
1775 224 1832 257 ejus

219 276 260 298 rat
272 270 445 298 Cassiodorus
464 269 511 296 lib.
527 268 564 295 De
572 270 654 295 instil.
670 269 752 296 divin.
772 268 915 302 δι·νὶρων..
933 276 957 295 c.
974 269 999 296 ί.

221 325 231 342 ‹
249 316 354 350 Reliqui
369 315 448 342 etiam
461 315 538 341 vobis
554 315 579 341 in
606 314 844 341 Deuteronomium
863 322 1002 341 sermones

218 367 280 389 octo
299 353 443 395 (Oi-igenis)
478 360 503 385 in
526 359 624 394 quibus
637 365 678 386 est
692 360 793 386 minuta
809 359 889 386 nimis
898 365 923 386 et
937 359 1002 386 sub-

222 407 275 433 tilis
289 406 447 441 expositio.)
467 404 580 432 Ruﬁnus
596 405 622 431 in
645 405 759 440 Prologo
778 406 811 431 ad
836 404 977 432 Ursacium
993 413 1000 432 :

222 463 231 478 ι
246 452 384 479 .lamenim
400 459 431 478 ex
447 451 584 483 omnibus,
598 458 657 485 qua:
670 451 696 477 iit
714 450 770 485 lege
787 450 888 484 scripta
903 450 1001 484 reperi,

219 497 282 524 solae
293 501 322 523 ut
334 501 397 531 puto
415 497 441 523 in
461 495 668 523 Deuteronomio
681 497 779 522 desunt
806 495 1000 527 oratiunculae,

208 551 285 578 tquas
299 543 321 570 si
336 541 585 575 Dominusjuverit,
598 545 626 568 et
636 541 779 569 sanitatem
790 540 893 568 dederit
905 540 1000 573 oculis,

218 589 341 623 cupimus
352 587 455 621 reliquo
463 586 571 620 corpori
582 586 699 614 sociare.
717 595 726 611 ι
742 586 825 613 Porro
839 590 1002 613 memoratos

219 634 245 661 in
272 633 486 661 Pentateuchum
517 637 605 660 tomos
638 631 800 666 signiﬁcavit
822 630 1001 666 Hieronymus

218 678 295 713 epist.
315 677 360 710 65,
376 685 435 711 cap.
455 677 483 710 2,
503 684 564 704 cuin
591 677 762 704 Ambrosium
790 675 858 703 dixit
879 675 1002 711 Origenis

218 724 401 752 Hexaemeron
415 723 588 758 compllasse.

252 769 284 797 ll.
297 769 353 805 (6i)
369 768 467 804 Viginti
488 776 535 796 sex
549 768 675 796 homilias
693 768 719 794 in
734 767 815 795 .losue
829 775 861 794 ex
883 772 1002 801 tempore

218 815 252 842 ab
267 814 427 841 Adamantio
440 821 505 841 sene
517 813 660 847 recitatas,
674 816 701 839 ct
714 813 844 839 industria
876 817 1001 847 excepto-

218 868 277 887 rum
293 865 414 887 servatas
424 858 537 886 Ruﬁnus
551 859 647 886 Latine
664 858 791 886 reddidit.
812 858 999 893 Fragmentum

212 914 251 933 cx
264 906 373 933 humilia
388 905 424 933 20
439 904 624 932 duodecimum
640 903 795 930 Pliiloculiw
806 909 888 937 caput
902 911 1000 937 reprae-

219 956 317 979 sentat.
341 951 472 978 Homilias
493 958 587 978 novem
612 950 638 977 in
660 949 770 977 Iudices
784 949 888 982 Latinis
909 950 1000 984 itidem

216 998 308 1025 verbis
326 997 417 1024 retulit
440 996 563 1023 Ruﬁnus.
587 995 715 1031 Origenes
739 996 765 1022 in
788 995 904 1029 Prologo
924 994 1001 1022 Com-

219 1042 413 1070 mentariorum
438 1041 466 1067 in
491 1039 628 1067 Canticum
655 1039 832 1072 canticorum,
860 1046 942 1073 agens
968 1039 1001 1066 de

213 1088 324 1116 cantico
336 1087 446 1114 Deborte
469 1086 506 1113 ita
528 1086 632 1118 scribit,
650 1092 676 1119 p.
688 1085 743 1112 54:
762 1094 772 1111 ι
791 1085 889 1113 Verum
921 1089 949 1112 et
967 1085 1001 1112 de

220 1134 261 1161 his
276 1133 380 1167 plenius
397 1132 424 1158 in
440 1130 494 1158 illis
509 1129 687 1158 oratiunculis
700 1136 768 1164 quas
777 1129 810 1156 de
821 1128 911 1155 libello
925 1127 1002 1155 Judi-

218 1188 280 1207 cum
294 1179 439 1210 edidimus,
453 1178 566 1205 disserta
581 1177 725 1212 reperies.»
740 1176 822 1210 Atqui
833 1183 867 1203 ex
878 1176 1001 1202 oratiun-

218 1226 286 1253 culis
299 1226 323 1252 in
339 1224 448 1252 iudices
460 1231 520 1259 qua;
536 1227 692 1258 supersunt,
708 1228 783 1251 sexta
802 1223 936 1250 canticum
955 1221 1002 1249 De—

218 1273 290 1299 bortc
300 1271 437 1304 explanat.
454 1269 603 1297 Verisimile
616 1277 680 1304 ergo
696 1273 738 1296 est
753 1269 802 1296 bas
826 1270 900 1303 ipsas
914 1268 1002 1295 homi-

218 1317 270 1344 lias
282 1316 416 1350 designari
441 1315 474 1342 ab
491 1314 609 1350 Origene
622 1335 629 1347 ,
646 1314 812 1349 proindeque
838 1314 872 1341 ab
893 1320 925 1340 eo
943 1313 1001 1347 ipso

221 1362 304 1389 fuisse
318 1361 414 1393 editas,
425 1368 478 1388 non
496 1368 529 1388 ex
547 1365 666 1395 tempore
680 1363 826 1394 conceptas
852 1363 880 1385 et
903 1359 1001 1386 recita-

219 1413 270 1435 tas.
285 1407 312 1434 ln
333 1407 414 1434 libros
427 1406 528 1440 Regum
550 1406 609 1433 duae
637 1406 747 1433 omnino
768 1404 885 1432 homilias
907 1411 1002 1438 super-

218 1457 280 1480 sunt
295 1460 302 1478 :
317 1453 393 1487 prior
408 1453 434 1479 in
448 1453 455 1478 l
471 1451 537 1487 Reg.
562 1459 623 1486 cap.
641 1459 651 1478 ι
671 1455 697 1478 et
712 1459 730 1478 ιι
746 1459 754 1484 ;
768 1450 852 1477 altera
866 1450 892 1476 in
908 1450 917 1476 Ι
935 1449 1000 1484 Reg.

218 1507 314 1532 xxvtn,
332 1500 359 1526 in
372 1506 424 1533 qua
439 1498 471 1526 de
484 1498 698 1532 cngastrimytho
709 1497 871 1531 disputatur.
879 1495 1001 1523 Priorem

220 1546 313 1573 Latina
327 1545 408 1573 habet
425 1544 550 1578 Origenis
568 1543 670 1576 editio;
692 1543 805 1569 alteram
824 1549 839 1569 e
863 1541 1002 1569 Vaticanis

219 1590 384 1618 membranis
401 1589 517 1617 Allatius
543 1589 623 1616 eruit.
646 1588 762 1615 Homilia
794 1587 904 1621 insuper
921 1586 1001 1613 tertia

219 1637 244 1663 in
258 1636 315 1663 lus.
332 1643 405 1662 num.
418 1635 446 1667 4,
459 1635 497 1662 ait
509 1634 639 1670 Origenes
658 1641 687 1662 se
699 1634 842 1669 aliquando
853 1634 886 1660 de
899 1633 1003 1661 duabus

193 1691 194 1694 η
220 1681 418 1714 meretricibus,
439 1688 554 1715 quarum
573 1680 646 1707 litem
672 1679 800 1707 Salomon
830 1679 1000 1713 disceptavit,

218 1728 245 1754 in
268 1727 387 1754 Ecclesia
411 1727 444 1753 ad
467 1727 594 1760 populum
619 1725 793 1753 disseruisse.
824 1724 1002 1752 Cassiodorus

219 1777 348 1808 praetcrea
364 1773 389 1799 in
403 1772 472 1800 libro
486 1772 524 1798 De
536 1772 700 1798 institutione
715 1771 864 1798 divinarum
882 1769 1002 1805 Scriptu-

219 1828 319 1852 rarum,
336 1827 396 1854 cap.
410 1819 439 1852 ‘2,
461 1819 576 1846 allirmat
590 1826 620 1846 se
634 1823 748 1853 quatuor
764 1818 888 1852 Origenis
913 1818 1002 1845 homi-

218 1866 268 1893 lias
292 1867 318 1894 lit
343 1866 459 1900 primum
481 1865 579 1892 librum
594 1865 697 1899 Regum
709 1865 865 1897 invenisse;
882 1871 961 1890 unam
975 1863 1001 1890 in

218 1912 316 1939 librum
333 1911 500 1944 secundum;
529 1915 557 1938 et
570 1919 662 1941 unam,
687 1917 802 1944 eamque
820 1908 954 1944 prolixam
974 1909 1001 1935 in

218 1957 316 1984 librum
329 1958 473 1984 secundum
487 1955 806 1990 Paralipomenandem
817 1963 876 1990 cap.
894 1954 921 1988 6,
937 1963 1000 1981 nar-

218 2007 261 2029 rat
272 2003 342 2029 visas
355 2003 404 2030 sibi
421 2003 447 2029 in
459 2002 525 2029 duos
539 2001 630 2029 Esdra:
645 2001 729 2028 libros
746 2001 868 2036 singulas
879 2000 1002 2036 Origenis

219 2048 358 2080 homilias,
373 2055 432 2082 quae
447 2055 462 2074 a
475 2047 609 2075 Rellatore
622 2047 782 2082 presbytero
801 2046 923 2074 Romana
941 2054 1003 2074 ora-

220 2095 293 2122 tione
304 2094 444 2128 explicata:
455 2097 525 2120 sunt.
542 2092 638 2120 Jobum
659 2093 751 2119 multis
780 2093 897 2120 homiliis
908 2092 1001 2127 Orige-

219 2147 266 2167 nes
278 2139 410 2173 exposuit.
435 2138 481 2165 Sic
497 2138 654 2165 Eustathius
678 2138 862 2165 Antiochenus
881 2139 908 2165 in
935 2138 1001 2165 Dia-

219 2184 335 2218 gnostico
360 2183 392 2209 de
413 2182 614 2217 engastrimytho
629 2190 638 2209 :
654 2182 722 2217 Περὶ
735 2182 763 2209 δέ
777 2191 809 2217 γε
822 2182 869 2209 τοῦ
884 2183 1002 2210 πολύτλα

1052 267 1201 304 (Οι-ἰῃςειιῑε)⁴
1220 269 1247 295 in
1268 268 1317 296 Job
1342 268 1488 302 descriptos
1509 269 1600 300 habes,
1625 269 1652 295 in
1665 271 1761 303 quibus
1773 277 1834 297 cou-

1052 320 1092 341 tra
1110 315 1254 347 diabolunt,
1274 319 1300 341 et
1313 314 1345 341 de
1360 314 1455 346 stellis,
1470 314 1593 348 cceloqtte
1605 315 1755 348 disputans,
1765 323 1834 349 quie-

1051 359 1112 385 dam
1127 359 1232 386 locutus
1247 364 1287 386 est
1300 366 1359 392 quae
1374 358 1493 386 Ecclesia
1512 367 1564 385 non
1582 359 1695 393 recipit?
1715 369 1725 385 ι

1086 404 1127 431 Ill.
1150 403 1324 441 _Psaltcrium
1349 402 1479 438 Origenes
1513 403 1611 437 triplici
1636 404 1832 438 expositionum

1052 456 1150 483 genere
1164 449 1320 480 illustravit,
1336 448 1550 480 commentariis,
1568 449 1686 476 homiliis
1706 453 1733 476 et
1754 450 1832 476 sebo-

1051 494 1105 521 Iiis.
1121 494 1241 521 Primum
1259 495 1335 522 illum
1354 495 1426 522 inter
1445 494 1553 522 Graecos
1568 496 1699 530 integrum
1719 495 1835 530 psalmo-

1050 549 1109 568 rum
1124 547 1222 574 corpus
1236 542 1327 568 multis
1343 541 1524 567 voluminibus
1535 541 1684 574 explicasse
1699 541 1832 574 prodituro

1050 591 1091 613 est
1121 587 1154 613 ab
1179 587 1339 620 Hieronymo
1355 587 1433 618 epist.
1452 586 1495 617 89,
1516 586 1547 612 ad
1574 586 1699 620 August.,
1715 586 1785 621 quod
1802 587 1834 613 de

1050 633 1253 660 commentariis
1275 632 1403 666 intelligo.
1425 632 1461 658 Ex
1476 633 1517 658 his
1535 632 1616 658 multa
1631 631 1671 658 vel
1689 632 1833 664 imitatum,

1050 678 1093 705 vel
1107 678 1312 711 interpretatum
1334 677 1416 703 fuisse
1431 676 1560 703 Hilarium
1578 677 1645 703 idem
1664 682 1758 703 auctor
1776 682 1833 709 est;

1051 723 1096 758 qui
1107 728 1134 750 et
1152 729 1253 756 septem
1268 730 1282 749 e
1299 723 1377 749 tomis
1393 723 1444 749 illis
1461 730 1490 750 se
1504 723 1606 749 Latinis
1621 723 1708 749 verbis
1725 731 1833 756 expres-

1051 769 1117 796 sisse
1131 770 1223 801 refert,
1241 777 1254 796 a
1269 769 1371 803 psalmo
1397 770 1523 795 nimirum
1540 769 1645 796 decimo
1657 770 1689 795 ad
1704 770 1835 795 decimum

1051 821 1167 842 sextum.
1184 816 1254 842 ldem
1271 816 1352 842 etiam
1365 815 1426 841 libr.
1442 822 1448 840 ι
1463 814 1570 848 Apolog.
1599 816 1720 841 adversus
1732 814 1834 845 Ruﬁn..

1051 865 1111 895 cap.
1127 861 1143 887 5
1160 870 1165 887 :
1189 870 1197 886 ‹
1212 860 1408 894 Oetogesimum
1431 868 1535 894 quoqtte
1558 867 1654 886 nonum
1671 860 1810 893 psalmum,
1823 869 1834 885 ι

1051 907 1147 941 inquit,
1169 908 1213 940 qui
1229 907 1373 937 scribitur,
1392 906 1483 933 Oratio
1505 905 1588 939 Moysi
1609 906 1721 932 hominis
1738 905 1794 936 Dei,
1809 910 1837 932 et

1052 952 1168 987 reliquos
1192 953 1326 984 undecim,
1344 953 1387 985 qui
1409 959 1461 978 non
1488 951 1587 977 habent
1613 951 1712 982 titulos,
1737 958 1835 977 secun-

1051 998 1114 1024 dum
1144 998 1222 1024 llnilli
1251 998 1468 1031 expositionem,
1497 996 1614 1030 ejusdem
1647 996 1730 1030 Moysi
1763 1000 1837 1029 putat

1052 1041 1215 1076 (Origenes)
1240 1049 1289 1067 nec
1313 1041 1473 1075 dedignatur
1506 1041 1644 1067 llebrteam
1669 1041 1836 1074 Scripturain

1051 1086 1242 1120 interpretans,
1262 1093 1309 1119 per
1327 1086 1429 1120 singula
1447 1087 1504 1112 loca
1520 1085 1584 1119 quid
1608 1085 1727 1112 Hebraeis
1745 1086 1837 1111 videa—

1051 1136 1094 1159 tur
1121 1132 1273 1159 inserere.)
1305 1132 1340 1158 Ea
1370 1140 1450 1166 porro
1472 1132 1663 1158 commentaria
1693 1131 1839 1164 instigante

1051 1177 1193 1206 Ambrosio
1222 1183 1357 1212 suscepta,
1385 1178 1524 1211 eidemque
1547 1177 1676 1211 inscripta
1693 1177 1780 1203 fuisse
1804 1185 1837 1203 ex

1052 1223 1203 1259 fragmento
1236 1224 1430 1257 intelligimus,
1464 1223 1535 1257 quod
1564 1221 1643 1249 habet
1670 1221 1837 1257 Epiphanius

1051 1271 1117 1298 hmr.
1131 1278 1202 1302 inv,
1220 1278 1279 1303 cap.
1296 1270 1321 1302 7,
1338 1274 1469 1296 tractatus
1490 1269 1614 1304 Origenis
1635 1269 1660 1295 in
1680 1269 1841 1295 Psalterium

1051 1321 1158 1345 centum
1172 1321 1197 1343 et
1212 1316 1407 1350 quinquaginta
1423 1316 1519 1342 vidisse
1539 1323 1567 1341 se
1588 1319 1723 1341 asseverat
1737 1314 1841 1341 'l‘ritte-

1052 1364 1123 1391 mius
1142 1365 1168 1389 in
1189 1363 1250 1389 libr.
1266 1362 1305 1388 De
1322 1363 1411 1395 script.
1441 1361 1529 1388 eccles.
1549 1361 1648 1387 Novem
1676 1360 1801 1386 homilias
1816 1360 1842 1386 in

1052 1409 1169 1444 psalmos
1198 1416 1289 1439 xxxvi,
1313 1415 1416 1439 xxxv”,
1444 1414 1557 1437 xxxvnt,
1581 1405 1700 1432 Romano
1717 1412 1845 1431 sermone

1053 1454 1141 1482 Rulini
1152 1462 1231 1487 opera
1244 1453 1355 1479 donatas
1365 1453 1456 1478 Latina
1467 1451 1588 1486 Origcnis
1606 1450 1686 1477 habet
1700 1451 1794 1476 editio.
1807 1451 1845 1477 De

1052 1500 1214 1535 psalmorum
1234 1499 1340 1524 illorum
1362 1498 1527 1531 expositione
1551 1498 1586 1523 ita
1605 1497 1718 1523 Ruﬁnus
1736 1498 1761 1523 in
1777 1496 1846 1523 Pso-

1052 1547 1113 1581 logo
1129 1556 1136 1573 :
1156 1556 1164 1570 ι
1176 1546 1280 1572 Idcirco
1298 1545 1343 1571 tibi
1360 1552 1430 1575 eam,
1447 1544 1599 1577 Aproniane
1620 1543 1655 1569 ﬁli
1668 1544 1843 1574 charissime,

1053 1593 1080 1620 in
1094 1600 1188 1619 novem
1200 1590 1396 1621 oratiunculas,
1413 1598 1478 1623 quas
1492 1589 1577 1616 Gratci
1593 1589 1718 1616 homilias
1729 1595 1846 1620 vocant,

1051 1639 1124 1666 velut
1146 1639 1171 1663 in
1200 1645 1251 1664 uno
1278 1644 1390 1671 corpore
1409 1637 1540 1669 digestum
1558 1636 1583 1662 itt
1609 1636 1732 1662 Latinum
1750 1640 1846 1662 trans—

1053 1684 1112 1711 tuli.
1125 1693 1134 1709 ι
1153 1683 1217 1709 Eam
1243 1684 1268 1709 in
1286 1690 1381 1709 novem
1398 1682 1523 1710 homilias
1538 1682 1666 1716 digeslant
1686 1690 1713 1708 se
1726 1687 1847 1709 transtu-

1052 1731 1115 1758 lisse
1134 1730 1210 1760 dicit,
1227 1737 1279 1755 non
1303 1729 1327 1755 in
1349 1736 1444 1755 novem
1461 1728 1583 1754 homilias
1599 1728 1759 1761 digessisse;
1777 1736 1846 1755 con-

1053 1780 1095 1802 tra
1110 1783 1188 1810 quam
1208 1775 1320 1800 Erasmo
1335 1774 1356 1789 "’
1377 1778 1403 1800 et
1419 1774 1496 1800 Sixto
1514 1772 1625 1799 Senensi
1642 1774 1665 1789 ⁵³
1680 1774 1766 1800 visunt
1793 1779 1844 1800 est.

1051 1820 1090 1847 Ex
1103 1820 1212 1847 homilia
1226 1825 1352 1853 prreleren
1371 1820 1397 1845 in
1416 1820 1509 1853 psalnt.
1532 1827 1638 1851 Lxxxu,
1662 1820 1847 1854 fragmentum

1053 1866 1180 1893 Historiw
1198 1873 1252 1892 sure
1271 1866 1383 1892 inseruit
1399 1866 1603 1892 Eusebiuslibr.
1621 1874 1657 1896 \‘l,
1679 1874 1739 1899 cap.
1762 1866 1798 1893 58
1822 1872 1849 1892 et

1054 1911 1192 1938 homiliam
1216 1912 1243 1937 in
1258 1911 1354 1945 psalm.
1369 1919 1394 1941 ε,
1409 1911 1497 1937 laudat
1519 1912 1575 1945 ipse
1590 1911 1719 1945 Origenes
1748 1912 1848 1939 homil.

1053 1957 1087 1984 15
1101 1957 1128 1984 in
1142 1957 1199 1983 Jos.
1215 1965 1287 1983 ntttn.
1299 1957 1324 1983 (5.
1345 1956 1464 1990 Denique
1477 1956 1602 1983 brevibus
1614 1957 1723 1983 scholiis
1739 1957 1846 1984 Psalte-

1052 2004 1122 2031 rium
1148 2003 1230 2030 iuisse
1248 2004 1280 2028 ab
1299 2003 1414 2036 Origene
1438 2003 1594 2029 adnotatum
1617 2003 1731 2029 allirmat
1750 2002 1848 2029 Hiero-

1052 2058 1147 2086 nymus
1163 2050 1219 2076 sive
1234 2049 1354 2083 quisquis
1369 2055 1409 2075 est
1421 2054 1515 2075 auctor
1530 2048 1675 2075 Comment.
1691 2049 1718 2074 in
1736 2048 1847 2075 Psalm.

1052 2095 1079 2121 in
1111 2094 1266 2121 Prooem“.
1290 2105 1298 2119 ι
1331 2094 1464 2124 Proxime,
1497 2094 1593 2128 inquit,
1631 2102 1691 2121 cum
1719 2095 1852 2129 Origenis

1052 2139 1221 2170 Psalterium.
1233 2141 1302 2173 (illud
1315 2141 1490 2167 Enchiridion
1507 2141 1551 2167 ille
1567 2141 1687 2173 vocabat,
1700 2141 1807 2169 strictis
1824 2147 1853 2168 et

1053 2187 1214 2214 necessariis
1235 2187 1504 2220 interpretationibus
1524 2188 1681 2214 adnotatum
1711 2188 1738 2214 in
1770 2196 1852 2215 cont-

219 2229 421 2265 προσομιλήσας
446 2228 555 2255 Ἰὼ6....
573 2228 708 2264 μετέωρος
721 2229 760 2260 εἰς
773 2228 808 2255 τὰ
822 2229 876 2256 τῶν
890 2229 1001 2264 θυγατέ-

1055 2238 1135 2258 mune
1162 2232 1327 2265 legeremus,
1358 2232 1436 2258 simul
1465 2238 1577 2267 uterque
1614 2233 1852 2267 deprehendimus

221 2284 274 2312 ρων
287 2277 409 2312 ὁρμήσας
432 2276 551 2311 ὀνόματα
575 2274 720 2311 κατετρίϐη
734 2275 873 2311 γραωδῶς.
902 2285 911 2301 ι
936 2275 1003 2303 Cum

220 2324 252 2349 de
265 2323 363 2349 tuisero
375 2321 425 2348 Job
453 2321 577 2348 homilias
594 2321 742 2353 habuisset,
756 2322 782 2347 iit
809 2320 934 2348 Filiarum
952 2329 1002 2349 no-

220 2368 291 2395 mina
306 2367 414 2395 sublimi
427 2367 551 2394 oratione
568 2373 728 2399 excurrens,
740 2367 849 2394 aniliter
865 2374 898 2394 eo
911 2368 938 2394 in
958 2375 1003 2394 ar-

219 2417 345 2447 gumento
376 2417 501 2439 versatus
530 2417 580 2439 est.
596 2421 606 2438 ι
631 2411 684 2438 Has
707 2412 830 2439 homilias
842 2413 875 2439 ad
894 2413 1011 2440 sensum'

220 2458 303 2486 fuisse
316 2458 350 2485 ab
376 2458 479 2485 Hilario
504 2465 649 2485 conversas
672 2458 755 2485 tradit
775 2457 955 2494 Hieronymus
977 2460 1003 2487 in

220 2503 344 2539 Catalogo
367 2504 488 2536 scriptor.
513 2503 605 2531 eccler.
628 2508 656 2531 et
679 2505 755 2538 epist.
770 2504 804 2531 75
827 2505 861 2532 ad
887 2503 1004 2540 Vigilan-

1056 2276 1183 2303 nonnulla
1197 2285 1257 2303 ettnt
1274 2278 1313 2304 vel
1338 2278 1531 2311 perstrinxisse
1551 2279 1654 2311 leviter,
1676 2279 1720 2305 vel
1743 2279 1852 2307 intacta

1057 2322 1163 2356 penitus
1181 2323 1339 2356 reliquisse;
1357 2324 1389 2350 de
1402 2324 1498 2358 quibus
1514 2325 1538 2351 in
1555 2324 1607 2351 alio
1620 2332 1701 2359 opere
1712 2325 1852 2353 latissime

1056 2368 1211 2402 disputavit,
1225 2370 1294 2401 quod
1312 2369 1414 2396 scilicet
1441 2378 1493 2396 non
1510 2375 1615 2404 putaret
1638 2378 1694 2397 rem
1718 2379 1851 2405 magnam

1052 2414 1127 2441 brevi
1143 2422 1267 2442 sermone
1283 2415 1457 2443 concludere.
1473 2426 1482 2441 ι
1499 2416 1531 2442 Ει
1547 2416 1662 2443 deinde:
1680 2425 1688 2441 ι
1704 2415 1762 2444 Non
1774 2419 1852 2451 quod

1053 2465 1144 2494 putem
1159 2468 1173 2487 a
1190 2469 1231 2488 me
1243 2468 1322 2496 posse
1335 2462 1388 2489 dici
1405 2469 1465 2497 qua
1480 2462 1524 2489 ille
1541 2462 1692 2497 praeteriit;
1706 2462 1756 2489 sed
1773 2464 1853 2497 quod

1052 2513 1082 2532 ea
1097 2513 1157 2540 qua:
1169 2506 1197 2533 in
1216 2507 1296 2534 tomis
1305 2507 1347 2534 vel
1359 2508 1477 2535 homiliis
1498 2508 1556 2542 ipse
1571 2507 1710 2540 disseruit,
1733 2508 1777 2535 vel
1800 2516 1854 2543 ego

255 2559 396 2601 “'Erasml.
406 2559 433 2587 in
443 2558 565 2601 (ξεηδανςι.
588 2559 621 2601 de
637 2560 874 2601 CommentarzAin
900 2570 930 2590 ιιι
960 2563 1054 2598 psalm.
1092 2564 1116 2580 ⁸³
1130 2564 1200 2593 Sixt.
1217 2559 1344 2593 Biblioth.
1367 2565 1430 2593 libr.
1445 2573 1482 2593 tv.
1519 2564 1664 2593 u‘lrlierou.
1680 2564 1764 2601 Oper.
1791 2567 1854 2595 edi-

221 2595 300 2623 tionis
314 2595 438 2621 Martian.
455 2599 520 2622 tom.
539 2593 569 2627 ll,
591 2596 617 2622 in
638 2596 752 2630 append.
769 2604 796 2631 p.
811 2596 870 2623 12!.

255 2640 310 2676 (6i)
331 2639 428 2674 Viginti
449 2648 495 2667 seu;
509 2641 630 2668 homilias
650 2642 676 2668 in
690 2641 774 2669 Josue
790 2651 822 2669 ea:
843 2648 956 2675 tempore
970 2645 1003 2670 ab

221 2676 383 2703 Adamantio
395 2683 453 2702 rene
469 2676 600 2702 recitatos.
612 2676 788 2704 Cassiodorus
801 2678 848 2705 lib.
871 2678 908 2704 De
926 2680 1005 2705 insti-

221 2715 271 2737 μα.
296 2711 378 2737 divin.
397 2709 512 2744 Script.,
530 2719 589 2744 cap.
618 2712 644 2743 l,
666 2712 774 2745 triginta
798 2719 1002 2741 commemorat.

220 2747 249 2772 ιιι
269 2746 382 2779 septima
401 2753 476 2781 nunt.
498 2746 526 2776 ti,
543 2753 572 2772 se
594 2746 780 2781 presbyterum
795 2753 822 2774 et
848 2748 922 2774 verbi
954 2749 1004 2776 Dei

221 2788 370 2815 prmconem
399 2780 487 2807 dicit:
518 2781 543 2806 in
565 2781 642 2807 tertia
660 2780 735 2807 num.
755 2781 782 2812 4,
806 2782 898 2809 laudat
917 2783 1004 2811 homi-

221 2816 283 2842 liam
301 2815 456 2850 quamdam,
485 2822 563 2849 quam
590 2816 615 2841 in
640 2816 690 2842 alia
707 2817 821 2850 quadam
835 2819 948 2845 ecclesia
971 2819 1004 2845 de

221 2852 324 2876 duabus
347 2850 548 2881 meretricibus,
573 2850 606 2877 de
626 2851 724 2885 quibus
750 2853 882 2885 scriptum
911 2859 952 2880 est
977 2855 1002 2880 itt

222 2885 301 2913 tertio
313 2885 381 2912 libro
393 2885 505 2919 [ti-gum,
520 2892 580 2919 quae
601 2885 634 2912 ad
652 2885 785 2921 judiciqu
798 2894 928 2917 venerant
952 2888 1004 2916 Sa-

1054 2644 1178 2677 lomonis,
1202 2644 1305 2671 habuit.
1332 2645 1433 2671 Deinde
1461 2644 1544 2679 liquet
1570 2651 1602 2670 ex
1633 2644 1741 2671 decima
1765 2644 1854 2671 tertia

1055 2688 1131 2706 nuttt.
1144 2680 1170 2712 3,
1188 2680 1232 2710 15,
1253 2688 1326 2707 1111111.
1345 2682 1371 2711 6,
1381 2685 1407 2706 et
1421 2679 1456 2706 25
1480 2688 1554 2706 unm.
1572 2680 1598 2709 Ι,
1612 2680 1784 2712 posteriores
1803 2686 1857 2706 eas

1054 2723 1114 2741 esse
1139 2715 1307 2749 expasitione
1336 2715 1364 2742 iu
1392 2715 1521 2748 psalmum
1551 2722 1577 2745 ε,
1613 2723 1644 2741 ac
1669 2715 1793 2740 homiliis
1826 2715 1856 2739 in

1054 2748 1207 2781 Jeremiam,
1224 2755 1251 2776 et
1263 2751 1289 2776 in
1307 2748 1439 2776 Numeros
1453 2757 1462 2775 :
1484 2750 1664 2782 videnturque
1688 2749 1858 2782 pronuntia.

1055 2789 1089 2811 tua
1107 2786 1178 2812 circa
1197 2784 1277 2811 linem
1293 2785 1355 2811 anui
1370 2784 1440 2817 249,
1459 2783 1500 2811 vel
1520 2783 1568 2810 sub
1583 2783 1691 2809 initium
1704 2784 1769 2810 anni
1784 2784 1855 2813 :50,

1054 2820 1270 2853 quandoquidem
1282 2820 1389 2847 humilia
1402 2827 1484 2850 nona,
1502 2826 1577 2844 num.
1594 2818 1638 2850 lt),
1651 2819 1854 2851 gravissimam

1056 2860 1190 2916 mq’morat
1207 2856 1422 2889 persecutionem
1437 2862 1496 2889 qna:
1523 2859 1586 2880 tunc
1609 2854 1766 2881 Ecclesiatn
1782 2853 1855 2880 atth-

1056 2896 1089 2916 ee
1110 2894 1149 2916 at.

1056 2894 1149 2924 gebat.
