3838 6222
210 344 343 399 ιεοι

1056 342 1632 400 OHICENIANORUM
1672 344 1800 398 LIB.
1844 343 1935 407 ΙΙΙ,
1976 343 2129 399 CAP.
2173 344 2238 406 ll,
2274 342 2458 398 SECT.
2505 340 2561 397 ll.

3319 343 3457 400 120%

209 459 372 529 digna
405 457 640 512 arbitror
664 456 916 522 lectione,
947 457 999 512 in
1025 458 1169 512 hunc
1194 465 1475 525 angustum
1510 458 1786 512 Commen—
1814 464 1861 520 Α
1890 457 2074 528 viginti
2118 456 2353 527 quinque
2400 455 2674 520 homilia;
2716 463 2771 511 et
2822 458 3149 529 σημειώσεις
3186 476 3318 531 quas
3359 474 3461 521 nos

209 551 462 605 tariolum
493 549 743 605 referam.
776 568 796 602 ι
821 550 1029 616 Quibus
1070 548 1198 602 tomi
1225 549 1471 616 Origenis
1495 589 1510 612 ,
1547 548 1781 603 homilia:

207 652 265 695 et
290 641 492 695 scholia
521 642 574 695 in
603 640 920 695 Psalterium
955 641 1269 710 singulatim
1302 649 1577 696 notantur.

283 729 370 785 ιν.
395 732 473 785 Ex
492 729 607 799 ejus
633 730 1051 787 Commentariis
1073 733 1129 784 in
1158 729 1445 785 Proverbia
1475 730 1783 788 Salomonis

209 824 508 894 particulas
530 825 666 879 duas
703 824 1038 893 deprompsit
1071 823 1384 892 Pamphilus
1418 824 1472 878 in
1511 823 1780 894 Apologia.

208 916 412 972 Catena
448 930 662 986 quoque
694 916 1060 985 manuscripta
1090 914 1437 970 Bibliotheca;
1460 915 1782 970 Mazarinia-

215 1023 300 1062 me
341 1014 395 1060 in
425 1005 648 1070 Lucam,
680 1006 748 1060 ad
792 1021 912 1077 cap.
948 1019 1067 1071 vm,
1110 1020 1256 1060 vers.
1306 1006 1361 1072 4,
1414 1006 1623 1075 insigne
1670 998 1783 1059 Ira-3

213 1109 489 1167 gmentum
535 1098 767 1152 indidem
798 1097 1085 1166 expromit.
1127 1096 1297 1166 Ipsius
1358 1097 1784 1167 Explicationum

209 1192 269 1244 in
306 1189 653 1244 Ecclesiasten
682 1189 871 1243 scribit
910 1188 1094 1244 Sixtus
1121 1190 1429 1244 meminisse
1464 1190 1784 1245 Methodium

214 1283 270 1336 in
322 1281 458 1336 libro
496 1279 572 1335 De
616 1281 1020 1335 resurrectione.
1087 1280 1239 1347 Quod
1291 1283 1540 1350 equidem
1588 1281 1641 1336 in
1687 1280 1789 1335 fra-

212 1373 464 1443 gmentis,
491 1387 610 1441 quae
635 1372 773 1441 apud
802 1371 1154 1441 Epiphanium
1185 1380 1241 1426 et
1289 1371 1533 1427 PhOtium
1551 1381 1785 1438 exstant,

214 1478 484 1532 nusquam
505 1464 735 1531 reperio.
775 1460 841 1515 In
879 1462 1154 1517 Canticum
1198 1463 1519 1516 canticorum
1559 1464 1787 1518 multum

213 1555 420 1610 laboris
450 1566 504 1609 et
526 1555 688 1609 studii
716 1554 1013 1609 contulisse
1042 1554 1215 1623 ipsum
1244 1562 1469 1608 testatur
1499 1554 1790 1623 Gregorius

215 1646 488 1718 Nyssenus
521 1647 572 1699 in
597 1646 833 1701 Prooem.
862 1646 1168 1701 Comment.
1206 1647 1261 1699 in
1288 1645 1496 1701 Cantic.
1532 1650 1785 1702 canticor.

218 1738 653 1794 Commentarios
689 1740 903 1808 quidem
946 1750 1000 1793 et
1040 1739 1292 1795 homilias
1327 1742 1381 1793 in
1426 1740 1566 1794 hunc
1594 1740 1788 1793 librum

1880 560 2131 620 excerpta
2176 564 2465 619 possumus
2515 547 2804 615 appellare.
2834 569 2854 601 ›
2899 550 3055 606 Plura
3103 562 3278 608 autem
3326 554 3462 609 scri-

1883 642 2062 711 psisse
2102 640 2249 693 illum
2288 639 2614 709 persuadere
2646 651 2870 709 possunt
2898 641 3012 695 haec
3043 642 3259 698 Eusebii
3298 643 3459 698 verba

1881 734 1976 788 lib.
2001 748 2052 786 v1
2105 730 2332 795 Histor.,
2368 747 2489 799 cap.
2520 730 2608 797 32,
2637 732 2777 785 unde
2817 747 2913 787 sua
2956 734 3308 806 Hieronymus
3344 752 3462 789 mtt-

1883 832 2065 877 tuatus
2091 830 2174 877 est
2208 841 2219 875 :
2251 822 2362 874 Ka‘t
2390 821 2650 891 Ὧριγένει
2678 821 2735 874 δὲ
2764 823 2903 877 κατὰ
2932 823 3119 877 τοῦτον
3151 823 3243 878 τὸν
3267 826 3461 897 χρόνον

1883 915 1950 969 τὰ
1982 916 2061 978 εἱς
2084 914 2174 967 τὸν
2212 914 2439 967 Ἡσαΐαν
2462 913 2832 981 συνετάττετο,
2864 910 2939 971 ὧν
2964 917 3042 979 εἰς
3069 917 3165 987 μὲν
3186 916 3247 970 τὸ
3278 917 3461 988 τρίτον

1888 1006 2055 1079 μέρος
2080 1005 2174 1058 τοῦ
2221 1005 2442 1058 Ἡσαΐου
2472 1005 2631 1077 μέχρι
2664 1006 2762 1075 τῆς
2789 1005 3037 1076 ὁράσεως
3063 1008 3170 1061 τῶν
3195 1008 3459 1079 τετραπό-

1883 1097 1990 1151 δων
2021 1096 2127 1149 τῶν
2154 1098 2211 1149 ὲν
2238 1099 2303 1167 τῇ
2329 1097 2539 1168 ἐρήμῳ,
2581 1094 2876 1165 τριάκοντα
2906 1099 2984 1161 εἰς
3016 1099 3161 1169 ἡμᾶς
3192 1098 3460 1170 προῆλθον

1884 1188 2061 1259 τόμοι.
2100 1187 2209 1258 (65)
2232 1208 2250 1239 t
2278 1188 2386 1242 Hac
2407 1196 2726 1256 tempestate
2746 1186 3005 1258 Origenes
3031 1191 3460 1246 Commentarios

1887 1294 2013 1334 suos
2038 1281 2092 1333 in
2126 1278 2329 1333 Isaiam
2355 1279 2676 1349 composuit,
2711 1294 2741 1334 e
2776 1280 2970 1348 quibus
3006 1281 3058 1335 in
3101 1283 3312 1336 tertiam
3341 1284 3463 1352 qui-

1888 1371 2006 1424 dem
2036 1382 2244 1439 partem
2268 1370 2438 1436 Isaias,
2482 1384 2650 1441 usque
2675 1374 2741 1429 ad
2768 1373 3025 1428 visionem
3056 1373 3460 1442 quadrupedum

1888 1461 1941 1516 in
1981 1462 2216 1527 deserto,
2244 1463 2466 1533 triginta
2506 1464 2571 1518 ad
2612 1480 2709 1521 nos
2750 1466 2881 1520 tomi
2912 1474 3289 1534 pervenerunt.
3325 1483 3344 1517 ι
3396 1466 3465 1520 Et

1890 1555 2145 1610 continuo
2190 1556 2255 1611 de
2281 1555 2694 1612 Commentariis
2734 1557 2978 1624 ejusdem
3028 1557 3085 1611 in
3134 1557 3462 1611 Ezechielem

1890 1658 2091 1714 agens,
2145 1645 2333 1715 viginti
2382 1647 2619 1717 quinque
2672 1663 2769 1701 sua
2821 1656 2978 1703 aetate
3020 1649 3297 1704 exstitisse
3350 1648 3461 1711 ait,

1892 1750 2068 1802 neque
2113 1734 2293 1802 plures
2332 1734 2618 1805 Origenem
2674 1736 2725 1790 in
2776 1738 2918 1791 hunc
2964 1736 3277 1806 prophetam
3327 1735 3465 1789 scri-

217 1827 384 1881 dedit.
457 1828 837 1882 Commentarii
923 1829 1161 1898 duplices
1246 1828 1461 1884 fuerunt
1498 1845 1511 1881 :
1567 1844 1789 1897 parvum
1821 1822 1863 1876 B
1892 1827 2062 1895 psisse
2086 1843 2099 1880 :
2123 1827 2275 1895 quasi
2309 1826 2638 1883 subinnuens
2669 1828 2876 1895 aliquos
2911 1842 2942 1879 e
2968 1826 3386 1881 Commentariis
3409 1827 3465 1879 in

219 1930 425 1974 tomum
456 1920 667 1988 juvenis
696 1920 951 1988 scripsit,
988 1936 1019 1975 e
1059 1936 1165 1989 quo
1202 1920 1453 1975 laciniam
1500 1922 1662 1991 capiti
1711 1935 1794 1975 se-

214 2008 385 2077 ptimo
463 2006 775 2061 Philocaliaz
835 2008 1092 2063 intextam
1166 2008 1542 2079 deprehendas
1585 2028 1597 2062 :
1639 2009 1797 2063 annis

217 2116 348 2155 vero
378 2102 685 2169 provectior
724 2099 911 2153 decem
944 2101 1247 2170 composuit
1277 2110 1481 2168 tomos,
1516 2116 1651 2171 quos
1694 2116 1799 2156 me-

215 2191 463 2246 morabili
483 2191 657 2258 elogio
687 2190 1051 2262 Hieronymus
1098 2193 1408 2259 exornavit,
1462 2193 1517 2247 in
1568 2192 1798 2263 Prologo

214 2284 285 2337 ad
314 2283 617 2348 Damasum,
651 2299 760 2338 su:e
805 2284 1246 2353 interpretationi
1277 2284 1507 2339 duarum
1545 2284 1797 2352 Origenis

215 2375 557 2431 homiliarum
586 2376 640 2429 in
674 2376 896 2431 Cantico
925 2376 1150 2446 praeﬁxo
1181 2393 1195 2430 :
1234 2394 1252 2428 t
1280 2376 1565 2445 Origenes,
1600 2378 1795 2447 inquit,

217 2481 342 2519 cum
392 2466 443 2520 in
500 2465 714 2521 caeteris
748 2466 902 2521 libris
956 2482 1145 2522 omnes
1193 2466 1408 2532 vicerit,
1464 2468 1518 2521 in
1572 2468 1798 2523 Cantico

215 2555 553 2610 canticorum
599 2556 711 2624 ipse
754 2570 814 2610 se
846 2556 1016 2611 vicit:
1052 2572 1174 2610 nam
1206 2558 1390 2611 decem
1432 2557 1798 2614 voluminibus

214 2646 508 2717 explicitis,
559 2662 679 2717 qua:
719 2649 784 2703 ad
842 2649 1032 2720 viginti
1084 2664 1255 2718 usque
1312 2665 1565 2705 versuum
1628 2651 1795 2705 millia

214 2754 355 2810 pene
384 2742 724 2811 perveniunt,
766 2740 999 2811 primum
1050 2739 1401 2811 Septuaginta
1448 2742 1792 2810 lnterpretes,

214 2832 412 2888 deinde
447 2831 718 2902 Aquilam,
745 2841 797 2887 et
829 2829 1235 2902 Symmachum,
1267 2839 1322 2884 et
1347 2830 1795 2896 Tbeodotionem,

217 2933 274 2978 et
304 2923 372 2978 ad
398 2932 699 2978 extremum
724 2923 966 2993 quintam
988 2922 1283 2979 editionem
1306 2962 1321 2986 ,
1359 2938 1521 2992 quam
1562 2924 1615 2977 in
1645 2924 1797 2979 Actio

220 3015 404 3069 littore
440 3014 711 3069 invenisse
745 3030 803 3069 se
830 3014 1041 3077 scribit,
1075 3014 1146 3066 ita
1171 3013 1476 3081 magnifice,
1501 3022 1792 3082 aperteque

221 3106 514 3171 disseruit,
547 3114 605 3159 ut
647 3106 771 3160 inde
800 3106 932 3159 mihi
961 3106 1208 3160 videatur
1256 3106 1308 3158 in
1356 3120 1420 3160 eo
1472 3105 1795 3173 completum

218 3210 343 3251 esse
370 3197 512 3265 quod
535 3196 732 3250 dicitur
764 3215 777 3251 :
806 3194 1114 3253 Introduxit
1148 3214 1227 3251 me
1263 3196 1375 3251 Rea:
1413 3198 1467 3251 in
1494 3197 1796 3252 cubiculum

218 3301 375 3340 suum
414 3284 481 3339 “.
506 3304 526 3338 ι
564 3285 763 3340 Horum
806 3286 1331 3344 Commentariorum
1363 3304 1489 3359 pars
1518 3304 1624 3344 non
1664 3303 1795 3343 con-

226 3380 513 3433 temnenda
542 3380 597 3433 in
632 3378 873 3433 editione
896 3378 1088 3433 Latina
1117 3380 1383 3448 hodieque
1413 3390 1675 3449 superest,
1704 3381 1797 3437 sed

224 3468 367 3523 male
392 3470 444 3523 in
475 3469 724 3523 homilias
756 3468 1063 3534 distributa,
1094 3470 1152 3523 ut
1180 3471 1528 3524 ostendemus
1552 3470 1794 3534 inferius,

224 3576 347 3614 cum
370 3561 435 3614 de
462 3561 838 3628 superstitibus
881 3560 1125 3630 Origenis
1155 3562 1408 3630 operibus
1456 3562 1561 3615 erit
1604 3563 1795 3632 agendi

225 3651 396 3706 locus.
432 3650 694 3706 Homilias
734 3664 914 3707 autem
947 3654 1003 3705 in
1033 3651 1308 3706 Canticum
1349 3651 1481 3706 duas
1528 3650 1796 3721 Hierony-

227 3757 346 3797 mus
413 3741 600 3797 Latine
672 3742 977 3811 explicavit,
1032 3758 1248 3814 tquas,
1306 3753 1363 3796 ut
1417 3744 1530 3812 ipse
1583 3746 1689 3809 ait,
1745 3744 1799 3797 in

227 3848 433 3888 morem
453 3834 751 3903 quotidiani
779 3834 978 3905 eloquii
1011 3836 1245 3904 parvulis
1271 3834 1447 3890 adhuc
1475 3834 1801 3890 lactentibus

228 3921 551 3995 (Origenes)
589 3924 905 3994 composuit.
939 3943 957 3976 ι

305 4012 369 4067 ν.
411 4013 601 4068 Isaiam
652 4012 1010 4067 Adamantius
1066 4012 1515 4081 commentariis,
1568 4012 1803 4068 homiliis

228 4113 286 4160 et
317 4104 542 4159 scholiis
597 4104 984 4173 interpretatus
1018 4113 1130 4170 est;
1178 4114 1233 4157 et
1288 4104 1800 4159 commentariorum

229 4198 447 4267 quidem
507 4196 730 4267 triginta
789 4196 964 4258 libris,
1022 4195 1259 4250 homiliis
1303 4195 1487 4265 viginti
1540 4196 1800 4266 quinque.

232 4289 590 4361 Hieronymus
625 4288 747 4342 libr.
793 4303 809 4341 ι
855 4287 1074 4358 Apolog.
1105 4287 1308 4341 advers.
1342 4286 1545 4355 Ruﬁn.,
1585 4303 1705 4357 cap.
1746 4287 1800 4353 5,

240 4402 259 4435 t
296 4382 453 4439 Certe
499 4382 660 4438 etiam
691 4380 952 4450 Origenes
997 4381 1343 4450 patriarcheu
1377 4377 1612 4433 Huillum
1640 4419 1654 4444 ,
1713 4380 1803 4447 qui

234 4476 563 4545 temporibus
583 4474 701 4544 ejus
720 4476 841 4540 fuit,
861 4475 1131 4538 nominat;
1156 4482 1208 4525 et
1233 4472 1566 4526 tricesimum
1602 4481 1802 4525 tomum

235 4567 290 4621 in
328 4566 544 4630 Isaiam,
593 4570 647 4621 in
685 4568 836 4636 cujus
870 4569 973 4622 line
1006 4566 1276 4629 edisserit,
1361 4564 1451 4619 Va:
1489 4566 1582 4617 tibi
1630 4566 1809 4619 civitas

233 4658 399 4724 Ariel,
428 4674 585 4729 quam
614 4658 923 4726 expugnavit
966 4655 1131 4709 Dauid
1153 4654 1197 4686 “
1226 4657 1239 4709 !
1275 4655 1416 4709 illius
1476 4654 1811 4724 expositione

236 4751 541 4816 concludit;
592 4760 651 4804 ut
693 4765 814 4805 cum
862 4748 1021 4803 aliter
1062 4747 1212 4817 prius
1247 4748 1486 4802 sensisse
1530 4761 1590 4800 se
1642 4746 1807 4811 dicat,

236 4848 454 4898 doctum
490 4844 557 4898 ab
594 4843 707 4906 illo,
736 4844 788 4897 id
820 4843 960 4912 quod
985 4851 1067 4896 est
1102 4842 1309 4906 verius,
1346 4838 1655 4895 conﬁtetur.
1688 4857 1706 4890 ι
1742 4836 1810 4892 Ει

239 4936 292 4991 in
332 4935 603 4991 Procemlo
644 4938 713 4991 ad
754 4936 985 5005 primum
1036 4933 1567 4989 Commentariorum
1588 4946 1807 4985 suorum

239 5031 293 5081 in
332 5028 536 5082 Isaiam
584 5027 784 5081 librum
822 5045 835 5081 :
878 5044 896 5077 t
930 5025 1160 5095 Scripsit
1191 5026 1244 5079 in
1302 5024 1449 5078 hunc
1486 5021 1805 5091 prophetam

234 5121 385 5189 juxta
416 5121 677 5177 editiones
706 5130 956 5188 quatuor,
984 5133 1151 5188 usque
1180 5119 1246 5171 ad
1282 5116 1543 5171 visionem
1575 5114 1809 5183 quadru-

238 5212 434 5279 pedum
473 5211 527 5265 in
580 5211 794 5267 deserto
854 5208 1115 5279 Origenes
1176 5208 1399 5278 triginta
1446 5204 1739 5270 volumina,
1777 5218 1807 5258 e

240 5302 433 5372 quibus
469 5305 756 5359 vicesimus
776 5312 960 5358 sextus
989 5302 1123 5356 liber
1152 5316 1259 5355 non
1289 5298 1580 5353 invenitur.
1608 5296 1808 5351 Ferun-

243 5404 329 5446 tur
349 5402 405 5448 et
436 5393 526 5448 alii
552 5396 665 5449 sub
696 5394 910 5448 nomine
955 5392 1071 5460 ejus
1113 5392 1179 5446 de
1214 5392 1423 5446 visione
1465 5388 1808 5463 τετραπόδων

241 5484 349 5539 duo
370 5486 436 5538 ad
466 5484 687 5539 Oratam
723 5484 864 5551 libri,
891 5485 983 5553 qui
1019 5483 1410 5553 pseudograpbi
1438 5492 1729 5552 putantur;
1754 5488 1807 5537 et

313 5621 359 5653 “
391 5620 599 5678 Cantic.
644 5637 683 5687 ι,
722 5622 777 5676 5.
853 5622 899 5654 ⁸⁸
928 5622 1049 5676 lsai.
1080 5638 1231 5686 XXIX,
1264 5623 1317 5675 l.

314 5757 424 5830 (65)
459 5726 699 5816 valesius
732 5760 889 5829 legit,
932 5759 1220 5832 περιῆλθον
1241 5774 1413 5829 tonat.

1896 1918 2097 1972 Isaiam
2161 1918 2515 1974 intercidisse.
2566 1919 2622 1973 In
2675 1921 2899 1988 antiquo
2944 1919 3129 1974 codice
3184 1916 3462 1981 Marcbali,

1896 2012 2038 2067 unde
2106 2010 2256 2066 Isaia:
2299 2020 2611 2066 contextum
2668 2012 2997 2082 deprompsit
3056 2009 3368 2071 Curterius,
3411 2018 3466 2062 et

1896 2118 2018 2157 cum
2062 2101 2308 2171 ProcOpii
2344 2104 2761 2159 Commentariis
2789 2103 2977 2166 edidit,
3038 2111 3302 2155 tomorum
3349 2099 3465 2152 illo-

1896 2211 2014 2249 rum
2046 2193 2295 2265 Origenis
2326 2196 2533 2251 numeri
2571 2196 2637 2249 ad
2664 2194 2884 2248 litnbum
2915 2192 3133 2261 ascripti
3168 2200 3312 2256 sunt,
3335 2191 3462 2243 etin

1897 2285 2171 2339 tricesimo
2201 2284 2473 2350 desinunt,
2505 2286 2595 2353 qui
2641 2292 2857 2337 notatus
2887 2292 2969 2336 est
2998 2282 3063 2335 ad
3087 2296 3235 2336 oram
3274 2279 3465 2347 capitis

1898 2392 2048 2440 xxlx,
2084 2391 2226 2430 vers.
2261 2377 2313 2441 l,
2342 2385 2505 2446 atque
2529 2375 2652 2429 hinc
2686 2374 2907 2444 proinde
2932 2372 3190 2441 pertinuit
3220 2372 3286 2425 ad
3330 2385 3453 2439 cap.

1897 2485 2029 2531 xxx,
2071 2483 2215 2522 vers.
2264 2466 2338 2533 6;
2403 2466 2545 2521 unde
2590 2466 2800 2519 initium
2851 2464 2996 2518 tlucit
3050 2463 3185 2517 visio
3230 2463 3467 2531 quadru-

1895 2562 2117 2633 pedum.

1964 2649 2215 2705 Jeremim
2251 2648 2586 2719 prophetiam
2644 2662 2743 2717 per
2796 2646 3050 2701 bomilias
3107 2644 3475 2701 Adamantius

1895 2742 2203 2811 explicavit.
2233 2740 2651 2808 Quatuordecim
2674 2754 2742 2794 ex
2771 2737 3009 2793 homiliis
3037 2737 3261 2792 confuso
3282 2738 3468 2792 ordine

1896 2832 2252 2903 Hieronymus
2284 2833 2337 2886 in
2384 2829 2635 2884 Latinum
2672 2838 2971 2884 sermonem
3019 2826 3310 2883 transtulit.
3364 2826 3467 2880 No-

1895 2924 2187 2977 vemdecim
2239 2921 2427 2976 habuit
2455 2919 2813 2975 Scorialensis
2855 2920 3043 2984 codex,
3086 2934 3193 2987 quo
3224 2933 3351 2973 usus
3388 2928 3470 2972 est

1895 3013 2204 3078 Cordcrius,
2257 3013 2356 3067 sub
2407 3011 2623 3066 nomine
2674 3008 2894 3080 Cyrilli;
2932 3023 3160 3078 quarum
3188 3006 3467 3061 duodecim

1898 3108 2040 3161 inter
2097 3105 2554 3174 Hieronymianas
2595 3102 2708 3171 jam
2760 3110 2883 3155 ante
2929 3102 3285 3155 habebantur.
3335 3098 3470 3153 Fra-

1898 3205 2171 3268 gmentum
2200 3210 2263 3251 ex
2294 3195 2512 3250 homilia
2547 3194 2821 3249 tricesima
2854 3206 2992 3247 nona
3020 3192 3290 3247 decimum
3316 3188 3473 3244 oll‘ert

1899 3290 2208 3344 Pltilocalia:
2232 3298 2393 3358 caput
2421 3288 2553 3359 (66).
2581 3287 2935 3342 Cassiodorus
2960 3287 3011 3340 in
3042 3286 3178 3339 libro
3204 3284 3279 3338 De
3320 3285 3475 3338 iusti-

1898 3390 1997 3435 tut.
2046 3381 2212 3434 divin.
2260 3378 2613 3447 Scripturar.,
2670 3393 2788 3448 cap.
2840 3379 2894 3443 ’5,
2936 3378 3130 3431 asserit
3183 3374 3472 3446 Origencm

1897 3473 1968 3527 45
2018 3472 2253 3527 homiliis
2297 3469 2587 3525 Jeremiam
2635 3471 2969 3540 exposuisse,
3018 3484 3083 3524 ex
3126 3469 3297 3537 iisque
3339 3483 3474 3536 qua-

1902 3564 2197 3618 tuordecim
2243 3564 2343 3617 sibi
2397 3563 2564 3618 luisse
2594 3562 2864 3626 inventas,
2917 3578 3010 3616 eas
3052 3562 3306 3615 nimirum
3338 3575 3473 3629 quas

1899 3657 2259 3725 Hieronymus
2290 3654 2583 3709 Latinitate
2608 3654 2917 3709 donaverat.
2956 3653 3197 3723 Denique
3220 3652 3476 3708 Rabanus

1902 3748 2117 3801 Maurus
2151 3744 2366 3800 Praelat.
2402 3747 2455 3799 in
2484 3745 2682 3800 Jerem.
2710 3747 2948 3815 quinque
2989 3746 3108 3799 illas
3142 3759 3302 3813 supra
3335 3759 3475 3813 qua-

1902 3841 2149 3911 draginta
2189 3838 2437 3907 Origenis
2474 3839 2725 3894 homilias
2770 3840 2822 3892 in
2854 3838 3137 3893 Jcremiam
3180 3838 3379 3892 vidisse
3416 3852 3476 3893 se

1902 3940 2196 3986 asseverat.
2234 3933 2304 3985 At
2329 3931 2385 3983 in
2424 3928 2655 3983 Threnos
2687 3929 2937 3984 Ieremia:
2975 3942 3166 3983 novem
3215 3926 3476 3996 Origenes

1903 4022 2200 4077 dictaverat
2226 4031 2422 4089 tomos,
2467 4036 2532 4076 ex
2569 4022 2764 4091 quibus
2805 4023 3044 4090 quinque
3098 4020 3361 4074 duntaxat
3407 4020 3476 4073 ad

1903 4129 2055 4168 suam
2079 4122 2291 4168 aetatem
2326 4128 2707 4183 perseverasse
2740 4113 3001 4169 Eusebius
3044 4112 3317 4167 memorias
3350 4126 3475 4181 pro—

1904 4204 2040 4258 didit
2069 4204 2192 4258 libr.
2219 4219 2292 4270 vt,
2329 4219 2449 4274 cap.
2481 4203 2571 4257 24.

1980 4295 2316 4351 Ezechielem
2366 4296 2559 4366 viginti
2618 4309 2855 4365 qumque
2905 4294 3064 4350 tomis
3118 4295 3186 4350 ab
3239 4292 3476 4364 Origene

1906 4386 2071 4444 fuisse
2094 4388 2420 4444 illustratum
2454 4389 2758 4443 docetidem
2782 4386 3041 4443 Eusebius
3079 4388 3202 4441 libr.
3227 4404 3277 4442 γι
3305 4386 3474 4452 IIist.,

1912 4495 2031 4548 cap.
2062 4480 2150 4535 52.
2180 4480 2344 4535 Docet
2376 4490 2431 4535 et
2471 4492 2624 4535 vetus
2664 4479 2920 4534 Marchali
2971 4479 3108 4533 liber
3137 4494 3323 4533 omnes
3352 4495 3478 4547 pro-

1913 4575 2105 4642 phetas
2137 4573 2449 4642 complexus
2476 4592 2487 4627 :
2527 4589 2648 4626 nam
2676 4575 2743 4626 ad
2783 4571 3083 4625 Ezechielis
3107 4585 3257 4624 oram
3289 4570 3480 4639 Orige-

1912 4664 2495 4717 nianorumotomorutn
2532 4661 2745 4715 numeri
2786 4662 2897 4715 suis
2940 4670 3065 4714 sunt
3102 4660 3273 4714 notati
3320 4659 3475 4725 locis,

1911 4768 2012 4808 nec
2037 4754 2218 4823 plures
2257 4762 2564 4822 suntquam
2589 4754 2825 4822 quinque
2854 4762 2908 4806 et
2946 4750 3156 4819 viginti.
3188 4750 3266 4804 Ex
3301 4750 3474 4805 homi-

1906 4843 1995 4899 liis
2034 4860 2162 4898 vero
2192 4844 2244 4898 in
2287 4850 2558 4914 propheta:
2605 4844 2766 4912 hujus
2815 4844 3195 4896 enodationem
3236 4858 3477 4912 pronun-

1911 4936 2079 5000 tiatis,
2111 4936 2517 5004 quatuordecim
2555 4934 2623 4989 ab
2664 4934 2989 5006 Hieronymo
3038 4934 3298 4988 Romanis
3350 4950 3479 4987 con-

1912 5041 2081 5080 versae
2114 5028 2292 5081 verbis
2326 5027 2378 5080 in
2409 5025 2655 5079 Latinam
2695 5026 2985 5079 editionem
3030 5026 3289 5093 conjecta:
3331 5035 3479 5079 sunt.

1912 5119 1990 5171 Ex
2020 5120 2120 5173 hoc
2164 5117 2413 5190 Origenis
2452 5119 2569 5174 loco
2608 5128 2762 5173 tract.
2798 5118 2892 5184 29,
2942 5135 3088 5172 num.
3132 5119 3223 5185 40,
3264 5133 3319 5187 p.
3352 5118 3480 5183 860,

1913 5212 1968 5263 in
2003 5209 2193 5264 Matth.
2214 5225 2233 5263 :
2258 5229 2276 5261 t
2300 5211 2429 5277 Quae
2454 5220 2630 5265 autem
2657 5210 3022 5280 sequunturin
3054 5220 3199 5265 textu
3227 5209 3482 5269 Danielis,

1915 5301 2055 5355 sicut
2078 5304 2367 5371 potuimus,
2394 5303 2758 5370 exposuimus,
2787 5320 2805 5353 ι
2854 5303 2905 5356 in
2960 5302 3233 5356 Danielem
3279 5299 3481 5368 aliquid

1914 5394 1981 5446 ab
2011 5394 2126 5461 ipso
2163 5396 2521 5463 compositum
2549 5394 2712 5449 fuisse
2755 5395 3034 5459 discimus,
3066 5402 3119 5447 et
3145 5408 3174 5446 e
3206 5391 3482 5445 Prousmio

1913 5498 2126 5552 quoque
2154 5483 2465 5554 Hieronymi
2487 5485 2553 5539 ad
2582 5484 2924 5540 undecimum
2951 5481 3479 5537 Commentariorum

1986 5753 2096 5825 (66)
2127 5752 2258 5810 Vide
2272 5755 2525 5811 editionis
2552 5763 2751 5810 nostra
2779 5762 2908 5809 tom.
2943 5749 3031 5813 lll,
3061 5764 3115 5819 p.
3151 5746 3279 5802 285.
