3838 6222
374 326 509 385 1203

1634 318 1697 374 P.
1738 314 2049 372 DANiELlS
2078 311 2317 370 HUETII

3476 304 3636 362 ms

366 447 424 501 in
455 444 681 509 Isaiam,
712 442 768 498 in
793 457 901 513 quo
929 441 1004 497 ait
1027 454 1149 499 sese
1171 441 1460 512 Origenem
1481 453 1603 495 cum
1629 438 1749 494 aliis
1777 437 1943 493 fuisse
1970 440 2018 499 Α
2046 435 2258 492 tertiam
2285 439 2490 503 partem
2520 428 2643 484 libri
2673 444 2702 483 a
2731 428 3018 499 principio.
3046 446 3067 491 ρ
3104 425 3230 483 Haec
3246 425 3635 497 Hieronymus

369 544 692 592 assectatum
725 534 779 589 in
826 534 1159 603 expositione
1203 534 1544 605 septuaginta
1575 531 1937 589 hebdomada-

367 643 485 683 rum
512 643 526 680 :
564 626 666 682 nisi
697 626 816 696 quis
855 627 969 681 haec
1007 627 1059 680 in
1088 625 1464 681 aliis-fortasse
1496 624 1648 679 libris
1674 622 1849 679 obiter
1870 621 1938 676 ab

365 719 601 789 Origene
629 726 853 773 tractata
902 717 1072 772 fuisse
1129 717 1293 772 dicat.
1332 716 1497 773 Multo
1551 717 1713 786 igitur
1762 716 1939 770 minus

364 814 479 868 haec
506 813 770 867 addocent
794 811 1121 865 homiliasne
1140 826 1208 864 an
1242 809 1641 865 Commentaria
1664 809 1720 861 in
1742 807 1940 861 Danie-

364 902 466 956 lem
498 902 746 957 ediderit.
789 901 1055 957 caeterum
1104 916 1225 957 cum
1271 900 1635 955 novemdecim
1689 899 1938 967 Origenis

365 993 615 1049 homilias
633 995 691 1048 in
717 992 1026 1059 Jeremiam,
1056 993 1188 1047 falso
1208 992 1408 1063 Cyrillo
1434 993 1696 1061 ascriptas
1728 1005 1759 1046 e
1805 990 1939 1046 Sco-

364 1087 583 1143 rialensi
606 1086 792 1142 codice
814 1086 1204 1156 deprompserit
1243 1084 1525 1140 Balthasar
1551 1084 1861 1148 Corderius,
1882 1092 1939 1137 et

364 1173 419 1227 in
446 1173 695 1229 editionis
720 1190 828 1229 sum
863 1173 1176 1244 praefatione
1201 1174 1467 1229 notaverit
1497 1173 1733 1241 ejusdem
1757 1182 1941 1230 aucto-

367 1266 443 1321 ris
471 1265 901 1321 Commentarios
928 1267 985 1319 in
1012 1264 1335 1319 Ezechielem
1376 1276 1423 1320 et
1468 1265 1738 1320 Danielem
1764 1266 1937 1322 conti-

367 1356 478 1410 neri
498 1356 550 1409 in
588 1357 689 1411 hoc
715 1356 828 1425 ipso
856 1356 1065 1423 codice,
1096 1364 1288 1411 caveat
1317 1356 1486 1413 lector
1511 1370 1579 1412 ne
1603 1372 1697 1413 eos
1722 1371 1938 1428 quoque

362 1447 568 1519 Cyrillo
590 1463 869 1518 perperam
901 1450 1085 1514 tribui,
1116 1449 1300 1504 itidem
1333 1458 1391 1504 ut
1416 1450 1665 1505 homilias
1703 1450 1758 1504 in
1796 1449 1939 1504 lere-

366 1540 550 1605 miam,
574 1548 628 1594 et
663 1541 728 1594 ad
760 1539 1047 1610 Origenem
1083 1541 1359 1609 pertinere
1397 1550 1603 1597 temere
1620 1541 1892 1597 existimet
1920 1559 1934 1595 :

369 1643 479 1686 tam
538 1634 682 1687 enim
732 1633 939 1705 Cyrilli,
989 1650 1149 1699 quam
1196 1634 1444 1705 Origenis
1499 1648 1622 1691 esse
1667 1645 1934 1706 possunt:

371 1726 547 1794 reipsa
573 1726 767 1796 quippe
799 1727 851 1781 ia
892 1742 1079 1783 omnes
1113 1728 1403 1797 prophetas
1446 1729 1727 1798 scripsisse
1769 1728 1940 1783 fertur

370 1815 625 1888 Cyrillus.
660 1826 714 1872 et
735 1818 852 1887 ejus
887 1821 1050 1874 etiam
1080 1821 1136 1874 in
1161 1820 1430 1874 Danielem
1461 1821 1713 1876 homilias
1748 1821 1802 1875 in
1827 1821 1936 1874 Va-

369 1908 544 1961 ticana
592 1907 916 1963 bibliotheca
965 1911 1171 1964 servari
1224 1911 1389 1965 tradit
1450 1908 1635 1965 Sixtus
1683 1909 1939 1965 Senensis

366 1996 463 2051 lib.
496 2011 551 2051 tv
582 1996 721 2051 Bibl.
755 2002 808 2053 in
843 1996 1068 2069 Cyritlo.
1125 1999 1223 2053 Hel
1274 1999 1557 2054 veritatem
1604 1999 1687 2055 vel
1739 2000 1936 2063 sciunt,

370 2089 455 2144 vel
494 2090 633 2145 scire
674 2100 898 2158 possunt
945 2090 1315 2147 Scorialenses
1365 2089 1439 2145 illi
1505 2090 1938 2162 Hieronymiani,

370 2180 460 2251 qui
492 2181 576 2235 his
606 2181 875 2236 thesauris
906 2181 1182 2236 incubant.

442 2272 529 2327 Vl.
568 2272 624 2326 In
670 2274 950 2329 duodecim
994 2274 1285 2342 prophetas
1316 2272 1506 2345 viginti
1546 2274 1784 2345 quinque
1813 2274 1938 2346 ἐξη-

370 2364 585 2435 γήσεων
611 2362 858 2433 Origenis
888 2363 1160 2418 volumina
1208 2379 1371 2418 manu
1412 2363 1679 2434 Pamphili
1719 2375 1940 2419 exarata

369 2456 635 2523 reperisse
686 2470 745 2511 se
811 2465 995 2509 narrat
1056 2454 1417 2526 Hieronymus
1468 2456 1563 2510 lib.
1623 2455 1701 2511 De
1753 2458 1938 2524 script.

367 2545 547 2599 eccles.
561 2586 576 2611 ,
596 2560 715 2615 cap.
742 2545 834 2611 86,
856 2544 1039 2615 plures
1068 2555 1245 2600 tamen
1263 2546 1546 2615 scripsisse
1561 2547 1941 2601 Adamantiqu

369 2636 640 2705 signiﬁcat
670 2637 933 2692 Eusebius
955 2636 1076 2692 libr.
1110 2653 1187 2704 vr,
1212 2652 1331 2707 cap.
1352 2638 1421 2692 56
1447 2638 1631 2693 Histor
1666 2662 1679 2695 ;
1715 2639 1855 2703 Τούς
1880 2656 1941 2694 τε

368 2730 449 2792 εἰς
472 2731 598 2792 τοὺς
624 2728 827 2782 δώδεκα
852 2730 1142 2801 Προφήτας
1166 2730 1362 2801 τόμους
1400 2731 1678 2786 συντάττει
1698 2773 1713 2795 ,
1743 2733 1835 2802 ἀφ’
1869 2727 1944 2787 ὧν

372 2820 567 2891 μόνους
614 2821 845 2893 εὕρομεν
888 2824 1049 2876 πέντε
1102 2823 1197 2875 καὶ
1254 2822 1451 2876 εἴκοσι.
1528 2824 1637 2878 «Et
1668 2834 1842 2880 tomos
1890 2826 1942 2879 in

371 2912 651 2966 duodecim
678 2913 969 2981 prophetas
1008 2912 1325 2979 conscribit,
1374 2929 1439 2967 ex
1482 2913 1677 2983 quibus
1711 2916 1946 2984 quinque

370 3010 428 3055 et
455 3002 639 3072 viginti
674 3002 934 3055 duntaxat
982 3004 1279 3072 reperimus
1320 3016 1336 3056 :
1374 3002 1431 3056 In
1469 3002 1661 3058 Oscam
1688 3005 1944 3058 nonnulla

2038 527 2107 581 de
2137 521 2541 580 Commentariis
2566 518 2816 590 Origenis
2844 520 2898 574 in
2926 518 3274 583 Zachariam;
3302 516 3448 572 istud
3488 531 3635 570 vero

2037 614 2103 669 de
2145 612 2263 679 ejus
2281 609 2640 665 voluminibus
2671 609 2733 662 in
2770 608 3087 663 Malae/tiam
3115 607 3157 639 “
3191 624 3205 660 :
3246 623 3266 658 ι
3302 604 3545 675 Scripsit
3571 604 3639 657 iis

2036 706 2180 761 hunc
2207 703 2404 759 librum
2431 701 2691 771 Origenes
2724 700 2829 755 tria
2867 701 3163 765 volumina,
3193 699 3287 755 sed
3320 696 3630 752 historiam

2036 795 2255 850 omnino
2283 809 2388 848 non
2422 792 2619 863 tetigit,
2651 800 2706 847 et
2732 806 2883 846 more
2928 806 3029 846 suo
3064 800 3209 846 totus
3242 789 3299 844 in
3335 787 3643 858 allegorias

2038 886 2480 957 interpretatione
2507 894 2757 939 versatus
2789 893 2892 939 est.
2920 901 2939 936 ι

2107 978 2218 1035 VII.
2258 980 2332 1034 De
2353 977 2602 1049 Origenis
2622 977 2918 1048 exegeticis
2942 976 2998 1031 in
3020 974 3329 1029 Matthaestm
3360 970 3415 1027 id
3445 970 3627 1026 habet

2036 1086 2251 1142 quoque
2300 1070 2657 1142 Hieronymus
2679 1069 2727 1101 ⁸³
2760 1086 2775 1124 :
2831 1087 2851 1121 ι
2888 1068 3110 1137 Legisse
3146 1081 3232 1122 me
3258 1065 3435 1120 lateor
3485 1072 3642 1117 ante

2037 1179 2206 1219 annos
2228 1163 2487 1233 plurimos
2525 1162 2580 1219 in
2614 1160 2925 1216 Mattheum
2959 1158 3210 1230 Origenis
3232 1155 3629 1228 vigintiquin-

2036 1272 2142 1326 que
2169 1256 2461 1319 volumina,
2503 1264 2560 1310 et
2596 1254 2817 1311 totidem
2844 1253 2962 1321 ejus
2996 1252 3279 1314 homilias,
3318 1247 3627 1304 commati—

2039 1362 2271 1418 cumque
2320 1347 2781 1417 interpretationis
2837 1362 3006 1418 genus
3039 1362 3054 1399 :
3092 1363 3111 1397 ι
3146 1345 3249 1399 hoc
3290 1352 3397 1405 est,
3453 1355 3637 1395 com-

2038 1441 2333 1495 mentarios
2359 1480 2375 1505 ,
2406 1438 2658 1495 homilias
2698 1448 2755 1494 et
2785 1437 3013 1493 scholia.
3043 1434 3289 1491 Totidem
3320 1432 3437 1501 ejus
3458 1446 3629 1488 com-

2039 1532 2336 1589 mentarios
2362 1540 2614 1589 numerat
2637 1531 2900 1587 Eusebius
2925 1531 3049 1585 libr.
3092 1544 3146 1583 vi
3195 1526 3430 1591 Biston,
3482 1539 3621 1595 cap.

2039 1626 2131 1682 36.
2166 1625 2511 1695 Quapropter
2551 1625 2809 1681 mendosa
2849 1638 2971 1680 esse
3000 1623 3173 1693 liquet
3214 1622 3328 1676 haec
3367 1617 3539 1674 verba
3586 1631 3639 1673 α

2040 1717 2268 1788 Prologo
2300 1714 2637 1788 Hieronymi,
2679 1718 2770 1788 qui
2808 1716 3063 1786 praeﬁxus
3087 1722 3170 1770 est
3204 1712 3407 1767 Latinae
3439 1709 3624 1763 inter-

2041 1810 2323 1881 pretationi
2351 1810 2696 1865 homiliarum
2736 1807 2983 1879 Origenis
3011 1809 3066 1861 in
3105 1806 3345 1860 Lucam:
3386 1801 3626 1869 «Siqui-

2039 1903 2160 1958 dem
2192 1903 2318 1958 illud
2349 1902 2491 1972 quod
2521 1902 2650 1957 olim
2689 1901 2875 1955 Romae
2910 1908 3096 1955 sancta
3137 1895 3361 1951 Blaesilla
3400 1892 3623 1961 ﬂagita-

2037 2003 2209 2060 verat,
2249 2003 2308 2049 ut
2361 1994 2431 2050 '56
2470 2005 2644 2050 tomos
2689 1993 2829 2049 illius
2865 1994 2921 2046 in
2971 1990 3298 2053 Matthwum,
3348 1996 3404 2043 et
3449 1985 3623 2055 quin-

2038 2102 2143 2158 que
2201 2088 2335 2145 alios
2380 2089 2439 2143 in
2501 2085 2732 2154 Lucam,
2790 2095 2845 2141 et
2888 2086 2960 2140 59
3016 2085 3074 2138 in
3114 2083 3371 2137 Joannem
3415 2087 3628 2133 nostra

2039 2179 2233 2250 linguas
2288 2179 2581 2235 traderem.
2606 2198 2626 2232 ι
2689 2178 2999 2249 Legendum
3041 2176 3229 2232 enim:
3257 2191 3277 2226 ε
3313 2172 3394 2229 25'
3438 2181 3625 2227 tomos

2040 2273 2186 2328 illius
2209 2273 2265 2327 in
2285 2272 2619 2327 Mattluzum.
2653 2290 2672 2323 ι
2699 2272 3023 2340 Corruptam
3047 2268 3329 2324 lectionem
3353 2265 3627 2321 Erasmus

2040 2365 2093 2419 in
2138 2363 2360 2420 Censur.
2424 2364 2515 2418 lib.
2552 2364 2728 2434 0rig.;
2773 2363 2963 2418 Sixtus
2997 2359 3253 2418 Senensis
3297 2356 3440 2413 Bibl.
3484 2357 3617 2412 libr.

2039 2473 2117 2519 iv,
2152 2466 2208 2512 et
2234 2454 2410 2511 Iosias
2437 2455 2697 2510 Simlerns
2729 2469 2794 2510 ac
2838 2454 3121 2510 Conradus
3144 2450 3351 2507 Frisius
3381 2451 3435 2503 in
3465 2447 3623 2519 Epit;

2041 2550 2165 2604 bibl.
2202 2546 2417 2603 Gesner.
2467 2549 2634 2604 secuti
2678 2555 2822 2603 sunt.
2862 2545 3115 2602 Mendosa
3148 2558 3361 2614 quoque
3414 2541 3509 2597 illa
3563 2542 3621 2594 in

2042 2640 2220 2694 Ruﬁni
2251 2638 2517 2692 Invectiva
2559 2638 2595 2692 2
2636 2638 2689 2692 in
2731 2637 3041 2709 Hieronym.
3095 2635 3149 2691 in
3194 2634 3387 2704 quibus
3424 2630 3623 2700 viginti

2041 2748 2135 2788 sex
2165 2732 2418 2803 Origenis
2468 2732 2524 2786 in
2576 2730 2887 2786 Matthwum
2951 2730 3118 2785 libros
3168 2729 3234 2783 ab
3288 2726 3631 2795 Hieronymo

2041 2832 2492 2884 commemoratos
2526 2822 2691 2878 fuisse
2719 2824 2917 2888 refert;
2957 2836 3118 2891 quem
3166 2820 3328 2874 etiam
3357 2829 3611 2871 errorem

2044 2927 2260 2974 secutus
2290 2926 2373 2973 est
2396 2915 2713 2971 Vincentius
2746 2914 3143 2970 Bellovacensis
3170 2908 3377 2980 Specul.
3419 2905 3626 2958 doctri-

2044 3010 2153 3063 nal.
2207 3010 2332 3064 libr.
2364 3023 2521 3073 xvm,
2570 3021 2691 3075 cap.
2748 3005 2837 3061 45.
2892 3004 3098 3059 Bonam
3150 3002 3359 3057 illorum
3408 3009 3625 3068 partem

371 3093 653 3163 scripsisse
684 3094 875 3158 fertur,
901 3104 1061 3163 atque
1101 3096 1225 3149 item
1269 3095 1322 3148 in
1359 3096 1701 3161 Zachariam,
1738 3112 1941 3151 necnon
1970 3118 2013 3177 α
2044 3101 2231 3157 Graece
2287 3101 2810 3173 repraesentavimus,
2864 3097 3143 3152 meliorem
3204 3104 3415 3163 tempus
3474 3106 3617 3146 con-

372 3191 426 3236 et
452 3183 505 3235 in
536 3182 853 3237 Malachiam
889 3201 902 3237 :
935 3194 1098 3252 atque
1130 3185 1230 3238 hos
1258 3183 1685 3240 Commentarios
1708 3201 1739 3241 e
1763 3187 1947 3255 viginti

373 3272 611 3343 quinque
643 3273 954 3345 ἐξηγήσεων
990 3274 1199 3328 illarum
1227 3290 1453 3330 numero
1494 3276 1662 3331 fuisse
1695 3279 1946 3334 arbitror.

374 3366 431 3418 In
461 3362 653 3419 Oseam
680 3367 806 3434 quid
846 3375 1244 3422 commentatus
1295 3369 1365 3423 sit
1416 3367 1501 3423 his
1556 3369 1732 3424 verbis
1790 3373 1951 3426 tradit

374 3455 733 3527 Hieronymus
765 3458 998 3513 Procem.
1031 3458 1333 3514 Comment.
1366 3460 1420 3512 in
1459 3458 1649 3514 Oscam
1678 3476 1697 3514 :
1727 3480 1745 3513 ι
1768 3460 1952 3534 Orige-

382 3563 479 3603 nes
511 3563 733 3616 parvum
766 3550 831 3604 de
864 3551 966 3604 hoc
1018 3550 1278 3621 propheta
1325 3551 1547 3620 scripsit
1579 3551 1837 3619 libellum,
1866 3555 1949 3610 cui

375 3641 519 3696 hunc
553 3642 760 3695 titulum
792 3628 1072 3712 imposuit:
1102 3640 1274 3713 »Περὶ
1300 3640 1395 3694 τοῦ
1424 3642 1543 3706 πῶς
1572 3643 1860 3715 ὠνομάσθη
1895 3647 1952 3699 ὲν

375 3749 458 3802 τῳ
510 3734 666 3804 Ὠσηὲ
722 3734 959 3806 Ἐφραΐμ
1006 3752 1020 3764 ·
1091 3735 1194 3790 hoc
1244 3743 1380 3790 est:
1436 3736 1612 3802 Quare
1660 3737 1953 3806 appellatur

376 3825 434 3879 in
492 3824 625 3880 Osca
683 3824 939 3893 Epltraim
976 3842 998 3881 :
1032 3826 1220 3881 volens
1272 3827 1559 3881 ostendere
1620 3841 1953 3897 quacunque

378 3928 567 3973 contra
623 3932 746 3973 eum
793 3919 1070 3982 dicuntur,
1122 3921 1189 3974 ad
1241 3920 1613 3975 hereticorum
1674 3920 1951 3974 referenda

380 4026 685 4081 personam.
753 4011 819 4065 Et
864 4012 1006 4066 aliud
1057 4012 1305 4067 volumen
1358 4012 1628 4082 ἀκέφαλον
1680 4013 1773 4065 καὶ
1827 4012 1952 4065 ἀτέ-

379 4104 588 4170 λεστον,
628 4103 769 4171 quod
801 4113 853 4156 et
891 4105 1067 4173 capite
1099 4113 1281 4158 careat
1319 4113 1372 4159 et
1415 4103 1540 4157 ﬁne.
1570 4123 1588 4156 ι
1621 4100 1781 4157 Addit
1813 4118 1953 4171 prte-

382 4206 575 4249 terea:
612 4213 630 4246 ‹
675 4195 774 4261 Qui
824 4194 1153 4267 (Didymus)
1192 4207 1302 4250 tres
1367 4195 1532 4250 libros
1590 4210 1675 4248 me
1738 4202 1953 4263 petente

380 4288 625 4349 dictavit,
659 4290 896 4359 quinque
922 4304 1136 4360 quoque
1173 4289 1307 4344 alios
1353 4289 1404 4343 in
1437 4288 1780 4343 Zachariam.
1818 4287 1951 4341 Nam

380 4390 434 4434 et
461 4381 514 4435 in
542 4381 713 4451 ipsum
754 4384 858 4438 duo
885 4392 1091 4437 tantum
1126 4382 1386 4451 Origenes
1416 4382 1631 4450 scripsit
1658 4381 1949 4443 volumina,

2050 3195 2299 3265 sumpsit.
2341 3192 2538 3250 Misere
2561 3208 2691 3249 vero
2726 3191 3027 3248 deformata
3059 3197 3204 3253 sunt,
3246 3202 3365 3257 qua:
3412 3184 3625 3239 Latinis

2049 3286 2373 3343 editionibus
2427 3287 2795 3342 continentur.
2857 3284 3003 3340 Inter
3070 3280 3321 3339 homilias
3381 3291 3503 3348 quae
3569 3276 3625 3329 in

2050 3380 2285 3435 diversos
2318 3380 2540 3435 inscribi
2567 3380 2766 3446 solent,
2796 3386 3001 3449 septem
3022 3379 3169 3433 circa
3197 3372 3435 3430 Matthazi
3460 3371 3627 3425 inter-

2050 3473 2409 3543 pretationem
2446 3482 2755 3539 versantur,
2803 3472 2897 3527 sed
2944 3470 3199 3540 quoniam
3257 3464 3449 3522 incerti
3494 3472 3631 3519 sunt

2052 3565 2298 3621 auctoris
2335 3574 2391 3620 et
2415 3565 2560 3629 ﬁdei,
2593 3579 2690 3619 suo
2722 3564 2843 3619 loco
2874 3561 3233 3619 excutientur.

2123 3656 2373 3726 Quinque
2411 3664 2588 3711 tomos
2627 3652 2880 3725 Origenis
2925 3658 2981 3708 in
3030 3652 3224 3707 Lucam
3266 3647 3629 3717 Hieronymus

2051 3757 2439 3804 commemorat
2470 3748 2538 3802 δ’.
2570 3746 2772 3802 Novem
2825 3760 2953 3801 vero
3014 3752 3069 3800 et
3127 3742 3339 3812 triginta
3378 3738 3623 3808 ejusdem

2053 3840 2304 3896 homilias
2360 3840 2414 3895 in
2466 3840 2611 3894 hunc
2665 3837 3063 3908 evangelistam
3118 3834 3312 3889 Latina
3366 3829 3629 3884 oratione

2051 3932 2340 4002 expressit,
2390 3930 2589 3999 quibus
2641 3928 2885 4000 pepercit
2938 3940 3206 3982 annorum
3258 3919 3623 3984 inclementia,

2051 4024 2212 4079 tomis
2250 4023 2602 4092 consumptis.
2660 4021 2849 4076 Plures
2895 4035 3023 4075 vero
3063 4018 3131 4073 ab
3174 4014 3405 4085 Origene
3459 4011 3627 4066 fuisse

2052 4116 2388 4182 conscriptas
2434 4130 2531 4169 cur
2581 4114 2844 4182 suSpicer,
2897 4110 3105 4165 faciunt
3152 4115 3440 4179 postremae
3489 4118 3629 4166 sex,

2053 4222 2173 4275 qua:
2199 4222 2322 4261 cum
2350 4206 2727 4262 continuatum
2752 4205 2804 4259 in
2837 4203 3206 4273 superioribus
3234 4200 3479 4255 ordinem
3511 4213 3629 4252 non

2054 4306 2296 4361 teneant,
2329 4314 2360 4353 e
2394 4297 2589 4368 majori
2619 4311 2847 4352 numero
2873 4296 3125 4351 videntur
3148 4296 3420 4349 detractae.
3470 4288 3625 4344 Facit

2053 4400 2107 4444 et
2136 4390 2250 4460 ipse
2295 4389 2558 4460 Origenes
2610 4400 2755 4446 tomo
2802 4404 2898 4443 xnt
2946 4389 3003 4441 in
3042 4385 3269 4453 Matth.,
3320 4400 3469 4439 num.
3527 4381 3633 4445 29,

384 4471 475 4525 vix
501 4472 716 4526 tertiam
745 4480 954 4541 partem
984 4487 1012 4525 a
1042 4471 1307 4541 principio
1340 4470 1459 4525 libri
1501 4485 1669 4538 usque
1691 4470 1765 4523 ad
1787 4471 1949 4524 visio-
1980 4458 2023 4512 Ῑ)
2052 4458 2175 4551 pag.
2213 4480 2346 4546 610,
2388 4458 2442 4536 et
2482 4490 2625 4534 tomo
2668 4494 2818 4534 xxxn
2872 4480 2929 4533 in
2976 4477 3163 4545 Joan.,
3215 4489 3362 4530 num.
3416 4471 3479 4537 2,
3531 4473 3629 4528 ubi

380 4580 505 4620 nem
535 4566 916 4635 quadrigarum
959 4566 1288 4620 edisserens.
1318 4582 1337 4615 ι
1372 4563 1514 4617 idem
1543 4564 1594 4616 in
1625 4562 1854 4630 Prologo
1881 4562 1956 4616 ad'

382 4659 610 4726 primum
633 4656 1157 4713 Commentariorum
1194 4659 1250 4712 in
1281 4655 1595 4709 Zachariam
1621 4671 1641 4709 :
1682 4674 1703 4706 σν
1725 4654 1955 4726 Scripsit

381 4749 439 4804 in
472 4751 613 4804 hunc
637 4749 953 4820 prophetam
977 4748 1236 4819 Origenes
1262 4749 1368 4804 duo
1387 4747 1656 4804 volumina
1683 4763 1853 4818 usque
1885 4749 1959 4803 ad‘

452 4911 499 4943 θ’
533 4912 753 4970 Hieron.
785 4912 1021 4968 Prooem.
1054 4912 1360 4967 Comment.
1394 4911 1446 4966 in
1476 4908 1706 4967 Malach.

384 4981 437 5037 in
463 4982 659 5037 Homil.
712 4983 929 5054 Origen.
964 4985 1020 5037 in
1046 4982 1179 5038 Luc.

450 5098 567 5167 ,(67)
596 5098 1103 5153 Commentariorum
1143 5100 1199 5153 in
1244 5098 1503 5153 Joannem
1537 5108 1703 5153 tomos
1734 5099 1958 5167 triginta

385 5170 518 5224 duos
543 5170 889 5223 Adamantius
915 5172 1101 5223 edidit.
1129 5169 1354 5224 Huetins
1377 5170 1634 5223 Ruﬁnum
1658 5170 1745 5222 hic
1772 5170 1955 5236 sequi-

386 5250 475 5295 tur
513 5240 813 5308 posthabita
858 5240 1084 5310 lectione
1142 5239 1451 5310 Hieronymi
1484 5240 1573 5307 qui
1634 5239 1850 5310 trigin_ta
1875 5250 1956 5310 _et

387 5307 577 5365 novem
628 5318 801 5364 tomos
856 5311 911 5361 in
962 5308 1223 5362 Joannem
1271 5307 1592 5364 enumerat:
1629 5307 1722 5361 sed
1775 5307 1955 5361 Ruﬁni

387 5381 605 5434 lectioni
639 5380 769 5433 ﬁdes
788 5378 1006 5433 minime
1031 5380 1243 5433 videtur
1279 5394 1400 5432 esse
1439 5379 1746 5433 adhibenda
1781 5395 1797 5431 :
1831 5394 1953 5430 nam

387 5466 510 5504 eum
552 5461 726 5504 tomus
764 5465 937 5514 xxx“,
984 5451 1072 5516 qui
1126 5450 1391 5516 hodieque
1449 5449 1637 5503 Graece
1686 5458 1953 5515 superest,

388 5521 595 5573 desinat
622 5519 686 5573 ad
710 5528 867 5588 caput
896 5520 1118 5572 Joannis
1147 5535 1267 5585 xm,
1289 5534 1429 5573 vers.
1455 5519 1544 5581 35,
1568 5517 1649 5571 vel
1687 5519 1951 5585 integrum

390 5604 525 5659 opus
550 5592 856 5658 neutiquam
888 5588 1114 5643 absolvit
1139 5589 1419 5659 Origenes,
1463 5588 1549 5641 vel
1592 5588 1636 5642 si
1668 5588 1746 5659 fail
1793 5590 1950 5640 linem

392 5658 566 5729 usque
618 5662 899 5729 perduxit,
957 5674 1065 5714 non
1130 5658 1412 5728 pauciores
1451 5673 1610 5727 quam
1665 5658 1734 5712 39
1783 5666 1955 5729 tomos

395 5726 709 5787 elaborasse
758 5729 1050 5789 verisimile
1090 5726 1191 5787 est.
1221 5729 1423 5786 Deinde
1451 5726 1633 5800 plures
1674 5742 1834 5799 quam
1887 5726 1956 5781 52

2056 4572 2295 4640 qnmdatn
2324 4587 2352 4625 a
2378 4587 2435 4628 se
2471 4573 2522 4627 in
2550 4571 2785 4627 homiliis
2818 4571 2870 4626 in
2917 4569 3117 4625 Lucam
3167 4570 3366 4639 scripta
3412 4574 3625 4629 narrat,

2057 4676 2289 4728 quorum
2336 4662 2481 4715 nulla
2534 4661 2589 4716 in
2648 4661 3030 4732 superstitibus
3072 4658 3309 4715 homiliis
3363 4666 3627 4728 apparent

2058 4752 2303 4823 vestigia.
2334 4753 2447 4824 (67)
2495 4751 2802 4809 Cumment.
2862 4754 2919 4808 in
2968 4751 3127 4807 Joan.
3179 4760 3355 4808 tomos
3400 4749 3626 4820 triginta

1780 4907 2066 4967 “Hieron.
2092 4907 2328 4967 Prooem.
2357 4909 2661 4967 Comment.
2705 4910 2760 4965 in
2813 4908 3003 4964 Matth.
3080 4908 3125 4941 "
3155 4906 3372 4964 Hieron.
3401 4904 3622 4977 Prolog.

2061 5107 2239 5152 tomos
2271 5096 2550 5153 confectos
2585 5096 2754 5151 fuisse
2800 5096 2925 5166 inde
2954 5095 3186 5160 eruitur,
3232 5093 3374 5166 quod
3427 5090 3625 5166 Orige-

2061 5184 2156 5222 nes
2201 5169 2313 5237 ipse
2364 5176 2593 5222 tractatu
2641 5167 2733 5229 5'5,
2763 5166 2819 5221 in
2849 5165 3039 5237 Matth.
3078 5163 3390 5229 num.,’l35,
3418 5179 3473 5231 p.
3498 5164 3625 5227 922,

2066 5241 2117 5292 in
2168 5235 2281 5292 hare
2332 5236 2563 5291 Matthaai
2620 5238 2781 5292 verba
2837 5254 2853 5289 :
2909 5235 3144 5302 ldipsum
3207 5244 3381 5287 autem
3428 5244 3479 5286 et
3540 5238 3626 5287 la-

2059 5318 2256 5370 trones,
2307 5309 2397 5377 qui
2439 5306 2679 5377 cruciﬁxi
2716 5315 2872 5377 erant
2924 5322 3054 5377 cum!
3082 5303 3622 5377 eo,_improperabant

2058 5380 2108 5431 ei
2130 5394 2150 5431 :
2173 5379 2247 5432 ait
2273 5373 2331 5432 se
2354 5378 2405 5430 in
2438 5376 2855 5431 Commentariis
2882 5375 2995 5429 suis
3037 5375 3095 5428 in
3145 5373 3403 5427 Joannem
3463 5386 3625 5441 expo-

2060 5452 2235 5503 suisse
2271 5449 2337 5502 de
2368 5448 2576 5501 duobus
2604 5446 2904 5500 latronibus
2933 5445 3022 5512 qui
3061 5443 3304 5499 cruciﬁxi
3348 5452 3474 5497 sunt
3502 5459 3622 5498 cum

2059 5517 2302 5585 Christo,
2332 5526 2385 5572 et
2421 5518 2490 5571 ibi
2530 5518 2763 5587 agitasse
2797 5531 2864 5587 an
2898 5514 2986 5587 al_ii
3020 5514 3132 5587 sint
3164 5514 3269 5587 duo
3305 5512 3358 5566 hi
3387 5514 3623 5587 latrones

2061 5580 2297 5655 quorum
2320 5602 2458 5641 unus
2492 5580 2902 5655 bla'sphemabat
2921 5584 3194 5639 Christum
3212 5581 3371 5655 juxta
3396 5580 3619 5655 Lucam,

2062 5652 2115 5712 et
2142 5658 2231 5711 alii
2267 5657 2467 5712 fuerint
2495 5652 2710 5711 duo—illi
2756 5655 2994 5709 latrones
3037 5655 3128 5722 qui
3164 5654 3322 5707 ambo
3363 5652 3619 5722 hIaSphef

2062 5736 2371 5794 inaverunt,
2395 5728 2547 5800 juxta
2576 5725 2883 5783 Matthmum
2925 5734 2981 5780 et
3019 5721 3264 5779 Marcum
3290 5741 3301 5776 :
3327 5722 3441 5784 t8:
3482 5721 3622 5793 apud
