3794 6222
196 327 348 385 1205

982 315 1555 388 ORIGENIANORUM
1595 330 1728 389 LIB.
1770 331 1858 399 Ill,
1894 333 2046 388 CAP.
2088 332 2150 400 ll,
2196 333 2390 390 SECT.
2433 333 2496 388 II.

3295 330 3455 386 me

189 451 345 503 duos
379 448 725 502 Adamantius
767 447 956 503 edidit.
999 449 1080 504 lta
1120 450 1348 505 Ruﬁnus
1386 449 1586 506 lnvect.
1619 469 1656 507 ιι
1714 453 1768 506 in
1799 457 1843 514 Α
1873 451 2116 506 omnium
2163 461 2220 507 et
2266 449 2635 506 admirabilior
2683 448 2946 506 destinata
2978 445 3319 518 cognoscitur
3364 448 3452 501 ad.

195 541 410 595 Hieron
438 558 449 593 :
482 558 500 591 ι
525 541 739 594 Interim
768 540 1015 609 Origenis
1041 542 1228 607 libros,
1254 552 1313 596 ut
1336 558 1496 613 supra
1516 544 1766 607 diximus,

193 633 259 686 in
286 648 496 686 omnem
518 633 921 686 admirationem
955 633 1179 696 extollit,
1205 645 1259 686 et
1277 635 1427 696 dicit,
1443 637 1585 703 quod
1613 636 1656 690 si
1675 651 1768 691 eos

191 726 589 794 interpretetur
633 722 871 777 Romana
923 722 1120 791 lingua,
1175 734 1459 794 cognoscet
1508 734 1768 793 quantum

189 815 331 870 boni
366 827 419 868 et
445 824 570 868 ante
599 814 870 876 nescierit,
905 823 959 868 et
983 815 1119 868 scire
1153 831 1292 870 nunc
1320 816 1564 884 ceperit,
1605 816 1658 869 id
1687 824 1771 870 est

189 908 257 960 in
287 903 636 971 Hau/neum,
694 905 912 974 inquit,
969 906 1154 974 viginti
1212 920 1308 960 sex
1365 907 1532 962 libros
1586 906 1766 977 (lege,

190 997 391 1065 viginti
426 995 702 1066 quinque),
739 1006 793 1050 et
823 997 876 1050 in
907 993 1105 1049 Lucam
1141 997 1399 1067 quinque,
1433 1007 1488 1051 et
1518 1000 1572 1051 in
1598 997 1769 1051 Joan—

185 1105 317 1142 nem
353 1089 562 1159 triginta
594 1089 748 1142 duos.
781 1107 800 1140 ι
829 1087 956 1142 Inde
983 1097 1066 1142 est
1094 1088 1235 1158 quod
1281 1089 1334 1142 in
1378 1089 1562 1144 codice
1605 1090 1769 1144 Cum-

188 1187 435 1231 mentar.
475 1179 529 1230 in
583 1175 839 1231 Joannem
863 1191 970 1245 quo
1002 1192 1132 1232 usus
1168 1187 1252 1232 est
1287 1177 1601 1234 Ambrosius
1637 1179 1769 1234 Fer-

185 1270 378 1324 rarius
399 1285 586 1324 novem
633 1270 942 1339 interrupta:
1001 1271 1159 1327 seriei
1209 1272 1339 1326 tomi
1377 1270 1430 1325 in
1475 1271 1546 1326 32
1597 1281 1768 1328 tomus

186 1364 418 1416 fuerant
445 1361 741 1416 distributi.
772 1360 1102 1417 Emendetur
1139 1377 1268 1432 ergo
1308 1363 1460 1418 lucus
1499 1363 1588 1419 ille
1634 1363 1766 1420 Pru-

189 1452 307 1522 lugi
344 1452 656 1523 Hieronymi
694 1453 760 1506 ad
797 1452 1050 1507 homilias
1071 1452 1318 1523 Origenis
1343 1453 1398 1508 in
1427 1452 1620 1508 Lucam
1652 1471 1682 1510 a
1708 1470 1767 1510 se

184 1559 491 1599 conversas
543 1562 558 1598 :
609 1561 628 1595 ι
676 1544 954 1614 Siquidem
1011 1543 1142 1599 illud
1197 1545 1340 1614 quod
1390 1543 1518 1600 olim
1581 1544 1766 1601 Romae

183 1642 387 1689 sancta
441 1632 666 1688 Blaesilla
720 1632 1068 1702 ﬂagitaverat,
1140 1641 1197 1687 ut
1236 1632 1307 1687 56
1354 1641 1526 1688 tomos
1580 1634 1762 1704 (lege,

183 1725 265 1779 25
299 1725 508 1795 tomus)
547 1724 689 1780 illius
710 1726 764 1778 in
797 1723 1102 1778 Matthwum
1125 1763 1140 1790 ,
1187 1734 1243 1779 et
1279 1724 1517 1794 quinque
1547 1724 1682 1780 alios
1709 1727 1763 1779 in

1871 545 2182 610 Romanos,
2231 559 2395 614 quam
2451 542 2712 612 Origenes
2773 541 2964 611 viginti
3030 539 3180 595 libris
3241 539 3450 595 Graeco

1870 651 2122 692 sermone
2155 635 2490 691 declaravit:
2540 650 2674 703 quos
2721 643 2900 688 tamen
2956 631 3292 702 supradictus
3320 629 3430 683 Ru-

1870 726 2010 782 ﬁnus
2037 728 2089 780 in
2118 727 2301 781 decem
2327 725 2494 780 libros
2523 725 2791 794 redigens,
2812 723 2988 777 adhuc
3015 722 3230 790 copiose
3256 729 3431 774 trans-

1869 817 1993 872 tulit
2034 817 2088 871 in
2135 817 2404 872 Latinum.
2433 835 2451 868 ι
2483 815 2846 871 Conﬁrmatur
2878 814 3003 868 Illud
3033 829 3099 868 ex
3132 813 3214 869 his
3248 811 3427 866 Rufini

1867 909 2046 963 verbis
2081 909 2133 962 in
2177 907 2499 962 Praefatione
2537 922 2657 961 mox
2708 906 2922 960 laudata
2953 923 2969 961 ;
3008 923 3027 956 ι
3052 905 3215 959 Addis
3246 915 3427 957 autem

1869 1013 1936 1054 ne
1962 999 2090 1067 quid
2127 997 2404 1052 laboribus
2433 997 2567 1052 meis
2604 997 2762 1061 desit,
2788 1005 2847 1050 ut
2874 1010 3034 1050 omne
3071 997 3172 1048 hoc
3202 994 3429 1064 quinde-

1868 1089 1972 1145 cim
2020 1089 2358 1145 voluminum
2408 1102 2638 1158 corpus,
2678 1088 2820 1156 quod
2870 1086 3089 1142 Graecus
3127 1099 3308 1140 sermo
3358 1083 3428 1138 ad

1868 1181 2222 1251 quadraginta
2270 1179 2405 1245 fere,
2457 1191 2552 1235 aut
2589 1194 2654 1234 eu
2687 1177 2918 1249 amplius
2966 1176 3134 1231 millia
3175 1189 3426 1230 versuum

1865 1274 2138 1344 produxit,
2182 1272 2491 1328 abbreviem
2549 1281 2604 1326 et
2650 1272 2716 1324 ad
2748 1270 2946 1334 media,
2981 1269 3022 1324 si
3067 1268 3183 1322 ﬁeri
3231 1274 3428 1337 potest,

1866 1364 2035 1432 spatia
2066 1373 2355 1420 coarctem.
2381 1382 2400 1416 ι
2438 1362 2603 1433 Igitur
2631 1362 2807 1416 Ruﬁni
2847 1361 3227 1432 interpretatio
3251 1359 3426 1415 media

1866 1453 2085 1509 circiter
2124 1469 2249 1524 pars
2277 1464 2360 1510 est
2386 1452 2696 1525 Origeniani
2736 1455 2952 1523 operis;
2996 1453 3146 1521 atqui
3183 1453 3297 1507 haec
3339 1451 3425 1505 in-

1868 1547 2187 1614 terpretatio
2218 1546 2402 1601 decem
2435 1545 2810 1615 complectitur
2847 1545 3051 1609 libros;
3081 1543 3268 1613 viginti
3297 1556 3426 1612 ergo

1864 1649 2000 1706 upus
2031 1634 2417 1706 Origenianum
2449 1636 2928 1705 complectebatur.
2953 1635 3120 1705 Igitur
3146 1650 3246 1704 pro
3265 1635 3425 1704 quin-

1867 1725 2034 1778 decim
2065 1724 2349 1794 legendum
2379 1726 2519 1794 apud
2542 1725 2792 1780 Ruﬁnum
2817 1726 3018 1796 viginti.
3049 1725 3212 1780 Addit
3236 1725 3430 1779 deinde

185 1815 415 1878 Lucam,
447 1825 499 1870 et
523 1815 590 1870 '59
628 1816 686 1870 in
720 1813 978 1869 Joannem
1024 1821 1222 1869 nostra;
1265 1814 1762 1884 linguaz'traderem
1797 1817 1839 1873 B
1867 1816 2093 1872 Ruﬁnus
2147 1817 2466 1886 interpolata
2513 1818 2680 1873 fuisse
2721 1819 3111 1874 commentaria
3155 1817 3424 1888 Origenis,

185 1908 356 1976 (lege
394 1907 463 1961 52
491 1908 545 1960 in
565 1905 920 1977 Joannem),i
961 1921 1065 1962 non
1092 1913 1150 1961 ut
1192 1905 1383 1977 legisse
1417 1906 1628 1961 videtur
1677 1907 1761 1961 vir

185 1999 462 2062 eruditus,
514 1998 731 2066 triginta
790 2008 1040 2068 quatuor.
1097 1997 1300 2052 Scribit
1342 1996 1603 2053 Eusebius
1633 1997 1755 2053 libr.

185 2102 243 2140 vi
276 2085 504 2152 Histor.,
539 2102 660 2156 cap.
694 2088 789 2152 24,
817 2103 882 2143 ex
921 2089 1172 2144 universa
1211 2089 1314 2144 hac
1342 2090 1760 2145 commentario-

185 2193 316 2232 rum
348 2178 488 2234 mole
517 2179 648 2233 duos
673 2188 728 2234 et
763 2180 950 2249 viginti
998 2182 1257 2234 duntaxat
1293 2180 1460 2236 libros
1501 2195 1601 2234 suo
1644 2196 1758 2237 aevo

180 2273 491 2326 exstitisse.
522 2271 615 2326 His
649 2286 777 2327 vero
805 2275 1136 2339 temporibus
1182 2274 1272 2326 vix
1318 2283 1606 2342 supersunt
1660 2289 1755 2330 no-

183 2377 338 2415 vem.
371 2361 497 2416 Dum
527 2371 792 2432 prasterea
833 2365 887 2416 in
912 2361 1175 2417 Joannem
1212 2364 1552 2433 reperiuntur
1587 2363 1759 2420 humi-

184 2455 279 2510 lize
326 2455 464 2509 inter
507 2470 601 2511 eas
661 2471 778 2524 quae
825 2457 879 2511 in
932 2458 1160 2513 diversos
1211 2457 1612 2525 inscribuntur;
1661 2459 1755 2514 sed

184 2549 446 2618 quoniam
476 2549 542 2604 de
576 2550 811 2618 ipsarum
841 2561 1062 2607 auctore
1087 2567 1195 2605 non
1221 2560 1467 2616 constat,
1514 2552 1580 2607 de
1624 2553 1755 2622 ipsis

183 2642 331 2695 alias
351 2643 698 2710 quastionem
739 2643 1072 2698 habebimus.
1109 2644 1183 2698 De
1223 2642 1660 2713 Expusitionibus
1699 2646 1755 2697 in

184 2729 324 2781 Acta
355 2729 711 2798 apostolorum
751 2747 917 2785 unum
953 2732 1082 2786 illud
1118 2733 1260 2802 quod
1302 2734 1534 2787 scribam
1562 2733 1750 2801 habeo,

184 2819 397 2888 aliquot
424 2820 674 2876 homilias
705 2821 758 2877 in
792 2822 881 2876 illa
929 2822 1096 2878 fuisse
1138 2825 1204 2878 ab
1239 2821 1470 2894 Origene
1507 2825 1757 2880 lucubra-

185 2921 274 2964 tas
307 2929 320 2965 :
353 2911 464 2984 (68)
491 2916 924 2985 caputsiquirlem
959 2914 1264 2972 Philocaliae
1296 2919 1579 2988 septimum
1604 2920 1753 2974 clau-

185 3004 274 3058 dit
305 3005 557 3076 exiguum
593 3007 948 3079 fragmentum
986 3025 1017 3065 e
1046 3022 1236 3080 quarta
1268 3011 1486 3066 humilia
1523 3011 1576 3066 in
1611 3013 1752 3067 hunc

185 3098 407 3152 librum.

261 3186 392 3242 VIII.
421 3189 499 3244 Ad
529 3190 838 3246 enodandas
860 3189 1010 3245 Pauli
1039 3191 1295 3261 epistulas
1322 3193 1591 3266 ingentem
1623 3209 1748 3264 ope-

187 3294 307 3333 ram
354 3287 410 3334 et
464 3281 704 3336 laborem
730 3282 991 3351 Origenes
1018 3285 1286 3340 contulit:
1321 3288 1586 3354 praecipue
1623 3303 1753 3342 vero

183 3370 335 3424 circa
379 3369 531 3424 Pauli
562 3371 856 3441 Epistulam
902 3375 967 3428 ad
999 3376 1270 3431 Romanos
1299 3392 1563 3432 summam
1597 3379 1747 3433 adhi-

183 3462 309 3517 buit
339 3461 708 3532 diligentiam;
764 3481 890 3520 nam
941 3481 1061 3536 quae
1103 3469 1155 3521 in
1196 3468 1382 3522 Latina
1431 3470 1664 3524 editione
1721 3485 1750 3523 a

185 3555 382 3610 Ruﬁno
421 3571 682 3612 conversa
730 3567 980 3623 exstant,
1019 3561 1104 3614 vix
1149 3560 1376 3614 mediam
1405 3559 1754 3615 Commenta-

185 3648 390 3701 riorum
433 3658 720 3717 exaequant
759 3662 985 3720 partem,
1040 3667 1176 3720 quos
1215 3652 1267 3705 in
1310 3666 1428 3707 eam
1471 3653 1751 3720 epistolam

183 3739 452 3794 ediderat.
488 3739 714 3794 Ruﬁnus
739 3742 789 3794 in
829 3741 1140 3810 praefatione
1165 3743 1229 3796 ad
1254 3741 1554 3796 Heraclium
1588 3744 1753 3797 inter-

184 3831 472 3899 pretationi
501 3847 609 3885 suae
631 3833 847 3902 praeﬁxa
869 3874 883 3899 ,
918 3850 940 3886 ι
977 3833 1214 3898 Suades,
1245 3834 1448 3903 inquit,
1479 3845 1535 3888 ut
1565 3847 1749 3889 nostra

185 3937 322 3977 voce
366 3923 668 3990 quindecim
719 3925 837 3992 ejus
888 3925 1176 3996 (Origenis)
1219 3927 1508 3991 volumina,
1557 3930 1753 3996 quibus

187 4011 480 4081 Epistolam
509 4012 657 4068 Pauli
686 4015 751 4068 ad
778 4014 1047 4072 Romanus
1079 4018 1335 4074 disseruit
1361 4019 1744 4088 explicemus.»

188 4103 266 4158 Ita
312 4105 557 4173 legerunt
611 4118 665 4163 et
713 4109 996 4164 ediderunt
1033 4109 1286 4165 Merlinus
1318 4110 1453 4183 (09),
1497 4111 1751 4166 Erasmus

185 4201 244 4247 et
279 4194 653 4252 Genebrardus
699 4218 712 4252 :
766 4199 888 4253 inde
933 4198 1115 4254 Sixtus
1166 4199 1424 4256 Senensis
1470 4203 1751 4272 scripsisse

188 4278 471 4349 Origenem
502 4282 637 4336 dixit
667 4283 718 4336 in
748 4283 1040 4352 Epistulam
1071 4284 1136 4338 ad
1169 4284 1441 4341 Romanos
1464 4286 1751 4343 Commen-

192 4371 448 4425 tariorum
489 4373 657 4428 libros
696 4375 1027 4442 quindecim.
1078 4377 1147 4429 At
1183 4391 1278 4432 eos
1311 4379 1496 4448 viginti
1526 4395 1749 4435 numero

189 4461 353 4515 fuisse
398 4463 592 4517 asserit
620 4463 976 4522 Cassiodorus
1006 4466 1130 4522 libr.
1167 4467 1246 4521 De
1300 4469 1528 4524 inuitat.
1579 4473 1742 4526 divin.

194 4550 548 4620 Scripturar.,
608 4553 682 4608 ita
743 4553 966 4624 loquens
1013 4569 1029 4609 :

188 4760 467 4824 Joannem,
505 4758 714 4827 inquit,
757 4761 896 4814 sicut
932 4761 1241 4829 potuimus,
1293 4761 1639 4828 exposuimus
1685 4761 1751 4813 de

189 4831 394 4884 duobus
418 4829 739 4891 latronibus,
771 4831 860 4897 qui
897 4830 1115 4883 luerunt
1154 4831 1399 4885 cruciﬁxi
1443 4847 1563 4884 cum
1596 4831 1746 4885 Chri-

188 4911 293 4964 sto,
325 4899 412 4965 qui
456 4900 750 4953 secundum
783 4900 1088 4953 Matthmum
1147 4901 1358 4970 quidem
1412 4911 1466 4953 et
1511 4900 1748 4954 Marcum

189 4973 688 5037 itnpruperaverunt
720 4971 770 5023 ei
811 4971 969 5022 ambo
993 4971 1043 5022 in
1078 4986 1273 5030 cruce.
1309 4971 1606 5024 secundum
1641 4970 1748 5023 Lu-

188 5054 306 5092 cam
336 5039 802 5108 autemdicentem
847 5041 1097 5108 quoniam
1133 5056 1272 5093 unus
1295 5041 1359 5093 de
1394 5040 1748 5108 pendentibus

191 5108 481 5162 latronibus
520 5107 1016 5177 blasphemabat....
1050 5107 1550 5177 Conveniens’ergu
1579 5119 1661 5162 est
1692 5117 1748 5160 ιιι

190 5180 243 5233 in
269 5177 453 5246 primis
484 5179 698 5246 quidem
746 5181 903 5232 ambo
951 5178 1188 5232 latrones
1235 5179 1599 5245 intelligantur
1641 5179 1744 5229 Du-

191 5248 390 5302 minunt
420 5249 818 5317 blasphemasse
848 5288 887 5302 ..
924 5251 1033 5300 Aut
1080 5264 1148 5302 ne
1193 5249 1352 5317 forte.
1388 5251 1526 5301 sicut
1549 5257 1606 5317 et
1634 5247 1746 5300 illic

192 5316 885 5388 diximus(Commentariis
913 5318 1121 5373 scilicet
1175 5321 1228 5371 in
1267 5316 1588 5388 Joannem),
1652 5317 1743 5388 alii

190 5396 311 5442 sunt
335 5385 390 5439 hi
417 5389 522 5441 duo
553 5386 788 5442 latrones
818 5403 884 5442 ex
910 5388 1106 5455 quibus
1151 5402 1290 5440 unus
1338 5384 1746 5454 blasphemabat

190 5472 329 5519 eum,
357 5467 412 5510 et
433 5456 519 5509 alii
543 5455 759 5511 fuerunt
784 5458 856 5511 illi
887 5458 994 5510 duo
1022 5457 1264 5511 latrones
1290 5458 1380 5520 qui
1435 5457 1594 5510 ambo
1628 5456 1744 5509 bla-

192 5527 602 5594 sphemaverunt
629 5543 684 5580 :i
716 5528 823 5593 (sic
843 5529 985 5581 enim
1009 5526 1288 5593 legendum
1310 5535 1394 5579 cst
1410 5525 1562 5592 juxta
1589 5526 1743 5594 mss.)

192 5595 310 5649 Hzec
345 5604 524 5649 autem
553 5597 741 5651 nullibi
771 5598 1113 5666 reperiuntur
1139 5597 1191 5649 in
1237 5610 1427 5650 novem
1469 5595 1626 5648 tomis
1650 5597 1741 5661 qui

191 5668 475 5718 etiamnum
528 5675 747 5721 exstant
802 5664 857 5719 in
894 5664 1178 5728 Joannem,
1239 5675 1402 5733 atque
1450 5679 1517 5718 ex
1563 5666 1742 5733 verbis

192 5737 340 5792 modo
361 5734 547 5791 citatis
573 5744 625 5792 et
650 5737 764 5793 loco
790 5738 878 5793 ubi
915 5752 978 5793 ea
1018 5736 1182 5794 citata
1212 5731 1357 5803 sunt,
1389 5735 1598 5791 videtur
1620 5731 1741 5788 Ori-

1860 1919 1915 1964 et
1939 1910 1993 1964 in
2019 1910 2268 1965 omnibus
2292 1910 2403 1965 fere
2442 1910 2782 1967 bibliothecis
2812 1911 3046 1966 defuisse
3072 1911 3342 1978 aliquanta
3361 1927 3426 1964 ea:

1858 2001 1969 2071 ipso
1993 2017 2206 2067 corpore
2227 2001 2511 2055 volumina.
2534 2003 2824 2073 Epistulam
2845 2003 2910 2057 ad
2933 2003 3244 2057 Corinthios
3271 2003 3425 2070 priu-

1859 2108 1973 2149 rem
2023 2093 2292 2150 latissime
2335 2094 2749 2164 interpretatum
2778 2108 2901 2149 esse
2927 2095 3099 2163 ipsum
3137 2095 3212 2148 ait
3236 2095 3426 2150 Hiero.

1857 2199 2049 2255 nymus
2081 2184 2241 2254 epist.
2273 2183 2343 2240 52
2365 2225 2380 2250 ,
2416 2187 2483 2240 ad
2528 2186 2840 2241 Pammach.
2891 2185 2945 2241 Id
2977 2187 3326 2241 conﬁrmatur
3354 2202 3424 2241 ex

1856 2275 2026 2346 ipsius
2063 2276 2310 2346 Origenis
2351 2277 2569 2332 humilia
2598 2278 2665 2331 I7
2696 2278 2749 2331 in
2775 2276 2938 2343 Luc.,
2983 2279 3034 2331 in
3076 2293 3182 2347 qua
3212 2291 3272 2332 se
3307 2277 3420 2332 dis-

1857 2367 2098 2424 seruisse
2159 2369 2235 2421 ait
2289 2368 2344 2422 in
2408 2368 2570 2437 hujus
2605 2368 2857 2437 Epistulae
2903 2381 3138 2439 caputt,
3190 2383 3335 2423 vers.
3362 2367 3420 2422 2.

1854 2456 2152 2526 Epistulam
2186 2471 2398 2527 quoque
2425 2457 2490 2512 ad
2518 2455 2734 2513 Galatas
2758 2459 3169 2514 commentariis
3193 2498 3209 2525 ,
3247 2459 3424 2512 humi-

1853 2547 1964 2614 liis,
2009 2560 2064 2603 et
2112 2548 2334 2604 scholiis
2393 2549 2706 2619 explicavit.
2742 2550 2918 2605 Testis
2949 2551 3308 2622 Hieronymus
3365 2552 3418 2605 in

1852 2639 2120 2698 Prummiu
2136 2641 2501 2700 Commentar.
2520 2645 2574 2697 in
2594 2644 2764 2712 Epist.
2787 2645 2855 2697 ad
2885 2641 3101 2699 Galatas
3120 2661 3139 2698 :
3161 2662 3180 2696 ι
3195 2643 3425 2714 Scripsit

1853 2733 1943 2788 ille
1986 2737 2069 2788 vir
2140 2735 2444 2807 (Origenes)
2489 2737 2540 2790 in
2586 2736 2870 2805 Epistulam
2911 2736 3061 2791 Pauli
3098 2737 3164 2790 ad
3199 2736 3420 2792 Galatas

1853 2822 2092 2891 quinque
2120 2823 2338 2892 propria
2367 2823 2658 2891 volumina,
2688 2832 2742 2878 et
2775 2825 3044 2878 decimum
3081 2825 3419 2879 Stromatum

1856 2928 2075 2968 suorum
2115 2915 2310 2970 librum
2348 2917 2670 2971 commatico
2704 2932 2866 2988 super
2894 2919 3273 2988 explanatione
3302 2918 3419 2988 ejus

1855 3017 2110 3059 sermone
2158 3004 2490 3074 complevit;
2549 3013 2811 3060 tractatus
2857 3021 3071 3076 quoque
3111 3007 3316 3071 varius,
3362 3018 3420 3062 et

1855 3107 2131 3166 excerpta,
2179 3111 2299 3166 quae
2331 3096 2416 3150 vel
2464 3097 2579 3151 sola
2628 3097 2837 3167 possint
2879 3097 3142 3163 sullicere,
3195 3112 3416 3166 campo-

1857 3190 1983 3244 suit.
2009 3207 2027 3242 ι
2075 3187 2200 3243 Haec
2233 3190 2396 3243 verba
2434 3189 2629 3258 repetit
2661 3189 2890 3244 subinde
2916 3190 3074 3260 epist.
3099 3188 3188 3256 89,
3219 3191 3285 3245 ad
3306 3191 3420 3243 Au-

1854 3279 2160 3350 gustinum;
2189 3287 2297 3331 tum
2324 3277 2598 3348 subjungit
2625 3279 2782 3348 paulo
2812 3287 2969 3347 post:
3005 3295 3025 3331 ι
3054 3278 3204 3334 Hanc
3236 3287 3421 3334 autem

1853 3369 2303 3437 explanationem,
2346 3383 2509 3438 quam
2558 3370 2766 3439 primus
2801 3369 3060 3440 Origenes
3110 3371 3163 3425 in
3206 3371 3426 3426 decimo

1855 3459 2186 3513 Slromateon
2237 3460 2401 3526 libro,
2461 3461 2552 3514 ubi
2594 3461 2892 3530 Epistulam
2921 3461 3071 3516 Pauli
3104 3463 3170 3516 ad
3194 3461 3417 3518 Galatas

1854 3551 2256 3619 interpretatur,
2305 3560 2360 3607 et
2399 3553 2582 3606 caeteri
2628 3552 2883 3622 deinceps
2923 3553 3247 3622 interpretes
3291 3562 3418 3608 sunt

1854 3643 2047 3709 secuti,
2081 3661 2099 3694 ι
2125 3655 2234 3696 etc.
2293 3643 2461 3698 Docet
2503 3658 2598 3697 nos
2642 3643 2804 3697 etiam
2836 3642 3196 3714 Hieronymus
3245 3645 3416 3700 tribus

1853 3735 2219 3789 voluminibus
2248 3734 2543 3804 Epistolam
2585 3735 2651 3787 ad
2696 3735 2956 3804 Ephesios
2999 3736 3245 3791 eumdem
3295 3737 3419 3790 illuc

1852 3836 2075 3891 strasse,
2130 3828 2412 3897 ipsumque
2457 3842 2516 3881 se
2561 3825 2728 3881 fuisse
2766 3835 3044 3892 secutum;
3082 3829 3222 3894 quod
3257 3829 3416 3881 iterat

1853 3917 1976 3972 libr.
2006 3934 2020 3972 ι
2053 3918 2274 3988 Apolog.
2298 3924 2502 3973 advers.
2534 3917 2734 3986 Raﬁn.,
2771 3935 2889 3988 cap.
2915 3919 2950 3972 4
2973 3930 3025 3973 et
3045 3920 3102 3984 5,
3131 3919 3423 3990 Fragmen-

1854 4020 1964 4064 tum
1997 4025 2027 4064 e
2066 4010 2205 4065 libro
2259 4011 2419 4065 tertio
2452 4013 2503 4064 in
2536 4011 2828 4080 Epistolam
2860 4016 2930 4066 ad
2956 4011 3282 4067 Colossenses
3319 4011 3416 4065 ad—

1851 4101 1999 4155 ducit
2029 4100 2339 4169 Pamphilus
2371 4101 2426 4155 in
2470 4101 2744 4172 Apologia.
2779 4102 2833 4156 In
2869 4104 3101 4171 priorem
3147 4109 3214 4156 ad
3255 4101 3417 4158 Thes-

1851 4193 2198 4247 salonicenses
2222 4191 2513 4261 Epistolam
2541 4192 2836 4266 ἐξηγητικὰ
2866 4196 3097 4250 edidisse
3127 4194 3415 4266 Origenetn

1853 4285 2106 4339 discimus
2160 4284 2228 4338 ab
2263 4284 2629 4356 Hieronymo,
2692 4287 2844 4354 cujus
2901 4288 3016 4342 haec
3065 4288 3229 4342 verba
3289 4295 3416 4340 sunt

1851 4377 2010 4445 epist.
2038 4376 2173 4439 152,
2207 4377 2273 4431 ad
2311 4376 2630 4432 Minervium
2658 4388 2712 4434 et
2733 4379 3098 4435 Alexandrum
3130 4397 3141 4432 :
3180 4397 3198 4429 ι
3222 4377 3413 4446 Orige-

1853 4481 1950 4520 nes
1981 4467 2034 4519 in
2065 4466 2222 4520 tertio
2257 4467 2526 4522 volumine
2547 4467 2962 4538 ὲξηγηματικῶν
2990 4467 3239 4536 Epistula:
3261 4465 3419 4520 Pauli.

1084 4574 1102 4608 ι
1134 4555 1319 4611 Sancti
1375 4557 1524 4612 Pauli
1575 4560 1745 4627 prima
1780 4568 1825 4623 ι)
1855 4558 1923 4613 ad
1955 4557 2461 4614 Thessalunicenses
2506 4561 2713 4629 primae,
2758 4569 2880 4630 post
2912 4560 3078 4614 multa
3109 4573 3228 4628 quae
3262 4557 3415 4614 vario

1859 4773 2020 4827 genus
2047 4774 2148 4812 non
2183 4773 2279 4827 per
2309 4767 2674 4822 transennam,
2723 4759 2814 4812 sed
2851 4774 2914 4813 ex
2948 4759 3190 4828 professo
3222 4771 3272 4814 et
3312 4775 3411 4815 suo

1853 4830 1969 4884 lucu
2012 4838 2272 4883 tractasse
2309 4829 2374 4881 de
2419 4830 2623 4882 duobus
2679 4828 2995 4884 latronibus.
3067 4828 3237 4884 Porro
3288 4846 3411 4885 cum

1857 4900 2174 4968 tricesimus
2209 4897 2474 4968 secundus
2524 4907 2698 4968 tomus
2750 4899 2961 4952 desinat
2989 4901 3076 4968 ad
3115 4909 3276 4968 caput
3325 4903 3411 4965 15.

1849 4983 1992 5022 vers.
2024 4971 2092 5022 53
2139 4967 2410 5040 Evangelii
2454 4967 2699 5040 Joannis,
2749 4978 2805 5021 ut
2835 4969 2942 5040 jam
2971 4967 3239 5036 diximus,
3287 4987 3451 5040 aga-,

1850 5046 1939 5089 tur
2001 5052 2126 5090 vero
2193 5037 2256 5090 de
2317 5036 2618 5106 latronibus
2676 5039 2726 5091 in
2769 5036 2941 5106 capite
2984 5054 3100 5103 xtx,
3153 5055 3294 5096 vers.
3323 5036 3441 5096 '18.

1847 5105 2082 5171 ejusdem
2116 5107 2410 5175 Evangelii,
2443 5105 2623 5175 plures
2656 5121 2815 5174 quam
2837 5105 2911 5161 32
2948 5117 3122 5162 tomus
3149 5111 3204 5161 in
3242 5110 3411 5163 Joan-

1847 5192 1961 5229 nem
1980 5174 2286 5230 elaborasse
2305 5177 2513 5245 videtur
2539 5174 2819 5244 Origenes,
2847 5191 2909 5230 ac
2933 5178 3150 5245 proinde
3177 5180 3408 5244 genuina

1846 5246 2055 5298 videtur
2085 5246 2390 5315 Hieronymi
2426 5244 2584 5298 lectio
2615 5261 2733 5312 qua:
2757 5246 2825 5300 39
2861 5244 3031 5301 tomus
3065 5247 3122 5299 in
3147 5246 3408 5300 Joannem

1846 5328 1963 5369 Cum
1972 5324 2251 5368 memorat.

1917 5384 2026 5453 (68)
2061 5385 2189 5453 Yide
2214 5383 2465 5438 editionis
2501 5393 2696 5437 nostra!
2729 5393 2857 5453 tum.
2880 5383 2970 5447 IV,
2998 5399 3118 5453 pag.
3139 5384 3265 5438 457.

1916 5452 2026 5524 (69)
2054 5452 2140 5505 lla
2170 5454 2400 5524 legerunt
2430 5463 2475 5524 et
2500 5454 2772 5524 ediderunt
2799 5452 3085 5524 Merlinus,’
3105 5463 3213 5509 etc.
3253 5455 3407 5524 ᾼιιει-

1844 5521 1965 5577 ιιιέιι
2008 5521 2372 5591 ⁷ωξιιιιιεονίριί
2425 5523 2532 5577 duo
2587 5523 2805 5577 codices
2849 5523 2913 5575 ad
2965 5537 3192 5589 quorum
3244 5521 3404 5591 ﬁdem

1845 5591 2020 5645 Ruﬁni
2052 5590 2367 5647 contextum
2402 5593 2798 5651 revucavimus,
2837 5607 2933 5660 pro
2961 5591 3276 5660 quindecim,
3327 5590 3418 5648 le—

1844 5671 1975 5731 gunt
2004 5662 2139 5718 alius
2165 5663 2340 5718 decem
2368 5701 2382 5728 ,
2415 5662 2553 5718 alius
2582 5661 2873 5716 duodecim.
